2197 3121
1020 163 1123 195 CON.
1875 165 1938 196 203

215 252 346 277 Statuere.
379 249 410 276 fr.
431 251 471 275 51.
492 259 531 286 pr.
556 249 577 283 5.
596 250 620 274 2.
647 247 678 274 ad
701 246 730 273 L.
750 246 818 283 Aqu.
844 248 867 273 9.
887 248 911 272 2.
957 245 1054 272 Facere
1076 267 1077 286 ἢ

214 295 269 327 (ius
289 293 359 326 ete).
385 292 442 319 Gai.
462 292 480 319 Ι.
496 294 520 318 3.
541 291 570 318 fr.
589 293 614 317 2.
634 291 656 324 5.
678 292 717 316 12.
737 290 769 316 (19
790 290 822 316 O.
843 289 860 316 l.
882 291 904 315 1.
923 291 947 314 2.
969 288 1054 315 sr.40.

216 336 249 363 (19
269 335 321 362 LL.
343 338 364 362 l.
379 337 403 362 3.
440 335 581 361 Instituere
599 332 744 369 (vectigal).
768 333 799 359 fr.
812 335 851 359 10.
864 342 904 370 pr.
924 332 957 359 de
970 332 1056 369 publi-

215 389 270 405 can.
289 380 331 406 39.
352 381 375 405 4.
400 378 431 405 fr.
452 381 474 404 1.
493 378 515 411 5.
535 379 559 403 3.
580 376 613 402 (19
631 375 661 402 L.
681 375 727 402 Iul.
748 376 814 402 amb.
834 377 875 402 48.
896 377 936 402 14.
974 375 1056 401 Intro-

216 423 326 450 ducere.
354 422 496 459 Recipere.
525 419 641 446 Prodere
670 419 802 451 (actiones
827 419 902 449 etc).
936 418 992 444 Gai.
1012 417 1055 444 III.

215 467 274 492 210.
294 468 353 491 215.
373 467 432 492 217.
457 463 501 490 lv.
523 464 562 488 11.
584 463 623 488 19.
643 464 684 488 27.
706 471 744 497 sq.
766 463 806 488 76.
834 460 907 487 Paul.
922 460 953 486 V.
974 462 997 486 4.
1017 461 1055 494 §§.

215 510 240 535 6.
261 519 318 545 sqq.
346 508 376 534 fr.
398 510 420 533 1.
446 507 496 542 Qu.
523 516 544 532 c.
565 515 595 531 eo
616 515 658 541 qu.
679 506 704 531 in
725 504 756 530 al.
775 509 829 541 pot.
856 505 895 530 14.
916 505 938 529 5.
982 503 1057 529 Insti-

216 556 298 581 tuere,
319 550 415 577 Creare
436 550 648 586 (magistratum).
668 548 698 574 sr.
712 550 736 574 2.
755 547 792 580 55.
809 548 848 572 16.
863 556 921 583 sqq.
940 548 982 572 20.
997 556 1054 582 sqq.

216 595 258 619 27.
279 603 337 630 sqq,
364 592 396 619 de
416 593 448 620 Ο.
469 593 486 619 l.
514 595 536 619 l.
557 594 580 618 2.
623 591 665 617 111.
687 591 751 617 Gn.
784 588 876 625 Neque
895 590 1056 615 constituere

217 635 392 672 (vectigalia).
412 646 460 662 nec
479 635 661 672 praecedentia
681 632 828 663 reformare.
849 637 873 658 et
892 631 933 658 his
954 632 995 658 vel
1015 632 1057 658 ad—

204 678 278 706 dere
298 678 341 704 vel
361 678 512 705 deminuere
531 678 627 710 (licet).
647 676 676 702 fr.
692 677 732 701 10.
752 685 790 712 pr.
811 675 843 701 de
862 675 994 712 publican.
1013 677 1055 701 39.

216 723 240 747 4.
280 721 373 747 Iubere
392 726 470 758 atque
490 721 650 747 constituere
670 717 827 755 (populum.
852 728 872 744 s.
892 718 1011 755 plebem,
1031 728 1055 744 v.

217 763 343 790 Senatum
363 765 440 795 etc).
472 763 529 790 Gai.
549 763 567 790 I.
586 765 610 789 3.
631 771 688 798 sqq.
709 760 738 787 fr.
759 762 782 786 2.
803 761 840 794 55.
860 762 884 787 8.
906 763 944 787 12.
970 761 1002 787 de
1023 761 1055 786 0.

218 806 236 833 Ι.
259 808 281 832 1.
299 809 323 833 2.
362 806 444 843 quue
464 818 477 833 a
497 807 530 833 D.
550 806 635 832 Nerva
654 803 844 835 introductum,
868 809 959 841 postea
979 815 991 830 a
1012 804 1058 831 Se-

216 854 278 875 natu
297 854 404 876 auctore
418 849 548 876 Hadriano
563 848 713 884 diligentius
728 848 899 873 constitutum
919 853 966 874 est.
995 847 1056 884 le.

216 890 314 918 XXIV.
333 893 375 919 28.
412 892 468 919 Lex
488 903 518 918 eo
538 888 643 918 nomine
661 889 757 916 nullam
777 899 887 926 poenam
911 892 1056 921 constituit.

217 935 267 961 hoc
286 935 372 961 solum
391 936 539 973 praecepit,
559 939 587 960 nt
607 938 655 959 etc.
686 932 742 959 Gai.
762 931 805 958 ΙΙΙ.
830 934 887 959 192.
907 935 966 960 223.
1004 934 1057 959 Aut.

216 977 333 1014 legibuS.
354 982 397 1004 aut
417 978 502 1004 edicto
529 976 687 1003 constitutae
707 976 865 1008 (actiones).
894 976 931 1002 Ib.
951 975 994 1002 IV.
1016 977 1056 1002 76.

217 1020 274 1050 lus.
295 1020 365 1057 quod
385 1020 441 1056 lege
459 1020 539 1057 Papia
564 1020 741 1045 constituitur.
772 1018 808 1044 lb.
829 1018 859 1044 ll.
879 1021 938 1045 208.
964 1018 995 1045 cf.
1014 1019 1056 1045 Ill.

217 1065 258 1089 57.
296 1063 367 1094 Iure,
388 1063 403 1088 i.
425 1073 446 1089 e.
466 1062 534 1099 lege,
555 1063 725 1088 constituitur
750 1062 794 1093 (in
819 1062 923 1088 civitate
943 1063 1057 1093 nostra).

217 1105 247 1132 sr.
268 1107 292 1131 2.
313 1105 335 1138 5.
357 1107 398 1131 12.
418 1105 450 1132 de
471 1105 503 1131 Ο.
524 1105 542 1132 I.
564 1107 586 1131 1.
606 1107 631 1131 2.
674 1104 710 1130 Vt
735 1105 802 1130 inter
821 1104 960 1141 plebiscita
980 1109 1005 1130 et
1024 1104 1059 1130 le—

217 1158 274 1184 gem
299 1149 402 1185 species
427 1147 605 1174 constituendi
629 1149 800 1178 interessent.
830 1152 948 1184 potestas
973 1152 1058 1173 autem

188 1204 191 1207 ·
217 1190 307 1217 eadem
325 1195 405 1217 esset.
436 1190 467 1217 fr.
486 1193 510 1217 2.
537 1191 558 1224 5.
579 1194 602 1216 8.
628 1190 662 1216 ib.
683 1192 705 1216 l.
725 1192 748 1216 2.
794 1189 823 1216 Id
843 1191 1058 1227 interpretatione

217 1238 414 1269 coangustatum
433 1238 487 1261 est.
507 1233 549 1259 vel
570 1232 670 1268 legum.
690 1232 731 1259 vel
751 1234 905 1259 auctoritate
924 1234 979 1259 iura
999 1243 1058 1259 con-

217 1277 391 1302 stituentium.
421 1275 450 1302 fr.
473 1278 530 1302 120.
556 1275 588 1302 de
608 1275 639 1302 V.
659 1275 686 1301 S.
710 1278 751 1301 50.
772 1277 811 1302 16.
855 1276 935 1311 Quod
954 1281 1056 1303 veteres

217 1319 421 1345 constituerunt.
450 1318 480 1345 sr.
500 1320 541 1345 91.
566 1319 587 1352 5.
612 1319 636 1344 3.
662 1317 695 1344 de
715 1318 746 1344 V.
767 1318 800 1344 Ο.
828 1322 870 1345 45.
892 1321 914 1345 1.
956 1319 1056 1346 Omnes

216 1365 258 1394 (v.
279 1362 375 1398 singuli
394 1361 482 1394 I.Cti)
503 1362 703 1388 constituerunt.
729 1361 758 1388 fr.
772 1362 813 1387 35.
835 1361 866 1387 de
885 1362 957 1398 relig.
980 1365 1018 1389 ll.
1034 1365 1056 1389 7.

216 1404 247 1431 fr.
266 1406 290 1431 3.
311 1405 332 1438 5.
352 1407 376 1431 4.
397 1404 429 1431 de
448 1404 522 1430 tutel.
541 1406 583 1431 26.
604 1406 626 1431 l.
652 1404 681 1431 fr.
702 1406 743 1431 96.
762 1414 802 1441 pr.
822 1404 855 1430 de
869 1403 900 1431 V.
912 1404 939 1431 S.
960 1407 1000 1432 50.
1017 1407 1056 1431 16.

215 1447 250 1474 Et
268 1452 333 1484 puto
354 1447 577 1477 constituendum.
597 1452 625 1473 ut
644 1451 693 1473 etc.
722 1446 807 1473 Vatic.
827 1448 920 1481 5197.
953 1448 1057 1483 Quodsi

217 1491 276 1527 quis
297 1490 411 1517 absurde
430 1501 444 1517 a
464 1490 541 1516 nobis
561 1490 624 1516 hacc
644 1491 769 1516 constitui
788 1491 935 1527 putaverit,
961 1492 1057 1527 cogitet

216 1533 295 1570 longe
313 1533 454 1560 absurdius
474 1534 599 1559 constitui
619 1538 667 1559 etc.
702 1532 732 1559 sr.
752 1535 793 1559 51.
817 1533 839 1566 5.
858 1535 883 1559 2.
909 1533 941 1560 cs.
966 1533 996 1560 fr.
1016 1535 1057 1560 43.

218 1576 250 1603 ad
268 1576 298 1602 L.
317 1576 387 1613 Aqu.
407 1578 430 1603 9.
450 1578 474 1603 2.
504 1576 535 1602 fr.
554 1578 596 1602 28.
621 1575 653 1602 de
672 1586 733 1602 nox.
753 1580 801 1602 act.
826 1577 849 1602 9.
870 1577 894 1602 4.
936 1575 1059 1613 Principe

219 1620 373 1650 constituto,
394 1619 495 1651 (datum
515 1624 556 1645 est
575 1620 598 1645 ei
618 1620 658 1645 ius
678 1621 748 1650 etc.).
769 1618 799 1645 fr.
818 1621 842 1645 2.
863 1619 885 1652 5
906 1620 946 1645 11.
972 1618 1004 1645 (19
1025 1619 1057 1645 0.

218 1661 236 1687 Ι.
257 1663 280 1687 l.
293 1663 318 1688 2.
348 1661 444 1688 Medici
458 1663 524 1688 intra
539 1672 674 1688 numerum
688 1662 853 1699 praefinitum
872 1661 1058 1688 constituendi.

219 1704 286 1730 1“ι·.1.
305 1703 338 1730 de
351 1704 421 1731 decr.
435 1705 466 1730 ab
487 1704 542 1731 ord.
563 1707 604 1731 50.
618 1706 642 1731 9.
680 1705 721 1731 Ex
741 1705 837 1742 quibus
857 1706 907 1737 (sc.
926 1705 1060 1741 pontilici-

220 1746 303 1779 bus).
332 1747 540 1774 constituebatur
564 1748 623 1783 quis
643 1758 748 1784 quoquo
768 1757 835 1773 anno
855 1752 991 1784 praeesset
1008 1748 1060 1784 pri-

219 1789 295 1815 vatis.
320 1788 349 1815 fr.
368 1791 392 1815 2.
412 1790 434 1823 5.
453 1791 477 1815 6.
498 1789 530 1815 (19
550 1789 583 1816 O.
603 1790 621 1816 1.
643 1792 665 1816 1.
678 1792 702 1816 2.
741 1791 918 1826 Quaestiones
938 1789 1058 1826 publicas

220 1832 357 1858 constituit
377 1831 452 1865 (Cor.
473 1832 568 1865 Sulla).
593 1833 622 1859 sr.
636 1835 660 1859 2.
680 1834 702 1867 5.
715 1835 757 1859 32.
778 1833 812 1859 ib.
834 1835 856 1859 1.
875 1835 899 1858 2.
920 1848 952 1851 —
973 1833 1003 1865 ἕ.
1020 1833 1058 1858 4.

221 1876 400 1908 Imperiali
428 1876 517 1900 iussu
545 1877 743 1909 praecipere.
793 1875 812 1902 I.
837 1876 898 1909 Sy.
929 1874 1059 1901 Statuere.

219 1916 383 1953 Praecipere.
412 1916 468 1943 Gai.
489 1916 506 1943 l.
526 1919 549 1943 5.
576 1917 605 1943 fr.
625 1920 649 1944 2.
669 1919 706 1952 55.
728 1920 767 1944 ll.
787 1927 827 1954 sq.
848 1917 880 1944 de
900 1917 932 1943 Ο.
954 1917 971 1943 l.
993 1919 1015 1943 l.
1034 1919 1058 1943 2.

219 1960 250 1985 fr.
272 1961 294 1985 l.
314 1969 352 1996 pr.
373 1960 439 1993 5.1.
464 1959 496 1985 de
515 1965 599 1986 const.
620 1960 706 1987 Princ.
732 1963 754 1987 l.
774 1963 798 1987 4.
835 1960 999 1986 Rescribere.
1029 1959 1058 1986 fr.

221 2003 261 2028 18.
282 2001 314 2028 de
333 2011 423 2038 usurp.
443 2003 484 2028 41.
504 2004 528 2028 3.
558 2003 588 2028 sr.
609 2005 631 2029 1.
655 2004 692 2037 55.
712 2005 736 2030 9.
756 2013 814 2040 sqq.
839 2003 872 2029 de
890 2002 920 2029 L.
941 2002 1003 2029 Cor.
1028 2002 1060 2028 de

220 2044 277 2071 sals.
297 2045 339 2070 48.
360 2046 402 2070 10.
438 2044 481 2071 ΠΙ.
506 2046 572 2073 Gn.
601 2046 762 2083 Saepissime
780 2047 937 2082 rescriptum
956 2050 982 2071 et
1001 2055 1060 2071 con-

220 2089 341 2115 stitutum
364 2093 412 2115 est.
446 2088 476 2114 fr.
498 2090 520 2114 1.
545 2087 578 2115 de
601 2090 657 2115 iure
681 2089 764 2115 codic.
789 2090 831 2115 29.
851 2090 874 2115 7.
919 2087 999 2123 Quod
1018 2087 1060 2114 de-

221 2136 307 2163 creto,
331 2131 372 2157 vel
393 2131 493 2163 edicto,
517 2130 559 2157 vel
578 2131 691 2169 epistola
710 2132 847 2158 constituit
872 2130 935 2168 Imp.
964 2130 1022 2157 Gai.
1040 2130 1059 2156 I.

221 2175 244 2199 5.
270 2173 300 2200 fr.
321 2176 343 2200 l.
363 2174 384 2208 5.
406 2176 428 2200 l.
453 2173 486 2200 de
504 2179 588 2200 const.
609 2173 650 2200 Pr.
676 2176 699 2201 l.
718 2176 742 2201 4.
786 2173 867 2210 Quod
890 2178 980 2200 nostra
1000 2183 1060 2199 con-

222 2217 324 2242 stitutio
344 2233 375 2236 -
395 2216 550 2253 generaliter
576 2218 721 2244 constituit.
754 2218 776 2251 5.
795 2219 819 2244 2.
843 2216 862 2243 Ι.
893 2216 947 2252 Qui
971 2221 996 2242 et
1016 2226 1058 2253 qu.

222 2269 254 2284 ex
275 2268 295 2284 c.
317 2261 338 2284 l.
357 2261 381 2286 6.
418 2259 500 2296 Impp.
521 2261 605 2286 nostri
624 2261 825 2292 constituerunt,
846 2264 873 2286 ut
893 2264 941 2286 etc.
976 2259 1058 2286 Vatic.

222 2302 244 2334 5.
267 2302 323 2326 147.
360 2301 393 2327 Et
416 2302 466 2329 hoc
492 2302 615 2329 Tiberius
636 2302 711 2329 Caes.
736 2304 874 2329 constituit
896 2303 922 2328 in
947 2312 1060 2339 persona

222 2343 365 2369 Parthenii.
383 2344 413 2371 fr.
433 2346 474 2372 41.
496 2345 528 2372 de
547 2345 635 2372 hered.
655 2347 716 2372 inst.
736 2348 777 2372 28.
797 2348 821 2372 5.
841 2361 874 2365 -
893 2346 924 2379 ἕ.
940 2347 977 2372 5.
999 2346 1059 2372 De—

223 2396 364 2418 cernere,
390 2388 495 2415 Causa
519 2391 653 2424 cognita
677 2395 830 2415 statuere.
868 2388 886 2414 l.
911 2390 972 2423 Sy.
1004 2388 1061 2414 Sta-

225 2434 309 2460 tuerc,
333 2428 489 2457 Decernere.
526 2431 557 2458 fr.
577 2434 600 2458 5.
626 2432 663 2466 55.
688 2434 711 2458 7.
733 2433 772 2458 10.
797 2431 830 2458 (19
853 2441 957 2467 agnose.
983 2436 1009 2458 et
1027 2431 1059 2458 al.

223 2474 265 2497 25.
285 2473 310 2497 3.
338 2471 370 2498 fr.
392 2473 413 2497 1.
433 2482 472 2509 pr.
497 2475 519 2507 5.
540 2476 562 2501 1.
591 2475 621 2502 fr.
640 2477 664 2501 3.
683 2485 722 2512 pr.
748 2475 785 2509 55.
807 2476 829 2501 l.
849 2484 907 2511 sqq.
934 2474 978 2501 ubi
997 2485 1059 2512 pup.

223 2516 265 2540 27.
284 2516 308 2540 2.
358 2514 529 2551 Cmnpetere,
557 2517 776 2544 constituendam
804 2528 862 2544 esse
890 2518 1060 2551 (actionem).

224 2557 254 2584 fr.
276 2559 315 2583 10.
335 2557 357 2590 5.
376 2559 400 2583 2.
421 2557 453 2584 de
472 2558 556 2585 fideic.
575 2559 638 2586 libb.
658 2561 699 2587 40,
719 2562 742 2587 5.
778 2560 897 2597 Irrogare
916 2561 1060 2597 (poenam).

225 2601 256 2627 fr.
276 2602 317 2626 20.
338 2599 371 2626 (19
388 2610 465 2637 poen.
484 2603 526 2627 48.
548 2603 587 2628 19.
623 2603 665 2629 111.
681 2605 746 2631 Gn.
766 2603 847 2640 Magis
866 2603 1005 2630 consilium
1019 2603 1061 2630 de-

225 2643 306 2675 disse,
327 2653 403 2679 quam
422 2644 479 2680 ipse
499 2645 668 2672 constituisse
688 2645 814 2679 (Praeses
833 2646 961 2679 videtur).
986 2646 1016 2673 fr.
1037 2648 1059 2673 1,

225 2687 247 2720 5.
267 2687 291 2712 3
319 2685 422 2721 Quand.
443 2686 539 2723 adpell.
562 2688 604 2713 49.
623 2688 646 2714 4.
688 2688 755 2715 Cum
775 2690 898 2726 cognovit
921 2694 946 2715 et
965 2691 1062 2716 consti-

225 2729 276 2755 tuit
296 2729 345 2761 (is,
367 2729 412 2764 qui
429 2730 580 2765 provinciae
599 2731 728 2766 praeest).
747 2730 777 2758 fr.
798 2734 837 2759 ll.
857 2734 879 2766 5.
901 2735 923 2759 l.
943 2732 975 2759 de
994 2738 1060 2760 cust.

226 2776 252 2798 et
271 2771 359 2798 exhib.
380 2772 420 2797 48.
440 2773 465 2797 3.
502 2772 616 2799 Decreto
637 2774 804 2802 constituere.
837 2775 894 2802 Gai.
913 2775 931 2802 1.
952 2778 975 2802 5.
1001 2777 1023 2810 5.
1037 2777 1061 2803 6.

226 2814 245 2840 I.
264 2813 297 2840 de
316 2818 396 2840 curat.
423 2816 444 2841 1.
464 2817 505 2841 23.
547 2814 656 2841 Praetor
681 2817 817 2844 aestimare
835 2818 904 2845 solet
931 2820 1063 2852 (atrocem

1100 246 1245 278 iniuriam)⁷
1266 246 1287 271 si
1308 246 1385 272 simul
1405 246 1571 272 constituerit
1591 250 1639 271 etc.
1670 245 1726 271 Gai.
1746 244 1788 271 111.
1801 246 1860 271 224.
1891 245 1939 272 Po-

1100 288 1260 315 stulantibus
1280 290 1440 315 constituere
1460 288 1528 315 solet
1548 287 1656 314 Praetor
1675 290 1821 325 (tempus).
1851 288 1888 314 lb.
1908 288 1937 314 ΙΙ.

1101 333 1158 358 167.
1197 331 1274 358 Coss.
1295 347 1327 350 —
1348 332 1473 358 arbitrum
1493 331 1606 361 dabunt,
1631 331 1675 367 qui
1695 332 1814 357 excussis
1834 332 1939 357 rationi-

1100 374 1150 400 bus
1169 391 1201 394 —
1222 375 1365 401 constituet
1384 380 1432 400 etc.
1462 374 1492 400 sr.
1512 376 1553 400 50.
1574 374 1606 400 de
1626 373 1702 400 cond.
1723 378 1748 399 et
1767 373 1834 400 dem.
1853 376 1894 400 35.
1916 375 1938 400 l.

1101 417 1191 444 Bonus
1215 416 1294 444 iudex
1318 418 1389 443 varie
1414 427 1445 443 ex
1472 417 1593 453 personis
1622 417 1761 452 causisque
1789 418 1938 443 constituet.

1101 459 1130 486 fr.
1150 462 1191 487 38
1213 459 1245 487 (19
1264 460 1295 487 R.
1315 459 1347 486 V.
1367 461 1391 485 6.
1414 462 1434 486 1.
1472 460 1493 486 E
1513 470 1540 485 re
1561 459 1773 486 constituendum
1792 464 1839 486 est.
1869 459 1938 485 Coll.

1102 502 1155 528 LL.
1176 503 1209 529 Μ.
1230 503 1248 529 1.
1268 504 1292 529 6.
1319 502 1348 529 1“ῐ·.
1370 504 1392 528 1.
1417 503 1438 536 5.
1458 504 1482 528 3.
1502 502 1533 528 ad
1553 501 1581 528 L.
1603 502 1665 529 Cor.
1686 502 1718 529 de
1736 503 1782 528 sic.
1802 504 1843 528 48.
1863 504 1886 528 8.
1907 518 1939 522 -—-

1101 546 1131 578 ξ.
1153 547 1190 572 6.
1219 547 1360 573 Privata
1380 547 1587 571 auctoritate
1605 547 1768 581 conferre,
1789 548 1838 571 vel
1856 547 1939 581 defi-

1100 590 1179 615 nire.
1216 588 1233 614 1.
1254 590 1316 622 Sy.
1346 588 1429 617 Dare.
1450 587 1606 614 Promittere
1625 587 1747 621 (dotem).
1768 587 1797 614 fr.
1818 590 1841 614 5.
1861 588 1938 621 551.

1101 641 1159 667 sqq.
1181 633 1220 657 12.
1240 641 1299 667 sqq.
1325 631 1358 657 de
1377 632 1432 657 iure
1451 630 1505 657 dot.
1530 632 1572 656 23.
1591 632 1615 656 3.
1658 630 1794 667 lmponere
1813 632 1940 663 (servitu—

1101 677 1152 699 tem
1162 673 1180 704 ).
1207 673 1236 700 sr.
1256 675 1280 700 3.
1301 684 1340 711 pr.
1365 673 1396 700 fr.
1416 675 1440 700 5.
1460 674 1525 707 5.1.
1555 672 1585 699 fr.
1606 674 1629 699 9.
1650 682 1689 709 sq.
1714 673 1746 699 de
1766 673 1792 700 S.
1812 672 1841 700 P.
1860 673 1892 700 R.
1915 674 1939 700 8.

1100 718 1124 742 3.
1168 716 1196 743 Iu
1221 718 1276 743 iure
1301 717 1407 748 cedere,
1431 715 1599 747 Coum-dere,
1624 715 1751 753 Stipulari
1777 716 1888 748 (usumf.
1915 726 1939 742 v.

1101 761 1281 793 servitutem).
1311 759 1395 786 Vane.
1415 759 1452 793 55.
1473 760 1514 785 54.
1535 768 1593 795 sqq.
1615 760 1654 784 77.
1689 758 1746 785 Gai.
1765 758 1795 785 II.
1819 760 1860 786 29.
1881 768 1939 796 sqq.

1102 802 1163 839 le.
1184 803 1255 829 XIX.
1278 804 1316 829 11.
1346 802 1375 829 fr.
1396 804 1436 828 46.
1462 802 1483 836 5.
1505 803 1527 828 1.
1553 801 1585 827 de
1605 801 1680 828 eviet.
1700 804 1741 828 21.
1761 804 1785 828 2.
1821 801 1851 828 II.
1873 803 1940 836 Op·

1101 845 1200 882 Legare
1224 845 1361 878 (usuum).
1395 845 1479 871 Vatic.
1499 845 1536 879 55.
1557 846 1597 870 77.
1617 845 1658 870 82.
1688 843 1717 870 fr.
1737 846 1761 870 5.
1787 844 1819 870 (19
1842 854 1891 871 usu
1915 849 1941 871 et

1102 888 1169 915 usus.
1189 888 1237 924 leg.
1258 889 1299 914 33.
1319 890 1343 914 2.
1381 887 1559 918 Constitutus.
1579 903 1612 906 —
1632 886 1682 913 Per
1701 897 1857 913 concursum
1877 887 1941 913 divi-

1102 942 1147 957 sus
1168 930 1294 963 (ususf.).
1323 930 1407 956 Vatic.
1428 931 1465 964 55.
1486 932 1526 956 77.
1546 940 1604 966 sqq.
1646 929 1707 967 Ipso
1727 931 1783 956 iure
1806 932 1869 967 (per
1886 931 1941 956 vin-

1102 974 1272 1007 dicationem)
1287 974 1420 1001 eonstitui.
1441 989 1472 992 —
1492 972 1541 998 Per
1555 972 1677 999 heredem
1691 973 1736 1005 (ex
1749 983 1826 999 causa
1840 972 1942 999 damna-

1102 1018 1200 1047 tionis)
1221 1017 1348 1054 praestari
1369 1015 1505 1049 (usnmf.)
1539 1015 1610 1042 Paul.
1631 1015 1673 1041 Ill.
1693 1016 1716 1041 6.
1742 1016 1825 1049 §.17.
1867 1015 1942 1042 Reci-

1102 1071 1165 1098 pere
1185 1059 1314 1093 (usumf.)
1343 1058 1373 1085 fr.
1392 1060 1434 1084 36.
1460 1058 1481 1092 5.
1504 1060 1525 1084 l.
1552 1058 1584 1084 dc
1603 1058 1670 1085 usus.
1696 1060 1718 1085 7.
1739 1060 1761 1084 1.
1798 1058 1942 1085 Remittere

1103 1104 1289 1137 (servitutem).
1310 1101 1339 1128 l'r.
1360 1102 1383 1127 6.
1404 1101 1436 1127 de
1456 1102 1545 1127 servit.
1565 1104 1589 1127 ὅ,
1611 1102 1632 1127 1.
1670 1101 1713 1127 III.
1734 1103 1799 1129 (711.
1824 1101 1878 1128 Sed
1897 1101 1942 1128 du-

1102 1147 1181 1172 bitari
1205 1155 1258 1171 non
1282 1148 1399 1182 oportet.
1425 1145 1488 1180 quin
1513 1143 1577 1169 llaec
1600 1154 1674 1170 mens
1699 1144 1776 1170 fuerit
1800 1144 1826 1171 id
1846 1145 1942 1171 consti·

1102 1190 1245 1220 tuentium,
1271 1192 1300 1214 ut
1319 1192 1367 1213 etc.
1401 1186 1431 1213 fr.
1453 1189 1492 1213 17.
1518 1186 1550 1212 de
1570 1186 1687 1213 statulib.
1712 1189 1754 1213 40.
1775 1189 1796 1213 7.
1834 1187 1863 1213 Si
1882 1188 1942 1224 quis

1102 1232 1210 1259 usmnsr.
1230 1247 1262 1250 —
1283 1230 1444 1257 constituere
1463 1229 1536 1261 velit.
1556 1228 1582 1255 id
1596 1229 1700 1255 efficere
1713 1234 1802 1266 potest
1816 1235 1863 1256 ete.
1885 1229 1941 1256 Gai.

1102 1276 1132 1302 Il.
1151 1277 1193 1302 31.
1213 1284 1271 1310 sqq.
1309 1273 1343 1299 Et
1361 1274 1435 1310 parvi
1455 1272 1547 1303 refert.
1571 1277 1658 1298 utrum
1682 1273 1738 1298 iure
1763 1273 1797 1298 sit
1817 1273 1943 1298 constitu—

1102 1324 1144 1345 tus
1164 1317 1274 1349 usussr.,
1300 1327 1331 1342 an
1351 1326 1413 1342 vero
1434 1317 1544 1342 tuitione
1563 1314 1703 1342 Praetoris.
1733 1315 1763 1341 fr.
1785 1317 1806 1341 1.
1827 1325 1865 1352 pr.
1891 1315 1942 1350 Qu.

1101 1361 1170 1388 mod.
1191 1360 1273 1387 ususf.
1294 1362 1316 1386 7.
1336 1362 1360 1386 4.
1386 1359 1417 1385 cf.
1438 1359 1467 1385 sr.
1488 1360 1527 1384 11.
1548 1359 1569 1392 5.
1592 1360 1613 1384 1.
1634 1358 1667 1385 de
1686 1357 1750 1384 Pub.
1770 1359 1796 1384 in
1817 1357 1848 1384 R.
1868 1358 1898 1384 A.
1919 1359 1942 1384 6.

1101 1407 1124 1432 2.
1162 1404 1220 1430 Iure
1239 1403 1325 1439 legati.
1346 1418 1377 1422 —-
1398 1402 1462 1429 Sine
1481 1406 1647 1433 testamento.
1668 1406 1752 1428 const.
1772 1400 1892 1435 (usnmf.)
1912 1400 1942 1427 fr.

1101 1451 1125 1475 3.
1145 1458 1185 1485 pr.
1210 1447 1242 1473 (19
1266 1445 1334 1472 usuf.
1364 1447 1387 1472 7.
1414 1447 1436 1471 1.
1478 1444 1507 1471 Si
1530 1455 1578 1482 per
1603 1444 1716 1471 alienum
1740 1444 1849 1471 fundum
1880 1443 1943 1470 mihi

1102 1492 1169 1517 viam
1190 1489 1367 1516 constitueris.
1388 1487 1418 1514 fr.
1434 1489 1474 1514 46.
1495 1488 1516 1521 5.
1533 1490 1554 1514 l.
1576 1487 1608 1514 de
1628 1489 1750 1514 eviction.
1770 1489 1811 1513 21.
1825 1489 1849 1513 2.
1879 1487 1944 1522 Qui-

1103 1535 1152 1560 bus
1181 1534 1318 1570 gratuitam
1347 1531 1535 1557 habitationem
1564 1532 1787 1557 constituerimus.
1822 1529 1879 1556 Gai.
1899 1528 1943 1556 IV,

1105 1578 1162 1603 153.
1208 1576 1283 1611 Quas
1307 1576 1360 1608 (sc.
1387 1574 1493 1611 partes)
1519 1574 1604 1600 virum
1633 1573 1731 1599 bonum
1760 1578 1843 1599 const.
1868 1582 1944 1610 opor-

1104 1621 1206 1647 tuisset.
1231 1618 1261 1645 sr.
1277 1620 1317 1645 76.
1337 1628 1386 1655 pro
1406 1627 1459 1643 soe.
1481 1619 1520 1643 17.
1539 1619 1563 1643 2.
1600 1616 1716 1643 Pretium
1735 1621 1819 1642 const.
1839 1617 1884 1649 (ex
1904 1625 1943 1647 eo,

1103 1674 1127 1690 v.
1147 1662 1225 1689 alicui
1244 1662 1302 1695 rei).
1324 1661 1353 1688 fr.
1373 1662 1415 1687 39.
1435 1661 1500 1694 5.1.
1521 1658 1553 1685 de
1573 1664 1656 1685 contr.
1676 1663 1735 1685 emt.
1757 1660 1797 1685 18.
1819 1661 1840 1684 1.
1861 1658 1891 1684 fr.
1901 1659 1943 1684 34.

1103 1717 1142 1744 pr.
1163 1707 1184 1740 5.
1207 1707 1228 1731 1.
1249 1704 1278 1731 l'r.
1298 1706 1339 1730 36.
1361 1703 1393 1729 de
1412 1702 1499 1729 Aedil.
1520 1702 1596 1728 edict.
1615 1704 1657 1728 21.
1679 1703 1700 1727 1.
1721 1701 1751 1728 fr.
1771 1703 1812 1728 63.
1832 1701 1853 1735 5
1867 1703 1892 1727 2.
1912 1700 1944 1727 ad

1103 1749 1133 1776 L.
1153 1748 1223 1775 Falc.
1243 1749 1284 1773 35.
1304 1750 1328 1773 2.
1366 1745 1513 1772 Mercedem
1532 1749 1616 1770 const.
1636 1744 1888 1781 (praeceptoribus).
1912 1743 1942 1770 fr.

1106 1794 1145 1818 12.
1165 1792 1186 1825 5.
1205 1792 1229 1816 3.
1250 1789 1283 1815 de
1302 1788 1368 1814 adm.
1389 1792 1414 1814 et
1432 1797 1488 1824 per.
1507 1789 1549 1813 26.
1566 1789 1589 1813 7.
1609 1802 1642 1806 —
1662 1787 1692 1820 §.
1708 1788 1740 1813 ἶ.
1761 1788 1944 1813 Consilium

1104 1843 1225 1868 capere.
1261 1832 1280 1858 1.
1302 1832 1363 1865 Sy.
1388 1830 1546 1857 Decernere.
1575 1829 1678 1856 cf.h.v.
1693 1830 1714 1863 5.
1728 1831 1749 1856 l.
1779 1830 1883 1856 Dicere.
1912 1828 1943 1856 sr.

1106 1880 1127 1904 l.
1148 1876 1180 1903 dc
1194 1875 1273 1902 solut.
1287 1876 1328 1901 46.
1342 1876 1366 1901 3.
1395 1873 1426 1900 ll.
1442 1875 1508 1907 01).
1528 1872 1613 1905 Velle,
1633 1888 1665 1892 —
1680 1872 1850 1899 Constituere
1864 1871 1943 1898 nolle.

1104 1920 1134 1947 fr.
1153 1921 1195 1946 23.
1217 1918 1249 1945 de
1267 1922 1369 1944 testam.
1390 1921 1438 1942 tut.
1457 1918 1498 1942 26.
1519 1918 1543 1942 2.
1572 1915 1602 1942 fr.
1622 1917 1663 1942 38.
1688 1916 1753 1949 5.1.
1778 1915 1810 1942 de
1829 1915 1904 1951 legat.
1924 1914 1943 1941 I.

1104 1964 1171 1997 (30.)
1208 1961 1250 1988 111.
1266 1962 1332 1988 Gn.
1360 1960 1512 1986 Decernere
1531 1963 1558 1985 et
1576 1959 1745 1985 constituere.
1770 1957 1826 1985 Gai.
1839 1958 1870 1984 II.
1886 1959 1942 1984 164.

1105 2006 1276 2033 Constituere
1300 2002 1369 2040 apud
1395 2013 1424 2029 se
1448 2002 1539 2034 debet,
1565 2006 1650 2028 utrum
1675 2005 1723 2027 etc.
1743 2017 1776 2021 —
1796 2002 1818 2027 si
1837 2001 1945 2037 elegerit

1105 2054 1153 2076 etc.
1181 2048 1212 2075 sr.
1232 2050 1255 2074 5.
1276 2048 1297 2081 5.
1317 2048 1341 2072 2.
1362 2045 1394 2072 de
1413 2045 1488 2082 legat.
1505 2049 1603 2082 praest.
1621 2046 1663 2071 37.
1678 2046 1701 2070 5.
1738 2043 1882 2075 Dccedere,
1902 2054 1943 2070 an-

1103 2098 1208 2129 tequam
1228 2090 1400 2117 constitueret
1419 2094 1467 2115 etc.
1489 2088 1518 2115 fr.
1538 2089 1579 2114 84.
1600 2088 1620 2121 5.
1638 2089 1676 2113 13.
1697 2086 1729 2113 de
1742 2086 1817 2123 legat.
1837 2086 1854 2113 I.
1875 2087 1943 2120 (30.)

1104 2135 1176 2162 Paul.
1196 2133 1238 2160 111.
1262 2134 1286 2159 6.
1311 2133 1332 2166 5.
1356 2134 1378 2158 7.
1421 2131 1514 2158 Const.
1539 2141 1591 2157 non
1615 2129 1686 2156 adire
1710 2129 1894 2161 hereditatem,
1919 2139 1941 2154 v.

1104 2179 1236 2205 abstinere
1254 2175 1385 2213 pupillum
1404 2174 1556 2201 hereditate.
1585 2173 1642 2200 Gai.
1656 2173 1686 2199 Π.
1703 2174 1759 2199 168.
1784 2171 1845 2209 le.
1859 2171 1941 2198 XXII.

1103 2223 1145 2247 29.
1166 2230 1205 2256 sq.
1234 2219 1264 2245 fr.
1286 2220 1326 2245 15.
1351 2218 1373 2252 5.
1393 2219 1417 2245 9.
1442 2217 1519 2244 locat.
1541 2218 1579 2243 19.
1599 2219 1623 2242 2.
1665 2215 1741 2242 Licet
1765 2215 1940 2245 constituerit,

1105 2269 1189 2290 tamen
1208 2263 1369 2299 poenitentia
1388 2266 1461 2287 actus
1482 2265 1531 2287 etc.
1560 2259 1617 2286 Gai.
1636 2258 1666 2285 II.
1682 2260 1738 2285 168.
1768 2257 1840 2284 Paul.
1860 2256 1901 2282 111.
1917 2258 1940 2282 4.

1105 2307 1135 2333 Β,
1155 2307 1177 2340 5.
1194 2307 1232 2331 11.
1270 2304 1306 2330 Vt
1326 2305 1437 2341 quisque
1452 2303 1597 2334 constituit,
1616 2300 1688 2327 nolle
1706 2300 1863 2338 (possidere.
1882 2308 1942 2335 pos-

1105 2350 1190 2375 sessio
1210 2347 1334 2379 recedit).
1355 2346 1385 2373 sr.
1407 2348 1446 2372 17.
1467 2347 1488 2380 5.
1510 2348 1532 2371 l.
1552 2345 1584 2372 de
1603 2345 1634 2371 A.
1654 2354 1678 2370 v.
1698 2343 1729 2369 A.
1749 2342 1777 2369 P.
1802 2344 1841 2368 41.
1861 2343 1884 2367 2.
1909 2356 1940 2360 ——

1105 2394 1136 2426 ἓ.
1158 2393 1194 2419 S.
1226 2392 1401 2418 Pecuniam
1425 2391 1561 2415 debitam
1585 2390 1669 2414 nudo
1693 2394 1844 2413 consensu
1866 2393 1941 2418 pro-

1106 2437 1241 2461 mittere.
1290 2432 1320 2458 II.
1350 2434 1416 2465 ⁰11.
1455 2430 1668 2461 Constituentis,
1700 2444 1731 2447 —
1761 2426 1941 2453 Promittentis

1105 2478 1221 2510 (animo,
1245 2476 1355 2507 facere).
1387 2474 1418 2501 fr.
1440 2476 1462 2501 l.
1481 2475 1503 2508 5.
1523 2475 1546 2500 4.
1573 2473 1605 2499 de.
1625 2472 1757 2499 constitut.
1778 2470 1818 2495 13.
1837 2471 1861 2495 5.
1897 2468 1940 2495 111.

1106 2522 1171 2548 Gn.
1202 2519 1395 2549 Fideiussores.
1413 2517 1456 2544 vel
1475 2517 1653 2545 mandatores.
1679 2512 1720 2539 vel
1745 2511 1772 2538 hi
1797 2513 1841 2548 qui
1864 2522 1941 2549 pecu-

1106 2564 1173 2589 niam
1192 2572 1240 2599 pro
1261 2571 1291 2587 eo
1317 2561 1518 2587 constituerunt.
1553 2559 1644 2585 Iuliani
1664 2556 1725 2592 epit.
1746 2565 1805 2581 nov.
1830 2565 1851 2581 c.
1869 2556 1893 2581 3.
1918 2555 1940 2588 5.

1107 2607 1145 2631 10.
1183 2604 1322 2630 Pecuniam
1342 2603 1469 2635 debitam,
1494 2612 1514 2628 s.
1534 2601 1563 2628 Id
1583 2598 1653 2636 quod
1672 2597 1797 2629 debebat.
1821 2607 1842 2623 s.
1862 2597 1941 2623 Debi-

1105 2653 1172 2677 tum.
1193 2648 1363 2674 constituere.
1392 2645 1423 2672 sr.
1444 2648 1466 2671 l.
1491 2645 1555 2678 5.1.
1580 2642 1610 2668 fr.
1629 2643 1653 2667 3.
1672 2651 1712 2678 pr.
1738 2639 1770 2666 fr.
1790 2642 1830 2667 19.
1850 2650 1889 2677 pr.
1908 2639 1941 2666 de

1106 2695 1190 2718 const.
1209 2700 1266 2727 pec.
1292 2691 1331 2716 13.
1351 2691 1376 2715 5.
1404 2688 1434 2715 fr.
1454 2690 1478 2713 8.
1504 2686 1536 2712 de
1559 2684 1637 2710 indic.
1662 2686 1686 2710 5.
1712 2685 1734 2709 l.
1776 2683 1839 2710 Eam
1863 2692 1940 2720 pecu—

1106 2735 1182 2765 niam,
1203 2743 1260 2759 cum
1280 2731 1495 2759 constituebatur,
1515 2728 1629 2754 debitam
1646 2726 1749 2753 fecisse.
1769 2725 1800 2753 fr.
1821 2727 1860 2752 18.
1880 2726 1902 2759 5.
1917 2727 1939 2751 1.

1107 2777 1139 2803 de
1159 2781 1242 2803 const.
1262 2785 1319 2813 pec.
1340 2776 1380 2800 13.
1394 2775 1417 2799 5.
1454 2771 1539 2798 Alteri
1558 2770 1737 2801 constitutum,
1756 2768 1831 2795 alteri
1848 2772 1940 2805 postea

1108 2819 1231 2846 solutum.
1260 2818 1290 2844 fr.
1306 2819 1345 2843 10.
1366 2816 1399 2842 ib.
1421 2816 1460 2840 13.
1474 2815 1499 2840 5.
1536 2813 1566 2840 Si
1584 2812 1620 2844 id,
1639 2811 1710 2849 quod
1728 2811 1791 2838 mihi
1809 2811 1838 2837 L.
1853 2810 1939 2836 Titius

1441 2856 1498 2883 26*
