2197 3121
1025 146 1110 177 IMP.

210 232 298 259 dictio.
318 231 348 258 sr.
370 233 408 257 11.
429 232 450 266 ξ
472 233 494 258 7.
514 231 530 257 l.
552 231 568 257 l.
588 232 629 257 47.
650 232 689 256 10.
727 229 834 266 Turpis,
853 228 895 255 vel
914 227 1044 265 impudica

210 275 381 301 conversatio.
402 285 422 300 c.
443 277 466 301 5.
487 274 519 300 de
538 273 654 311 sponsal.
673 275 696 299 5.
718 275 740 299 l.

244 319 488 351 lnupugnare.
526 318 677 351 Adgredi.
697 315 714 342 Ι.
734 317 795 349 Sy.
815 314 975 351 oppugnare
994 314 1043 346 (iu-

209 359 304 386 dicium
323 360 459 396 parentis.)
486 360 576 386 snm.
596 358 628 384 de
647 358 678 385 Α.
698 369 722 385 v.
743 360 775 384 0.
795 357 825 384 H.
844 358 885 383 29.
905 359 929 383 2.
950 357 980 383 fr.
999 357 1040 382 24.

208 402 240 429 de
259 402 284 428 h.
305 412 346 438 qu.
368 408 395 428 ut
414 402 509 438 indign.
536 403 577 428 34.
596 403 620 427 9.
656 401 699 428 111.
719 403 784 429 Cn.
808 400 849 426 De
874 400 928 426 iure
953 398 1042 435 dispu-

207 447 279 477 tavit,
299 456 351 471 non
369 445 494 471 iudicium
514 445 682 481 impugnavit,
702 449 745 470 aut
758 443 896 470 accusavit.
918 442 946 468 fr.
961 443 1003 467 24.
1023 441 1041 467 l.

206 490 248 514 3⁴.
268 491 292 515 9.
312 488 342 514 ΓΡ.
362 489 403 514 87.
428 487 460 514 de
484 487 559 523 legat.
585 487 602 513 l.
629 487 704 520 (30.)
741 487 803 523 Imp.
824 485 963 511 utilitatem
982 484 1041 521 (pu-

206 530 286 567 pilli.)
306 531 336 557 sr.
355 533 396 557 42.
416 541 454 567 pr.
475 529 507 556 de
519 530 550 556 A.
565 540 588 556 v.
603 530 635 556 O.
650 530 680 556 ll.
699 531 740 556 29.
759 531 783 555 2.
818 528 862 554 Ius
882 527 959 554 civile
977 528 1039 564 imp.

208 574 238 600 fr.
259 575 282 600 5.
302 574 324 607 ξ.
345 575 367 599 1.
388 573 420 599 de
438 577 506 609 pact.
527 572 580 599 dot.
599 575 641 599 23.
661 574 685 599 4.

242 616 494 650 Impugnatio.
533 617 712 649 ..ldpetieia
748 613 790 639 ΙΙΙ.
818 614 884 641 Gn.
913 613 1040 639 Innocen-

207 664 255 691 tes,
273 658 322 685 sub
342 659 431 695 specie
450 657 531 684 falsae
549 658 745 688 criminationis,
765 666 817 682 uon
837 656 949 693 patimur
969 655 1040 682 calli-

206 701 298 728 dorum
317 702 512 738 impugnatione
530 701 655 727 subverti.
676 699 725 726 Tb.
746 699 776 726 C.
796 699 840 725 IX.
860 700 901 725 39.
922 709 943 725 c.
962 699 987 725 3.
1007 698 1039 725 de

205 744 351 771 calumniat.

239 798 436 832 Impulsio.
475 799 669 832 Compulsio.
706 795 748 822 III.
766 797 831 823 Gn.
851 795 947 822 Nullus
967 805 1039 822 exse-

204 846 278 868 cutor
297 851 392 867 vexare
410 840 573 867 contumeliis
588 839 707 871 clericos,
728 855 757 859 —
778 838 858 865 nullis
877 838 1039 876 impulsioni—

202 884 252 911 bus
278 883 418 910 molestare
442 899 475 903 —
499 887 614 910 conetur.
639 892 660 908 c.
683 883 724 908 33.
750 882 772 915 ξ.
796 883 820 908 6.
849 881 882 908 de
906 883 986 919 episc.
1013 886 1038 908 et

205 927 266 954 cler.
289 928 310 952 l.
325 927 349 953 3.

238 979 439 1010 Impulsus.
476 975 592 1009 (Subst.)
630 975 660 1008 §.
686 976 721 1002 1.
743 977 888 1010 Impetus.
908 975 950 1001 III.
971 976 1036 1002 Gn.

202 1019 296 1047 Vtrum
320 1019 434 1056 impulsu
458 1019 572 1045 fluminis
596 1019 648 1045 ruit
679 1017 837 1050 aedificium,
866 1028 897 1044 an
921 1017 1036 1044 deterius

201 1068 260 1089 aute
288 1062 382 1088 factum
408 1066 456 1088 etc.
482 1061 512 1088 fr.
535 1063 577 1088 24.
602 1062 623 1095 ξ.
650 1063 689 1087 ll.
718 1061 750 1087 de
774 1061 858 1087 damn.
883 1060 926 1087 inf.
951 1062 993 1087 39.
1011 1063 1035 1087 2.

201 1105 268 1132 Cum
288 1115 327 1137 eo,
347 1105 420 1131 cuius
444 1104 558 1141 impulsu
583 1104 724 1136 ceciderat,
750 1114 831 1140 agere.
858 1103 888 1129 fr.
908 1105 947 1129 52.
968 1104 989 1137 ξ.
1011 1105 1035 1130 4.

201 1148 232 1175 cf.
252 1148 281 1175 fr.
303 1149 325 1174 7.
345 1148 367 1181 §.
386 1148 410 1173 3.
430 1147 462 1173 ad
481 1146 510 1173 L.
530 1147 598 1184 Aqu.
618 1149 642 1174 9.
662 1149 686 1173 2.
718 1161 750 1164 —
782 1147 812 1180 ξ.
833 1148 867 1173 2.
889 1148 1035 1181 Compul-

199 1193 254 1218 εἰσ.
291 1190 333 1217 III.
359 1191 425 1218 Gn.
457 1189 537 1225 Quod
560 1191 653 1216 mortis
673 1189 759 1226 adegit
777 1189 913 1226 impulsus.
934 1189 984 1216 Th.
1004 1188 1034 1216 C.

199 1232 258 1260 XV.
280 1234 319 1259 14.
341 1243 362 1259 c.
384 1234 423 1259 14.
443 1232 475 1259 de
494 1233 588 1259 infirm.
608 1233 632 1259 h.
653 1243 695 1269 qu.
716 1242 735 1259 S.
757 1237 806 1268 tyr.

234 1277 410 1317 Impune.
431 1283 544 1317 (Advb.)
570 1285 664 1310 Citra
682 1293 823 1318 poenam.
852 1282 871 1309 I.
891 1284 952 1317 Sy.
972 1282 1035 1309 Sine

198 1326 295 1353 fraude.
321 1325 390 1352 Coll.
417 1325 470 1361 LL.
495 1325 527 1352 M.
548 1325 591 1353 IV.
611 1328 635 1352 2.
655 1336 694 1362 sq.
732 1325 762 1352 II.
785 1328 851 1359 Op.
876 1325 935 1352 Non
954 1331 1033 1358 recte,

197 1369 299 1395 Illicite.
319 1367 349 1395 fr.
369 1370 410 1394 60.
430 1369 468 1402 ἕξ.
488 1370 511 1394 4.
531 1370 554 1394 6.
575 1368 607 1395 ‹le
626 1368 656 1394 R.
676 1367 708 1394 N.
726 1370 767 1395 23.
781 1371 804 1394 2.
841 1368 948 1406 Impune
967 1369 1032 1396 fieri.

198 1428 229 1431 —
249 1411 391 1438 Vindicari.
418 1410 447 1437 fr.
469 1413 491 1437 1.
516 1412 537 1445 §.
558 1413 581 1437 2.
602 1411 634 1437 de
657 1410 762 1437 aleator.
785 1413 823 1438 ll.
843 1413 866 1438 5.
904 1411 946 1438 III.
967 1413 1043 1439 Cn„

197 1454 271 1490 Quas
290 1464 418 1491 personas
438 1454 495 1480 siue
519 1455 649 1491 permissu
668 1453 800 1480 Praetoris
822 1455 928 1491 impune
946 1455 973 1480 in
992 1455 1032 1481 ius

195 1507 289 1524 vocare
312 1507 365 1523 non
388 1506 538 1534 possumus.
563 1496 619 1523 Gai.
644 1495 688 1523 IV.
716 1498 773 1523 187.
820 1496 903 1523 Posse
927 1498 1032 1534 impune

196 1540 339 1577 prohiberi.
364 1539 394 1566 fr.
420 1541 442 1566 l.
467 1540 488 1573 §.
514 1540 553 1565 18.
578 1539 610 1565 de
635 1550 700 1576 aqua
725 1544 796 1576 quot.
820 1541 861 1566 43.
885 1542 927 1567 20.
967 1540 1031 1578 Imp.

195 1584 248 1610 vim
267 1583 387 1620 patietur.
408 1582 438 1608 fr.
454 1584 476 1608 1.
496 1582 517 1615 ξ.
532 1584 556 1608 2.
576 1582 609 1609 de
627 1583 668 1609 via
688 1582 749 1619 pub.
764 1584 804 1608 43.
820 1584 859 1609 11.
896 1583 958 1620 Imp.
974 1594 1030 1610 eum
1052 1599 1053 1605 .

196 1625 304 1657 occidit,
329 1635 377 1651 nec
400 1625 472 1651 utilis
497 1626 564 1651 actio
589 1627 638 1651 erit
661 1626 687 1651 in
712 1636 770 1652 eum
789 1625 980 1652 constituenda.
1000 1626 1030 1652 sr.

196 1669 237 1694 96.
258 1667 290 1694 de
300 1667 332 1694 V.
348 1667 380 1694 Ο.
395 1669 436 1694 45.
453 1669 474 1694 1.
512 1667 574 1705 Imp.
590 1678 641 1694 non
655 1673 761 1705 paretur
780 1669 938 1701 (sententiae
952 1669 1029 1702 eius.)
1052 1673 1053 1685 1

196 1709 226 1736 fr.
245 1712 286 1736 25.
305 1720 344 1747 pr.
364 1710 396 1737 de
416 1720 465 1737 rec.
488 1720 530 1746 qu.
551 1710 603 1737 arb.
624 1713 646 1737 4.
667 1713 691 1737 8.
735 1711 773 1737 Ita
792 1711 896 1737 demum
915 1712 976 1748 imp.
996 1712 1031 1738 sc—

195 1757 243 1785 ret,
263 1754 285 1778 si
304 1757 352 1779 etc.
372 1753 402 1779 sr.
422 1755 446 1779 9.
468 1753 499 1779 ad
518 1752 547 1779 L.
569 1753 648 1780 Corn.
669 1753 701 1780 de
720 1755 795 1780 sicar.
815 1755 856 1780 48.
870 1755 894 1780 8.
914 1754 944 1780 cf.
960 1754 1028 1780 Coll.

194 1795 247 1822 LL.
261 1795 294 1822 Μ.
309 1794 366 1821 XV.
379 1798 404 1822 2.
440 1795 548 1832 Impune
567 1801 652 1822 autem
665 1800 729 1833 puto
750 1796 946 1828 admittendum,
959 1796 1029 1832 quod
1051 1813 1052 1816 =

194 1848 241 1875 per
259 1838 372 1864 furorem
392 1838 501 1864 alicuius
520 1838 621 1865 accidit.
645 1838 675 1865 sr.
697 1840 737 1865 61.
763 1839 794 1865 de
818 1838 883 1865 adm.
904 1843 929 1864 et
948 1840 1027 1876 peric.

192 1882 234 1907 26.
255 1883 276 1907 7.
314 1881 356 1907 Ab
376 1881 498 1906 intestato
518 1881 666 1917 possidebit
681 1881 860 1914 hereditatem,
879 1886 904 1907 et
924 1881 1029 1918 quidem

192 1924 305 1960 impune.
325 1922 355 1949 sr.
375 1924 417 1949 42.
437 1933 478 1959 pr.
498 1922 530 1948 de
548 1923 580 1949 A.
600 1933 623 1949 v.
645 1923 677 1949 O.
697 1923 727 1950 Η.
747 1926 788 1950 29.
807 1926 830 1950 2.

228 1973 455 2006 Impunitas.
492 1975 654 2001 Remissio
677 1984 806 2009 poenae.
844 1974 862 2001 I.
887 1976 948 2009 Sy.
978 1974 1028 2001 Ve—

192 2017 241 2042 nia.
266 2015 296 2042 sr.
324 2018 346 2041 1.
367 2026 405 2052 pr.
427 2015 459 2042 de
482 2015 581 2051 fugitiv.
608 2019 648 2043 11.
673 2019 696 2043 4.
732 2017 774 2043 ΙΙΙ.
801 2018 866 2044 Cn.
892 2017 947 2044 Nec
969 2017 1029 2044 faci-

192 2069 256 2086 nora
279 2059 370 2085 talium
396 2069 532 2085 servorum
560 2069 612 2085 non
642 2059 728 2086 solum
751 2061 817 2097 ipsis
847 2061 1028 2097 impunitatem

192 2106 333 2138 praestent,
353 2101 400 2128 sed
419 2101 531 2128 dominis
558 2111 663 2138 quoque
690 2112 778 2129 eorum
804 2104 923 2139 quaestui
943 2109 1026 2130 erunt.

192 2143 222 2170 fr.
241 2146 281 2171 67.
306 2144 327 2178 §.
347 2146 371 2170 4.
398 2143 430 2171 de
454 2144 513 2170 furt.
539 2146 580 2170 47.
600 2146 623 2171 2.
661 2145 761 2171 Eodem
781 2145 867 2172 S.Cto
886 2147 1027 2183 impunitas

193 2185 267 2212 datur
286 2187 315 2212 ei.
336 2186 365 2213 fr.
387 2189 408 2213 1.
429 2188 451 2221 §.
472 2189 494 2212 1.
515 2186 547 2213 de
570 2186 670 2223 fugitiv.
697 2190 736 2214 ll.
756 2190 780 2214 4.
818 2187 910 2224 Neque
928 2190 1027 2226 passim
1048 2204 1049 2208 =

192 2229 332 2265 impunitas
351 2230 388 2256 eis
408 2240 455 2266 per
473 2229 605 2256 huismodi
618 2229 782 2267 proditiones
797 2231 963 2258 concedenda
978 2237 1026 2258 est.
1048 2250 1049 2258 1

192 2270 223 2296 fr.
244 2272 265 2296 1.
285 2271 306 2303 ξ.
325 2272 366 2297 26.
386 2271 417 2298 de
437 2273 582 2308 quaestion.
607 2275 648 2299 48.
670 2275 709 2299 18.
747 2273 877 2300 Omittere
896 2275 1026 2307 (crimem)

193 2312 234 2339 vel
255 2313 406 2349 impunitate
429 2314 538 2347 donare,
562 2320 606 2341 aut
629 2315 749 2342 molliore
772 2326 855 2353 poena
874 2317 1026 2353 percellere.
1047 2323 1049 2342 ι

192 2355 241 2382 Th.
263 2355 293 2381 C.
312 2354 355 2380 IX.
377 2357 415 2382 10.
435 2367 455 2383 c.
475 2360 499 2384 4.
519 2358 539 2391 ξ.
561 2360 583 2384 1.
603 2358 635 2385 ad
654 2358 683 2385 L.
703 2358 749 2385 Iul.
770 2358 801 2385 de
820 2360 846 2385 vi
866 2359 926 2396 pub.

228 2405 453 2438 lmpunitus.
480 2408 608 2441 (Adiect.)
637 2411 737 2436 Liber
755 2420 771 2436 α
788 2419 899 2443 poena.
929 2410 946 2435 Ι,
964 2411 1025 2444 Sy.

191 2448 271 2474 Extra
291 2457 408 2484 poenam.
432 2447 462 2474 fr.
487 2451 526 2475 11.
551 2461 590 2487 pr.
615 2451 636 2484 §.
658 2454 680 2478 1.
705 2452 737 2478 de
762 2451 792 2478 L.
813 2452 892 2478 Corn.
913 2452 945 2479 de
966 2452 1022 2479 fals.

191 2492 231 2515 48,
253 2491 292 2515 10.
328 2489 457 2518 1111711.
476 2489 531 2517 Nec
549 2492 601 2519 ulla
621 2494 669 2520 alia
688 2494 745 2530 lege
764 2511 796 2515 -—
816 2494 1024 2531 reprehenditur,

190 2533 225 2558 ita
244 2533 387 2568 impunitus
412 2537 460 2563 est,
485 2534 529 2568 qui
552 2539 599 2562 etc.
625 2536 681 2563 Gai.
706 2537 747 2564 Ill.
770 2539 829 2563 211.
867 2537 925 2564 Non
946 2537 1024 2564 debet

1044 2501 1047 2556 1

1858 147 1919 177 445

1089 229 1215 261 nocentis,
1235 238 1309 264 quam
1323 229 1488 255 innocentem
1501 228 1629 255 damnare.
1649 228 1679 254 fr.
1694 231 1717 255 5.
1732 238 1770 265 pr.
1791 228 1823 254 de
1841 238 1916 265 poen.

1089 272 1129 298 48.
1152 273 1190 298 19.

1121 316 1289 347 Impure.
1326 313 1437 347 (Advb.)
1479 316 1643 348 Turpiter.
1666 313 1709 340 III.
1725 315 1789 341 Cn.
1808 313 1872 340 Post
1889 313 1917 340 id

1086 366 1147 382 vero
1170 361 1272 393 tempus
1296 357 1340 393 qui
1366 356 1508 392 neglexerit
1531 362 1626 394 sponte
1648 367 1770 387 remeare,
1790 372 1821 375 —
1840 357 1917 382 etiam

1085 400 1211 436 impurius
1231 399 1263 425 ad
1281 400 1390 436 patriam
1410 405 1561 428 revertatur.
1587 399 1636 426 Th.
1663 398 1693 426 C.
1717 398 1786 426 XIV.
1806 400 1829 425 9.
1850 409 1871 425 c.
1892 400 1914 424 l.

1085 441 1117 468 de
1136 442 1204 468 stud.
1224 442 1324 469 liberal.
1344 442 1400 468 urb.
1421 442 1452 468 R.

1119 486 1308 518 Impurus.
1338 484 1466 518 (Adiect.)
1497 487 1632 519 Turpis,
1652 486 1848 512 Inhonestus.
1872 484 1914 510 111.

1085 528 1150 554 Cn.
1170 527 1295 564 Stuprum
1319 527 1497 564 flagitiumque
1519 528 1648 565 impurum
1672 529 1769 565 (pati.)
1792 526 1864 553 Paul.
1883 526 1914 552 ll.

1083 570 1124 596 26.
1144 570 1166 603 §.
1187 572 1226 596 13.
1265 570 1401 607 Quidquid
1420 570 1516 597 talibus
1531 586 1562 589 —
1576 570 1719 597 liberalitas
1738 572 1837 608 impura
1856 579 1914 596 cou-

1083 612 1180 639 tulerit.
1202 612 1250 639 Th.
1272 613 1301 640 C.
1322 613 1365 640 IV.
1384 614 1408 639 6.
1428 624 1449 640 c.
1468 615 1492 640 3.
1513 612 1615 646 (ch.)
1635 613 1667 639 de
1685 618 1767 639 natur.
1787 613 1824 640 fil.

1118 657 1327 689 Imputare.
1369 657 1400 690 ξ.
1426 658 1460 683 1.
1503 657 1712 689 computare,
1738 658 1913 682 Connume-

1084 708 1163 725 rare.
1201 698 1219 724 Ι.
1240 700 1301 733 Sy.
1321 698 1488 736 Computare.
1520 697 1561 725 Cf.
1581 698 1605 724 h.
1626 708 1649 725 v.
1674 699 1695 732 ξ.
1717 700 1738 724 l.
1774 698 1913 735 Reputare.

1083 740 1113 766 fr.
1132 742 1173 767 31.
1193 751 1231 778 pr.
1252 741 1284 768 de
1307 741 1394 768 bered.
1418 746 1470 779 pet.
1494 743 1518 768 5.
1541 743 1565 768 3.
1610 740 1767 772 Procedere.
1791 741 1915 777 Imputari

1084 784 1127 816 (iu
1146 793 1282 811 numerum
1301 785 1367 817 etc.)
1391 784 1474 811 Vatic.
1502 785 1524 818 §.
1545 785 1601 810 126.
1621 794 1661 820 sq.
1698 783 1807 810 Cedere.
1828 782 1868 809 Cf.
1888 782 1913 809 h.

1083 836 1106 852 v.
1127 827 1147 860 ξ.
1168 828 1192 852 4.
1229 826 1331 854 Cadere
1351 828 1393 861 (in
1417 828 1543 854 rationem
1567 827 1635 860 etc.)
1671 826 1802 864 Imputari.
1822 826 1852 852 fr.
1870 827 1912 852 29.

1083 879 1123 905 sq.
1143 868 1174 895 ad
1193 867 1222 895 L.
1243 869 1312 896 Falc.
1331 871 1372 896 35.
1392 872 1415 896 2.
1436 870 1465 897 fr.
1486 871 1526 897 18.
1546 870 1583 904 ἓξ.
1604 872 1626 896 1.
1644 871 1669 896 3.
1689 869 1721 896 ad
1739 869 1766 895 S.
1783 868 1813 896 C.
1834 867 1912 895 Treb.

1081 913 1123 939 36.
1144 914 1166 938 1.
1203 911 1246 937 III.
1270 913 1335 939 Cn.
1354 912 1447 949 Repeti
1471 913 1575 949 quidem
1599 923 1651 939 nou
1671 922 1762 949 posse,
1782 911 1829 938 sed
1847 912 1913 937 sorti

1082 954 1268 991 imputandum.
1288 954 1318 980 sr.
1337 956 1378 981 26.
1398 965 1436 992 pr.
1456 955 1488 982 de
1508 955 1582 982 cond.
1610 955 1698 982 indeb.
1723 956 1763 981 12.
1782 956 1805 981 6.
1831 954 1862 980 cf.
1883 953 1912 979 l'r.

1058 1008 1060 1019 ι
1080 999 1122 1023 22.
1142 1007 1181 1034 pr.
1201 998 1223 1031 §.
1245 999 1267 1023 1.
1287 997 1318 1023 de
1337 999 1406 1034 pign.
1431 1003 1479 1024 act..
1504 1000 1543 1024 13.
1569 1000 1592 1025 7.
1633 998 1669 1026 Vt
1687 1008 1771 1034 neque
1789 997 1850 1034 plus
1869 997 1914 1022 im-

1080 1045 1187 1076 putetur
1205 1044 1307 1066 sumtus
1326 1042 1442 1071 nomine,
1463 1051 1538 1077 quam
1557 1041 1652 1068 sactum
1671 1046 1718 1067 est.
1737 1040 1767 1067 fr.
1788 1041 1827 1066 14.
1847 1040 1868 1073 ξ.
1888 1040 1912 1065 6.

1080 1082 1113 1109 de
1131 1082 1204 1119 relig.
1225 1084 1264 1109 11.
1290 1085 1313 1110 7.
1337 1083 1368 1110 sr.
1387 1085 1428 1110 52.
1453 1084 1474 1117 ξ.
1495 1086 1534 1110 15.
1559 1084 1589 1110 fr.
1613 1085 1654 1110 81.
1677 1094 1725 1121 pro
1750 1093 1805 1110 soc.
1830 1085 1868 1109 17.
1887 1084 1911 1108 2.

1081 1125 1110 1152 Si
1129 1140 1161 1143 -
1180 1136 1306 1163 perquam
1325 1127 1410 1162 egenti
1429 1127 1478 1160 (sc.
1497 1128 1584 1159 matri)
1604 1127 1690 1159 dedit,
1710 1128 1836 1163 imputare
1855 1135 1912 1152 eum

1081 1173 1206 1206 oportere
1225 1169 1257 1195 de
1276 1168 1354 1205 largis
1377 1168 1543 1196 facultatibus
1566 1169 1669 1206 pupilli.
1693 1169 1722 1195 fr.
1743 1171 1765 1195 1.
1791 1169 1812 1202 ξ.
1832 1170 1855 1194 4.
1880 1167 1913 1194 de

1080 1216 1127 1238 tut.
1148 1217 1174 1238 et
1193 1217 1240 1238 rat.
1259 1213 1301 1238 27.
1320 1213 1344 1238 3.
1381 1211 1525 1238 Ilouoraria
1548 1213 1682 1249 imputare.
1702 1211 1732 1238 fr.
1752 1213 1776 1237 9.
1796 1212 1817 1245 ξ.
1837 1212 1860 1237 6.
1880 1210 1913 1236 de

1080 1254 1145 1280 adm.
1171 1259 1196 1281 et
1220 1255 1300 1291 peric.
1324 1256 1365 1281 26.
1386 1257 1408 1282 7.
1448 1255 1533 1281 Etiam
1552 1255 1601 1281 hoc
1620 1254 1723 1292 peculio
1741 1253 1850 1281 Praetor
1868 1254 1912 1279 im-

1079 1297 1190 1334 putabit,
1211 1297 1282 1334 quod
1305 1302 1353 1324 etc.
1378 1297 1407 1324 fr.
1427 1299 1469 1324 21.
1494 1308 1532 1335 pr.
1553 1298 1585 1324 de
1603 1297 1688 1335 pecul.
1709 1299 1748 1323 15.
1769 1299 1790 1323 1.
1828 1297 1856 1323 In
1875 1306 1912 1322 re-

1079 1340 1212 1366 stituendo
1232 1340 1435 1366 fideicommisso
1460 1341 1587 1378 imputare
1610 1350 1698 1378 posse.
1718 1340 1748 1366 fr.
1770 1340 1809 1366 78.
1830 1340 1850 1373 ξ.
1872 1340 1911 1364 11.

1077 1383 1109 1409 ad
1129 1383 1192 1409 S.C.
1214 1382 1292 1410 Treb.
1312 1385 1353 1410 36.
1374 1385 1395 1410 1.
1432 1383 1461 1409 Iu
1480 1383 1630 1415 Falcidiam,
1649 1383 1716 1410 v.1n
1732 1387 1848 1419 quartam
1867 1381 1911 1408 he-

1076 1426 1204 1458 reditatis,
1224 1427 1284 1463 imp.
1304 1426 1334 1452 fr.
1356 1428 1378 1452 1.
1398 1426 1419 1460 §.
1438 1427 1462 1452 8.
1483 1426 1512 1453 sr.
1532 1428 1573 1453 50.
1593 1426 1622 1454 fr.
1637 1429 1678 1453 91.
1699 1426 1730 1453 ad
1742 1425 1772 1452 L.
1786 1425 1855 1452 Falc.
1869 1426 1910 1451 35.

1076 1471 1099 1495 2.
1119 1469 1192 1495 Paul.
1211 1468 1253 1495 Ill.
1279 1470 1302 1495 8.
1328 1470 1349 1503 ξ.
1368 1471 1392 1495 2.
1430 1469 1506 1495 Anno
1526 1469 1671 1506 imputandi
1695 1473 1755 1495 suut
1774 1468 1814 1501 (hi
1833 1468 1911 1501 dies.)

1076 1511 1106 1538 fr.
1125 1514 1149 1538 4.
1169 1512 1190 1545 ξ
1210 1513 1233 1537 5.
1259 1511 1291 1538 de
1315 1512 1430 1539 statulib.
1454 1514 1496 1538 40.
1521 1514 1544 1538 7.
1584 1512 1627 1538 An
1645 1513 1787 1548 posteriori
1805 1511 1911 1538 domino

1077 1555 1199 1592 imputari
1219 1559 1355 1591 oporteret
1374 1555 1442 1589 (dies
1462 1555 1492 1580 B.
1511 1554 1574 1580 Pnis
1592 1554 1741 1591 petendae.)
1760 1554 1790 1580 fr.
1810 1556 1833 1580 5.
1853 1554 1910 1588 §.2

1077 1597 1127 1633 Qu.
1147 1597 1212 1624 ordo
1232 1599 1258 1623 in
1272 1597 1302 1624 B.
1317 1597 1344 1624 P.
1364 1599 1405 1624 38.
1421 1599 1460 1623 15.
1498 1597 1621 1634 Imputari
1634 1599 1659 1624 in
1673 1607 1807 1623 numerum
1820 1597 1911 1629 (trium

1052 1649 1053 1656 ¹
1075 1640 1236 1673 tutelarum.)
1256 1640 1286 1666 fr.
1307 1641 1348 1666 60.
1369 1641 1390 1674 ξ.
1406 1642 1433 1666 -1.
1453 1640 1485 1666 de
1504 1640 1534 1666 R.
1554 1640 1586 1666 N.
1607 1642 1648 1666 23.
1662 1642 1686 1666 2.
1707 1656 1737 1660 —-
1758 1640 1787 1673 ξ.
1800 1641 1834 1666 2.
1855 1641 1910 1666 ln-

1075 1685 1224 1718 inngere,
1244 1685 1447 1714 Adscribere,
1467 1682 1619 1709 alieui.1.
1639 1684 1700 1717 Sy.
1720 1682 1832 1719 Culpam
1851 1692 1910 1709 eon-

1051 1739 1053 1754 =
1074 1727 1200 1756 traxisse,
1220 1725 1386 1761 Deliquisse,
1409 1726 1476 1751 Esse
1495 1725 1597 1762 culpam
1616 1726 1642 1751 iu
1663 1736 1701 1751 eo.
1738 1726 1818 1757 Esse,
1839 1725 1910 1762 quod

1074 1769 1097 1794 ei
1116 1770 1265 1805 imputetur.
1286 1768 1316 1794 l'r.
1335 1769 1378 1794 31.
1398 1768 1419 1801 ξ.
1438 1770 1462 1794 2.
1482 1767 1512 1794 sr.
1531 1770 1572 1794 35.
1592 1778 1631 1805 pr.
1651 1768 1683 1806 de
1696 1767 1730 1794 N.
1744 1767 1775 1794 G.
1793 1770 1818 1795 3.
1838 1770 1861 1794 5.
1877 1768 1907 1794 fr.

1075 1812 1114 1836 ll.
1134 1820 1172 1847 pr.
1193 1809 1225 1836 ad
1243 1810 1273 1836 L.
1293 1810 1361 1847 Aqu.
1381 1812 1404 1837 9.
1419 1812 1442 1837 2.
1479 1810 1597 1843 Punitur,
1616 1810 1797 1848 Imputaudum
1817 1815 1857 1837 est
1876 1812 1908 1842 ei,

1074 1862 1095 1878 s.
1114 1852 1266 1889 Imputatur.
1287 1852 1318 1879 fr.
1338 1856 1361 1880 2.
1382 1854 1419 1887 ἓξ.
1438 1855 1479 1880 36.
1498 1855 1539 1880 38.
1559 1864 1599 1890 sq.
1618 1856 1659 1880 41.
1684 1853 1716 1880 ad
1736 1853 1762 1880 S.
1784 1853 1814 1880 C.
1835 1853 1906 1880 Tert.

1073 1897 1114 1922 38.
1135 1897 1175 1921 17.
1212 1895 1348 1922 Praestare
1367 1897 1432 1932 cogi.
1468 1896 1591 1933 Imputari
1612 1897 1642 1923 ei.
1662 1896 1732 1923 Coll.
1750 1896 1801 1923 LL.
1821 1896 1854 1923 M.
1873 1896 1906 1923 X.

1073 1940 1096 1964 9.
1133 1938 1221 1975 Ipsum
1241 1938 1273 1965 de
1287 1949 1315 1965 se
1335 1940 1417 1976 queri,
1438 1938 1495 1965 Sibi
1508 1941 1636 1976 imputare
1655 1939 1784 1973 (debere.)
1803 1940 1906 1977 Expen-

1073 1992 1130 2008 sum
1149 1981 1216 2008 ferre
1236 1981 1365 2015 (facilitati
1385 1982 1467 2016 suae.)
1488 1982 1517 2009 fr.
1531 1984 1573 2008 27.
1593 1983 1614 2016 ξ.
1628 1985 1651 2009 2.
1672 1981 1704 2008 de
1723 1992 1774 2009 rec.
1795 1993 1837 2019 qu.
1851 1982 1905 2008 arb.

1073 2026 1096 2050 4.
1121 2025 1145 2050 8.
1170 2023 1200 2050 fr.
1229 2026 1267 2051 11.
1293 2035 1331 2062 pr.
1355 2024 1387 2051 ad
1412 2024 1442 2052 L.
1466 2025 1533 2062 Aqu.
1559 2026 1581 2051 9.
1601 2026 1625 2051 2.
1650 2024 1679 2051 fr.
1699 2026 1722 2051 3.
1749 2025 1771 2059 ᾗ.
1790 2026 1813 2051 3.
1833 2025 1906 2051 utin

1072 2077 1144 2104 poss.
1164 2066 1239 2103 legat.
1260 2068 1301 2094 36.
1321 2070 1345 2094 4.
1381 2067 1424 2094 III.
1451 2070 1516 2096 011.
1547 2067 1576 2094 Si
1596 2067 1665 2094 nulla
1690 2067 1765 2104 culpa
1784 2068 1905 2104 imputari

1071 2111 1158 2147 possit
1178 2110 1309 2136 creditori.
1329 2110 1359 2136 sr.
1379 2112 1402 2137 9.
1422 2121 1461 2148 pr.
1486 2111 1517 2138 de
1537 2110 1611 2137 distr.
1631 2112 1699 2147 pign.
1718 2112 1759 2137 20.
1779 2113 1803 2137 5.
1822 2110 1854 2136 cl'.
1874 2110 1904 2136 fr.

1072 2154 1111 2179 14.
1131 2153 1152 2187 ξ.
1174 2154 1196 2178 l.
1216 2153 1248 2179 de
1267 2153 1297 2180 R.
1317 2153 1350 2180 M.
1370 2155 1410 2180 49.
1432 2155 1471 2180 16.
1508 2153 1572 2180 Fato
1596 2154 1764 2190 plerumque⁷
1788 2163 1842 2179 non
1860 2163 1904 2179 no-

1071 2206 1126 2227 xae,
1147 2196 1276 2233 imputari.
1297 2196 1365 2222 Coll.
1385 2196 1437 2222 LL.
1458 2196 1490 2223 M.
1511 2196 1528 2222 Ι.
1547 2198 1570 2223 9.
1608 2197 1692 2223 Etiam
1708 2197 1856 2223 .coututoris
1870 2196 1902 2222 fa-

1047 2259 1049 2277 1
1071 2244 1140 2265 ctum
1158 2240 1300 2276 imputatur
1319 2239 1440 2275 collegae.
1466 2240 1495 2266 sr.
1516 2242 1555 2265 14.
1580 2239 1612 2266 (le
1635 2239 1700 2266 adm.
1721 2244 1746 2265 ct
1764 2240 1842 2276 peric.
1861 2239 1900 2264 26.

1047 2279 1049 2317 1
1073 2283 1096 2308 7.
1132 2281 1192 2308 Non
1212 2283 1280 2308 enim
1298 2282 1339 2308 his
1359 2283 1480 2319 personis
1505 2282 1637 2308 silentium
1660 2283 1781 2319 imputari
1805 2286 1901 2319 potest,

1047 2356 1049 2364 y
1072 2335 1129 2351 cum
1148 2330 1196 2351 etc.
1217 2325 1247 2351 sr.
1268 2326 1290 2350 7.
1311 2324 1368 2351 fam.
1393 2326 1483 2351 ercisc.
1512 2327 1551 2351 10.
1577 2327 1601 2351 2.
1638 2324 1693 2351 Nec
1711 2325 1760 2350 hoe
1780 2325 1801 2350 ei
1821 2325 1901 2360 impu—

1047 2387 1049 2407 ,
1071 2372 1147 2398 tatur.
1168 2377 1214 2393 rur
1232 2368 1301 2400 (nou
1320 2367 1382 2393 fecit
1401 2368 1466 2399 etc.)
1490 2366 1520 2393 sr.
1540 2369 1563 2393 2.
1589 2368 1610 2401 ξ.
1629 2369 1670 2394 41.
1690 2367 1721 2393 ad
1741 2366 1767 2392 S.
1788 2366 1818 2393 C.
1839 2365 1901 2392 Ter-

1047 2413 1048 2444 1
1070 2410 1127 2436 tull.
1147 2411 1188 2436 38.
1210 2411 1250 2436 17.
1270 2410 1300 2436 ef.
1321 2409 1350 2436 fr.
1371 2411 1394 2436 9.
1415 2411 1436 2444 ξ.
1456 2411 1479 2436 4.
1500 2410 1532 2436 de
1551 2415 1597 2437 tut.
1619 2415 1643 2436 et
1663 2415 1708 2436 rat.
1728 2411 1768 2435 27.
1788 2411 1811 2435 3.
1831 2409 1861 2436 fr.
1875 2410 1899 2436 9.

1046 2450 1047 2475 1
1069 2453 1090 2486 §.
1111 2454 1134 2479 6.
1155 2452 1186 2478 de
1211 2452 1264 2478 reb.
1289 2457 1354 2478 auct.
1381 2453 1433 2479 iud.
1457 2454 1498 2479 42.
1517 2455 1541 2480 5.
1577 2452 1688 2479 Absolvi
1709 2462 1766 2477 eum
1785 2457 1899 2489 oportet,

1069 2496 1187 2531 quamvis
1207 2496 1241 2521 sit
1261 2495 1331 2531 quod
1350 2496 1373 2521 ei
1392 2497 1542 2533 imputetur,
1562 2506 1607 2522 cur
1625 2500 1672 2521 etc.
1692 2494 1722 2520 fr.
1743 2496 1765 2520 7.
1785 2494 1806 2527 ξ.
1826 2497 1850 2520 5.
1867 2495 1899 2521 ad

1068 2538 1155 2564 exhib.
1177 2540 1216 2563 10.
1236 2541 1260 2564 4.
1296 2538 1398 2574 Iguosci
1418 2540 1442 2565 ei
1455 2538 1558 2569 debere,
1579 2553 1610 2557 ——
1629 2546 1713 2573 neque
1732 2538 1799 2563 enim
1817 2538 1898 2574 impu-

192 2576 335 2611 impunitus
353 2584 411 2601 esse
430 2575 504 2601 lusus
529 2580 579 2602 tam
597 2581 771 2614 perniciosus.
796 2580 824 2606 fr,
846 2582 886 2606 50.
906 2580 927 2614 ξ,
947 2582 970 2607 4,
992 2581 1023 2607 de
1066 2585 1121 2607 tare
1142 2582 1165 2607 ei
1183 2590 1332 2618 possumus,
1353 2591 1399 2607 cur
1418 2586 1465 2607 etc.
1485 2581 1516 2607 fr.
1537 2582 1575 2606 14.
1596 2580 1617 2613 §
1636 2582 1659 2605 2.
1680 2579 1713 2605 de
1732 2580 1791 2606 bon.
1812 2580 1897 2607 libert.

191 2616 251 2643 furt.
272 2618 312 2642 47.
331 2618 355 2642 2.
401 2617 489 2644 Debet
511 2617 618 2645 Praetor
636 2637 668 2640 —
687 2622 840 2649 calumniam
865 2624 920 2648 eius
939 2624 1021 2660 impu-
1065 2625 1105 2650 38.
1126 2625 1149 2649 2.
1187 2623 1246 2649 Non
1265 2624 1385 2660 imputari
1404 2624 1558 2660 publicano,
1578 2621 1648 2658 quod
1667 2632 1719 2648 uon
1739 2627 1786 2649 etc.
1806 2622 1836 2649 sr.
1858 2625 1896 2651 16.

188 2660 268 2685 nitam
288 2669 339 2685 non
358 2659 514 2696 relinquere.
539 2661 569 2687 fr.
590 2663 612 2687 1.
638 2663 660 2696 §.
680 2665 702 2690 1.
725 2666 748 2691 si
767 2665 829 2692 mul.
848 2670 931 2692 ventr.
952 2676 1020 2693 nom.

188 2704 229 2729 25.
249 2704 272 2728 6.
311 2702 378 2728 Cum
402 2713 487 2739 neque
510 2704 634 2741 impunita
657 2705 781 2734 maleficia
806 2718 865 2734 esse
891 2713 1018 2746 oporteat,
1041 2695 1043 2738 1

190 2754 237 2771 nec
256 2744 332 2771 facile
351 2746 474 2772 constitui
492 2747 578 2783 possit
597 2751 645 2773 etc.
666 2747 696 2774 fr.
715 2750 755 2775 51.
774 2751 795 2784 §.
814 2752 838 2777 2.
859 2751 890 2777 ad
908 2751 938 2778 L.
949 2751 1017 2788 Aqu.
1039 2745 1041 2776 l

188 2787 212 2812 9.
229 2789 253 2813 2.
294 2787 382 2814 Satius
408 2789 476 2815 enim
500 2798 571 2822 esse,
599 2791 754 2827 impunitum
777 2792 890 2830 relinqui
917 2794 1017 2821 facinus
1038 2786 1040 2841 1

1038 2849 1039 2860 1

1065 2666 1086 2699 ξ,
1107 2667 1130 2692 6.
1151 2665 1183 2692 de
1202 2666 1332 2702 publican.
1351 2668 1392 2693 39.
1412 2668 1436 2692 4.
1474 2665 1567 2691 Teneri
1592 2666 1770 2697 exercitorem.
1789 2667 1897 2703 imputa-

1064 2713 1150 2735 turum
1170 2709 1229 2740 sibi.
1249 2719 1295 2735 cur
1314 2714 1361 2735 etc.
1381 2709 1410 2734 t'r.
1432 2710 1453 2733 1.
1478 2708 1498 2740 ᾗ.
1519 2709 1542 2733 9.
1563 2707 1594 2734 cs.
1614 2708 1650 2741 §§.
1670 2709 1693 2734 4.
1714 2710 1753 2735 14.
1774 2709 1806 2735 de
1826 2720 1895 2735 exer-

1063 2752 1105 2778 cit.
1127 2753 1166 2778 14.
1188 2754 1210 2778 l.
1231 2751 1261 2779 fr.
1281 2754 1321 2778 37.
1343 2751 1374 2777 de
1393 2751 1497 2776 iureiur.
1523 2752 1562 2776 12.
1583 2752 1607 2776 2.
1644 2750 1769 2788 Fxceptio
1790 2752 1894 2778 domino

1061 2794 1218 2831 indulgenda
1238 2799 1285 2826 est,
1305 2794 1407 2829 sibique
1426 2792 1591 2820 adversarius
1614 2794 1759 2831 imputabit.
1781 2796 1824 2831 qui
1845 2799 1890 2820 etc.
