2197 3121
265 177 329 207 3:36

268 268 334 285 nem.
356 258 385 284 I'r.
407 259 429 284 7.
456 258 477 291 ξ
500 259 523 283 l.
552 257 583 282 ct'.
605 256 633 282 sr.
654 257 677 282 9.
703 255 733 282 fr.
755 257 794 282 11.
820 256 841 290 ξ,
863 257 885 282 1.
906 254 938 281 de
957 256 1066 292 impens.
1087 254 1113 280 in
1135 255 1137 258 ⁴

269 312 312 328 res
333 301 385 327 dot.
410 302 451 326 25.
474 302 494 326 l.

268 355 321 371 non
342 345 444 370 minima
472 341 635 369 inronnnoda
660 341 746 368 habet.
772 341 802 368 sr.
827 344 851 368 3.
876 341 934 367 sam.
961 341 1052 366 ercisc.
1074 341 1113 366 10.

267 390 291 414 2.
331 386 406 413 'l'unc
425 385 652 412 eomlemnationis
673 385 776 411 exactio
797 385 931 422 competit.
954 393 1012 409 cum
1032 382 1114 409 debiti

269 429 385 457 conditio
408 429 546 455 exstiterit.
572 427 602 454 fr.
623 429 664 453 4⁰.
693 427 725 454 ad
744 426 774 453 L.
794 427 863 463 Aqu.
883 429 906 453 9.
925 429 949 453 2.
970 425 1002 452 cf.
1022 425 1052 452 fr.
1072 427 1113 452 43.

268 474 290 508 ξ.
313 475 333 499 l.
360 473 392 500 de
416 473 472 498 iure
498 470 551 497 dot.
571 472 613 496 2²23.
632 472 656 497 3.
704 470 876 497 Exactionem
896 470 1029 495 nominum
1048 469 1115 506 peri-

269 516 329 543 culo
351 526 399 542 suo
419 514 510 540 facere.
532 513 562 540 sr,
583 515 624 540 35.
645 513 677 540 de
696 513 763 540 adm.
785 518 808 539 et
830 514 909 550 peric.
929 513 971 538 26.
987 514 1010 538 7.
1040 511 1116 538 Prae·
1136 509 1138 514 ⁴

269 559 353 585 sidem
372 568 446 595 prov.
472 556 527 588 adi.
553 557 597 592 qni
622 556 820 593 stipulationem
840 571 871 575 ——
892 554 924 581 ad
948 554 1053 581 modum
1079 555 1116 581 iu-

269 607 324 628 stae
345 601 488 627 exactionis
508 598 617 635 rediget.
642 599 672 626 sr.
696 601 734 625 17.
758 609 797 636 pr.
822 598 855 625 de.
880 608 951 624 usur.
970 600 1012 624 22.
1040 600 1061 624 l.
1083 597 1114 624 ef.

269 645 299 671 sr.
319 646 360 671 253.
381 644 401 677 ξ.
422 645 445 669 3.
467 643 518 678 Qu.
539 647 599 668 met.
621 653 642 669 c.
661 644 684 668 4.
705 645 730 668 2.
767 642 908 671 Amittere.
933 651 953 667 s.
974 641 1115 676 Denegari,

269 696 407 724 operarum
427 687 600 712 exactionem.
621 685 650 712 fr.
671 687 711 711 4⁸.
732 695 770 721 pr.
791 685 812 718 ξ.
832 686 856 710 2.
877 684 909 710 de
932 694 1004 721 oper.
1025 683 1113 710 libert.

267 732 309 756 ὃθ.
332 731 352 755 l.
375 728 405 755 rs.
425 728 456 755 sr.
477 731 518 755 70.
538 738 577 765 pr.
598 727 630 754 de
644 727 675 754 Υ.
695 727 723 754 S.
743 729 785 754 50.
806 729 846 754 16.
864 744 893 747 —
909 727 940 760 ξ.
960 728 995 753 2.
1015 729 1116 753 Prae-

268 775 428 799 stationis
446 773 599 805 publicae
617 773 801 801 exsecutio.
820 772 1015 797 Praestatio
1035 772 1115 804 ipsa.

269 814 287 841 I.
302 816 364 849 Sy.
384 814 515 844 Collatio.
540 813 659 840 functio.
687 812 736 839 Th.
758 813 790 840 C.
809 812 828 839 I.
855 815 894 839 15.
920 823 941 840 c.
962 814 1004 839 14.
1032 822 1053 839 c.
1075 814 1115 839 17.

269 857 373 892 (Wek.)
394 857 426 884 de
446 857 490 883 off.
510 856 596 883 Vicar.
616 855 685 882 XIII.
707 858 746 882 10.
767 866 788 882 c.
809 858 832 883 4.
853 865 874 882 c.
894 857 918 882 6.
943 855 976 882 de
1000 865 1073 882 cens.
1094 865 1115 881 s.

269 900 354 927 adscr.
392 900 434 926 III.
454 901 520 927 Cn.
544 899 652 926 Illicitas
678 900 844 931 exactiones,
870 904 896 925 et
918 898 1044 925 violentia
1072 897 1117 931 [al.

269 943 422 977 violentias]
444 942 535 974 factas,
554 947 580 969 et
599 947 716 969 extortas
736 947 807 968 metu
825 941 1002 971 venditiones,
1014 958 1045 961 -
1057 951 1117 979 pro-

270 986 360 1013 hibeat
381 986 490 1012 Praeses
510 985 553 1012 Pr.
574 985 605 1011 sr.
625 987 649 1011 6.
668 995 708 1022 pr.
729 985 761 1012 cf.
781 985 803 1019 §.
823 986 847 1011 3.
868 985 901 1011 de
921 985 965 1011 off.
985 984 1073 1011 Praes.
1093 986 1116 1010 1.
1138 979 1139 982 ¹

270 1031 310 1056 18.
332 1028 382 1056 Th.
397 1028 428 1055 C.
442 1028 486 1055 XI.
508 1031 530 1055 7.
551 1039 572 1055 c.
598 1030 621 1055 1.
641 1028 674 1055 de
693 1029 822 1054 exaction.
842 1026 985 1063 Vectigalis
1005 1027 1117 1054 exactio-

270 1082 329 1098 nem
349 1071 429 1098 futuri
455 1073 584 1109 temporis
603 1087 636 1091 -
657 1081 769 1098 cessare.
790 1070 819 1096 fr.
834 1072 876 1097 49.
891 1070 923 1096 de
936 1070 1023 1097 Aedil.
1038 1069 1115 1096 edict.

270 1117 311 1141 21.
334 1117 355 1141 1.
377 1115 408 1141 cf.
429 1115 459 1141 I'r.
479 1117 522 1141 2l.
547 1124 586 1152 pr.
607 1114 640 1140 de.
659 1114 720 1140 don.
741 1115 786 1140 int.
807 1112 838 1139 V.
859 1114 900 1139 24.
922 1115 944 1140 1.
983 1112 1116 1139 Yicarium

270 1174 302 1178 -
323 1159 468 1184 exactionis
493 1162 519 1183 et
542 1157 751 1184 transmissionis
780 1157 953 1182 necessitates
984 1155 1114 1192 adripere.

270 1200 320 1227 Th.
341 1199 372 1227 C.
393 1200 410 1226 I.
433 1203 473 1227 15.
494 1211 515 1227 c.
538 1202 577 1226 14.
598 1199 702 1233 (ch.)
727 1199 760 1225 de
784 1199 828 1225 off.
848 1198 935 1226 Yicar.
955 1199 1116 1225 Exactiones

269 1244 464 1281 provinciarum
483 1244 638 1279 (usurpare,
662 1252 685 1268 v.
706 1243 862 1273 sustinere.)
882 1241 919 1269 Ib.
938 1241 984 1268 XI.
1005 1243 1028 1268 7.
1049 1251 1070 1268 c.
1090 1242 1115 1267 8.

270 1296 310 1323 sq.
330 1286 363 1313 de
383 1287 511 1313 exaction.
532 1286 564 1312 cl'.
584 1284 653 1311 VIII.
673 1287 696 1311 8.
722 1296 744 1312 c.
769 1286 792 1312 6.
817 1285 849 1312 de
874 1289 1021 1311 exsecutor.
1047 1283 1115 1310 VIII.

271 1331 311 1356 15.
331 1339 352 1356 c.
373 1331 395 1355 5.
416 1330 437 1363 ξ.
452 1331 473 1356 l.
494 1329 527 1356 de
545 1330 578 1355 iis
598 1339 640 1365 qu.
661 1328 756 1354 admin.
782 1327 919 1360 Tironum,
934 1344 965 1347 ——
980 1327 1117 1354 Frumenti

270 1377 295 1399 et
316 1382 452 1408 equorum,
473 1373 584 1398 exactio.
605 1371 642 1398 lb.
662 1370 707 1397 XI.
723 1372 762 1398 16.
783 1373 859 1397 c.12.
880 1371 912 1397 de
926 1375 991 1397 extr.
1007 1380 1027 1397 s.
1042 1369 1113 1397 sord.

270 1414 420 1441 Nummaria
440 1416 550 1441 exactio.
570 1415 608 1443 lb.
627 1414 698 1441 XIV.
717 1417 741 1441 4.
763 1425 783 1441 c.
803 1416 827 1441 3.
847 1414 880 1441 de
906 1424 974 1440 suar.
994 1414 1116 1440 Exactio·

270 1468 330 1484 nem
348 1457 434 1495 plebis
454 1457 622 1494 adgnoscere.
645 1457 682 1484 lb.
701 1457 770 1484 XIII.
793 1459 832 1485 10.
854 1468 874 1484 c.
894 1459 920 1484 (i.
939 1456 972 1483 de
992 1466 1072 1484 censu
1092 1466 1113 1483 s.

273 1501 357 1527 adscr.

305 1545 483 1571 Exactor.

272 1587 325 1622 Qui
351 1596 479 1613 annonam
505 1588 632 1624 suscipit,
659 1587 702 1613 vel
726 1587 820 1622 exigit,
845 1585 887 1612 vel
907 1589 1009 1621 erogat,
1030 1589 1055 1611 et
1074 1595 1117 1611 ex-

272 1634 374 1656 actores
394 1631 523 1666 pecuniae
543 1635 591 1656 ete.
612 1629 641 1656 fr.
664 1631 703 1655 15.
724 1630 746 1663 ξ.
761 1632 785 1655 δ.
805 1628 838 1655 de
856 1638 926 1655 mun.
947 1633 973 1654 et
992 1628 1053 1654 hon.
1073 1630 1115 1654 50.

271 1674 294 1699 ⁴1.
334 1672 526 1699 'Necessitatem
546 1672 687 1699 solutionis
701 1671 852 1698 moderetur
870 1674 920 1703 (sc.
935 1670 1046 1697 Prae-ses
1060 1670 1116 1702 Pr.)

271 1715 432 1752 reprehensa
458 1720 609 1742 exactorum
634 1715 725 1742 illicita
750 1715 864 1741 avaritia.
889 1713 919 1739 sr.
944 1715 967 1740 6.
993 1714 1014 1747 ξ.
1035 1715 1059 1740 9,
1084 1713 1116 1740 de

272 1758 316 1784 oss.
336 1758 424 1785 Praes.
445 1760 467 1784 1.
490 1760 528 1785 ls.
567 1758 595 1784 Si
616 1759 660 1795 qui
680 1759 766 1784 minus
780 1756 910 1783 solvendo
927 1756 1025 1783 fuerint
1045 1756 1117 1783 debi-

272 1806 352 1832 tores,
372 1801 467 1837 quibus
488 1801 530 1827 alii
550 1807 686 1827 exactores
711 1805 784 1827 erant
808 1799 942 1837 adplicati.
969 1800 999 1826 fr.
1025 1802 1067 1826 41.
1093 1801 1114 1834 ξ.

274 1845 313 1870 l7.
334 1844 366 1870 de
385 1844 470 1871 Iideic.
491 1843 554 1870 libb.
574 1847 616 1870 40.
637 1846 660 1870 5.
699 1843 874 1881 Compulsor,
895 1847 1010 1875 exactor,
1030 1842 1117 1869 admo-

273 1887 352 1915 nitor,
372 1888 518 1923 portitorve
538 1888 679 1924 praecepti.
702 1886 752 1913 Th.
767 1887 797 1913 C.
811 1886 856 1912 XI.
878 1888 900 1912 7.
922 1896 943 1912 c.
966 1888 1005 1912 15.
1026 1886 1059 1912 de
1075 1896 1118 1912 ex-

274 1930 367 1955 action.
389 1929 420 1955 cf.
439 1928 504 1955 Ylll.
524 1932 547 1955 8.
569 1940 590 1955 c.
611 1931 633 1956 7.
655 1929 687 1955 de
707 1934 856 1956 exsecutor.

275 2015 382 2041 nebrem
401 2015 540 2052 pecuniam
559 2015 705 2046 sumserit.)
725 2014 760 2041 Ib.
781 2015 813 2041 Χ.
833 2016 875 2041 24.
897 2025 918 2040 c.
935 2016 956 2040 1.
977 2014 1009 2041 de
1028 2015 1052 2041 h.
1073 2025 1116 2051 qu.

275 2069 296 2083 e.
317 2058 385 2095 disp.

309 2101 508 2127 Exactum.
545 2099 667 2132 (Partic.)
704 2100 735 2134 ἓ.
757 2101 791 2126 1.
818 2103 1037 2135 ingendum,
1058 2101 1117 2127 Im-

273 2149 431 2177 perarunt.
451 2142 469 2169 1.
497 2144 558 2176 Sy.
577 2142 741 2179 Expetenda.
761 2143 869 2170 Exacta.
889 2143 938 2170 Tb.
960 2143 990 2170 C.
1012 2143 1056 2170 XI.
1075 2145 1116 2169 22.

277 2196 297 2212 c.
317 2186 341 2211 3.
362 2195 401 2221 sq.
422 2195 454 2211 ne
474 2185 561 2211 collat.
582 2184 699 2211 translat.
721 2201 752 2205 -—
773 2186 803 2219 ξ.
824 2188 859 2213 2.
883 2188 1117 2217 Transactum,

276 2230 472 2255 Absolutum.
510 2228 528 2254 I.
555 2229 618 2262 Sy.
655 2228 812 2265 Expletum,
832 2230 959 2256 Exactum
980 2230 1118 2266 (tempus.)

277 2271 308 2298 fr.
326 2273 368 2297 35.
388 2271 409 2304 ξ.
429 2273 453 2297 3,
474 2270 506 2297 de
526 2270 626 2297 liberal.
646 2282 667 2297 c.
687 2273 728 2298 40.
744 2274 784 2298 12.
822 2272 865 2299 III.
880 2274 946 2300 Cn.
966 2272 1118 2299 Contractis
1140 2279 1141 2288 ¹

277 2315 303 2340 in
324 2312 395 2339 litem
415 2313 544 2345 omnibus,
565 2330 596 2333 —
617 2316 769 2352 exactisque
789 2325 871 2352 paene
891 2315 1002 2341 iudiciis
1023 2314 1073 2340 Th.
1086 2314 1117 2341 C.

279 2356 323 2383 IV.
343 2359 367 2382 ὃ.
388 2366 411 2382 c.
430 2359 454 2382 4.
474 2367 495 2382 c.
514 2358 538 2382 6.
558 2357 579 2390 ξ.
600 2358 623 2383 7.
644 2357 748 2389 (ch.)
768 2357 800 2384 de
815 2357 917 2384 liberali
932 2368 953 2383 c.
973 2357 1119 2394 Incipiente

280 2399 364 2437 plane,
384 2409 436 2425 non
456 2404 547 2426 macto
568 2399 617 2425 die.
642 2399 672 2425 fr.
698 2402 755 2427 134.
779 2400 811 2427 de
836 2400 867 2426 V.
893 2400 920 2426 S.
945 2403 986 2427 50.
1014 2402 1052 2427 16.
1090 2400 1119 2426 Si

281 2443 354 2468 navis
376 2446 468 2479 postea
493 2443 614 2479 perierit,
639 2453 715 2478 quam
739 2443 796 2470 dies
820 2444 975 2480 praefinitus
1001 2442 1120 2480 periculo

282 2490 388 2511 exactus
409 2485 492 2512 suerit.
513 2484 543 2512 t'r.
563 2487 587 2512 6.
608 2485 640 2511 dc
660 2491 728 2512 naut.
750 2486 817 2512 soen.
831 2488 873 2513 22.
887 2489 911 2512 2.
950 2486 1043 2512 Exacti
1058 2491 1120 2512 tem-

283 2530 354 2565 poris
373 2528 518 2565 periculum
543 2527 574 2554 ad
599 2538 657 2554 eum
680 2530 818 2565 pertinere.
840 2528 870 2555 fr.
890 2530 931 2555 60.
951 2528 973 2562 §.
993 2530 1016 2555 4.
1037 2528 1070 2555 de
1089 2528 1120 2554 R.
1143 2544 1144 2549 =

284 2570 314 2596 N.
334 2573 375 2598 213.
394 2573 418 2598 2.

522 1546 705 1571 Ειαοτίοιιὶ
726 1545 952 1578 praepositus.
986 1542 1140 1581 111.(711.Ἰ

1138 1586 1140 1593 '
1161 1592 1261 1614 verant.
1281 1586 1331 1613 Tb.
1352 1586 1383 1613 C.
1402 1586 1471 1613 XIII.
1493 1588 1533 1612 10.
1555 1596 1575 1612 c.
1596 1589 1619 1611 ὅ.
1640 1595 1679 1623 pr.
1700 1585 1733 1611 de
1753 1595 1834 1612 censu
1854 1595 1875 1611 s.
1896 1585 1981 1611 adscr.

895 1930 924 1955 Si
945 1930 1003 1965 quis
1024 1929 1055 1955 ab
1076 1939 1118 1955 ex·
1138 1927 1139 1932 ¹

275 1971 424 2001 actoribus.
444 1971 593 2003 tabulariis,
614 1973 733 2003 arcariis.
754 1972 884 1998 ofliciisve
903 1973 1033 1998 rationum
1053 1972 1118 2005 (l'oe-
1138 1966 1140 1983 l

455 2571 510 2597 Sex
528 2570 663 2597 mensibus
683 2572 782 2597 exactis
807 2572 910 2608 (perire
934 2571 1122 2598 redhibitoriae
1143 2569 1144 2594 Ῐ

541 300 626 336 Sat-pe
651 304 676 325 et
700 298 800 325 solutio
825 304 849 325 et
874 299 975 325 exactio
999 297 1114 334 partium
1135 307 1136 310 ¹

1086 172 1178 202 EXA.

1160 253 1218 280 dem
1239 253 1400 289 diligentiam
1419 254 1553 282 adhibere.
1573 265 1649 292 quam
1669 256 1725 282 suis
1744 255 1823 282 rebus
1842 256 1956 283 adhibet.
1970 256 1999 283 sr.

1164 299 1185 323 1.
1205 297 1227 331 ξ
1248 298 1271 322 4.
1292 296 1324 322 de
1344 296 1377 323 O.
1398 302 1423 323 et
1441 298 1473 324 A.
1493 300 1534 324 44.
1556 300 1579 324 7.
1600 298 1632 324 et‘.
1658 297 1688 325 sr.
1708 300 1748 325 72.
1774 309 1821 336 pro
1841 310 1895 326 soc.
1916 301 1956 326 17.
1976 302 2000 325 2.

1159 339 1188 366 fr.
1208 341 1232 366 3.
1253 339 1285 366 de
1305 340 1385 376 peric.
1407 345 1432 366 et
1451 351 1542 367 comm.
1565 343 1604 368 18.
1625 343 1648 367 6.

1159 388 1240 409 actam
1260 382 1422 418 diligentiam
1440 383 1520 410 rebus
1540 385 1596 410 eius
1616 400 1647 404 —
1668 389 1801 421 praestare
1820 384 1906 412 debet.
1929 384 2000 411 Paul.

1691 341 1791 367 Bonam
1816 341 1894 368 fidem
1914 347 1939 369 et
1959 353 2002 368 ex·

1136 434 1137 464 J
1159 426 1177 453 l.
1197 428 1221 452 4.
1241 426 1263 460 ξ.
1285 428 1309 453 1.
1345 424 1437 462 Neque
1451 425 1575 459 furiosus,
1594 437 1680 463 neque
1693 427 1821 464 pupillus,
1841 429 1925 454 exacti
1942 438 2002 454 con-

1159 469 1212 496 silii
1235 479 1316 506 capax
1337 473 1384 495 est.
1404 468 1442 495 lb.
1462 468 1506 495 IV.
1528 471 1566 496 12.
1586 471 1608 504 ς’.
1630 472 1652 496 7.

1196 514 1409 539 Exacuere.
1457 514 1650 544 Stimulare,
1677 514 1830 540 lncitare.
1867 512 1910 539 111.
1936 514 2002 540 Gn·

1161 555 1201 582 Ne
1223 571 1254 575 —
1274 554 1396 582 solatium
1421 565 1467 581 eos
1494 556 1656 592 impunitatis
1676 561 1797 587 exacuat,
1817 555 1911 582 horum
1931 556 2003 592 cupi·

1137 624 1138 643 ἒ
1160 598 1286 624 ditatibus
1313 598 1457 624 obviamus
1495 598 1548 625 Th.
1566 598 1596 625 C.
1616 598 1673 625 XII.
1699 601 1721 625 1.
1743 609 1764 625 c.
1787 600 1844 625 161.
1870 598 1902 625 de
1926 598 2003 625 decu-

1160 652 1225 668 rion.

1195 683 1477 711 Exaedificarc.
1515 685 1724 720 Aedificare,
1746 687 1950 719 Componere.
1982 683 2001 710 I.

1160 728 1222 761 Sy.
1240 727 1394 757 Exstruere,
1414 726 1577 753 Construere
1596 728 1697 760 (naves,
1717 738 1741 754 v.
1762 728 1863 765 opera.)
1883 727 1921 753 lb.
1933 726 2003 753 XIII.

1160 773 1184 797 5.
1214 780 1235 797 c.
1264 771 1306 796 28.
1331 770 1363 797 de
1387 769 1498 796 navicul.
1523 769 1581 796 ΧΥ.
1608 772 1631 796 1.
1656 781 1678 797 c.
1702 772 1726 797 4.
1755 781 1776 797 c.
1802 773 1824 798 7.
1854 781 1876 797 c.
1902 772 1943 796 17.
1972 769 2004 796 de

1161 823 1222 851 opp.
1242 813 1305 850 pub.

1196 857 1438 889 Exaequare.
1476 857 1680 890 Adaequare,
1711 859 1947 892 Aequijmrare.
1984 855 2003 882 I.

1161 900 1222 933 Sy.
1242 899 1372 935 Aequare.
1393 898 1424 925 cl'.
1439 898 1463 925 h.
1477 908 1508 924 v:
1532 899 1664 935 Aetlnxale,
1685 910 1708 926 v.
1728 900 1822 936 Aeque
1841 901 1934 933 (esse.)
1954 899 2002 925 Ex-

1162 943 1276 978 aequari.
1296 941 1326 968 fr.
1348 944 1388 968 12.
1409 941 1441 968 de
1460 941 1548 968 hered.
1568 943 1629 968 inst.
1649 945 1690 968 28.
1705 945 1728 969 5.
1748 942 1779 969 l'r.
1794 944 1818 969 6.
1838 943 1859 976 ξ.
1873 945 1898 969 2.
1918 943 1941 968 si
1961 952 2004 978 qu.

1162 995 1211 1012 om.
1233 995 1254 1011 c.
1274 989 1376 1011 testam.
1395 986 1437 1011 29.
1457 988 1482 1011 4.
1519 984 1562 1011 III.
1584 986 1649 1012 (711.
1669 985 1745 1011 llnnc
1759 987 1785 1011 in
1799 986 1948 1023 portionem
1961 994 2006 1011 vo-

1162 1027 1287 1059 candum,
1313 1027 1564 1064 exaequandumque
1588 1029 1697 1054 caeteris
1723 1028 1910 1054 creditoribus.
1930 1027 1960 1054 sr.
1980 1028 2005 1054 6.

1161 1071 1183 1105 ξ.
1206 1073 1229 1097 7.
1250 1071 1303 1106 Qu.
1323 1071 1350 1097 in
1368 1070 1399 1096 sr.
1419 1070 1489 1097 cred.
1509 1072 1550 1097 42.
1569 1072 1593 1097 8.
1631 1070 1731 1097 Idcirco
1751 1071 1873 1097 relictum
1900 1075 1953 1102 est,
1978 1075 2007 1097 ut

1162 1113 1279 1140 conditio
1299 1113 1415 1140 filiorum
1434 1118 1632 1149 exaequaretur.
1651 1113 1682 1140 fr.
1699 1116 1738 1140 12.
1753 1114 1785 1140 de
1799 1114 1877 1140 cond.
1899 1118 1925 1140 ct
1938 1113 2005 1140 dem.

1160 1159 1202 1184 35.
1224 1159 1246 1184 l.
1283 1156 1344 1183 Non
1363 1156 1442 1183 debet
1461 1156 1553 1187 audiri,
1573 1161 1601 1182 ut
1621 1161 1646 1182 et
1665 1156 1780 1183 Marcell.
1801 1157 1908 1189 scribit,
1933 1167 2007 1184 exae-

1161 1205 1277 1237 quatque
1301 1210 1359 1226 eum
1384 1204 1432 1226 etc.
1457 1199 1487 1226 fr.
1512 1201 1536 1225 5.
1561 1199 1582 1232 §.
1607 1200 1648 1226 22.
1673 1199 1705 1226 de
1729 1210 1785 1236 agn.
1810 1204 1836 1226 et
1859 1199 1891 1226 al.
1918 1201 1960 1226 25.
1981 1201 2005 1226 3.

1162 1243 1254 1270 Servis
1274 1247 1402 1279 exaequat
1422 1244 1476 1275 (sc.
1496 1242 1556 1271 Iex)
1577 1242 1770 1279 quadrupedes.
1791 1242 1821 1269 l'r.
1841 1244 1865 1268 2.
1886 1242 1908 1275 ς’.
1928 1244 1952 1268 2.
1974 1242 2006 1268 ad

1160 1285 1190 1312 L.
1210 1286 1279 1322 Aqu.
1299 1287 1323 1312 9.
1342 1288 1366 1312 2.
1403 1285 1454 1312 Per
1473 1286 1559 1311 omnia
1584 1290 1726 1322 exaequata
1746 1290 1808 1311 sunt
1827 1284 1912 1321 legata
1932 1284 2007 1311 fidei-

1161 1330 1319 1355 commissis.
1339 1328 1370 1355 fr.
1390 1330 1414 1354 1.
1434 1328 1467 1355 de
1485 1328 1561 1364 legat.
1581 1327 1599 1354 1.
1620 1328 1687 1361 (30.)
1708 1327 1739 1354 cf.
1759 1328 1782 1362 ᾗ.
1795 1330 1820 1354 3.
1839 1327 1858 1354 1.
1879 1327 1911 1353 de
1931 1326 2003 1363 legit.

1161 1382 1218 1408 agn.
1239 1381 1309 1398 succ.
1328 1373 1352 1398 3.
1371 1373 1396 1398 2.

1195 1415 1447 1448 Exaequatio.
1468 1416 1700 1449 Per-aequatio.
1721 1412 1763 1440 111.
1780 1414 1845 1440 Cn.
1866 1413 1942 1449 Quae
1955 1414 2006 1446 (sc.

1162 1459 1331 1491 constitutio)
1351 1468 1431 1495 super
1451 1458 1641 1493 exaequatione
1665 1457 1816 1493 pactionum
1838 1455 1963 1493 loquitur.
1984 1466 2006 1483 c.

1162 1504 1203 1528 20.
1223 1511 1264 1539 pr.
1284 1501 1316 1527 de
1340 1500 1401 1527 don.
1421 1500 1453 1527 A.
1473 1499 1504 1526 N
1525 1501 1548 1526 5.
1572 1501 1596 1526 3.
1634 1499 1847 1536 Exaequationes
1872 1509 2006 1530 censuum.

1167 1554 1232 1581 quas
1252 1560 1283 1564 —
1304 1554 1443 1570 censorum
1467 1548 1491 1569 et
1515 1547 1734 1580 peraequatorum
1754 1542 1842 1569 ot'ticia
1860 1558 1893 1562 -
1913 1542 2007 1579 proba-

1196 1631 1446 1657 Exaestuare.
1476 1629 1506 1662 ἓ.
1522 1630 1556 1655 l.
1577 1630 1706 1654 Aeacum
1726 1630 1883 1654 emittere.
1905 1630 2007 1655 Ebu!-

1161 1674 1232 1699 lire.
1252 1671 1271 1698 I.
1292 1673 1354 1706 Sy.
1375 1672 1524 1708 Quousque
1543 1672 1672 1697 maximus
1686 1671 1782 1697 fluctus
1796 1672 1926 1707 pervenit.
1947 1670 2006 1706 Qua

1161 1716 1273 1741 maxime
1296 1714 1392 1740 fluctus
1418 1718 1559 1740 exaestuat.
1586 1713 1616 1740 fr.
1641 1715 1681 1739 96.
1711 1723 1750 1751 pr.
1775 1714 1805 1740 sr.
1832 1715 1889 1739 112.
1916 1713 1948 1740 de
1973 1712 2006 1739 V.

1138 1777 1140 1785 .
1162 1758 1189 1784 S.
1209 1760 1250 1783 50.
1272 1758 1311 1783 16.
1338 1773 1369 1776 —
1394 1757 1424 1789 ξ.
1445 1758 1480 1783 2.
1505 1758 1619 1787 Aestn,
1644 1766 1696 1782 seu
1715 1759 1823 1783 calore
1843 1759 2005 1783 laborare.

1161 1801 1204 1827 III.
1226 1802 1291 1828 Cn.
1312 1800 1387 1835 Quae
1407 1799 1447 1825 his
1467 1800 1594 1835 angustiis
1620 1798 1734 1825 remedia
1753 1798 1917 1836 providenda
1936 1804 2005 1826 sunt.

1161 1854 1235 1870 mens
1254 1847 1361 1869 nostrae
1380 1843 1530 1868 serenitatis
1550 1846 1693 1868 exaestuat.
1714 1841 1780 1868 Nov.
1802 1841 1852 1868 Th.
1867 1841 1897 1868 11.
1918 1841 1948 1875 (I.
1964 1843 2004 1868 26.

1162 1897 1183 1913 c.
1205 1888 1227 1913 1.
1247 1886 1300 1923 pr.)

1196 1931 1455 1963 Exaggerare.
1493 1929 1524 1962 ξ.
1545 1930 1579 1954 l·
1613 1930 1646 1955 111
1667 1938 1817 1963 aggerem
1836 1930 1997 1954 extollere

1161 1972 1204 1999 III.
1229 1973 1295 2000 Gn.
1315 1971 1355 1998 *Ne
1375 1973 1434 2008 quis
1454 1970 1559 2003 dilatet,
1579 1976 1621 1997 aut
1642 1970 1784 2007 producat.
1805 1975 1848 1996 aut
1867 1969 2004 2006 deprimat.

1162 2021 1206 2042 aut
1230 2019 1368 2051 exaggeret
1393 2018 1446 2047 (se.
1471 2014 1546 2047 iter.)
1572 2013 1602 2040 I'r.
1626 2015 1650 2039 3.
1676 2013 1698 2046 ξ.
1724 2014 1763 2038 15.
1791 2012 1823 2038 de
1843 2013 1898 2038 itin.
1919 2017 2003 2048 actuq.

1162 2060 1229 2096 priv.
1248 2060 1290 2084 43.
1313 2059 1352 2083 19.
1367 2073 1398 2076 -
1413 2057 1444 2089 ξ.
1459 2058 1494 2083 2.
1515 2061 1657 2091 Augere,
1674 2057 1863 2082 J’roreltere.
1884 2054 1926 2080 111.
1940 2056 2004 2082 Cn.

1163 2101 1254 2138 Neque
1279 2101 1347 2126 enim
1372 2099 1549 2135 exaggeranda
1574 2098 1621 2125 suit
1647 2099 1790 2125 sententia.
1814 2108 1880 2133 quae
1899 2097 2004 2124 modum

1162 2143 1340 2171 interdictioni
1366 2142 1470 2168 fecerat.
1495 2141 1525 2168 fr.
1548 2144 1572 2167 3.
1602 2142 1624 2176 ξ,
1651 2143 1672 2167 1.
1697 2140 1729 2167 de
1754 2140 1888 2166 decurion.
1914 2143 1954 2166 50.
1979 2144 2002 2167 2.

1164 2186 1313 2214 Vindictam
1332 2184 1454 2222 publicae
1473 2184 1582 2211 ultionis
1603 2193 1764 2221 exaggerare.
1796 2182 1877 2209 Multa
1899 2193 2004 2220 exagge-

1163 2235 1224 2256 rata.
1245 2229 1295 2256 Th.
1316 2228 1347 2255 C.
1366 2228 1384 2254 I.
1405 2230 1428 2254 5.
1449 2238 1469 2254 c.
1489 2230 1513 2254 9.
1534 2227 1648 2259 (Wek.)
1674 2226 1706 2253 de
1731 2226 1775 2252 ot'l'.
1800 2225 1852 2252 Prs.
1874 2225 1914 2252 Pr.
1936 2225 2003 2252 vul.

1165 2275 1204 2299 11.
1226 2283 1246 2299 c.
1266 2273 1290 2298 3.
1311 2281 1343 2297 ne
1363 2281 1405 2308 qu.
1425 2271 1487 2308 pub.
1508 2270 1566 2297 laet.

1198 2315 1419 2349 Exagstarf·
1458 2315 1614 2345 Incitare,
1636 2314 1848 2339 (fonturbare.
1881 2311 2003 2339 lucu.

1164 2357 1248 2385 Pecus
1268 2358 1294 2384 in
1315 2362 1415 2384 tautum
1433 2357 1571 2392 exagitare,
1591 2360 1619 2382 ut
1638 2355 1862 2392 praecipitaretur.
1883 2355 1904 2388 ς’.
1926 2356 1965 2380 16.
1985 2354 2002 2380 l.

1165 2401 1197 2428 de
1216 2400 1245 2427 L.
1265 2400 1334 2437 Aqu.
1354 2402 1377 2426 4.
1397 2401 1421 2426 3.
1459 2398 1498 2425 Ne
1517 2414 1549 2418 -——
1569 2403 1702 2425 emortuae
1721 2402 1769 2429 (sc.
1785 2398 1965 2434 quaestiones)
1979 2398 2004 2423 in

1164 2443 1298 2471 redivivos
1319 2453 1423 2480 semper
1446 2442 1610 2477 exagitentur
1634 2442 1781 2468 conflictus.
1809 2439 1857 2467 Th.
1883 2440 1913 2466 C.
1934 2439 2002 2466 XVI.

1166 2489 1188 2513 7.
1210 2497 1231 2513 c.
1250 2488 1274 2512 3.
1295 2487 1316 2520 ᾗ.
1341 2487 1362 2512 l.
1383 2485 1415 2512 de
1435 2489 1545 2522 apostat.

1200 2529 1400 2563 Exagium.
1438 2530 1647 2554 Ponderatio.
1686 2527 1703 2553 l.
1724 2528 1785 2561 Sy.
1814 2527 1930 2553 Examen
1954 2531 2004 2552 tru-

1166 2574 1243 2599 tinae.
1280 2572 1316 2598 lb.
1336 2570 1406 2597 XIV.
1426 2572 1449 2596 4.
1476 2580 1497 2596 c.
1517 2572 1541 2596 4.
1567 2570 1588 2603 ᾗ.
1608 2572 1631 2596 2.
1654 2570 1686 2596 de.
1705 2579 1773 2596 suar.
1811 2569 1854 2595 III.
1875 2570 1940 2596 οη.
1963 2568 2003 2594 De

285 2614 420 2649 speciem.)
440 2614 472 2640 sr.
490 2615 532 2639 35.
552 2614 574 2647 §.
593 2616 618 2639 2.
638 2613 671 2640 de
690 2613 721 2640 Di.
742 2614 774 2640 G.
793 2616 816 2640 3.
836 2617 860 2640 5.
881 2630 913 2634 —
933 2615 964 2648 ξ.
989 2615 1026 2641 3.
1046 2617 1122 2641 Per·
1143 2610 1145 2644 l
1167 2614 1329 2652 ponderibus
1355 2623 1459 2650 quoque
1484 2618 1511 2639 ut
1537 2612 1606 2639 fraus
1626 2614 1732 2650 penitus
1753 2617 1908 2649 amputetur,
1927 2622 1940 2637 a
1960 2620 2003 2637 no-

279 2658 407 2691 scetur,
432 2658 555 2688 qutus,
585 2658 776 2683 deauratus.
819 2655 860 2682 Ill.
890 2658 956 2684 οη.
992 2656 1028 2683 Sit
1055 2656 1122 2683 sorte

1168 2658 1208 2684 bis
1228 2661 1339 2694 aguntur
1362 2657 1458 2691 exagia.
1482 2655 1548 2681 Nox.
1575 2655 1631 2682 val.
1656 2655 1697 2681 III.
1724 2654 1756 2681 de
1781 2660 1847 2692 pret.
1867 2653 1952 2681 solidi
1973 2653 2001 2679 Il.

286 2702 447 2724 constantem
472 2709 530 2725 esse
554 2699 742 2730 adfirmaverit,
766 2708 819 2724 non
844 2704 934 2725 exacta
956 2701 1069 2735 gravitas
1098 2704 1123 2726 et
1144 2703 1146 2738 Ἰ
1167 2703 1192 2727 3.
1213 2710 1234 2726 c.
1256 2702 1278 2726 l.
1297 2700 1318 2733 §.
1338 2701 1362 2724 2.

287 2741 440 2771 constantia,
460 2743 533 2777 quasi
554 2753 566 2768 a
586 2741 759 2779 philosopho,
779 2740 952 2768 desideretur.
972 2742 1002 2768 t'r.
1024 2744 1063 2769 18.
1083 2752 1122 2779 pr.
1144 2745 1146 2768 ἶ

1202 2744 1386 2769 Examen.
1423 2742 1454 2775 ᾗ.
1478 2743 1511 2768 1.
1532 2743 1631 2776 Apum
1651 2743 1789 2772 soboles,
1809 2743 1855 2767 vel
1873 2749 2001 2774 congre-

287 2782 319 2809 de
339 2781 423 2808 aedil.
448 2783 524 2810 edict.
548 2786 590 2810 21.
617 2786 638 2810 1.
675 2784 875 2810 Exactissimam
903 2784 1063 2819 diligentiam
1082 2795 1124 2811 cu·
1144 2790 1147 2802 t
1166 2786 1270 2821 gatio.
1307 2784 1350 2810 III.
1374 2785 1439 2812 Gn.
1459 2784 1582 2815 Examen,
1602 2783 1673 2820 quod
1693 2794 1724 2810 ex
1743 2783 1816 2809 alveo
1836 2786 1927 2808 nostro
1946 2791 2004 2807 evo-

288 2824 443 2852 stodiendae
462 2827 499 2851 rei
512 2831 646 2862 praestare
660 2825 837 2863 compellitur,
856 2836 904 2853 nec
918 2826 1017 2853 suflicit
1029 2828 1052 2854 ei
1068 2837 1125 2854 ean-

1169 2827 1269 2855 laverit.
1291 2826 1320 2853 fr.
1341 2828 1364 2853 5.
1385 2827 1405 2861 ᾖ.
1426 2830 1449 2854 4.
1470 2827 1502 2853 de
1521 2826 1551 2852 lt.
1572 2826 1604 2852 D.
1628 2828 1648 2852 1.
1669 2828 1692 2853 S.
1714 2842 1745 2846 —
1764 2826 1795 2859 §0
1815 2826 1851 2852 9.
1871 2826 1989 2852 Exami

1952 2877 2003 2894 na-
