2197 3121
969 167 1057 197 THR
1072 185 1110 190 —

255 252 396 277 Thrax.
436 251 498 283 Qui
515 256 561 277 est
579 259 592 276 e
614 250 766 276 Thracia.
785 247 828 275 111.
841 249 907 276 Cn.
927 247 964 275 Vt
982 258 1059 275 nemo

219 304 375 330 quemquam
394 292 523 319 Thracem
542 291 609 318 ultra
623 307 655 311 —
669 296 745 328 putet
764 301 823 317 esse
844 290 987 318 celandum.
1009 291 1058 318 Th.

219 336 251 363 C.
270 337 303 363 X.
324 338 364 363 19.
384 346 405 362 c.
420 337 443 362 7.
463 335 496 361 de
514 333 611 361 metalI.
647 334 689 360 Ad
710 333 841 360 Thracum
861 333 1059 361 similitudinem

218 378 382 405 Senatorum.
406 378 442 404 lb.
463 377 506 404 VI.
525 379 550 403 2.
571 387 592 403 c.
611 378 635 403 3.
655 376 688 403 de
707 376 797 403 Senot.
815 381 842 403 et
860 376 893 403 de
911 376 977 413 gleb.

255 423 369 448 Thus.
407 420 448 448 Cf.
468 431 493 447 v.
513 419 578 446 Tus.

254 464 430 491 Thuscia.
467 462 511 490 Cf.
529 472 553 489 v.
575 461 680 488 Tuscia.
768 489 775 491 .

253 508 448 539 Thymoeta.
485 507 589 532 Locus
619 507 726 532 editus
753 507 785 531 in
814 505 995 537 orchestra,
1016 506 1060 538 (in

219 559 271 586 quo
290 548 435 575 citharoedi
455 553 481 574 et
500 548 622 574 tibicines
636 549 744 574 musicis
760 548 941 574 instrumentis
955 557 1061 584 operam
1082 563 1084 580 ;

219 591 341 623 dabant.)
378 591 421 617 III.
438 592 504 618 011--
524 591 656 622 Actuarii,
677 596 702 617 et
722 589 906 619 cornicularii,
926 595 977 616 tam
997 590 1061 617 clas·
1083 595 1084 599 ¹

219 635 286 660 sium
299 648 333 653 —
350 644 426 670 quam
446 633 587 670 thymelae,
607 644 787 670 equorumque
807 633 944 660 curulium.
965 632 1013 660 Th.
1030 633 1060 659 C.

218 675 287 702 Vltl.
303 678 325 703 7.
346 686 366 703 c.
382 678 422 702 21.
438 686 477 713 sq.
496 676 528 702 de
547 676 600 702 div.
621 677 690 702 offic.
711 676 751 703 Cf.
766 675 832 702 Nov.
847 675 910 702 lust.
925 678 980 702 105.
1002 686 1022 702 c.
1039 678 1060 702 l.
1082 675 1084 683 “

253 720 506 752 Thymelicus.
533 719 663 751 (Adieet.)
693 721 739 745 ..td
756 725 922 753 quaestum
942 725 971 745 et
987 729 1061 753 pro·
1083 731 1084 752 ς

212 763 392 798 sessionem
412 764 572 797 tltymelne
588 763 765 796 pertinens.
803 761 848 787 III.
861 763 927 788 Cn.
943 761 1061 788 Privatae

218 814 356 842 personae,
375 804 417 831 vel
438 804 603 839 thymelicae,
623 803 664 830 vel
684 814 729 829 eae
745 814 811 840 quae
825 804 958 839 aurigandi
973 798 1061 830 studio

217 847 376 874 detinentur.
403 846 453 873 Th.
474 846 505 873 C.
524 846 594 873 XIV.
613 847 637 872 3.
663 855 684 872 c.
704 848 745 872 21.
766 846 798 873 de
817 848 910 884 pistor.
948 846 1062 882 Thyme-

218 890 271 923 lici,
290 891 396 925 xystici,
416 891 564 925 agitatores.
584 888 615 915 fr.
634 889 657 914 4.
678 898 718 925 pr.
738 889 771 915 de
790 889 814 915 h.
835 890 880 926 qui
899 894 953 916 not.
973 890 1018 915 inf.
1036 891 1060 915 3.

217 935 243 959 2.
280 932 462 969 Thymelicam
481 942 514 959 ex
534 931 598 958 urbe
618 947 649 951 -—
669 931 808 958 abducere.
837 931 887 958 Th.
907 931 938 958 C.
957 930 1017 958 XV.
1038 933 1061 958 7.

219 986 240 1002 c.
255 977 279 1002 5.
300 975 332 1002 de
352 977 464 1002 scaenic.

252 1019 507 1052 Thynnarius.
522 1017 651 1051 (Adiect.)
666 1019 713 1043 Ad
730 1018 883 1052 tlcyunum
903 1024 1061 1052 spectans⁷

217 1061 336 1098 (piscem
355 1062 494 1089 marinum.
516 1071 547 1087 cx
567 1070 661 1096 genere
681 1061 807 1092 cetaria.)
844 1060 887 1087 III.
908 1062 974 1088 011·
994 1059 1063 1086 Ven-

217 1103 288 1129 ditor
306 1103 379 1130 fundi
398 1119 430 1122 —
449 1102 532 1139 legem
552 1102 673 1129 dederat:
693 1113 743 1133 ..ne
763 1107 853 1129 contra
873 1114 930 1129 eum
950 1104 1062 1140 piscatio
1083 1119 1084 1123 =

217 1145 355 1182 thynnaria
375 1145 422 1180 [al.
436 1145 590 1180 thunnaria]
612 1148 792 1172 exerceaturf·
812 1145 842 1172 fr.
858 1147 897 1172 13.
912 1157 950 1184 pr.
969 1156 1061 1172 comm.

217 1189 306 1225 praed.
325 1190 348 1215 8.
368 1190 391 1215 4.

252 1231 468 1258 Tiberinus·
506 1231 645 1265 (Adieet.)
683 1233 731 1257 Act
758 1233 896 1258 Tiberim
914 1232 1084 1268 fluvium¹

214 1276 390 1308 pertinens.
433 1274 474 1300 III.
494 1276 560 1302 011..
590 1274 643 1309 Qui
669 1283 761 1300 navem
784 1273 936 1300 Tiberinum
964 1273 1061 1300 habere

216 1316 294 1343 fuerit
313 1322 446 1342 ostensus.
467 1316 517 1343 Th.
532 1317 563 1343 C.
576 1316 648 1343 XIV.
663 1318 706 1342 21.
727 1327 748 1343 c.
771 1319 792 1343 l.
812 1317 844 1343 de
865 1322 934 1343 naut.
955 1316 1044 1343 Tiber.

250 1359 412 1386 Tiberis.
450 1361 590 1386 Flavius
613 1362 788 1392 Etruriae,
814 1361 875 1396 (qui
895 1359 1004 1386 Romam
1024 1361 1062 1385 in-

214 1401 327 1435 terluit.)
363 1401 406 1428 III.
422 1403 488 1430 Cn.
509 1403 689 1439 Quaecunque
708 1404 809 1439 navigia
826 1404 851 1429 in
866 1402 940 1429 alveo
955 1402 1061 1429 Tiberis
1083 1397 1084 1408 ¹

215 1445 393 1471 inveniuntur.
414 1444 463 1471 Th.
479 1445 511 1471 C.
532 1445 547 1471 l.
568 1445 584 1472 l.
613 1445 694 1472 vviri
713 1447 851 1472 constituti
870 1451 940 1477 sunt,
961 1447 998 1472 cis
1019 1445 1062 1471 Ti-
1083 1452 1084 1478 }

214 1487 298 1514 berim
318 1492 344 1513 et
362 1487 403 1513 uls
426 1487 471 1520 [al.
491 1487 572 1521 ultra]
593 1488 719 1515 Tiberim.
740 1488 769 1514 fr.
791 1491 814 1514 2.
835 1489 857 1522 ξ.
876 1491 918 1515 31.
939 1488 971 1514 (18
991 1488 1024 1514 Ο,
1043 1487 1060 1514 I.
1083 1486 1084 1494 ¹

216 1531 240 1556 l.
258 1531 283 1556 2.
303 1529 335 1556 cf.
355 1530 385 1556 fr.
406 1532 429 1556 5.
449 1531 471 1564 ξ.
492 1532 532 1557 16.
553 1531 585 1557 de
605 1531 695 1557 tribut.
716 1536 764 1557 act.
786 1533 826 1557 14.
845 1533 868 1558 4.
889 1533 925 1565 (ν.
947 1531 1063 1558 Cistibe-

215 1574 284 1605 res.)
320 1572 437 1599 RedIens
457 1584 469 1599 a
490 1584 579 1605 coena,
599 1575 670 1600 iuxta
691 1574 809 1600 Tiberim
828 1575 914 1611 periit.
934 1574 966 1601 fr.
985 1576 1008 1600 6.
1029 1573 1062 1600 de

215 1615 247 1642 R.
267 1615 299 1642 N.
318 1618 360 1642 23.
380 1618 404 1642 2.
443 1616 510 1643 Cum
531 1617 638 1643 Tiberis
658 1617 832 1649 abundasset.
859 1622 885 1643 et
903 1627 946 1644 res
966 1617 1061 1644 multas

216 1658 358 1685 multorum
382 1658 466 1686 aliena
489 1661 516 1686 in
536 1660 654 1686 aedilicia
674 1659 823 1687 detulisset.
848 1660 879 1687 fr.
898 1663 922 1687 9.
944 1661 966 1694 §.
986 1662 1008 1686 l.
1029 1660 1061 1686 de

217 1701 302 1729 damn.
321 1702 366 1728 inf.
385 1703 426 1728 39.
446 1704 470 1728 2.

252 1745 441 1772 Tillerius.
479 1747 626 1781 Augusti
644 1748 720 1780 Imp.
742 1748 850 1782 filius
870 1747 1060 1779 adoptivus,

218 1788 257 1820 (et
274 1797 415 1813 successor
433 1789 535 1825 imperii
549 1788 579 1815 R.
598 1790 780 1821 constitutus)
817 1789 860 1815 111.
876 1790 944 1816 Gn.
962 1788 995 1814 D.
1009 1788 1062 1814 Au-

217 1834 309 1865 gustus
329 1840 381 1856 non
407 1835 467 1857 ante
486 1830 622 1857 Tiberium
646 1831 794 1868 adoptavit,
818 1841 893 1867 quam
914 1832 936 1857 is
956 1831 1061 1857 Germa-

217 1873 305 1899 nicum
319 1873 460 1910 adoptavit.
480 1874 502 1907 ξ
518 1876 557 1900 11.
569 1873 586 1900 I.
607 1874 640 1900 de
659 1874 747 1911 adopt.
766 1877 788 1901 1.
804 1876 844 1900 ll.
882 1873 981 1900 Sabino
1002 1884 1061 1900 con-

218 1926 321 1942 cessum
341 1921 381 1942 est
400 1926 413 1942 a
433 1916 541 1943 Tiberio
558 1917 645 1949 Caes,
665 1922 693 1944 ut
710 1917 811 1954 populo
832 1917 1013 1954 responderet.
1028 1931 1059 1935 -—-

217 1958 283 1985 Cos.
303 1959 352 1985 fuit
370 1961 419 1990 (sc.
441 1958 472 1986 C.
492 1959 603 1986 Cassius
622 1959 771 1996 Longinus)
795 1960 962 1997 temporibus
983 1959 1060 1986 Tibe·
1081 1982 1083 1996 ι

217 2002 257 2028 rii.
277 2001 306 2027 fr.
327 2003 351 2027 2.
371 2002 392 2035 ς.
412 2003 453 2028 47.
474 2001 507 2028 de
527 2003 561 2028 O.
581 2002 600 2029 1.
621 2004 645 2028 l.
665 2005 690 2029 2.
1081 2004 1083 2032 i

252 2044 415 2071 Tibiale.
453 2047 651 2072 Armaturae
673 2056 789 2080 genus,
815 2045 950 2079 (inferiori
976 2047 1060 2072 cruris

215 2088 285 2124 parti
304 2087 466 2124 aptandum.)
494 2087 536 2114 lll.
551 2089 617 2115 Cn.
637 2088 666 2114 Si
686 2093 739 2114 tota
759 2090 808 2121 (sc.
823 2089 905 2120 arma)
924 2088 1060 2119 alienavit;

217 2145 250 2149 —
263 2130 311 2156 scd
331 2135 356 2156 et
375 2131 397 2156 si
418 2136 517 2167 partem
536 2141 635 2162 eorum,
649 2147 681 2151 —
697 2132 720 2158 si
738 2131 836 2162 tibiale,
856 2131 899 2158 vel
918 2131 1059 2158 humerale.

218 2171 249 2198 fr.
269 2175 308 2200 14.
333 2173 355 2207 §.
377 2175 399 2199 1.
420 2173 452 2199 de
471 2173 502 2199 l‘t.
522 2173 555 2200 Μ.
575 2175 616 2200 49.
638 2175 677 2201 16.

254 2216 404 2242 Tiburs.
424 2218 535 2243 Incola
552 2218 693 2249 Tiburis,
713 2217 818 2255 (oppidi
830 2217 920 2250 Latii.)
939 2217 982 2244 111.
993 2219 1059 2245 (7η.
1080 2220 1082 2235 's

219 2256 388 2290 Tiburtibus,
411 2259 588 2297 municipibus
611 2261 685 2286 meis.
712 2260 744 2286 fr.
767 2262 808 2287 35.
837 2261 858 2294 §.
878 2262 903 2287 3.
927 2260 960 2287 de
982 2260 1058 2297 legat.

219 2299 260 2326 111.
284 2300 350 2332 (32.)

254 2343 469 2376 'rigum-ius.
509 2346 571 2378 Q'tzi
594 2348 700 2380 tignis
726 2352 891 2379 operatur.
928 2345 971 2372 III.
992 2347 1058 2373 Cn.

219 2385 320 2412 Fabros
342 2386 468 2420 tignarios
488 2387 536 2420 [al.
555 2388 695 2424 lignarios]
720 2388 831 2414 dicimus
851 2399 902 2414 non
923 2399 968 2415 eos
988 2389 1060 2415 dum-

219 2433 303 2460 taxat,
327 2429 372 2464 qui
391 2429 461 2464 tigna
480 2429 610 2463 dolarent⁷
634 2431 681 2457 sed
706 2442 797 2457 omnes
819 2433 863 2467 qui
882 2431 1058 2459 aedificarent,

219 2472 250 2498 fr.
269 2474 328 2498 235.
352 2472 374 2504 ξ.
396 2472 418 2497 1.
444 2471 476 2497 de
496 2471 526 2498 V.
547 2474 574 2499 S.
593 2476 633 2500 50.
655 2476 694 2500 16.
716 2474 747 2500 cf.
772 2474 844 2500 Paul.
864 2474 906 2500 III.
927 2476 950 2501 6.
976 2475 998 2508 ξ.
1017 2477 1058 2502 50.
1081 2486 1082 2506 1

219 2514 374 2544 Architecti,
395 2513 527 2550 laquearii.
546 2515 646 2549 albarii,
665 2518 768 2553 tignarii
789 2516 840 2551 [al.
860 2518 988 2553 trigarii]
1009 2517 1059 2545 Th.

220 2556 252 2583 C.
265 2557 334 2583 XIII.
353 2561 418 2583 440.
438 2559 461 2582 2.
482 2556 514 2583 de
534 2567 621 2585 exous.
640 2560 707 2587 artif.
727 2559 769 2587 Cf.
788 2560 850 2586 lust.
866 2559 896 2586 C.
918 2570 938 2586 c.
957 2564 981 2587 2.
1001 2561 1058 2587 eod.
1080 2571 1082 2575 ’

221 2601 261 2625 10.
277 2600 317 2625 64.

255 2642 431 2675 Tignum.
453 2644 613 2675 Materia,
632 2643 676 2675 (ad
695 2645 885 2672 aedificandum
899 2651 966 2682 apta,
986 2657 1059 2683 prae·
1079 2659 1080 2662 ¹

221 2685 312 2711 sertim
331 2684 444 2718 trabes.)
480 2685 523 2711 111.
543 2686 609 2712 Gn.
628 2685 658 2711 L.
677 2687 727 2713 XII
745 2689 828 2716 Tabb.
849 2699 934 2726 neque
953 2689 1058 2716 solvere

220 2729 349 2766 permittit
367 2730 466 2763 tignum
485 2728 622 2760 furtivum,
641 2729 750 2756 aedibus
768 2731 810 2758 vel
829 2733 913 2758 vineis
933 2734 1056 2760 iunctum.
1078 2741 1079 2751 ³

219 2781 305 2808 neque
323 2770 464 2797 vindicare.
483 2771 513 2798 fr.
532 2773 555 2797 1.
575 2781 613 2808 pr.
634 2771 666 2798 de
684 2773 755 2808 tigno
774 2775 853 2801 iunct.
867 2777 908 2801 47.
921 2777 945 2802 3.
965 2775 994 2802 L.
1008 2775 1057 2802 XII

220 2813 305 2841 Tabb.
319 2813 362 2840 VI.
378 2815 400 2840 7.
420 2814 450 2840 fr.
464 2816 487 2841 6.
507 2814 540 2841 ad
559 2814 645 2841 exhib.
665 2816 704 2841 10.
724 2817 748 2841 4.
785 2816 862 2853 Tigni
880 2818 1057 2856 adpellatione

1126 168 1208 199 TIR.
1883 171 1944 201 957

1106 250 1132 276 in
1152 249 1222 286 Lege
1241 250 1291 276 XII
1305 250 1388 278 Tabb.
1409 261 1485 278 omne
1504 261 1586 288 genus
1605 252 1736 281 materiae,
1757 261 1788 277 ex
1809 260 1857 287 qua
1877 251 1946 277 aedi-

1104 292 1164 318 ficia
1183 298 1313 324 constant,
1333 294 1503 329 significatur.
1524 295 1553 321 fr.
1568 296 1609 321 62.
1630 294 1662 320 de
1674 293 1706 320 V.
1723 293 1749 320 S.
1764 296 1804 319 50.
1822 294 1859 319 16.
1879 293 1910 319 fr.
1924 295 1945 319 l.

1105 336 1126 369 ξ.
1148 337 1170 362 l.
1196 335 1212 362 l.
1236 338 1277 362 47.
1297 338 1321 362 3.
1346 336 1375 363 fr.
1397 339 1420 363 7.
1445 338 1466 371 ᾗ,
1488 339 1527 364 10.
1552 337 1584 363 de.
1608 337 1639 363 A.
1659 336 1690 363 R.
1709 336 1742 362 D.
1762 337 1803 362 41.
1824 337 1846 362 1.
1884 335 1946 362 Tra-

1104 378 1183 405 hendi
1203 378 1326 416 lapidem,
1346 384 1389 405 aut
1409 381 1506 416 tignum
1527 381 1576 413 (sc.
1591 381 1652 410 ius.)
1673 379 1702 405 fr.
1723 381 1746 405 7.
1765 389 1804 416 pr.
1825 378 1857 405 de
1876 378 1903 404 S.
1918 378 1946 405 P.

1105 421 1135 448 R.
1160 423 1184 448 8.
1203 424 1228 448 3.
1266 421 1362 457 Tigna,
1387 423 1488 453 trabes,
1513 433 1578 459 quate
1602 423 1811 449 immitterentur.
1837 421 1866 448 fr.
1885 422 1946 447 242.

1105 465 1127 498 §.
1149 466 1171 490 1.
1196 464 1229 490 de
1252 463 1282 491 V.
1303 464 1330 490 S.
1350 466 1391 491 50.
1414 467 1451 491 16.
1478 464 1509 491 cf.
1534 464 1564 491 fr.
1584 467 1608 491 8.
1633 465 1655 498 §.
1678 466 1699 491 1.
1724 465 1747 491 si
1771 465 1859 491 servit.
1878 465 1902 490 8.
1922 465 1946 490 5.

1106 506 1136 533 fr.
1158 508 1197 533 17.
1217 507 1238 540 §.
1257 508 1281 535 3.
1303 507 1431 534 commod.
1453 509 1492 534 13.
1512 509 1536 534 6.

1142 550 1255 576 Titia.
1299 551 1445 577 Materia
1474 552 1602 577 arboris
1629 552 1770 577 eiusdem
1793 551 1946 581 nominis,

1106 592 1151 625 (ad
1171 593 1328 629 scripturam
1348 592 1464 625 idonea.)
1501 593 1544 619 Ill.
1560 594 1626 620 Gn.
1646 592 1709 619 Sive
1728 594 1754 619 in
1774 592 1870 624 charta,
1890 593 1947 618 sive

1083 653 1084 662 t
1105 636 1131 661 in
1151 635 1299 661 membrana
1319 637 1373 662 sint
1391 636 1445 669 (sc.
1466 635 1630 669 volumina,)
1655 637 1711 662 sive
1731 650 1762 655 —
1788 637 1814 662 in
1833 634 1947 673 philyra,

1106 682 1149 704 aut
1169 677 1233 704 tilia.
1254 678 1284 704 sr.
1304 680 1346 705 52.
1368 688 1405 715 pr.
1427 678 1459 704 de
1478 678 1552 714 legat.
1573 678 1616 704 llI.
1636 679 1704 712 (32.)

1142 721 1307 748 Timere.
1348 722 1474 751 Vereri,
1500 723 1649 748 Metzcere.
1687 721 1730 747 Ill.
1751 722 1816 749 Gn.
1840 720 1870 747 Si
1889 721 1947 757 quis

1106 762 1278 789 meticulosus
1307 773 1361 790 rem
1385 763 1481 790 nullam
1507 763 1555 797 [al.
1576 763 1671 797 ullam]
1701 764 1797 790 frustra
1824 764 1947 790 timuerit.

1106 806 1136 832 fr.
1157 808 1179 832 7.
1200 816 1239 843 pr.
1266 807 1317 842 Qu.
1338 811 1398 833 met.
1418 817 1439 833 c.
1460 808 1483 832 4.
1503 808 1527 832 2.
1565 806 1670 833 Timere
1693 806 1734 833 vel
1758 812 1882 838 mortem,
1905 805 1949 832 vel

1106 848 1218 875 vincula.
1239 848 1268 875 fr.
1289 851 1312 875 7.
1332 850 1354 883 ξ.
1376 851 1396 875 1.
1418 849 1452 875 ib.
1472 851 1496 876 4.
1510 851 1534 875 2.
1554 849 1586 876 cf.
1607 850 1637 876 fr.
1650 852 1692 876 27.
1712 850 1733 883 ξ.
1748 851 1771 875 4.
1792 849 1824 876 de
1842 854 1910 886 pact.
1923 850 1948 875 2.

1107 893 1147 918 14,
1184 891 1282 923 Locus,
1301 902 1333 918 cx
1353 902 1404 928 quo
1424 892 1544 919 damnum
1559 893 1687 919 timeatur.
1707 892 1738 919 fr.
1754 894 1792 918 10.
1813 892 1845 918 de
1858 893 1948 918 interr.

1106 935 1132 960 in
1157 935 1221 960 iure.
1248 936 1287 960 11.
1314 936 1335 961 1.
1378 935 1432 970 Qui
1460 935 1631 972 temporalem
1656 936 1837 973 exceptionem
1866 935 1948 961 timet.

1106 976 1136 1003 fr.
1156 978 1197 1002 55.
1217 976 1250 1002 de
1269 977 1301 1004 V.
1322 977 1349 1004 S.
1369 980 1411 1003 50.
1434 979 1472 1004 16,

1142 1019 1304 1046 Timide.
1333 1019 1454 1052 (Advb.)
1485 1021 1593 1047 Minus
1617 1014 1780 1048 audacter.
1818 1019 1861 1046 III.
1881 1021 1948 1047 Gn·

1106 1061 1177 1088 Metu
1196 1072 1304 1088 onerum
1324 1064 1415 1099 patris.
1437 1062 1554 1089 timidIus
1574 1065 1632 1100 quis
1652 1065 1729 1090 etiam
1749 1063 1893 1100 impuberis
1907 1062 1949 1088 he-

1106 1104 1243 1130 reditatem
1263 1105 1353 1131 adibit.
1374 1105 1403 1131 fr.
1423 1107 1464 1131 42.
1484 1116 1522 1142 pr.
1544 1105 1576 1131 de
1595 1106 1626 1132 A.
1646 1117 1670 1133 v.
1691 1108 1723 1133 Ο.
1744 1106 1774 1133 H.
1793 1108 1835 1132 29.
1854 1108 1878 1132 2.

1143 1148 1356 1174 Timiditas.
1377 1150 1582 1174 proclivitas
1599 1152 1639 1176 ael
1656 1152 1806 1176 timorem.
1827 1148 1949 1175 HLGn.

1106 1190 1157 1216 Per
1176 1192 1317 1226 ignaviam,
1337 1190 1379 1217 vel
1398 1200 1445 1227 per
1465 1191 1642 1220 timiditatem.
1662 1209 1693 1212 -—
1716 1192 1758 1218 vel
1779 1192 1950 1227 ignorantiam

1107 1235 1170 1259 iuris
1191 1234 1241 1265 sui,
1261 1234 1363 1267 (serius
1382 1234 1509 1271 petitur.)
1530 1235 1559 1261 fr.
1579 1236 1620 1261 26.
1641 1235 1661 1268 §
1684 1237 1706 1261 1.
1727 1235 1760 1261 de
1779 1234 1865 1261 fideic.
1884 1233 1948 1260 libb.

1106 1279 1148 1302 40.
1167 1278 1191 1302 5.

1142 1319 1326 1345 Tiluidus.
1347 1318 1476 1351 (Adieet.)
1498 1320 1724 1346 Merit-zelosus.
1754 1319 1797 1346 III.
1810 1321 1875 1347 011.
1896 1319 1950 1354 Qui

1106 1367 1211 1399 praeter
1234 1361 1341 1387 modum
1364 1361 1466 1393 timidi,
1495 1362 1598 1399 cupidi,
1627 1363 1750 1398 avarique
1774 1368 1842 1388 sunt.
1870 1362 1901 1388 fr.
1928 1364 1949 1388 l.

1107 1406 1129 1439 ᾗ.
1152 1406 1190 1431 11.
1215 1404 1248 1430 (18
1270 1404 1357 1430 Aedil.
1381 1404 1459 1430 edict.
1479 1406 1521 1431 21.
1543 1407 1565 1431 l.
1602 1405 1731 1442 Perquam
1757 1405 1855 1437 timidi,
1879 1409 1951 1430 metu

1106 1447 1188 1474 divini
1209 1448 1335 1479 numinis,
1360 1457 1444 1484 usque
1463 1447 1494 1473 ad
1514 1449 1739 1485 superstitionem.
1764 1448 1795 1474 fr.
1815 1449 1839 1474 8.
1858 1457 1898 1485 pr.
1919 1446 1951 1473 de

1107 1490 1183 1516 cond.
1204 1491 1287 1516 instit.
1305 1491 1346 1516 28.
1367 1492 1390 1516 7.
1428 1490 1481 1525 Qui
1506 1490 1622 1517 timidior
1644 1496 1698 1523 est,
1722 1490 1765 1517 vel
1787 1496 1893 1517 tenerae
1911 1500 1951 1516 ae-

1106 1534 1168 1559 tatis
1187 1532 1300 1559 videtur.
1320 1532 1391 1559 Paul.
1412 1532 1443 1559 V.
1465 1535 1504 1559 14.
1525 1534 1547 1567 §
1567 1536 1591 1559 2.

1142 1576 1284 1603 Timor.
1324 1577 1444 1607 Metus,
1463 1578 1575 1603 Pavor.
1614 1576 1633 1602 1.
1647 1578 1709 1610 Sy.
1728 1575 1822 1602 Metus.
1843 1575 1950 1602 Terror.

1107 1618 1149 1646 Cf.
1169 1618 1194 1644 h.
1214 1628 1256 1644 vv.
1293 1618 1337 1645 111.
1357 1620 1423 1646 (7²1.
1448 1619 1501 1654 Qui
1527 1624 1597 1645 metu
1621 1619 1774 1647 verborum,
1798 1618 1839 1644 vel
1862 1618 1950 1655 aliquo

1107 1663 1201 1688 timore
1226 1666 1341 1687 coactus.
1367 1661 1397 1687 fr.
1417 1663 1440 1688 6.
1466 1662 1488 1695 ξ.
1510 1664 1532 1688 Τ.
1558 1662 1590 1688 de
1608 1662 1640 1688 A.
1659 1672 1683 1688 v.
1705 1661 1738 1688 Ο.
1758 1661 1789 1687 Η.
1809 1663 1851 1688 29.
1870 1663 1894 1688 2.
1917 1661 1950 1687 cf.

1107 1705 1137 1731 fr.
1157 1707 1181 1730 5.
1210 1704 1261 1740 Qu.
1281 1709 1342 1730 met.
1362 1714 1384 1731 c.
1403 1706 1426 1730 4.
1446 1706 1470 1731 2.
1508 1704 1610 1736 Iustus,
1631 1722 1661 1725 —
1689 1704 1789 1736 Vanus,
1814 1714 1835 1731 s.
1854 1704 1950 1742 Super-

1106 1757 1218 1775 vacuus.
1243 1748 1329 1773 timor.
1355 1746 1385 1773 fr.
1405 1750 1428 1773 2.
1454 1748 1474 1781 ξ,
1497 1749 1519 1773 l.
1544 1748 1574 1774 fr.
1594 1749 1617 1774 3.
1644 1758 1676 1774 ex
1700 1757 1742 1783 qu.
1763 1758 1784 1773 c.
1804 1749 1861 1774 mai.
1881 1750 1905 1774 4.
1925 1748 1949 1774 6.

1107 1790 1137 1817 fr.
1158 1792 1197 1817 13.
1217 1800 1257 1827 pr.
1277 1789 1310 1816 de
1329 1800 1357 1816 re
1376 1790 1428 1816 iud.
1449 1792 1489 1816 42.
1511 1792 1533 1816 1.
1571 1790 1662 1816 Divini
1685 1791 1786 1816 timoris
1806 1791 1948 1816 immemor.

1107 1843 1128 1859 c.
1148 1835 1171 1859 6.
1197 1833 1227 1859 ad
1248 1832 1278 1859 L.
1297 1832 1344 1859 Iul.
1369 1838 1452 1870 repet.
1472 1835 1496 1859 9.
1515 1835 1557 1859 27.
1595 1832 1751 1865 Servitutis,
1775 1843 1800 1858 v.
1819 1832 1950 1864 infamiae,

1106 1877 1191 1902 timor.
1216 1875 1247 1902 fr.
1267 1878 1291 1902 4.
1316 1875 1345 1902 fr.
1367 1877 1389 1902 7.
1410 1886 1449 1913 pr.
1475 1876 1526 1911 Qu.
1547 1880 1607 1902 met.
1628 1886 1649 1902 c.
1669 1879 1694 1902 4.
1713 1878 1737 1902 2.
1775 1875 1831 1902 Reo
1853 1876 1950 1902 securi-

1106 1924 1185 1945 tatem
1210 1919 1313 1945 timoris
1339 1929 1368 1945 ac
1392 1918 1503 1956 periculi
1527 1919 1689 1956 promittere.
1715 1918 1746 1945 fr.
1767 1920 1789 1944 1.
1815 1918 1836 1952 §.
1858 1920 1897 1944 10.
1917 1917 1949 1944 ad

1106 1961 1176 1988 S.C.
1196 1961 1279 1998 Turp.
1299 1964 1341 1988 48.
1362 1964 1402 1988 16.

1140 2004 1319 2038 Tingere·
1361 2005 1392 2038 ᾖ.
1417 2006 1453 2032 1.
1483 2006 1629 2032 Colorem
1662 2006 1827 2034 inducere,
1861 2005 1949 2040 Infi-

1104 2058 1178 2074 cere.
1215 2047 1233 2074 l.
1254 2049 1316 2082 Sy.
1345 2047 1489 2084 Intingere,
1513 2047 1620 2074 Fucare.
1646 2047 1688 2074 Cf.
1709 2057 1732 2072 v.
1753 2046 1858 2073 fucare.
1882 2046 1904 2080 §.
1925 2048 1948 2072 1.

1104 2090 1222 2116 Inficere.
1243 2090 1283 2117 Cf.
1304 2101 1328 2116 v.
1348 2090 1471 2117 infectus.
1493 2090 1629 2117 colorare.
1649 2089 1698 2116 Th.
1714 2089 1745 2115 C.
1759 2089 1792 2115 X.
1811 2091 1853 2115 20.
1874 2099 1894 2115 c.
1909 2090 1948 2115 18.

1105 2133 1137 2160 de
1162 2133 1280 2169 murileg.
1317 2133 1360 2159 III.
1381 2135 1447 2161 (7η.
1478 2134 1562 2169 Quasi
1586 2133 1669 2163 desit,
1693 2132 1750 2158 lana
1773 2133 1867 2163 tincta,
1890 2131 1948 2158 lana

1105 2186 1172 2202 esse.
1192 2177 1222 2202 fr.
1241 2178 1283 2202 32.
1303 2177 1324 2210 ξ.
1345 2178 1368 2202 6.
1389 2176 1421 2203 de
1441 2187 1503 2203 auro
1523 2186 1574 2212 arg.
1593 2177 1634 2202 34.
1654 2177 1678 2201 2.
1703 2190 1735 2194 -
1760 2175 1791 2208 ξ.
1817 2177 1853 2202 2.
1880 2176 1948 2201 Μα-

1080 2221 1222 2246 .culare.
1259 2219 1303 2245 III.
1325 2221 1391 2247 Cn.
1421 2220 1475 2254 Qui
1500 2236 1529 2240 —-
1557 2220 1682 2255 sanguine
1709 2219 1817 2255 proprio
1844 2227 1948 2243 manum

1080 2252 1082 2264 ‹
1104 2263 1191 2288 tinxit.
1220 2261 1269 2288 Th.
1291 2262 1322 2288 C.
1343 2262 1387 2289 lx.
1411 2264 1453 2288 35.
1480 2272 1500 2287 c.
1521 2263 1544 2288 6.
1570 2261 1602 2288 de
1625 2261 1722 2297 indulg.
1749 2262 1818 2287 crim.
1843 2259 1902 2293 (Cf.
1922 2270 1946 2286 v.

1105 2304 1225 2341 Cingere.
1245 2306 1267 2338 ξ.
1287 2307 1324 2335 2.)

1140 2348 1264 2381 Tingi.
1304 2349 1438 2373 Cir-itas
1466 2349 1622 2382 Africae,
1650 2347 1699 2379 (ad
1723 2346 1817 2372 fretum
1841 2345 1947 2372 Gadita-

1104 2392 1187 2421 num.)
1222 2389 1266 2416 111.
1287 2391 1353 2417 Cn.
1374 2389 1421 2415 Vll
1440 2392 1600 2426 provinciae.
1616 2407 1645 2410 —
1666 2399 1774 2426 quarum
1792 2388 1878 2424 Tingi,
1900 2388 1944 2422 [al.

1105 2432 1204 2469 Zeugi]
1226 2437 1251 2458 et
1270 2447 1303 2451 —
1324 2432 1470 2468 Carthago,
1490 2438 1516 2459 et
1535 2433 1689 2468 Byzacium,
1710 2443 1739 2458 ac
1759 2431 1890 2468 Tripolis.
1909 2441 1948 2457 re-

1105 2481 1192 2502 ctores
1212 2475 1324 2501 habeant
1344 2474 1509 2503 consulares:
1529 2475 1644 2511 reliquae
1657 2485 1729 2505 vero,
1749 2476 1764 2501 i.
1779 2486 1800 2501 e.
1816 2474 1947 2505 Numidia,

1105 2524 1130 2545 et
1149 2518 1315 2545 Mauritania,
1335 2522 1361 2543 et
1380 2517 1514 2549 Sardinia,
1539 2528 1552 2543 a
1571 2518 1739 2554 praesidibus
1759 2517 1946 2554 gubernentur.

1105 2571 1126 2588 c.
1147 2563 1170 2586 1.
1190 2561 1212 2594 ξ.
1231 2563 1258 2586 2.
1279 2560 1311 2586 (18
1330 2560 1372 2586 off
1394 2560 1445 2587 Prf.
1467 2560 1508 2586 Pr.
1528 2560 1583 2586 Afr.
1605 2563 1627 2586 l.
1646 2563 1689 2587 27.

1139 2604 1241 2630 Tiro.
1262 2605 1357 2630 Miles
1377 2614 1490 2635 novus,
1509 2609 1538 2629 et
1556 2606 1647 2630 rudis
1661 2605 1814 2630 militiae.
1835 2603 1864 2630 11.
1878 2605 1946 2637 ⁰1).

1103 2646 1258 2672 Veteranus.
1279 2645 1328 2672 Th.
1345 2646 1376 2672 C.
1391 2646 1445 2672 Vll.
1462 2648 1501 2672 13.
1521 2656 1543 2671 e.
1556 2647 1581 2673 6.
1600 2647 1622 2680 ξ.
1638 2648 1660 2672 l.
1677 2646 1709 2672 de
1728 2647 1806 2673 tiron.
1826 2646 1945 2674 111an.

1103 2690 1156 2725 Qui
1176 2688 1292 2715 nondum
1312 2690 1337 2714 in
1357 2690 1473 2715 numeris
1493 2694 1568 2720 sunt,
1588 2688 1651 2715 licet
1671 2690 1747 2716 etiam
1765 2689 1826 2716 lecti
1846 2691 1944 2716 tirones

1103 2733 1163 2764 sint,
1184 2748 1216 2751 —
1235 2731 1351 2758 nondum
1371 2731 1469 2757 milites
1489 2736 1558 2757 sunt.
1584 2731 1614 2757 fr.
1635 2733 1676 2758 42.
1697 2732 1730 2758 (18
1748 2733 1822 2759 milit.
1843 2738 1943 2759 testam.

1101 2776 1143 2801 29.
1165 2776 1187 2800 l.
1229 2774 1353 2810 Ignorans
1378 2773 1463 2800 adhuc
1487 2774 1653 2811 disciplinam
1677 2776 1734 2802 tiro.
1761 2776 1791 2802 sr.
1811 2778 1834 2802 4.
1861 2776 1881 2808 ξ.
1903 2777 1942 2800 15.

1101 2817 1134 2844 (18
1158 2816 1190 2844 R.
1214 2817 1247 2844 Μ.
1272 2819 1313 2844 49.
1335 2818 1374 2843 16.
1413 2816 1556 2850 Tit-onum,
1586 2823 1612 2845 et
1639 2828 1764 2855 equorum
1793 2818 1941 2855 praestatio.
