2197 3121
255 184 320 215 892

256 265 299 292 III.
319 267 385 294 Gn.
405 265 473 292 Cum
487 265 648 301 singulorum
669 265 783 291 rationes
803 264 941 300 argentarii
960 263 1100 290 conficiant
1121 262 1124 282 i

258 314 308 336 etc.
330 309 358 335 I'r.
378 311 401 335 4.
422 309 443 342 ξ
465 310 485 334 1.
506 308 538 334 de
557 307 668 334 edendo.
688 310 712 333 2.
734 308 773 334 13.
1123 304 1124 331 ἶ

293 352 465 379 sinister.
489 350 626 383 (Adit-ct.)
651 350 681 383 ξ.
703 352 737 377 1.
764 352 929 381 Sinistra,
954 351 972 375 i.
991 359 1011 375 e.
1033 350 1102 375 Ma-

258 405 318 422 nns
336 397 436 421 Iaera.
474 393 504 419 11.
520 395 587 427 Op.
607 393 715 419 Dextra.
729 392 760 419 l'r.
775 395 815 419 11.
831 393 853 426 ξ.
869 395 890 419 l.
905 402 997 419 comm.
1011 390 1101 429 praed-

258 440 282 464 8.
303 440 326 463 4.
347 437 377 463 fr.
399 439 437 463 12,
458 436 480 469 ξ.
499 437 523 462 3.
544 436 576 462 de
595 434 682 462 Aedil.
702 434 780 462 edict.
799 438 840 463 21.
858 438 879 462 l.
900 451 931 455 --
952 436 983 469 ξ.
998 436 1033 461 2.
1055 436 1101 461 Si·
1124 445 1125 451 ¹

258 482 376 508 nister.
402 481 418 505 t'.
442 490 462 505 e.
491 481 657 506 Adversus.
694 478 737 504 111.
758 480 824 506 Gn.
848 478 907 505 Nun
931 478 1018 504 omnia
1042 477 1104 502 sini-
1125 491 1126 499 i

259 529 329 550 strat·
349 522 427 548 licere
446 522 572 548 fortunae.
610 521 677 548 Nov.
698 520 755 548 val.
774 521 817 548 Ill.
837 521 869 547 de
889 526 989 558 parent.
1009 530 1052 557 qu.
1066 519 1103 546 fil.

259 566 290 592 11.
309 567 349 591 33.
371 576 391 591 c.
413 567 435 591 l.
455 575 494 602 pr.

294 608 468 635 Sinistre.
489 606 602 640 (Advb.)
621 609 787 639 Perverse,
809 609 989 641 Perperam.
1009 605 1028 632 1.
1041 606 1103 639 Sy·
1127 602 1129 614 ⁸

260 651 328 678 Male
348 661 409 677 usae
428 650 663 677 administrationis
678 652 782 677 crimen.
820 650 874 686 Qui
893 651 919 676 in
939 648 1030 685 repub.
1050 657 1107 674 ver·
1128 654 1129 658 ¹

261 695 310 721 sati
329 695 478 720 sinisterius
501 697 570 720 sunt.
596 692 645 720 Th.
672 692 702 720 C.
727 692 772 719 lx.
796 695 840 720 27.
867 703 888 719 c.
912 695 936 719 2.
958 691 990 718 ad
1008 690 1039 717 L.
1059 690 1106 717 lul.
1129 690 1130 734 l

261 742 344 774 repet.
1129 738 1131 743 ⁴

296 779 526 813 Sinopensis.
546 778 683 811 (Adiect.)
709 780 756 805 Ad
778 781 919 813 Sinopen
939 783 1107 812 spectans,
1129 751 1132 820 ἱ
1152 778 1220 803 set.“
1239 776 1268 803 fr.
1288 778 1312 803 3.
1336 777 1358 803 si
1382 786 1425 812 qu.
1445 777 1472 802 iu
1491 777 1531 802 ius
1551 786 1608 802 voe.
1627 777 1652 802 2.
1672 778 1696 802 5.
1733 776 1763 803 Si
1788 791 1819 796 -
1839 776 1937 803 iudicio
1962 777 1996 802 si-

262 824 407 857 (civitatem
427 822 504 849 Ponti
524 821 741 854 celeberrimam.)
778 820 820 848 111.
838 823 903 849 Gn.
923 821 972 847 Est
986 825 1011 847 et
1025 821 1051 846 in
1065 820 1108 846 Bi·
1130 824 1131 849 l

1014 181 1084 212 SIN
1093 200 1132 205 —

1141 180 1219 212 SIT.

1179 262 1334 289 SiStere.
1372 263 1564 290 Praesentis
1585 272 1758 297 personae,
1782 268 1840 289 aut
1862 265 1924 296 rei,
1943 274 1990 290 co-

1143 316 1162 340 p
1171 307 1203 332 ia
1210 316 1234 332 m
1242 307 1320 341 face
1327 314 1358 331 re
1371 305 1410 337 (in
1421 306 1486 337 iure,
1497 305 1650 338 iudiciove.)
1669 305 1687 332 Ι.
1699 306 1761 340 Sy·
1776 304 1931 338 occurrere,
1942 305 1992 333 Ve-

1146 349 1203 374 nire
1222 347 1267 381 (ad
1280 347 1426 378 iudIcium.)
1446 347 1487 375 Cf.
1502 358 1526 374 v.
1540 348 1695 375 Occurrere.
1709 349 1731 382 ξ.
1747 350 1769 374 1.
1789 347 1930 375 Exhibere.
1949 349 1992 376 Cf,

1147 391 1171 418 h.
1183 401 1207 417 v.
1218 391 1240 425 ξ.
1253 393 1275 417 1.
1295 390 1471 417 Praesentiam
1483 396 1623 428 praestare.
1636 390 1797 417 Potestatem
1809 390 1894 417 facere
1904 392 1991 427 (agen-

1148 434 1194 467 di.)
1209 433 1239 460 fr.
1258 435 1282 460 8.
1302 435 1325 460 si
1344 443 1386 469 qu.
1401 438 1479 459 cautt.
1492 436 1517 460 2.
1531 435 1570 460 ll.
1589 433 1619 461 fr.
1632 435 1692 460 216.
1706 443 1745 471 pr.
1760 433 1793 460 de
1806 433 1837 460 V.
1852 433 1879 460 S.
1893 435 1934 459 50.
1950 434 1990 460 16.

1147 476 1191 502 111.
1214 477 1280 504 Cn-
1299 475 1336 502 Vt
1354 476 1426 502 litem
1446 481 1621 509 contestetur,
1645 486 1741 513 resque
1763 476 1848 503 ablata
1873 476 1994 503 exhibea-

1126 552 1127 560 *
1148 524 1191 546 tur
1209 523 1235 545 et
1253 518 1408 556 deponatur,
1428 523 1471 545 aut
1490 520 1549 545 sisti
1568 519 1720 546 exbiberive
1739 519 1867 546 satisdato
1886 520 1994 557 promit-

1126 579 1127 582 =
1150 567 1227 589 tatur.
1246 561 1277 589 fr.
1298 564 1338 589 16.
1358 561 1390 588 de
1410 562 1453 588 off.
1473 561 1561 589 Praes.
1582 564 1604 589 1.
1626 564 1666 589 18.
1685 562 1717 589 cf.
1737 562 1767 589 fr.
1790 564 1829 588 10.
1848 572 1888 600 pr.
1907 563 1930 589 si
1950 571 1993 598 qu.

1128 619 1129 647 }
1151 609 1230 632 cautt.
1255 607 1279 632 2.
1305 607 1345 631 11.
1387 604 1455 631 Cnm
1479 605 1538 641 quis
1561 606 1729 642 promisisset
1752 605 1850 632 iudicio
1874 615 1903 632 se
1926 605 1995 637 sisti,

1151 653 1177 674 et
1200 648 1264 685 reip.
1289 658 1310 674 c.
1335 646 1433 674 afuisse
1452 647 1535 680 dicat,
1555 652 1581 674 et
1599 647 1632 674 ob
1652 649 1679 674 id
1698 659 1751 675 non
1771 649 1888 675 stetisse.
1908 647 1939 674 fr.
1954 649 1995 675 19.

1151 691 1172 725 ξ.
1194 693 1217 717 l.
1237 690 1270 717 de
1287 691 1390 728 probat.
1409 692 1451 716 22.
1476 692 1500 717 3.
1521 690 1551 717 cf.
1577 690 1607 717 sr.
1626 692 1651 716 2.
1677 691 1699 724 §.
1717 693 1741 718 3.
1765 692 1788 717 si
1808 701 1851 727 qu.
1872 695 1950 717 cautt.
1970 692 1994 717 2.

1154 735 1193 760 11.
1229 733 1353 760 Adiicere
1371 743 1493 770 poenam:
1517 733 1566 765 „Si
1585 738 1670 760 status
1690 733 1735 767 [al.
1756 734 1864 767 statum]
1885 743 1937 760 non
1957 743 1997 760 es-

1153 819 1240 846 stendi
1264 829 1341 846 causa
1360 829 1410 846 una
1435 819 1606 857 stipulatione
1629 820 1810 856 promittatur,
1834 828 1945 857 poenam
1962 833 1998 838 ——

263 865 354 902 thynia
373 865 502 899 (colonia)
515 865 656 902 Apamena,
676 869 702 891 et.
720 866 746 891 in
759 863 844 891 Ponto
859 864 1025 901 Sinopensis.
1040 862 1070 890 sr.
1085 864 1108 889 1.
1130 858 1133 900 ξ
1154 863 1293 894 committi,
1317 861 1379 888 licet
1403 872 1469 888 unus
1489 867 1572 888 status
1592 872 1644 888 non
1664 863 1706 888 sit.
1730 861 1761 888 fr.
1781 864 1805 888 9.
1825 863 1847 896 §.
1869 864 1891 889 1.
1911 863 1934 889 si
1953 871 1996 899 qu.

237 934 241 938 ,
262 909 285 943 §.
307 911 346 935 10.
367 909 399 935 de
418 908 516 935 censib.
536 910 577 934 50.
599 910 639 934 15.

297 952 422 979 Sinus.
459 952 490 985 ξ.
510 952 545 978 l·
572 952 741 978 Gremium.
782 950 826 977 III.
847 951 914 978 Cn.
937 949 1058 976 Maneant
1083 950 1108 975 in

264 995 323 1022 sinu
344 996 450 1031 patriae,
471 1010 502 1013 —
523 995 557 1020 sit
577 993 630 1020 illis
650 993 781 1030 piaculum
804 993 866 1020 inde
891 993 1036 1019 discedere.
1057 991 1107 1019 Th.
1131 996 1132 1028 l

265 1037 296 1065 C.
317 1037 373 1064 xil.
396 1039 417 1064 1.
439 1047 459 1064 c.
481 1039 538 1063 122.
558 1036 590 1063 de
610 1036 744 1063 decurion.
765 1052 797 1055 —
817 1037 848 1069 §.
860 1037 895 1063 2.
916 1038 1109 1070 Receptacn-
1131 1034 1132 1045 ¹

264 1083 342 1112 lam,
364 1082 562 1115 Depositam.
599 1079 641 1106 III.
657 1080 723 1107 Cn.
743 1079 855 1105 Omnem
868 1078 998 1105 fortunam
1012 1083 1037 1104 et
1050 1078 1111 1104 sub·
1132 1074 1133 1104 i

265 1125 387 1150 stantiam
407 1139 439 1143 —
459 1125 485 1150 in
498 1124 558 1149 sinu
571 1132 628 1148 meo
643 1122 731 1154 habui,
744 1123 802 1148 siue
815 1121 868 1148 ulla
882 1123 1008 1148 cautione.
1023 1121 1053 1147 sr.
1067 1123 1100 1147 27

265 1166 298 1193 de
318 1166 419 1204 probat.
439 1168 480 1193 22.
499 1168 522 1193 3.
562 1165 643 1201 Quod
667 1165 784 1201 undique
809 1165 858 1191 fuit
880 1164 1035 1196 collectum,
1060 1164 1111 1190 hoc
1132 1159 1134 1165 ’

265 1210 292 1236 in
311 1211 385 1236 sinus
405 1213 569 1246 receperunt.
595 1218 615 1235 c.
634 1210 659 1234 2.
683 1208 705 1242 §.
727 1209 749 1234 1.
774 1207 807 1234 de
830 1213 881 1234 vet.
908 1209 964 1234 iure
984 1206 1068 1233 enucl.
1090 1208 1111 1234 1.

267 1254 308 1279 17.
333 1252 364 1279 cs.
390 1252 420 1279 sr.
447 1254 485 1279 16.
511 1253 532 1286 ξ.
555 1253 580 1278 3.
618 1251 672 1286 Qui
697 1255 722 1277 et
748 1261 761 1277 a
786 1261 829 1287 qu.
848 1261 915 1277 man.
935 1252 977 1277 40.
996 1252 1019 1277 9.
1058 1250 1112 1286 Qui

266 1295 362 1322 furanti
381 1297 467 1322 sinum
488 1294 534 1330 [al.
554 1293 672 1331 signum]
692 1293 820 1331 praebuit.
840 1292 870 1320 I'r.
889 1295 914 1320 6.
940 1294 962 1327 §.
981 1296 1006 1320 2.
1030 1292 1063 1319 ad
1081 1292 1112 1319 L.

266 1338 314 1365 Iul.
333 1338 419 1376 pecul.
438 1340 479 1365 48.
501 1340 540 1365 13.
562 1354 592 1358 —-
613 1338 643 1371 ξ.
658 1339 695 1364 3.
716 1339 909 1364 J’licaturae
928 1338 1038 1363 vestis.
1067 1335 1112 1362 111.

268 1382 336 1409 Cn.
358 1380 536 1408 pantomimus
554 1386 629 1408 veste
648 1380 748 1412 humili,
769 1385 794 1406 et
813 1381 916 1415 rugosis
936 1379 1040 1406 sinibus
1059 1380 1111 1415 agi-

268 1430 344 1451 tator.
365 1423 414 1450 Tb.
435 1424 466 1450 C.
486 1423 544 1451 XV.
564 1426 587 1450 7.
608 1434 628 1450 c.
648 1426 690 1450 42.
710 1423 742 1450 de
762 1424 875 1449 scaenie.

303 1467 430 1500 Sipho.
450 1469 718 1498 lustramentum,
732 1467 893 1493 incendiis
906 1467 1114 1501 exstinguen-

268 1512 318 1537 din
337 1512 493 1537 idoneam.
530 1509 574 1536 111.
595 1511 662 1537 011.
687 1509 812 1540 Acetum,
837 1508 908 1546 quod
928 1507 1113 1544 exstinguendi
1136 1530 1137 1536 ,

269 1553 384 1580 incendii
404 1563 480 1580 causa
500 1557 614 1590 paratur,
633 1553 696 1578 item
715 1557 850 1584 centones,
871 1551 998 1589 siphones
1019 1550 1067 1586 [al.
1082 1551 1115 1576 si-

270 1596 356 1629 sones]
378 1601 426 1623 etc.
445 1596 475 1622 sr.
499 1597 536 1622 12.
557 1597 579 1630 §.
601 1596 640 1622 18.
660 1594 693 1621 de
712 1596 788 1621 instr.
807 1594 855 1631 leg.
874 1596 916 1620 33.
937 1596 961 1621 7.

306 1639 524 1673 Sipylensis.
550 1638 688 1671 (Adiect.)
713 1640 758 1664 Ad
778 1639 926 1673 Sipylum
949 1638 1115 1671 pertinens

270 1682 403 1715 (montem
427 1687 453 1708 et
478 1681 568 1708 urbem
592 1680 718 1717 Lydiae.)
759 1680 802 1707 III.
824 1681 891 1707 Gn.
911 1679 984 1706 Deos
1004 1679 1116 1705 heredes

270 1726 410 1752 instituere
428 1734 481 1751 non
500 1732 650 1761 possumuS,
671 1728 775 1760 praeter
789 1739 819 1743 —
840 1723 950 1749 Dianam
964 1722 1115 1759 Ephesiam,

271 1773 379 1794 matrem
413 1767 522 1794 deorum
549 1766 719 1804 Sipylensem
750 1765 802 1801 [al.
831 1764 1020 1803 Sipeleusim,]
1051 1775 1117 1802 quae

273 1810 402 1846 Smyrnae
421 1810 524 1837 colitur.
544 1809 605 1847 le.
625 1809 707 1837 XXII.
727 1811 751 1836 6.

308 1854 346 1880 Si
361 1854 525 1887 quando.
555 1855 590 1880 Si
609 1855 796 1887 aliqnando.
822 1851 865 1878 III.
880 1852 948 1879 Γη.
969 1851 998 1878 Si
1013 1851 1117 1888 quando

273 1895 367 1922 mulier
386 1901 500 1922 mutuam
519 1897 657 1933 pecuniam
676 1895 753 1922 alicui
773 1911 805 1915 —-·
825 1895 935 1922 dederit.
956 1894 1011 1921 Gai.
1026 1894 1056 1921 11.
1076 1896 1117 1921 81.

274 1938 304 1965 Si
324 1938 427 1975 quaudo
446 1939 629 1966 adnotationes
648 1944 755 1965 nostrae
778 1939 936 1965 contineant.
962 1937 1013 1965 Th.
1033 1938 1064 1965 C.
1084 1938 1117 1964 X.

275 1983 299 2008 8.
320 1992 341 2008 c.
363 1983 384 2008 1.
405 1981 437 2007 de
456 1982 515 2008 bon.
536 1993 591 2009 vac.
664 1998 667 2001 ᾗ

309 2024 534 2057 siquidem.
570 2026 601 2058 ἓ.
626 2027 661 2051 l.
687 2027 722 2052 Si
740 2031 857 2057 tamen,
883 2027 918 2052 Si
936 2027 1034 2051 modo.
1073 2023 1118 2050 III.
1142 2028 1143 2035 ¹

276 2069 343 2096 Cn.
364 2067 393 2093 Si
412 2067 516 2103 quidem
537 2072 586 2093 ete.
606 2083 637 2087 —
658 2068 686 2093 Si
705 2078 768 2094 vero
788 2074 837 2094 etc.
857 2078 880 2094 v.
895 2067 1008 2104 Quodsi.
1029 2066 1086 2094 Gai.
1101 2066 1118 2093 1.
1141 2080 1142 2102 ᾗ

276 2112 318 2138 85.
338 2120 377 2147 sq.
397 2112 437 2137 90.
458 2120 496 2147 sq.
521 2110 550 2136 11.
572 2112 628 2137 143.
651 2112 707 2137 150.
731 2113 790 2137 211.
811 2122 849 2148 sq.
873 2113 933 2138 255.
953 2120 993 2147 sq.
1020 2110 1079 2147 le.
1100 2109 1117 2136 I.
1140 2106 1142 2143 χ]

276 2156 318 2180 21.
340 2153 382 2179 VI.
402 2155 425 2180 6.
445 2153 527 2179 XXII.
547 2155 570 2179 3.
594 2155 631 2179 11.
652 2163 710 2190 sqq.
731 2153 825 2180 XXIII.
851 2156 874 2180 5.
904 2154 932 2180 fr.
960 2155 998 2180 13.
1022 2163 1062 2191 pr.
1087 2153 1119 2180 de

1130 902 1133 942 l
1154 909 1232 932 cautt.
1256 906 1280 931 2.

277 2197 309 2224 Α.
329 2197 358 2223 E.
378 2196 417 2222 V:
432 2198 469 2222 19.
492 2199 513 2223 l.
551 2196 579 2223 Si
599 2196 703 2233 quidem
723 2201 772 2222 etc.
793 2212 825 2215 —
850 2196 904 2223 Sed
929 2198 952 2223 si
971 2202 1020 2223 etc.
1046 2196 1074 2223 fr.
1095 2199 1117 2222 4.

277 2240 299 2274 §.
318 2242 342 2265 3.
362 2239 394 2265 de
414 2239 524 2266 edendo.
542 2242 565 2266 2.
588 2242 627 2266 13.
665 2240 694 2266 Si
718 2239 823 2276 quidem
846 2245 894 2266 etc.
916 2256 947 2259 —
972 2240 1001 2266 Si
1025 2241 1120 2271 minus,

278 2292 302 2309 v.
329 2282 357 2309 Si
377 2292 437 2308 nou.
462 2283 490 2308 I'r.
510 2284 535 2308 6.
559 2283 579 2316 §
600 2284 623 2309 9.
649 2282 683 2309 ib.
702 2284 726 2308 2.
750 2284 788 2308 13.
809 2282 838 2308 I'r.
858 2284 899 2308 52.
919 2283 941 2315 ξ.
961 2284 984 2308 9.
1007 2282 1038 2308 de
1059 2282 1118 2308 furt.

277 2327 320 2352 47.
339 2328 363 2352 2.
384 2341 415 2345 —
436 2326 466 2359 ξ.
486 2327 521 2352 2·
544 2328 711 2358 Quoniam,
736 2327 865 2359 Quippe.
903 2324 945 2350 lII.
967 2326 1033 2352 011.
1054 2323 1143 2351 Artis

279 2369 343 2395 sices
362 2369 455 2394 artium
475 2384 506 2388 —-
526 2378 617 2394 vacari·
636 2369 819 2405 praecipitium,
839 2368 860 2393 si
881 2367 985 2403 quidem
1006 2367 1122 2393 ediscen-

280 2411 321 2438 dis
341 2412 440 2438 artibus
459 2412 540 2437 otium
561 2412 595 2437 sit
614 2411 860 2437 accommodam}um
888 2410 937 2437 Th.
958 2410 989 2437 C.
1009 2410 1077 2436 XIII.
1098 2412 1120 2436 4.

281 2465 302 2481 c.
321 2458 345 2481 2.
366 2454 398 2481 (le
417 2465 505 2481 exutus.
527 2454 593 2480 artis.
613 2453 696 2480 Nemo
716 2468 749 2473 -
769 2455 902 2480 existimet
921 2458 969 2480 etc.
994 2469 1021 2473 -
1043 2453 1080 2479 l'as
1100 2454 1120 2479 si

281 2497 385 2534 quidem
412 2508 464 2524 non
489 2502 527 2523 est
553 2502 687 2534 acceptum
714 2507 726 2522 a
751 2497 884 2523 veteribus
912 2496 992 2523 decus
1012 2496 1122 2533 perdere
1144 2520 1145 2543 ¹

282 2542 422 2567 civitatem.
442 2541 478 2567 Ib.
498 2540 556 2567 XV.
578 2542 599 2566 1.
621 2550 641 2566 c.
663 2542 685 2566 1.
706 2539 737 2566 de
757 2550 816 2576 opp.
837 2539 898 2576 pub.
920 2539 960 2566 Cf.
980 2539 1025 2566 IX.
1039 2541 1080 2565 40.
1101 2549 1121 2565 c.
1144 2551 1146 2573 ς

283 2585 323 2609 11.
343 2583 375 2609 (le
395 2594 472 2621 poen.
1145 2577 1146 2621 i

317 2627 495 2660 siremps.
521 2627 650 2653 Similia
665 2635 696 2651 re
710 2627 793 2659 ipra,
808 2627 974 2659 Aequalis.
1002 2625 1146 2652 111.cn.÷

283 2668 402 2705 Siremps
422 2670 498 2702 (ιη-8.)
519 2669 571 2697 lex.
591 2670 640 2699 ius,
661 2678 790 2704 causaque
810 2668 932 2693 omnibus
952 2669 1067 2694 omnium
1086 2678 1123 2694 re-

284 2720 341 2737 rum
360 2717 424 2738 estu.
444 2712 473 2739 L.
489 2712 557 2739 Gall.
572 2711 672 2748 Cisalp.
687 2711 715 2738 II.
733 2714 770 2738 10.
786 2721 824 2747 sq.
838 2712 878 2736 40.
894 2710 922 2737 L.
937 2710 1032 2737 Servii.
1047 2721 1067 2737 c.
1081 2712 1122 2737 21.

317 2754 507 2782 Sirmium.
546 2757 733 2782 Pannoniae
758 2756 837 2780 urbs.
874 2753 916 2779 111.
937 2755 1002 2780 011.
1021 2753 1124 2780 Rescri—

284 2802 367 2834 ptum,
387 2797 457 2833 quod
477 2798 545 2834 apud
565 2798 689 2825 Sirmium
708 2808 792 2835 nuper
811 2797 924 2824 emersit.
944 2796 993 2823 Th.
1009 2796 1039 2824 C.
1053 2796 1123 2823 XVI.

285 2842 308 2867 5.
329 2850 350 2867 c.
369 2842 393 2867 5.
413 2839 446 2867 de
464 2840 559 2866 haeret.

1308 906 1347 931 11.
1389 904 1543 932 Fideiussor
1561 905 1660 931 iudicio
1679 904 1791 931 sistendi
1815 915 1892 932 causa
1916 904 1998 939 (dari,

1131 962 1132 988 ᾗ
1153 959 1177 975 v.
1197 949 1306 986 accipi.)
1330 947 1359 975 fr.
1381 950 1403 974 l.
1422 958 1481 984 sqq.
1505 949 1531 974 in
1555 946 1595 974 fus
1617 958 1675 974 voc.
1695 952 1724 974 ut
1747 952 1813 974 eant.
1832 950 1857 974 2.
1876 950 1899 975 6.
1924 947 1954 975 fr.
1973 950 1998 974 2.

1153 1002 1192 1029 pr.
1217 992 1255 1025 ςξ.
1282 993 1302 1018 1.
1323 1001 1380 1027 sqq.
1409 990 1463 1026 Qui
1482 990 1573 1018 satisd.
1603 1001 1658 1027 cog.
1677 993 1702 1017 2.
1727 991 1751 1017 8.
1789 990 1817 1017 Si
1842 1000 1948 1017 servum
1970 992 1998 1017 in

1154 1034 1243 1061 eadem
1263 1044 1340 1060 eausa
1360 1035 1455 1060 sistere
1475 1033 1580 1070 quidam
1598 1034 1760 1071 promiserit,
1781 1038 1807 1060 et
1827 1033 1896 1060 liber
1914 1033 1999 1061 sactus

1154 1078 1272 1108 sistatur,
1291 1092 1324 1096 —
1343 1087 1396 1103 non
1410 1081 1480 1103 recte
1499 1077 1608 1103 sistitur.
1628 1076 1659 1102 fr.
1679 1079 1703 1103 5.
1722 1077 1746 1103 si
1766 1086 1799 1103 ex
1818 1086 1879 1104 nox.
1899 1086 1921 1104 c.
1935 1078 1960 1104 2.
1974 1078 1999 1103 9.

1105 1142 1110 1147 .
1132 1124 1134 1134 ¹
1155 1119 1185 1146 fr.
1205 1121 1228 1146 9.
1249 1119 1270 1153 ς.
1292 1120 1314 1145 1.
1335 1120 1358 1146 si
1377 1129 1420 1156 qu.
1440 1124 1519 1146 cautt.
1537 1121 1562 1146 2.
1583 1120 1623 1145 11.

1189 1170 1335 1197 Sitella.
1376 1171 1476 1202 Vrna‚
1491 1171 1518 1203 (e
1531 1179 1581 1206 qua
1594 1174 1680 1196 sortes
1695 1169 1849 1202 ducuntur.)
1873 1169 1916 1196 ΙΠ.
1931 1171 2000 1198 Gn.

1156 1212 1259 1239 ludices
1279 1213 1419 1239 coniiciant
1438 1212 1587 1244 sorticolas,
1606 1211 1715 1239 Praetor
1735 1229 1765 1233 —
1785 1212 1899 1239 sitellam
1913 1213 2001 1240 afferri

1157 1255 1246 1282 iubeto
1267 1260 1316 1282 etc.
1337 1254 1393 1282 Frr.
1412 1254 1442 1281 L.
1462 1254 1558 1282 Servii.
1578 1264 1600 1281 c.
1621 1256 1661 1281 13.

1192 1306 1345 1333 Sistens.
1378 1305 1509 1339 (Partic.)
1537 1307 1683 1332 Penuria
1711 1315 1812 1340 aquae
1836 1308 2001 1334 laborans.

1134 1374 1135 1384 ¹
1157 1349 1200 1376 111.
1215 1351 1280 1377 Cn.
1300 1349 1341 1375 Ex
1359 1349 1412 1375 tuis
1431 1348 1546 1386 praediis
1565 1358 1646 1386 aquae
1665 1357 1755 1385 agmen
1774 1353 1872 1381 ortum,
1892 1349 2004 1376 sitienti·

1157 1393 1207 1420 bus
1227 1393 1295 1429 agris
1314 1392 1375 1423 tuis,
1396 1391 1427 1418 ad
1447 1391 1556 1418 aliorum
1576 1401 1651 1418 usum
1670 1392 1817 1418 vicinorum
1830 1392 1922 1418 iniuria
1941 1402 2002 1430 pro-

1157 1446 1259 1474 pagare.
1281 1445 1302 1462 c.
1322 1437 1346 1462 6.
1367 1434 1399 1461 de
1419 1436 1510 1461 servit.
1530 1439 1556 1461 et
1574 1445 1647 1471 aqua.
1666 1435 1690 1461 3.
1709 1436 1752 1461 34.

1192 1486 1394 1513 Sitifensis.
1432 1485 1571 1518 (Adiect.)
1605 1487 1653 1512 Aa
1680 1486 1814 1520 Sitifim
1841 1492 2003 1520 spectans,

1161 1529 1344 1562 (Mauritaniae
1364 1529 1524 1562 civitatem.)
1560 1527 1603 1554 III.
1625 1529 1691 1555 Gn.
1716 1526 1858 1560 Numidae,
1878 1533 1904 1554 et
1921 1528 2005 1555 Mauri

1160 1572 1308 1599 Sitifenses.
1329 1572 1369 1599 Cf.
1389 1581 1413 1598 v.
1432 1571 1546 1598 Maurus.
1583 1571 1618 1597 Et
1636 1571 1662 1596 in
1682 1569 1815 1603 Sitifensi,
1839 1575 1866 1597 et
1888 1572 1916 1597 in
1935 1570 2000 1598 Cae-

1160 1616 1269 1642 sariensi
1287 1615 1431 1652 provincia.
1452 1613 1493 1641 Cf.
1513 1624 1536 1640 v.
1556 1613 1718 1641 Mauritania.

1194 1666 1296 1693 Sitis.
1333 1667 1510 1699 Adpetitax
1529 1675 1638 1699 aquae.
1675 1663 1718 1690 III.
1739 1665 1805 1692 Gn.
1825 1663 1920 1690 Omnis
1939 1674 2004 1691 usus

1161 1719 1242 1746 aquae
1261 1708 1419 1739 auferretur,
1439 1712 1463 1734 et
1483 1707 1602 1734 homines
1621 1708 1666 1733 siti
1685 1711 1849 1734 necarentur.
1874 1706 1904 1733 sr.
1924 1709 1948 1734 4.
1973 1707 2007 1734 de

1162 1753 1209 1779 riv.
1228 1753 1268 1778 43.
1283 1753 1325 1778 21.
1361 1750 1458 1777 Aridac
1471 1751 1530 1777 sitis
1543 1750 1663 1777 molestia
1677 1750 1785 1786 fatigari.
1805 1760 1826 1777 c.
1840 1752 1865 1777 5.
1884 1750 1917 1777 de
1933 1750 2006 1778 fund.

1162 1796 1199 1821 rei
1219 1795 1284 1832 priv.
1308 1796 1346 1821 11.
1366 1795 1407 1821 65.

1196 1849 1412 1876 Sitoeomia.
1450 1839 1492 1875 Cf.
1511 1858 1535 1875 v.
1556 1847 1667 1875 Sitonia.

1197 1901 1341 1928 Sitona.
1381 1901 1443 1933 Qai
1455 1909 1600 1926 annonae
1616 1901 1768 1934 publicae
1781 1909 1890 1926 caram
1904 1900 2004 1926 habet.

1162 1944 1180 1970 1.
1201 1945 1263 1978 Sy.
1284 1943 1487 1969 frumentarius.
1507 1942 1542 1968 Io.
1561 1941 1653 1978 Lydus
1673 1941 1705 1968 de
1724 1943 1839 1978 magistr.
1865 1941 1891 1969 P.
1910 1941 1942 1969 R.
1962 1941 2005 1969 HL

1164 1989 1186 2014 7.
1205 1989 1248 2013 38.
1269 1986 1298 2013 sr.
1320 1987 1358 2012 18.
1379 1986 1400 2020 ξ.
1419 1988 1445 2012 5.
1463 1985 1496 2012 de
1514 1995 1584 2011 mun.
1604 1989 1630 2011 et
1648 1984 1709 2012 hon.
1735 1987 1776 2012 50.
1796 1987 1820 2012 4.
1846 1984 1876 2012 sr.
1896 1986 1919 2012 9.
1940 1985 1962 2019 §.
1980 1985 2005 2011 6.

1141 2041 1143 2047 1
1164 2030 1196 2057 de
1215 2029 1281 2056 adm.
1301 2039 1350 2055 rer.
1371 2029 1402 2055 ad
1423 2030 1471 2055 civ.
1491 2030 1532 2055 50.
1552 2029 1576 2054 8.

1197 2081 1357 2108 Sitonia.
1395 2081 1510 2107 Manus
1533 2081 1668 2106 sitonae.
1705 2078 1748 2105 III.
1770 2080 1836 2106 Gn.
1858 2078 1954 2105 Munus
1972 2078 2007 2105 si·

1165 2125 1250 2149 toniae
1269 2123 1313 2156 [al.
1333 2121 1510 2156 sitocomiae]
1530 2122 1560 2148 fr.
1579 2125 1603 2148 2.
1624 2131 1661 2158 pr.
1683 2121 1715 2148 de
1733 2126 1815 2148 vacat.
1835 2125 1860 2147 et
1885 2131 1939 2147 exc.
1963 2122 2005 2147 50.

1164 2169 1187 2193 5.
1207 2177 1227 2192 c.
1248 2168 1290 2192 26.
1309 2167 1332 2200 ᾗ.
1351 2167 1374 2192 7.
1394 2165 1426 2192 de
1445 2166 1525 2202 episo
1545 2164 1603 2191 aud.
1624 2166 1646 2191 l.
1666 2166 1690 2191 4.
1709 2164 1790 2191 Rubr.
1810 2163 1877 2190 Cod.
1896 2163 1929 2190 X.
1948 2165 1989 2190 27.

1200 2217 1336 2247 Sinna,
1353 2226 1373 2243 s.
1387 2216 1541 2243 Situlus.
1566 2216 1627 2242 Vas
1641 2217 1819 2250 aquarium.
1843 2214 1862 2240 1.
1873 2215 1936 2249 Sy.
1955 2214 2004 2241 Ma-

1142 2268 1143 2280 1
1165 2259 1225 2286 tula.
1247 2259 1317 2286 I‘aul.
1338 2259 1379 2286 III.
1398 2260 1422 2285 6.
1442 2259 1463 2293 §.
1483 2260 1524 2284 83.
1545 2258 1574 2284 fr.
1587 2261 1628 2284 25.
1649 2259 1670 2291 §.
1687 2260 1725 2284 10.
1740 2257 1772 2283 de
1785 2268 1847 2284 auro
1861 2268 1912 2294 arg.
1925 2259 1968 2285 34.
1981 2260 2006 2285 2.

1142 2313 1143 2319 ¹
1166 2303 1207 2329 III.
1219 2304 1285 2330 (In.
1305 2302 1438 2333 Cmmhae,
1457 2301 1530 2327 situli
1550 2301 1594 2334 [al.
1609 2299 1726 2334 situlae,]
1746 2300 1856 2326 buxides
1871 2305 1919 2327 etc.
1933 2300 2006 2328 Paul.

1142 2358 1144 2378 i
1167 2346 1182 2372 l.
1204 2345 1220 2372 Ι.
1240 2345 1315 2377 Rota.
1335 2355 1382 2382 per
1402 2355 1477 2382 quam
1500 2354 1565 2381 aqua
1585 2343 1738 2375 traheretur,
1759 2359 1789 2362 —
1810 2342 1895 2370 situla.
1915 2342 1946 2370 sr.
1965 2345 2007 2370 40.

1167 2390 1187 2423 ξ.
1208 2390 1231 2415 6.
1252 2389 1283 2415 de
1304 2394 1386 2415 contr.
1406 2393 1464 2414 emt.
1486 2388 1525 2413 18.
1547 2388 1568 2412 l.

1201 2440 1314 2467 Situs.
1341 2438 1467 2472 (Subst.)
1504 2438 1534 2470 §.
1555 2438 1589 2462 1.
1620 2438 1778 2468 Qualitas
1805 2443 1834 2463 et
1861 2439 2007 2465 conditio

1167 2485 1237 2509 loci.
1275 2482 1318 2508 III.
1340 2483 1404 2509 Cn.
1431 2481 1480 2507 Pro
1500 2479 1617 2505 locorum
1637 2480 1702 2510 situ,
1726 2484 1804 2516 atque
1827 2480 1928 2506 itineris
1947 2490 2008 2517 qua·

1168 2525 1247 2552 litate.
1273 2525 1321 2551 Th.
1348 2524 1379 2551 C.
1404 2523 1470 2550 VIII.
1494 2524 1517 2548 5.
1542 2531 1562 2547 c.
1586 2523 1624 2548 16.
1648 2522 1669 2555 ξ.
1697 2524 1717 2549 l.
1743 2522 1776 2549 de
1795 2532 1873 2548 cursu
1891 2522 1954 2559 pub.
1975 2539 2006 2544 —

1169 2569 1198 2601 §0
1218 2569 1252 2594 2.
1274 2570 1419 2602 Squalor.
1455 2564 1497 2591 111.
1518 2566 1583 2592 Cn.
1602 2564 1697 2591 Linum
1717 2581 1748 2585 --
1768 2570 1886 2602 ruptum,
1902 2565 1945 2592 vel
1963 2575 2007 2593 ve·

1169 2615 1265 2636 tustate
1285 2610 1465 2648 putrefactum,
1485 2607 1527 2634 vel
1547 2609 1607 2639 situ,
1627 2607 1670 2634 vel
1689 2618 1757 2634 casu.
1778 2608 1808 2634 sr.
1830 2610 1852 2634 l.
1872 2608 1894 2642 ξ.
1915 2610 1955 2635 11.
1974 2607 2007 2635 de

1167 2653 1197 2679 Β.
1219 2653 1245 2680 1).
1266 2663 1285 2679 s.
1307 2658 1324 2679 t.
1343 2654 1384 2678 37.
1406 2653 1445 2677 11.

1202 2709 1315 2735 Situs.
1335 2706 1454 2740 (Panic.)
1479 2706 1509 2739 §.
1530 2707 1564 2732 l·
1585 2707 1781 2732 Collocutus.
1817 2704 1835 2731 I.
1856 2706 1913 2740 Sy.
1933 2704 2007 2732 Posi-

1169 2756 1218 2777 tus.
1240 2751 1281 2777 Cf.
1301 2750 1325 2777 h.
1345 2760 1368 2776 v.
1390 2750 1410 2783 ξ.
1434 2751 1452 2775 l.
1491 2748 1534 2775 III.
1556 2750 1622 2776 Cn.
1646 2748 1675 2773 Si
1699 2748 1818 2774 arborem
1837 2748 1929 2774 eodem
1946 2746 2005 2773 loco

1168 2795 1243 2820 sitam
1272 2793 1429 2819 habuissem.
1459 2792 1489 2818 sr.
1514 2793 1537 2818 7.
1566 2791 1598 2818 (le
1622 2791 1647 2817 S.
1674 2790 1701 2818 1).
1723 2790 1753 2817 Υ.
1774 2794 1797 2817 8.
1817 2794 1842 2817 2.
1862 2807 1891 2811 -
1920 2790 1950 2823 ξ.
1970 2790 2005 2816 Β.

1169 2839 1375 2868 Comminus,
1396 2837 1554 2863 Creditus.
1591 2835 1633 2862 III.
1649 2836 1714 2863 Gn.
1733 2834 1891 2872 Explicandi
1908 2833 2006 2869 negotii
