2197 3121
946 169 1028 199 ALE
1054 187 1092 193 —
1117 169 1195 200 ALI.
1888 170 1922 182 '³

200 255 234 282 ad
253 254 370 282 alendam
390 254 488 281 domiui
509 252 638 279 familiam.
658 251 688 278 fr.
707 252 731 277 3.
751 251 833 284 331.
853 252 877 277 7.
898 250 927 277 11.
949 252 988 277 18.
1009 251 1041 278 de

202 300 228 325 in
247 308 301 325 rem
320 308 405 324 verso.
427 299 466 323 15.
480 298 504 322 3.
537 296 679 331 Quaestus
700 293 769 320 unde
787 293 821 320 ali
841 295 934 331 possit.
954 294 985 320 11.
1000 296 1040 321 19.

202 341 235 367 (10
255 351 327 378 oper.
349 340 435 366 libert.
455 341 497 366 35.
518 341 541 365 l.

236 383 481 411 Alexandria.
503 383 635 408 Civitas
655 381 802 415 Aegypti.
823 379 910 414 [Sy.
928 380 1040 406 Alexan-

201 427 277 454 drina
297 427 396 452 civitas.
422 425 452 451 11.
472 426 496 450 2.
518 423 549 450 de
568 424 611 450 olI'.
632 422 710 449 Iurid.
731 424 753 448 l.
772 424 813 448 20.
834 422 865 448 cf.
886 423 907 456 3.
927 426 950 449 5.
970 423 988 449 I.
1008 423 1040 449 (10

201 470 266 496 Α111.
287 473 334 495 tut.
356 470 432 495 1320.
457 467 487 493 11.
504 469 525 492 l.
546 466 578 492 de
597 466 640 492 011.
655 465 706 492 Prf.
720 465 785 501 Aug.
808 467 829 491 l.
846 467 885 492 17.
917 466 958 492 Ill.
974 467 1039 493 θη.

202 512 343 543 Iuridicus.
369 512 413 548 qui
437 509 614 536 Alexandriae
637 510 696 545 agit.
730 508 760 534 11.
785 510 809 534 2.
835 507 867 534 de
891 508 935 534 otl'.
960 508 1039 534 Iurid.

204 557 226 581 l.
245 557 286 581 20.

237 596 530 624 Alexandrinus.
546 595 631 628 (Adi.)
652 597 698 621 Ad
715 596 885 621 cit-itatem
900 595 1039 620 Aleman-
1061 603 1062 612 ¹

201 642 305 667 siriam
326 641 504 674 pertinens.
545 638 588 664 111.
613 639 677 665 Cn.
709 636 903 663 Alexandrinae
927 641 953 662 et
977 635 1040 662 Car-

201 683 305 720 pathiae
329 681 422 708 classis
447 687 598 707 summates.
636 679 685 706 Th.
707 680 737 706 C.
757 679 825 706 XIII.
849 682 873 706 5.
901 689 922 705 c.
941 681 983 705 32.
1008 678 1039 704 de

202 725 313 752 navicul.
351 724 401 750 Per
414 724 618 750 Alexandrinam
637 722 879 760 splemlidissimam
898 723 1039 753 civitatem.

201 768 243 795 vel
262 768 449 804 Aegjptiacam
469 767 610 793 dioecesin.
637 776 658 792 0.
680 767 702 792 1.
728 765 760 791 de
778 766 872 802 privat.
894 775 990 791 career.
1015 766 1039 791 9.

201 813 225 838 5.
263 810 457 837 Alexandrinae.
477 810 589 836 civitatis
610 808 759 841 (1011(11005,
778 818 802 834 v.
817 807 927 837 iudices,
947 818 970 834 v.
985 818 1040 834 eor-

201 855 313 891 porati).
334 864 355 879 c.
371 855 392 879 l.
413 853 445 879 de
465 853 507 879 off.
527 851 603 878 iurid.
624 853 647 877 1.
667 853 708 877 57.
728 861 748 877 c.
764 853 804 877 13.
824 851 856 877 (10
876 850 966 877 advoc.
987 851 1038 877 div.

201 896 320 923 iudicior.
345 898 369 922 2.
391 897 413 922 7.
451 895 500 922 Th.
521 894 551 921 C.
570 893 641 920 XIV.
665 895 707 920 27.
732 904 753 920 c.
773 896 797 920 2.
823 894 855 920 de
873 894 949 920 Alex.
968 893 1039 931 pleb.

200 941 276 977 prim.
305 938 399 965 Mulier
410 938 597 965 Alexandrina.
617 937 647 963 11.
662 938 685 963 7.
699 946 738 973 pr.
752 936 784 962 de
797 936 852 963 reb.
866 936 927 963 dub.
941 939 983 963 34.
998 939 1021 963 5.

235 983 393 1009 Alfenus
413 982 587 1013 (Varus).
630 982 734 1011 Ictus,
759 981 870 1006 Servii
893 982 1040 1014 Sulpicii

200 1027 305 1059 discip
314 1027 391 1051 ulus.
428 1024 470 1050 HI.
491 1025 556 1052 Gn.
584 1023 625 1049 Ex
644 1023 684 1048 his
704 1022 868 1049 auditoribus
888 1023 937 1056 (sc.
952 1023 1039 1049 Servii

201 1068 329 1105 Sulpicii)
353 1067 496 1104 plurimum
515 1067 678 1092 auctoritatis
704 1065 795 1091 habuit
813 1065 924 1091 Alfenus
944 1065 1038 1097 Varus,

201 1117 225 1138 et
245 1112 276 1137 A.
297 1110 402 1137 Ofilius.
423 1109 453 1135 fr.
468 1111 492 1135 2.
512 1109 533 1142 3.
549 1110 589 1135 44.
611 1109 642 1135 (10
663 1110 695 1135 O.
716 1108 733 1135 Ι,
756 1111 776 1135 l.
791 1111 815 1135 2.
852 1108 939 1135 Alfen.
953 1108 1038 1135 Yarus

200 1154 293 1181 Servio
314 1153 447 1191 placuisse
466 1152 566 1178 scribit.
586 1151 616 1178 11.
630 1154 671 1178 29.
686 1152 707 1186 3.
721 1154 744 1178 2.
765 1151 797 1178 (10
816 1152 891 1186 legat.
911 1151 953 1178 III.
972 1152 1038 1185 (32.)

199 1196 279 1234 Apud
298 1196 421 1222 Alfenum
441 1195 550 1221 Servius
574 1196 678 1228 (notat.
702 1205 726 1221 v.
751 1195 915 1232 respondit).
947 1194 977 1221 11.
997 1196 1039 1221 65.

199 1241 221 1274 3.
241 1244 264 1266 ὅ.
284 1250 333 1276 pro
353 1249 407 1265 soc.
429 1240 468 1264 17.
488 1240 513 1264 2.
533 1237 563 1263 fr.
583 1239 624 1264 (57.
645 1237 677 1264 de
696 1237 774 1264 solut.
796 1240 837 1264 46.
857 1239 882 1264 3.

233 1283 401 1317 Algidus.
441 1282 546 1312 Mons,
571 1291 630 1307 non
647 1284 766 1314 proc-nl
784 1283 819 1307 ‹zh
839 1283 911 1307 urbe
930 1283 1038 1307 Roma.

199 1325 241 1352 III.
263 1327 328 1353 Cn.
355 1325 397 1351 De
415 1323 512 1360 Algido
532 1340 565 1342 —
585 1324 657 1359 signa
676 1324 702 1349 in
721 1323 882 1350 Aventinum
901 1323 1040 1350 transtule-

199 1373 268 1395 runt.
288 1367 318 1394 l'r.
337 1369 362 1394 2.
382 1368 403 1401 3.
423 1369 464 1393 24.
485 1366 517 1393 de
537 1366 570 1392 O.
589 1366 607 1392 Ι.
629 1368 651 1393 l.
669 1368 693 1392 2.

234 1411 332 1438 Alia.
362 1410 515 1444 (Adverb.)
553 1411 675 1441 Aliter,
706 1411 788 1436 Alio.
830 1409 848 1436 I.
868 1410 925 1444 Sy.
956 1409 1038 1435 Alias.

200 1454 230 1481 sr.
251 1456 273 1480 7.
293 1453 331 1488 33.
351 1455 375 1480 4.
395 1463 434 1490 sq.
455 1453 488 1479 (10
506 1452 538 1479 A.
558 1452 589 1478 R.
610 1452 642 1478 D.
663 1454 704 1478 41.
725 1454 747 1478 1.
768 1452 797 1479 11.
814 1454 836 1479 l.
856 1453 878 1486 3.
899 1455 922 1479 7.
942 1452 974 1479 de
994 1452 1040 1479 110-

199 1497 289 1524 1111011).
310 1498 350 1523 43.
367 1498 406 1522 12.
444 1495 486 1522 III.
499 1497 564 1523 Gn.
584 1495 652 1527 Alia,
672 1506 749 1532 quam
767 1506 815 1533 per
832 1500 932 1533 portas,
953 1495 1040 1532 egredi

200 1551 252 1567 11011
272 1540 342 1566 licet.
366 1539 397 1566 11.
419 1541 458 1565 11.
479 1538 510 1565 (10
530 1538 560 1565 R.
580 1538 614 1565 D.
636 1540 658 1564 l.
678 1542 701 1564 ὅ,

233 1583 350 1610 Alias.
371 1581 464 1615 (Adv.)
494 1582 525 1615 §.
537 1584 570 1608 1.
602 1583 703 1611 Alibi.
723 1583 800 1608 allia
818 1588 921 1616 purte.
945 1581 963 1608 I.
978 1583 1039 1616 Sy.

199 1626 267 1654 Alia.
296 1625 337 1652 Cf.
357 1625 382 1651 h.
402 1635 426 1651 v.
464 1624 506 1651 III.
528 1626 593 1652 Cn.
627 1624 656 1650 Si
680 1624 743 1650 alias
763 1624 862 1650 aditum
881 1635 934 1651 11011
953 1625 1039 1651 habet.

200 1668 230 1695 11.
253 1670 292 1695 19.
312 1668 333 1702 3.
356 1669 378 1694 l.
404 1678 495 1694 comm.
517 1667 568 1694 div.
590 1669 629 1693 10.
649 1669 673 1694 3.
711 1667 793 1693 Fures
820 1678 872 1694 non
897 1667 928 1693 ab
954 1678 984 1694 eo
1004 1669 1040 1693 iu-

201 1711 286 1743 ducti.
305 1711 353 1737 sed
372 1710 435 1737 alias
455 1711 575 1746 ingressi.
605 1710 635 1737 11.
654 1712 696 1736 39.
721 1710 753 1736 (10
773 1710 832 1737 furt.
853 1712 895 1736 47.
914 1713 938 1737 2.
976 1710 1040 1737 Mar-

201 1754 284 1781 cellus
304 1759 329 1780 et
348 1753 411 1780 alias
432 1758 538 1784 tractat,
566 1758 591 1779 et,
614 1753 683 1790 apud
703 1753 830 1779 lulianum
853 1758 934 1780 notat.
965 1753 995 1780 l'r.
1014 1756 1038 1779 2.

201 1798 223 1831 3.
244 1799 267 1824 7.
287 1797 319 1823 (10
339 1807 369 1823 eo
389 1807 432 1833 qu.
453 1802 524 1823 certo
544 1796 612 1822 1000.
634 1798 673 1822 13.
688 1798 711 1822 4.
732 1812 764 1815 —
784 1797 815 1829 §.
830 1797 865 1822 2.
889 1797 1039 1830 Tempore

201 1842 281 1871 alio.
304 1842 397 1866 Olim.
435 1839 478 1865 Ill.
493 1841 558 1866 (In.
587 1839 621 1865 Et
640 1839 703 1864 alias
723 1839 829 1874 quidem
849 1843 889 1864 est
908 1840 1039 1875 agitatum.

201 1899 234 1903 —
252 1883 286 1909 Et
306 1882 420 1908 Sabinus
440 1881 545 1918 quidem
563 1883 666 1918 putavit.
686 1886 734 1908 etc..
755 1881 785 1907 11.
804 1883 842 1907 19.
863 1882 885 1914 3.
898 1883 922 1907 2.
943 1881 975 1907 de.
989 1892 1039 1907 rec.

201 1936 244 1962 qu.
264 1926 318 1952 arb.
337 1927 361 1951 4.
381 1928 404 1951 ὅ.
425 1940 457 1943 -
481 1925 512 1958 §-
533 1926 570 1951 ³.
597 1926 633 1951 In
651 1926 732 1950 aliis
751 1926 854 1956 rebus,
877 1935 897 1950 17.
917 1926 1040 1958 speeie-

200 1971 261 1996 hus.
299 1968 329 1994 II.
351 1969 418 2001 011.
443 1967 470 1993 Io
489 1968 636 2004 proposito.
666 1966 748 1993 vatic.
763 1968 784 2001 3.
802 1969 859 1993 102.
871 1967 900 1993 11.
912 1969 953 1993 50.
974 1967 995 2000 3.
1015 1969 1039 1993 3.

201 2011 233 2038 (10
252 2010 337 2048 pecul.
358 2012 398 2036 15.
419 2012 440 2036 l.
478 2009 520 2036 ΠΙ.
541 2012 607 2037 Cn.
636 2010 744 2036 Scilicet
763 2011 799 2042 si.
819 2026 852 2029 —
872 2010 935 2036 alias
955 2015 1040 2036 autem

201 2064 261 2081 uon.
282 2054 312 2080 11.
335 2055 374 2079 l7.
394 2054 415 2087 3.
436 2055 460 2079 3.
486 2053 516 2079 fr.
537 2054 577 2079 18.
602 2052 634 2079 de.
653 2054 758 2079 iureiur.
781 2055 820 2079 12.
840 2055 864 2079 2.
889 2052 919 2079 11.
939 2055 980 2079 35.
1000 2063 1039 2090 pr.

201 2096 234 2123 de
253 2096 284 2123 N.
305 2096 336 2122 G.
355 2098 379 2123 3.
400 2099 424 2123 5.
461 2096 521 2123 Non
544 2106 636 2133 posse,
662 2106 720 2123 cmn
743 2095 807 2121 alias
827 2100 875 2122 etc.
907 2095 936 2122 11.
958 2098 980 2122 l.
1000 2106 1038 2133 pr.

201 2140 234 2167 de
259 2139 303 2166 off.
329 2141 393 2166 eius.
421 2141 443 2166 1.
463 2140 504 2165 2l.
541 2139 610 2166 Coll.
630 2139 682 2166 LL.
707 2138 740 2165 Μ.
759 2138 803 2165 IV.
827 2140 851 2165 4.
882 2154 915 2158 -
947 2139 977 2172 §-
1000 2141 1038 2166 4.

202 2185 278 2210 Alia
306 2184 446 2214 ratione,
475 2184 592 2209 Aliter.
628 2182 647 2208 I.
668 2183 730 2216 Sy.
753 2181 847 2208 Aliter.
876 2181 906 2208 11.
926 2184 950 2208 5.
972 2182 993 2216 3.
1014 2183 1038 2208 8.

203 2225 330 2252 commod.
363 2227 403 2251 13.
433 2226 457 2251 6.
504 2225 546 2251 III.
572 2226 638 2252 θη.
676 2224 742 2251 Nam
767 2224 830 2250 alias
861 2234 919 2251 cum
942 2235 1038 2262 puero,

203 2267 266 2294 alias
285 2279 342 2295 cum
361 2269 467 2300 iuvene,
496 2268 559 2294 alias
585 2278 643 2294 00111
666 2277 729 2294 50110
753 2268 861 2304 transigi
885 2267 970 2304 palam
990 2273 1038 2294 est.

203 2310 234 2337 11.
254 2312 278 2336 8.
297 2311 318 2344 3.
339 2313 378 2338 10.
399 2311 431 2337 de
450 2316 571 2337 transact.
592 2314 616 2337 2.
638 2313 677 2337 15.
714 2310 788 2337 Alias
807 2311 996 2348 accipiendum,
1016 2312 1039 2337 si

204 2358 252 2380 etc.
273 2369 305 2372 —
324 2354 399 2385 alias,
420 2355 443 2380 si
462 2354 513 2380 alii.
544 2354 575 2381 11.
594 2355 618 2380 8.
639 2354 660 2388 3.
680 2354 704 2380 8.
729 2353 761 2380 (le
780 2353 864 2391 pecul.
885 2353 934 2390 leg.
953 2356 994 2380 33.
1014 2355 1037 2380 8.

202 2396 261 2423 Nisi
285 2397 307 2422 si
326 2402 433 2433 propter
456 2397 506 2423 1100
524 2397 610 2434 ipsum
629 2397 763 2429 redhibet,
789 2406 841 2423 uon
859 2397 1038 2423 redbibiturus

204 2438 275 2465 alias.
305 2438 334 2464 fr.
355 2440 379 2465 9.
404 2439 436 2466 (10
458 2440 533 2466 alien.
557 2440 610 2466 iud.
634 2445 698 2466 mut.
723 2450 744 2466 c.
772 2441 796 2466 4.
817 2441 840 2466 7.

204 2486 360 2508 testamento
374 2481 485 2508 liberum
498 2482 570 2514 dicit.
589 2483 637 2509 sed
656 2483 719 2509 alias
739 2483 781 2509 vel
800 2494 813 2509 a
833 2483 893 2509 vivo
912 2487 1038 2509 testatore

203 2526 398 2551 manumissum.
417 2524 448 2551 fr.
468 2527 491 2552 7.
510 2526 532 2560 3.
551 2527 576 2552 2.
596 2525 629 2552 (10
648 2525 736 2552 bered.
755 2531 808 2563 pet.
828 2528 852 2552 5.
871 2527 895 2552 3.
926 2525 955 2551 Si
975 2525 1038 2552 alias

205 2568 308 2600 fecerit.
327 2567 437 2594 exheres
457 2572 521 2595 esto.
553 2568 584 2595 fr.
603 2570 644 2595 41.
663 2570 685 2603 3.
705 2572 728 2596 8.
753 2569 785 2596 de
804 2569 879 2605 legat.
899 2568 941 2595 111.
963 2570 1038 2602 (32.)

204 2610 234 2637 Si
253 2620 316 2637 vero
336 2620 388 2637 non
407 2611 442 2636 sit
461 2610 485 2636 (1.
505 2620 538 2637 m.
557 2611 632 2644 sacta,
652 2612 699 2638 sed
718 2612 790 2639 alias.
811 2612 841 2639 fr.
862 2614 884 2638 l.
905 2611 926 2645 3.
943 2613 965 2638 l.
987 2612 1037 2647 Qu.

203 2654 231 2680 iu
251 2653 280 2679 11.
300 2658 366 2690 patr.
385 2655 427 2680 38.
446 2655 470 2679 5.
508 2652 627 2686 Senator,
646 2655 689 2681 vel
708 2665 787 2691 eques
802 2655 842 2687 R..
862 2655 977 2686 (1000110,
996 2655 1039 2681 vel

203 2696 267 2722 alias
287 2700 419 2733 spectatae
438 2697 599 2723 auctoritatis
617 2699 666 2724 vir.
694 2698 765 2724 Paul.
785 2698 817 2724 V.
838 2700 862 2724 4.
881 2699 964 2732 310.
992 2697 1039 2724 Fe-

203 2740 297 2771 minae,
317 2738 359 2765 vel
378 2739 485 2776 pupilli,
504 2739 547 2766 vel
566 2739 629 2766 alias
648 2740 757 2767 debiles.
777 2741 807 2767 11.
826 2742 850 2768 9.
870 2742 892 2775 3
905 2743 928 2768 5.
949 2741 981 2768 de
994 2742 1038 2768 off.

203 2781 278 2808 Proc.
299 2787 324 2808 et
342 2781 403 2818 Leg.
424 2784 447 2808 1.
467 2784 507 2809 16.
533 2782 563 2809 cf.
584 2782 653 2809 Coll.
672 2782 724 2810 LL.
744 2784 777 2811 M.
797 2784 830 2811 X.
849 2787 874 2810 2.
894 2800 927 2804 —-
949 2785 980 2818 §-
1001 2786 1038 2811 5.

203 2827 312 2858 Alias,
331 2827 438 2858 alia-Q·
461 2835 521 2862 pro:
546 2827 654 2859 Modo,
673 2830 767 2854 modo.
804 2827 847 2854 ΠΙ,
868 2828 933 2855 οη.
964 2827 1037 2854 Alias

883 2439 911 2466 Si
935 2450 987 2466 non
1007 2451 1039 2466 ex

1886 179 1927 200 0.)

1085 251 1259 278 necessariam
1279 261 1337 277 esse
1357 252 1410 285 (sc.
1431 251 1693 283 exheredationem),
1718 251 1782 278 alias
1802 261 1924 287 superva-

1085 303 1166 321 cuam.
1186 294 1217 320 11.
1231 296 1272 320 20.
1293 296 1314 328 3.
1329 297 1352 320 4.
1373 295 1404 321 de
1424 295 1484 321 bon.
1500 295 1585 321 libert.
1605 296 1646 320 3⁸.
1661 296 1685 320 2.
1723 294 1796 320 Alias
1816 294 1924 325 differri,

1084 337 1147 363 alias
1167 338 1365 374 repr-‘uesentari.
1386 337 1416 364 11.
1436 340 1460 364 3.
1480 339 1502 372 3.
1522 339 1546 364 4.
1567 338 1599 364 de.
1618 337 1692 364 liber.
1714 337 1800 363 exbib.
1820 338 1861 363 43.
1881 338 1922 362 30.

1083 380 1157 407 Alias
1176 380 1317 409 videbitur,
1337 380 1400 406 alias
1420 386 1517 408 contra.
1537 381 1567 408 fr.
1581 383 1622 407 20.
1643 380 1675 407 de.
1693 381 1725 407 A.
1744 391 1769 406 v.
1783 380 1814 406 A.
1834 379 1861 405 P.
1882 381 1922 405 41.

1084 425 1107 450 2.
1133 423 1165 450 cf.
1191 423 1221 450 fr.
1240 425 1264 450 3.
1290 423 1322 449 (1(-
1341 423 1416 449 cond.
1444 425 1500 450 sine
1519 435 1540 451 c.
1570 426 1610 450 12.
1631 426 1654 450 7.
1702 423 1775 450 Alias
1801 432 1924 449 numerus

1084 467 1203 497 testium,
1228 466 1291 492 alias
1316 466 1428 502 dignitas
1453 472 1478 493 et.
1501 469 1656 499 auctoritas,
1679 466 1742 493 alias
1762 466 1843 493 veluti
1864 476 1923 492 con-

1085 510 1200 535 sentiens
1220 508 1284 535 sama
1304 509 1439 535 confirmat
1460 515 1508 536 etc.
1532 510 1563 537 fr.
1582 513 1606 537 3.
1626 511 1647 545 3.
1667 512 1692 537 2.
1717 510 1749 536 (10
1769 510 1856 536 testib.
1880 511 1922 535 22.

1084 554 1108 578 5.
1128 552 1158 578 11.
1180 554 1237 578 112.
1257 553 1278 586 ξ.
1301 554 1322 578 1.
1342 552 1374 578 (11·
1394 551 1425 578 V.
1446 552 1479 579 0.
1499 554 1540 580 45.
1563 556 1584 580 1.

1118 595 1231 621 Alibi.
1259 595 1360 628 (Adv.)
1398 596 1428 629 §.
1449 597 1483 622 1.
1521 598 1604 623 Loco
1623 599 1761 623 diverso.
1797 594 1922 622 Iltcn.

1084 637 1169 670 Alibi,
1190 648 1266 674 quam
1286 648 1316 664 00
1336 638 1403 664 loco.
1423 638 1454 664 fr.
1473 641 1498 664 ὃ.
1518 639 1540 672 3.
1559 641 1582 665 5.
1604 639 1655 674 Qu.
1675 638 1765 665 satisd.
1786 649 1840 674 rog.
1859 639 1884 663 2.
1898 640 1922 663 ⁸.

1084 680 1114 707 11.
1134 684 1157 707 ὅ,
1183 680 1214 706 (10
1238 691 1268 707 eo
1295 691 1337 717 qu.
1358 686 1429 707 certo
1449 681 1516 708 loco.
1542 683 1583 708 13.
1602 685 1625 708 4.
1667 682 1752 713 Alibi,
1778 691 1855 718 quam
1879 680 1924 707 ubi

1084 728 1132 750 etc.
1153 723 1183 749 fr.
1199 725 1239 750 47.
1255 734 1293 760 pr.
1314 724 1346 750 de
1365 724 1441 760 legat.
1461 724 1479 750 I.
1500 726 1566 757 (30.)
1603 724 1663 751 Non
1677 725 1746 757 alibi,
1767 734 1843 761 quam
1862 724 1923 760 (pro

1083 766 1228 797 tribunali).
1249 767 1279 793 11.
1301 768 1322 793 1.
1342 768 1364 801 3.
1384 770 1407 793 ὅ.
1428 767 1460 793 (10
1478 767 1508 794 Β.
1530 767 1557 793 P.
1577 769 1618 794 37.
1636 770 1657 794 l.
1695 767 1785 804 Neque
1805 768 1830 793 in
1851 766 1923 795 urbe.

1084 819 1169 845 neque
1189 809 1258 835 alibi.
1283 808 1313 835 11.
1326 811 1350 836 2.
1371 810 1392 843 3.
1407 811 1431 836 4.
1451 809 1483 836 (10
1503 810 1527 836 11.
1548 821 1590 847 qu.
1611 816 1663 837 not.
1684 811 1770 837 inl'am.
1789 812 1813 836 3.
1831 812 1856 836 2.
1894 808 1923 834 Si

1085 852 1146 878 alibi
1166 851 1327 878 domicilium
1346 852 1435 884 hereS,
1455 853 1517 879 alibi
1536 853 1713 880 alimentxmius
1733 853 1834 879 habeat.
1854 852 1883 878 11.
1898 854 1921 877 5.

1084 895 1106 929 3.
1125 896 1149 921 9.
1170 894 1202 920 (10
1221 899 1343 920 transact.
1362 897 1387 921 2.
1408 897 1447 922 15.
1479 912 1511 915 -
1544 897 1574 930 ξ.
1595 898 1630 923 2.
1660 899 1758 923 Penes
1777 898 1922 922 diversus

1081 948 1251 972 personas,
1272 947 1295 963 v.
1316 939 1352 964 In
1372 940 1538 972 speciebus
1557 941 1721 966 discretis.
1750 938 1870 965 HLCn.
1884 936 1923 962 111-

1084 980 1186 1006 terdum
1206 979 1268 1005 alibi
1288 985 1329 1006 est.
1347 979 1491 1011 hereditas,
1511 981 1572 1008 alibi
1591 982 1680 1008 tutela.
1706 982 1736 1008 sr.
1758 983 1780 1007 l.
1800 981 1822 1014 3.
1844 981 1866 1006 l.
1890 979 1923 1005 (10

1083 1023 1153 1058 legit.
1174 1028 1221 1049 tut.
1240 1024 1282 1049 26.
1296 1025 1320 1049 4.
1357 1023 1429 1049 Alibi
1443 1023 1474 1049 de
1494 1025 1557 1052 iure.
1577 1024 1638 1051 alibi
1658 1025 1690 1051 de
1710 1024 1777 1051 sacto
1794 1040 1827 1043 —
1847 1033 1922 1059 quae-

1084 1068 1157 1093 ritur.
1177 1066 1208 1092 l'r.
1226 1068 1250 1092 2.
1272 1066 1294 1100 3.
1313 1067 1337 1092 3.
1362 1067 1385 1092 51
1404 1067 1493 1092 servit.
1519 1070 1543 1093 8.
1563 1069 1586 1093 5.
1630 1068 1658 1094 Si
1678 1069 1704 1094 in
1724 1067 1825 1094 duabus
1845 1067 1922 1092 aetio-

1084 1110 1162 1135 nibus
1182 1108 1243 1135 alibi
1263 1119 1362 1135 summa
1381 1110 1475 1138 maior,
1495 1109 1557 1136 alibi
1577 1110 1679 1137 infamia
1699 1115 1746 1137 est.
1767 1110 1796 1136 11.
1812 1111 1869 1135 104.
1890 1108 1923 1134 (10

1083 1153 1115 1179 R.
1134 1152 1153 1178 I.
1172 1154 1213 1178 50.
1235 1154 1274 1178 17.

1118 1195 1280 1222 Alicubi.
1317 1196 1400 1222 Loco
1419 1197 1537 1230 aliquo.
1575 1195 1617 1222 Ill.
1639 1197 1704 1223 Cn.
1733 1196 1839 1222 Alit-ubi
1859 1196 1922 1221 iace-

1083 1239 1144 1264 bant
1164 1248 1263 1264 merces
1282 1238 1308 1264 in
1328 1238 1422 1274 angulo
1439 1238 1535 1275 aliquo.
1556 1244 1582 1265 et
1596 1238 1663 1265 unda
1679 1240 1833 1275 penetravit.
1853 1237 1883 1264 11.
1898 1238 1921 1262 4.

1084 1282 1105 1316 3.
1125 1283 1149 1308 2.
1170 1281 1201 1308 dc
1220 1280 1249 1307 L.
1270 1280 1355 1307 Rbod.
1377 1283 1416 1307 14.
1436 1283 1460 1307 2.
1498 1283 1552 1316 Qui
1576 1287 1719 1313 noverunt,
1743 1291 1835 1307 servos
1860 1280 1922 1316 fugi-

1084 1326 1153 1351 tivos
1174 1324 1269 1350 alicubi
1289 1323 1375 1350 celari.
1395 1323 1425 1350 11.
1448 1326 1486 1350 15.
1507 1324 1538 1350 (10
1557 1335 1672 1361 111-110501.
1692 1335 1733 1351 vv.
1754 1326 1794 1351 19.
1814 1326 1837 1350 5.

1118 1368 1280 1394 Aliculn.
1318 1369 1426 1393 Genus
1456 1370 1641 1394 vestimenti
1666 1369 1836 1394 brevioris.
1880 1365 1921 1391 111,

1085 1411 1150 1438 (7²1.
1187 1409 1301 1436 Puerilia
1319 1411 1500 1443 (vestimenta)
1520 1416 1593 1436 sunt:
1614 1427 1646 1430 —
1665 1411 1747 1437 veluti
1760 1415 1834 1446 togae
1852 1419 1923 1446 prae-

1084 1458 1178 1485 textae,
1198 1452 1320 1484 aliculae,
1341 1452 1501 1489 chlamydes,
1521 1454 1600 1491 pallia
1620 1459 1668 1480 etc.
1694 1454 1724 1480 11.
1743 1455 1785 1480 23.
1805 1453 1826 1486 3.
1846 1455 1870 1478 2.
1891 1451 1923 1477 (10

1083 1507 1145 1522 auro
1166 1506 1216 1532 arg.
1235 1497 1277 1522 34.
1296 1498 1320 1522 2.

1118 1540 1313 1566 Alienare.
1337 1539 1367 1573 §.
1382 1540 1417 1566 1.
1441 1541 1608 1571 Avertere,
1629 1542 1783 1566 ,ivae-are.
1803 1538 1922 1565 men.

1085 1582 1113 1609 Si
1127 1583 1186 1618 quis
1200 1586 1312 1608 mentem
1327 1582 1436 1608 alicuius
1451 1582 1649 1611 medicamento.
1665 1582 1749 1609 aliove
1763 1592 1814 1618 quo
1829 1581 1922 1607 aliena-

1083 1627 1159 1651 verit.
1183 1624 1213 1650 sr.
1236 1626 1274 1650 15.
1294 1635 1333 1661 pr.
1354 1625 1386 1651 de
1405 1626 1481 1652 iuiur.
1506 1627 1546 1652 47.
1568 1628 1607 1652 10.
1646 1626 1721 1660 Quos
1741 1630 1784 1651 aut
1803 1625 1922 1651 obiectus

1084 1667 1227 1694 debilitatis
1247 1667 1354 1699 alienat,
1378 1673 1422 1694 aut
1444 1673 1565 1694 senectus
1590 1669 1662 1705 pigra
1682 1673 1833 1694 remoratur.
1871 1666 1920 1693 Th.

1085 1711 1115 1738 C.
1134 1710 1192 1737 XII.
1214 1712 1235 1736 l.
1257 1720 1278 1736 c.
1298 1711 1339 1736 84.
1359 1710 1391 1737 (10
1411 1711 1498 1737 deeur.
1520 1727 1551 1730 —
1571 1712 1601 1744 §.
1620 1714 1654 1738 2.
1675 1713 1731 1737 Ins
1751 1713 1921 1745 qualecun-

1084 1765 1140 1789 que
1158 1764 1174 1780 (ι
1193 1764 1223 1780 se
1241 1755 1417 1779 dimittere.
1453 1753 1471 1780 l.
1488 1755 1545 1788 Sy.
1575 1754 1699 1780 Minna-re.
1728 1753 1859 1784 Alienare,
1879 1757 1922 1779 aut

1084 1798 1202 1823 amittere
1221 1797 1306 1829 (rem,
1325 1806 1349 1822 v.
1369 1797 1430 1829 105).
1450 1796 1480 1822 fr.
1500 1798 1542 1823 41.
1563 1797 1594 1823 de
1613 1796 1665 1822 LL.
1688 1799 1710 1823 l.
1729 1798 1753 1823 3.
1791 1795 1922 1822 Fraudare

1085 1839 1238 1866 creditores.
1274 1838 1301 1864 In
1321 1838 1437 1865 fraudem
1457 1839 1616 1866 creditorum
1636 1840 1728 1869 facere.
1747 1849 1772 1866 v.
1793 1840 1921 1869 omittere,

1084 1892 1108 1908 v.
1129 1882 1248 1908 alienare.
1269 1881 1299 1908 fr.
1315 1884 1354 1908 le.
1369 1892 1427 1918 sqq.
1449 1882 1500 1917 Qu.
1515 1883 1541 1908 in
1555 1882 1585 1909 fr.
1600 1883 1670 1909 cred.
1690 1885 1731 1909 42.
1742 1883 1766 1908 8.
1798 1882 1840 1908 ΠΙ.
1856 1883 1921 1909 Cn.

1084 1925 1218 1957 Alienare.
1242 1924 1298 1951 vel2
1311 1926 1460 1951 consentire
1479 1925 1637 1952 alienationi.
1666 1926 1697 1952 sr.
1718 1927 1774 1952 165.
1801 1925 1833 1951 de.
1852 1924 1882 1951 R.
1902 1924 1920 1950 I.

1084 1970 1124 1994 50.
1150 1970 1189 1994 17.
1237 1967 1366 1994 Heredem
1390 1968 1567 1997 instituendo.
1596 1968 1637 1995 vel
1664 1968 1786 2005 legando,
1815 1969 1837 1994 si
1862 1968 1921 2003 quis

1084 2010 1186 2037 alienet.
1206 2010 1236 2037 11.
1256 2014 1279 2037 ὅ.
1300 2011 1321 2044 3.
1341 2012 1366 2037 3.
1393 2010 1424 2037 cf.
1445 2011 1475 2037 11.
1496 2013 1518 2038 l.
1539 2022 1578 2048 pr.
1599 2011 1631 2038 de
1649 2011 1724 2038 alien.
1745 2011 1797 2037 iud.
1817 2015 1879 2037 mut.
1899 2021 1919 2036 c.

1083 2055 1107 2080 4.
1128 2055 1150 2079 7.
1182 2069 1215 2073 —
1247 2054 1277 2087 ς’.
1299 2055 1335 2080 3.
1366 2055 1553 2081 Dominium
1571 2057 1619 2081 rei
1641 2056 1705 2081 alii
1726 2057 1847 2086 cedere,
1873 2055 1922 2080 vel

1084 2099 1115 2123 in
1138 2098 1291 2132 favorem
1318 2099 1415 2123 illius
1438 2099 1587 2124 minuere.
1625 2097 1643 2123 I.
1664 2098 1725 2131 Sy.
1755 2096 1919 2123 Abalienare.

1084 2139 1124 2166 Cf.
1145 2140 1170 2166 h.
1191 2149 1214 2166 v.
1252 2140 1391 2166 Dimittere
1415 2150 1428 2166 a
1454 2150 1482 2166 se
1506 2150 1567 2166 rem.
1602 2140 1658 2167 Gai.
1678 2140 1708 2166 ΙΙ.
1728 2142 1769 2166 80.
1789 2142 1830 2166 85.
1867 2139 1920 2165 Do·

1083 2184 1191 2209 minium
1209 2183 1246 2208 rei
1266 2182 1414 2209 transferre.
1444 2182 1474 2209 sr.
1495 2185 1517 2210 1.
1538 2184 1559 2217 3.
1582 2185 1603 2210 l.
1628 2183 1660 2209 (10
1683 2183 1727 2209 off.
1747 2182 1822 2209 Proc.
1843 2182 1918 2208 Caes.

1084 2228 1106 2252 1.
1128 2227 1167 2252 19.
1204 2224 1334 2252 Vendere.
1354 2235 1374 2252 s.
1395 2225 1568 2252 venumdare.
1597 2225 1653 2252 Gai.
1674 2225 1702 2252 ΙΙ.
1722 2227 1763 2252 (14.
1789 2225 1818 2251 fr.
1841 2227 1862 2250 l.
1881 2224 1917 2257 33.

1082 2271 1107 2295 2.
1126 2278 1166 2304 sq.
1187 2267 1216 2294 11.
1236 2270 1259 2294 5.
1280 2269 1317 2302 33.
1337 2270 1360 2295 2.
1381 2278 1420 2305 sq.
1441 2269 1470 2295 fr.
1485 2271 1508 2295 9.
1529 2279 1568 2305 sq.
1589 2269 1618 2295 11.
1634 2271 1673 2295 13.
1688 2279 1726 2305 sq.
1747 2268 1779 2294 (10
1798 2267 1918 2293 1011001.

1084 2322 1126 2348 qu.
1147 2321 1167 2337 s.
1188 2316 1235 2337 tut.
1254 2313 1295 2338 27.
1316 2313 1338 2338 9.
1381 2311 1423 2338 Ill.
1445 2313 1510 2339 Gn.
1538 2312 1572 2338 Et
1594 2312 1727 2338 vindicare.
1747 2309 1919 2344 (interdum),

1084 2359 1109 2380 et.
1127 2354 1254 2385 alienare,
1275 2359 1300 2380 et
1320 2355 1473 2381 servitutem
1491 2354 1599 2392 praedio
1619 2355 1752 2391 imponere
1770 2362 1858 2390 posse.
1887 2351 1917 2378 fr.

1082 2399 1141 2423 205.
1162 2396 1194 2423 (10
1207 2396 1238 2423 R.
1252 2396 1270 2423 I.
1291 2399 1332 2423 50.
1348 2399 1388 2424 17.
1426 2397 1501 2433 Quae
1520 2399 1624 2434 possint
1643 2398 1756 2423 alienari.
1777 2395 1919 2431 obligarive

1083 2440 1203 2467 debeant.
1229 2439 1259 2466 11.
1281 2441 1303 2466 l.
1323 2440 1344 2473 3.
1364 2442 1388 2466 2.
1409 2440 1441 2466 de
1460 2440 1514 2467 reb.
1535 2451 1587 2467 eor.
1608 2450 1649 2477 qu.
1670 2450 1690 2466 5.
1710 2444 1756 2465 tut.
1775 2440 1816 2464 27.
1836 2440 1859 2465 9.
1888 2437 1917 2464 fr.

1083 2485 1106 2510 4.
1126 2483 1157 2510 fr.
1178 2484 1217 2509 16.
1237 2482 1269 2508 de
1288 2482 1369 2509 fundo
1389 2482 1443 2509 dot.
1462 2485 1503 2510 23.
1524 2485 1547 2510 5.
1584 2483 1676 2519 Neque
1695 2481 1814 2509 alienare.
1834 2491 1919 2517 neque

1083 2527 1263 2552 manumittere
1283 2536 1341 2552 eum
1360 2536 1440 2563 posse
1460 2536 1507 2552 1100
1526 2527 1549 2552 ei
1568 2526 1670 2552 solvere
1690 2526 1745 2550 iure
1764 2524 1917 2550 debitorem.

1084 2579 1104 2595 c.
1124 2572 1148 2595 ὅ.
1168 2578 1207 2605 pr.
1228 2568 1259 2594 ad
1278 2567 1308 2594 L.
1328 2568 1375 2595 101.
1395 2570 1452 2595 mai.
1472 2572 1496 2596 9.
1516 2571 1539 2595 8.
1560 2569 1590 2595 cf.
1611 2568 1640 2594 11.
1659 2569 1701 2593 20.
1721 2567 1753 2593 (le
1773 2577 1857 2593 accus.
1877 2568 1918 2592 48.

1082 2614 1107 2638 2.
1144 2611 1269 2641 Vendita,
1289 2611 1398 2643 donata,
1418 2617 1527 2643 mutata,
1553 2613 1578 2637 in
1597 2610 1685 2636 dotem
1704 2610 1775 2642 (lata,
1800 2611 1919 2636 caeteris-

1084 2665 1134 2691 que.
1153 2656 1238 2681 causis
1258 2654 1372 2691 legitime
1391 2655 1507 2681 alienata.
1537 2653 1586 2679 Th.
1607 2652 1637 2679 C.
1658 2652 1725 2679 VIII.
1747 2655 1786 2680 13.
1807 2664 1827 2679 c.
1843 2655 1865 2679 1.
1878 2663 1917 2689 pr.

1083 2698 1115 2724 de
1134 2708 1219 2724 revoc.
1240 2697 1327 2724 donat.
1348 2697 1379 2724 cf.
1400 2698 1429 2724 11.
1450 2699 1490 2723 66.
1510 2696 1542 2722 (10
1560 2696 1592 2723 Α.
1612 2696 1643 2722 11.
1663 2696 1696 2722 D.
1716 2698 1757 2722 41.
1774 2698 1795 2722 l.
1827 2696 1919 2732 Neque

1083 2741 1115 2767 ad
1134 2745 1317 2767 testamentum
1337 2740 1490 2769 faciendum.
1510 2749 1596 2776 neque
1615 2739 1647 2765 ad
1666 2749 1708 2765 res
1727 2740 1840 2776 mancipi
1860 2738 1918 2764 alic-

1083 2784 1193 2816 uandas,
1218 2794 1303 2820 neque
1328 2783 1360 2809 ad
1379 2782 1551 2818 obligationes
1578 2782 1775 2819 suscipiendas,
1799 2786 1917 2807 auctores

1081 2828 1138 2854 fieri
1158 2832 1292 2863 coguntur.
1314 2826 1369 2853 Gai.
1390 2825 1407 2851 I.
1429 2827 1486 2852 192.
1506 2824 1567 2862 le.
1582 2825 1627 2852 XI.
1641 2827 1682 2852 27.
1721 2824 1774 2851 Seu
1792 2824 1918 2850 alienetur
