2197 3121
952 175 1039 206 ART
1067 193 1106 198 —
1128 176 1214 207 ASP.

221 258 254 285 de
272 268 338 285 man.
358 263 459 284 testam.
485 259 526 283 40.
546 258 570 283 4.
603 256 634 283 cs.
654 256 684 283 fr.
703 258 726 282 4.
752 256 773 290 5.
793 258 817 282 5.
841 255 873 282 dc
897 256 995 282 censib.
1015 258 1058 282 50.

222 304 261 327 15.
299 300 426 337 Collegia„
444 300 486 326 vel
506 310 624 336 corpora.
644 300 670 325 in
690 299 785 335 quibus
805 299 908 325 artificii
927 300 968 325 sui
983 309 1059 325 causa

221 345 403 380 uuusquisque.
427 342 578 368 adsumitur.
611 341 640 368 fr.
660 344 683 368 5.
709 343 792 376 §.12.
817 341 849 368 de
872 343 928 368 iure
953 343 1059 368 immun.

220 389 262 412 50.
281 388 305 412 6.
342 386 378 412 Yt
397 395 455 411 eum
474 385 550 411 heres
570 385 708 411 artificium
728 384 832 415 doceat,
856 384 926 410 unde
945 394 974 411 se
993 385 1060 410 tueri

220 431 315 466 possit.
335 428 365 455 fr.
386 430 425 454 12.
446 427 479 454 de
496 427 571 463 legat.
591 427 633 453 Ill.
654 428 730 461 (32.)
762 427 793 454 cs.
814 427 844 453 sr.
864 429 905 453 31.
926 427 958 453 de
977 427 1007 453 R.
1029 426 1060 453 V.

221 474 245 498 6.
266 474 288 498 1.
337 471 465 507 Quamvis
490 470 698 497 ususruetuarius
722 480 770 496 nec
794 471 931 496 contrariis
956 469 1060 505 quidem

220 515 386 542 ministeriis.
410 519 454 540 aut
479 514 624 543 inusitatis,
650 513 788 539 artificium
813 514 868 539 eius
895 522 1061 549 corrumpere

220 559 315 595 possit.
334 557 365 583 sr.
387 559 426 583 17.
446 557 467 590 5.
489 558 511 582 l.
531 556 563 582 de
583 556 649 582 usus.
672 558 694 582 7.
715 557 736 582 l.
769 571 802 574 —
833 556 863 589 ξ.
884 557 919 581 2.
951 557 1061 582 Calli-

220 604 323 633 ditas,
345 601 526 627 calumnia.
564 599 583 625 I.
603 600 664 633 Sy.
698 597 787 624 Fraus.
816 598 845 624 sr.
868 600 907 624 15.
927 598 1008 632 5.17.
1029 597 1061 624 de

221 649 336 671 excusat.
355 645 397 669 27.
419 644 440 668 l.

255 688 380 714 Attus.
418 687 654 712 Commissnrae
672 686 898 716 membrorum,
922 694 945 710 v.
967 684 1062 710 Mem-

220 732 276 756 bra
297 731 383 764 ipsa,
411 730 443 754 in
467 737 603 762 corpore
622 728 769 753 animali.
806 726 824 753 1.
845 727 907 760 Sy.
936 726 1060 752 Membra.

221 771 271 798 Th.
292 771 322 798 C.
342 771 386 797 ΙΧ.
413 773 452 797 12.
478 782 499 797 c.
522 773 543 797 l.
570 769 601 796 de
625 769 725 795 emend.
750 779 817 796 serv.
860 769 903 795 ΙΙΙ.
927 771 993 796 Cn.
1021 768 1062 795 Pi-

220 819 370 851 grescentes
396 819 467 840 artus
493 814 546 847 (sc.
571 812 718 838 animalium
742 812 923 849 publicorum)
948 813 1061 838 innocuo

189 882 195 891 ,
219 858 300 885 titillo
320 857 467 884 admonere.
496 857 532 882 Ib.
553 854 621 881 VIII.
641 857 665 881 5.
686 865 707 881 c.
727 857 751 881 2.
772 855 804 881 de
823 865 901 881 cursu
921 855 982 892 pub.

256 901 549 928 Arundinetum.
592 899 697 924 Lucas
728 901 889 925 arundine
914 900 1060 934 fertilis.

220 943 262 970 IH.
290 945 351 971 Cn.
390 942 494 973 Salicti,
522 940 565 967 vel
593 940 676 967 silvae
703 941 814 978 palaris,
842 941 884 967 vel
913 941 1061 967 arundineti

220 986 329 1019 (ususl'r.
349 985 471 1021 legatus).
492 984 522 1010 fr.
542 985 566 1010 9.
586 984 607 1017 5.
629 985 651 1010 7.
672 984 704 1010 de
724 984 806 1010 usut'r.
826 986 849 1010 7.
870 986 892 1010 1.
918 984 949 1010 cs.
970 984 999 1010 fr.
1020 986 1060 1009 12.

219 1030 241 1063 5.
263 1031 302 1055 ll.
323 1028 355 1055 de
374 1029 447 1054 instr.
468 1027 516 1063 leg.
536 1028 577 1052 33.
599 1027 621 1052 7.
653 1026 753 1053 Silvam
772 1027 894 1054 caeduam
914 1032 939 1053 et
958 1026 1061 1053 arundi—

220 1076 309 1098 netum
328 1071 425 1107 (posse
445 1069 579 1101 caedere).
599 1068 630 1095 sr.
650 1071 673 1096 9.
693 1070 714 1104 5.
735 1072 758 1096 7.
778 1070 795 1096 l.
816 1072 839 1096 7.
861 1072 883 1096 1.

254 1114 421 1141 Arundo.
459 1113 628 1143 Calamus,
654 1114 780 1140 Fratex
799 1115 981 1148 aquaticas.
1019 1112 1060 1138 ΙΙΙ.

220 1159 286 1186 οη.
305 1155 382 1182 Vnde
395 1154 455 1192 palo
475 1155 501 1180 in
515 1154 632 1182 fundum.
652 1155 695 1181 vel
714 1155 802 1187 salice,
822 1155 865 1182 vel
880 1155 1006 1182 arundine
1020 1165 1061 1181 so-

217 1200 290 1227 lebat
308 1199 441 1235 paterl'am.
462 1198 507 1223 uti.
538 1197 567 1223 fr.
587 1199 611 1224 9.
635 1198 657 1231 5.
678 1200 701 1225 7.
726 1198 757 1225 l'r.
777 1201 818 1225 59.
840 1200 861 1233 5.
879 1202 903 1225 2.
933 1199 967 1225 ib.
994 1201 1017 1225 7.
1038 1200 1059 1224 1.

219 1242 329 1270 Aruudo
354 1240 449 1267 caedua
475 1245 500 1266 et
525 1240 599 1267 silva.
628 1241 658 1266 sr.
680 1243 721 1267 40.
746 1242 767 1275 5.
787 1243 811 1268 4.
837 1241 869 1268 de
894 1247 975 1267 contr.
1001 1246 1059 1268 emt.

220 1287 295 1312 1251.
319 1284 371 1310 Ybi
392 1283 518 1310 arundine
536 1293 584 1321 pro
604 1283 674 1320 liguo
695 1289 810 1311 utuntur.
832 1284 861 1311 t‘r.
882 1287 922 1311 55.
942 1285 964 1318 5.
985 1287 1008 1310 5.
1029 1284 1061 1311 de

219 1329 295 1365 legat.
315 1327 357 1354 111.
378 1327 454 1360 (32.)

254 1373 391 1399 Atura.
428 1371 512 1404 Ager
531 1376 635 1399 satas.
657 1372 760 1405 Seges.
797 1370 839 1397 111.
861 1372 927 1399 ίή.
951 1371 1061 1400 Arurae.

221 1420 247 1442 et
265 1414 460 1452 possessiones
491 1411 541 1439 Th.
555 1412 586 1439 C.
606 1412 652 1439 XI.
672 1415 713 1439 24.
734 1423 755 1440 c.
769 1415 793 1439 (5.
807 1414 829 1447 5.
842 1416 866 1440 5.
886 1414 918 1440 de
931 1415 1060 1451 patrocin.

219 1460 301 1485 vicor.

256 1503 411 1529 Arvum.
448 1501 534 1534 Ager
560 1492 712 1526 cultarae
739 1501 886 1527 relictus.
927 1499 970 1526 III.
995 1501 1060 1527 (ἠ.

220 1544 257 1571 Vt
276 1544 330 1580 agri
349 1544 388 1569 sic
406 1543 433 1568 in
453 1552 560 1568 censum
583 1542 741 1568 reserantur:
762 1558 794 1561 —
814 1553 916 1575 arvum,
940 1542 1011 1579 quod
1035 1544 1060 1569 in

220 1588 253 1614 X.
274 1596 355 1613 annos
375 1586 510 1623 proximos
531 1590 616 1611 satum
636 1587 696 1617 erit,
717 1590 782 1621 quot
801 1587 917 1622 iugerum
931 1587 972 1612 sit.
993 1586 1022 1612 l'r.
1036 1589 1059 1612 4.

220 1640 260 1667 pr.
281 1630 313 1656 de
332 1628 431 1655 censib.
451 1630 492 1654 50.
514 1630 553 1654 15.
591 1628 620 1654 Si
640 1629 756 1659 vicinus,
782 1630 826 1665 qui
850 1639 939 1655 arvum
958 1629 1061 1655 solebat

222 1677 294 1699 certo
313 1677 431 1709 tempore
450 1672 510 1697 anni
530 1672 625 1707 rigare,
655 1676 757 1708 pratum
782 1671 836 1697 illic
860 1672 958 1698 fecerit.
986 1672 1016 1698 fr.
1035 1674 1060 1698 3.

222 1715 244 1748 5.
262 1717 287 1741 2.
311 1714 344 1741 de
370 1724 435 1750 aqua
460 1719 485 1740 et
509 1724 567 1750 aqu.
592 1714 662 1751 pluv.
688 1716 730 1741 39.
755 1717 780 1741 3.
809 1715 840 1741 cf.
866 1715 896 1742 sr.
922 1717 961 1742 10.
990 1716 1011 1750 5.
1036 1717 1060 1741 4.

223 1757 350 1793 Quemad.
370 1756 452 1783 ususf.
473 1758 495 1783 7.
515 1758 539 1783 4.

257 1802 345 1827 Arx.
403 1801 506 1826 Locus
547 1802 710 1832 munitas,
756 1803 1060 1837 PropugnaeuMm,

222 1845 439 1870 Praesidium.
480 1842 523 1868 111.
543 1844 609 1870 Gn.
638 1843 691 1878 Qui
715 1843 741 1868 in
766 1843 843 1869 bellis
868 1846 989 1876 cesserit.
1019 1849 1062 1870 aut

222 1896 307 1912 arcem
326 1886 453 1917 tenuerit,
473 1890 517 1911 aut
536 1890 619 1911 castra
639 1888 807 1912 concesserit.
828 1887 858 1913 fr.
877 1889 901 1913 3.
921 1897 960 1924 pr.
981 1887 1013 1913 ad
1031 1887 1061 1913 L.

222 1928 270 1954 Iul.
290 1929 348 1954 mai.
373 1929 414 1954 48.
434 1930 458 1954 4.
500 1927 539 1954 Ne
558 1927 735 1955 conditionem
754 1929 866 1955 militum
885 1946 917 1949 —
938 1931 963 1956 in
983 1940 1062 1967 quan-

221 1970 281 1997 dam
299 1980 384 1996 arcem
397 1970 531 1997 videamur
544 1971 736 2007 quodammodo
750 1972 904 1999 collocasse.
932 1973 999 1999 Νῦν.
1011 1973 1060 2000 Th.

221 2014 251 2041 II.
271 2024 303 2040 ne
323 2013 424 2040 ducian.
443 2024 467 2040 v.
488 2013 541 2040 lim.
561 2014 579 2040 I.
599 2016 622 2041 2.
643 2025 663 2041 c.
685 2017 707 2041 l.
727 2014 749 2048 5.
768 2017 793 2041 2.

255 2058 317 2084 As.
342 2057 372 2090 §.
387 2058 421 2083 1.
450 2058 510 2083 Aes
529 2060 728 2084 sestertium.
765 2057 784 2084 I.
799 2059 861 2093 Sy.
889 2059 950 2086 Aes.
971 2059 1028 2086 Gai.
1042 2060 1060 2086 I.

222 2101 280 2126 122.
304 2099 335 2126 II.
354 2101 413 2125 225.
438 2099 480 2125 IH.
502 2101 559 2126 174.
584 2100 628 2127 IV.
650 2102 689 2127 14.
712 2102 750 2127 l6.
793 2101 929 2129 sestertia.
960 2103 996 2129 lb.
1016 2103 1060 2130 IV.

222 2144 263 2169 16.
282 2144 324 2168 21.
343 2143 385 2168 34.
422 2142 465 2169 111.
491 2144 557 2170 Gn.
585 2143 669 2169 Asses
688 2143 809 2176 librales,
832 2155 856 2171 v.
877 2145 1017 2183 dupondii,
1037 2157 1060 2173 v.

222 2186 361 2218 semisses,
380 2190 406 2212 et
425 2185 591 2222 quadrantes.
621 2186 658 2212 sb.
678 2186 696 2213 1.
718 2189 775 2214 122.
803 2187 833 2215 L.
853 2188 939 2221 Furia,
959 2200 1009 2226 qua
1029 2206 1061 2209 —

222 2227 283 2265 plus
302 2227 336 2254 M.
356 2228 460 2254 assibus
480 2228 624 2265 legatorum
643 2231 756 2262 nomine,
775 2232 901 2258 mortisve
919 2242 1003 2264 causa,
1023 2244 1062 2259 ca-

223 2280 286 2307 pere
304 2272 461 2307 permissum
481 2281 533 2298 non
553 2276 601 2298 est.
634 2271 671 2298 lb.
691 2272 721 2298 II.
741 2276 800 2300 225.
825 2274 869 2301 lv.
888 2276 930 2301 23.
962 2275 1022 2313 ΠΡ.
1042 2276 1061 2302 Ι.

223 2316 247 2339 2.
284 2313 405 2339 Millenos
429 2324 503 2340 asses
526 2314 620 2350 legare.
649 2314 706 2341 Gai.
726 2315 756 2342 11.
775 2318 835 2343 225.
876 2317 989 2355 Propter
1008 2329 1062 2345 cae-

223 2360 293 2381 teras
313 2356 419 2382 iniurias
438 2356 523 2384 XXV.
543 2359 641 2384 assium
660 2368 745 2395 poena
765 2365 819 2385 erat
837 2363 987 2388 constituta.
1024 2362 1061 2389 lb.

223 2398 266 2424 111.
285 2400 344 2424 223.
372 2414 404 2418 —
428 2400 458 2432 ξ.
479 2401 514 2426 ².
544 2403 705 2434 Solidum,
724 2404 905 2430 Indiviaum
925 2405 1063 2442 (patriino-

224 2442 316 2475 nium).
353 2441 372 2467 I.
396 2442 458 2476 Sy.
486 2442 514 2469 In
533 2443 660 2476 solidum,
684 2444 713 2471 In
733 2455 826 2472 assem.
856 2445 887 2472 fr.
907 2448 930 2473 9.
949 2458 988 2485 pr.
1009 2450 1060 2483 Qu.

224 2483 293 2510 mod.
313 2485 383 2521 pign.
406 2486 448 2511 20.
467 2487 490 2512 6.
518 2486 549 2513 fr.
570 2488 610 2513 72.
636 2486 668 2513 de
692 2487 780 2515 hei-ed.
805 2490 865 2515 inst.
889 2491 930 2516 28.
955 2492 979 2517 5.
1021 2491 1062 2518 Ex

224 2537 297 2558 asse,
321 2526 401 2553 Solus
425 2528 557 2561 (institui,
581 2539 605 2555 v.
626 2530 719 2559 scribi.
739 2531 888 2565 heredem).
917 2532 948 2560 fr.
970 2535 1009 2560 16.
1030 2534 1060 2560 fr.

225 2571 265 2595 19.
286 2568 319 2595 de
337 2568 381 2595 lib.
402 2574 427 2596 et
445 2570 533 2606 posth.
551 2573 592 2598 28.
612 2574 636 2598 2.
674 2573 705 2599 II.
727 2576 794 2608 01).
822 2574 899 2607 Pars,
920 2586 941 2602 s.
962 2576 1060 2603 Portio.

225 2612 283 2639 Gai.
302 2611 332 2638 lI.
351 2614 410 2638 259.
435 2612 496 2650 le.
515 2614 598 2641 XXH.
616 2617 658 2642 34.
696 2616 802 2644 Vnciae.
832 2618 905 2645 Paul.
925 2618 966 2645 III.
986 2621 1009 2646 4.
1030 2620 1060 2646 B.

225 2655 248 2688 5.
267 2655 290 2680 6.
328 2653 369 2680 III.
390 2656 455 2682 Cn.
484 2655 615 2684 Solemnis
635 2661 701 2686 assis
715 2659 867 2687 distributio
887 2662 925 2695 (iu
939 2662 996 2688 XII.
1017 2673 1061 2689 un-

226 2698 300 2730 cias).
321 2697 350 2723 l'r.
371 2699 411 2724 13.
431 2698 452 2731 5.
474 2700 496 2724 l.
516 2698 548 2725 de
567 2699 654 2727 hered.
673 2703 733 2729 inst.
753 2705 794 2730 28.
814 2706 837 2730 5.
858 2704 890 2731 cs.
910 2705 939 2731 l'r.
962 2707 1001 2732 13.
1021 2716 1060 2743 pr.

226 2740 258 2766 de
280 2740 354 2766 liber.
379 2745 405 2767 et
428 2742 515 2777 posth.
543 2744 585 2769 28.
609 2745 633 2770 2.
676 2744 786 2782 Impleto
811 2757 882 2779 asse,
906 2749 963 2774 sine
986 2754 1060 2785 parte

225 2783 336 2810 heredes
354 2784 468 2810 instituti
487 2784 519 2811 ad
538 2786 634 2822 prioris
653 2789 719 2813 assis
738 2790 875 2816 semissem
893 2807 926 2810 —
944 2793 1059 2818 veniunt.

226 2825 297 2853 Paul.
318 2826 333 2853 l.
354 2826 371 2853 l.
396 2827 426 2854 fr.
447 2829 486 2854 17.
506 2838 545 2865 pr.
571 2829 606 2863 55.
627 2831 650 2856 2.
671 2840 710 2866 sq.
735 2831 767 2858 de
785 2832 873 2860 hei-ed.
894 2834 954 2861 inst.
973 2836 1014 2861 25.
1035 2837 1058 2862 5.

1906 180 1948 209 85

1103 257 1133 285 sr.
1154 259 1194 284 12.
1214 257 1246 284 de
1258 257 1288 284 B.
1303 257 1331 284 P.
1351 269 1372 285 S.
1386 264 1404 285 t.
1423 259 1464 285 37.
1480 260 1520 286 11.
1548 259 1582 285 Et
1600 269 1648 296 per
1667 259 1717 285 boc
1737 264 1808 285 totns
1828 270 1856 285 as
1869 269 1943 286 meus

1104 300 1172 338 apud
1191 306 1217 327 te
1236 311 1294 327 esse
1314 307 1441 338 speratur.
1470 301 1500 328 fr.
1520 303 1560 328 75.
1580 312 1619 339 pr.
1644 302 1676 328 ad
1701 302 1727 329 S.
1749 302 1779 329 C.
1800 302 1881 329 Treb.
1901 304 1943 329 315.

1106 346 1127 370 l.
1164 343 1288 370 Aufertur
1306 344 1439 371 hereditas
1458 355 1491 372 ex
1510 355 1582 377 asse,
1607 350 1633 371 et
1651 345 1683 371 ad
1703 346 1796 372 fiscum
1817 347 1941 382 pertinet.

1105 386 1135 413 sr.
1153 388 1178 413 2.
1197 397 1237 424 pr.
1257 386 1289 413 de
1308 387 1332 413 h.
1354 397 1396 423 qu.
1417 392 1445 413 ut
1465 387 1517 414 ind.
1538 389 1580 414 34.
1600 390 1624 415 9.

1140 430 1388 457 Asceterium.
1430 432 1605 466 Refngium
1629 441 1750 463 eornm,
1773 433 1831 466 qai
1855 442 1944 458 asee-

1106 474 1191 499 ticae
1212 475 1298 499 vitae
1316 479 1441 499 vacant.
1478 473 1519 499 Ill.
1541 475 1606 501 Gn.
1626 474 1753 500 Praestita
1773 474 1945 511 orphanotro-

1106 515 1188 552 phiis.
1209 516 1265 541 sive
1283 517 1430 544 asceteriis.
1450 516 1493 542 vel
1512 517 1642 549 eeclesiis,
1662 533 1693 536 ——
1713 519 1888 549 monasteriis,
1909 523 1944 544 at-

1107 568 1157 594 que
1181 559 1290 585 caeteris
1315 559 1446 585 omnibus.
1476 570 1496 585 c.
1516 561 1557 586 35.
1582 560 1614 585 de
1638 561 1719 597 episc.
1744 565 1769 587 et
1789 560 1850 587 cler.
1878 563 1899 587 1.
1918 563 1943 587 ’3.

1106 601 1243 627 Mulierum
1262 603 1432 633 monasteria,
1456 602 1497 628 vol
1518 604 1650 629 asceteria.
1681 619 1713 622 —-
1741 604 1830 630 Ascet.
1851 604 1944 630 sancti-

1106 644 1256 672 monialium
1276 644 1421 671 mulierum.
1454 644 1544 671 Iulian.
1565 646 1626 682 epit.
1647 656 1704 672 nov.
1730 657 1750 673 c.
1771 647 1794 673 6.
1819 646 1841 680 5.
1860 648 1902 673 29.
1923 657 1943 673 c.

1107 690 1129 714 7.
1150 689 1171 722 5.
1191 690 1232 714 36.
1254 698 1274 714 c.
1296 689 1336 714 73.
1356 687 1393 721 55.
1412 689 1472 714 264.
1491 690 1550 714 267.

1140 731 1325 758 Ascetria.
1366 733 1453 764 Quae
1472 733 1606 757 addicta
1625 738 1673 758 est
1691 734 1862 759 asceterio.
1900 732 1943 758 Ill.

1107 775 1172 801 (ἠ.
1210 773 1343 805 Clerivus,
1374 773 1416 800 vel
1447 773 1604 806 monachus,
1635 774 1676 800 vel
1708 774 1869 806 diaconissa,
1901 775 1943 801 vel

1106 818 1260 849 monastria,
1284 817 1327 843 vel
1346 818 1464 843 ascetria.
1497 816 1534 843 lb.
1559 827 1580 843 c.
1602 818 1659 843 115.
1685 818 1722 852 55.
1742 819 1799 844 460.
1826 819 1884 844 471.
1904 828 1944 855 sq.

1106 861 1164 886 484.
1185 861 1244 886 493.

1140 903 1264 930 Asc-in.
1302 904 1558 929 lustramentum
1571 905 1719 940 ferreum
1740 906 1780 930 ad
1803 905 1945 931 dotanda

1105 948 1201 981 tigna
1220 952 1266 973 etc.
1304 945 1346 972 ΙΙΙ.
1373 947 1438 973 Gn.
1457 945 1559 982 Regum
1578 947 1646 972 ascia
1666 956 1697 973 ne
1717 946 1809 984 polito.
1842 946 1871 973 L.
1887 946 1943 973 XII.

1106 988 1189 1016 Tabb.
1209 989 1242 1015 X.
1261 991 1286 1015 2.

1140 1032 1399 1066 Ascodrogita.
1437 1030 1479 1057 Cf.
1498 1041 1521 1057 v.
1542 1030 1740 1067 Tascodrogita.

1140 1076 1299 1102 Asellus.
1344 1076 1465 1101 Asinus
1492 1084 1620 1109 parvus.
1662 1074 1703 1100 ΙΙΙ.
1729 1076 1794 1103 Cn.
1832 1074 1861 1101 Si
1886 1075 1945 1111 quis

1106 1117 1228 1147 asellum,
1253 1127 1311 1143 cum
1336 1118 1473 1153 agitasset.
1498 1127 1550 1143 non
1575 1118 1734 1143 retinuisset.
1764 1117 1794 1144 sr.
1814 1119 1855 1143 52.
1880 1117 1901 1151 5.
1920 1119 1944 1143 2.

1106 1160 1137 1187 ad
1156 1160 1186 1187 L.
1206 1160 1275 1197 Aqu.
1295 1162 1318 1187 9.
1338 1162 1362 1186 2.

1141 1204 1242 1231 Asia.
1284 1205 1350 1230 Vna
1369 1214 1405 1230 ex
1424 1205 1534 1229 tribus
1553 1205 1642 1230 orbis
1661 1209 1825 1230 terraram
1842 1205 1945 1237 parti-

1106 1250 1173 1279 bas,
1193 1257 1273 1281 qaae
1291 1248 1496 1281 antiquitati
1514 1248 1667 1282 cognitae
1685 1252 1785 1273 erant.
1822 1246 1864 1272 III.
1879 1247 1946 1274 Cn.

1107 1290 1242 1325 Quaedam
1265 1291 1429 1327 provinciae,
1453 1294 1482 1315 ut
1500 1289 1563 1315 Asia
1587 1289 1696 1315 scilicet.
1726 1288 1755 1314 fr.
1776 1290 1799 1315 4.
1824 1289 1845 1322 5.
1865 1291 1888 1315 5.
1914 1288 1946 1314 de

1107 1333 1150 1359 off.
1172 1332 1246 1359 Proc.
1273 1338 1298 1359 et
1320 1332 1383 1369 Leg.
1409 1334 1431 1359 1.
1457 1334 1496 1358 16.
1522 1332 1551 1358 sr.
1572 1334 1595 1358 7.
1620 1333 1702 1366 513.
1732 1331 1811 1358 solut..
1835 1332 1945 1358 matrim.

1105 1378 1146 1402 24.
1166 1378 1190 1402 3.
1227 1375 1278 1402 Per
1297 1386 1366 1402 mare
1384 1376 1474 1402 Asiam
1494 1375 1633 1412 adplicare.
1654 1374 1684 1401 fr.
1704 1376 1728 1400 4.
1748 1375 1770 1408 5.
1785 1376 1808 1401 5.
1829 1374 1845 1401 l.
1867 1376 1889 1400 1.
1905 1376 1945 1401 16.

1106 1418 1173 1446 Cum
1191 1420 1343 1456 provinciae.
1360 1418 1440 1445 Asiae
1457 1423 1584 1456 praeerat.
1620 1417 1733 1444 Procos:
1752 1417 1840 1443 Asiae.
1870 1417 1901 1443 fr.
1921 1418 1945 1443 6.

1105 1463 1127 1496 5.
1148 1464 1171 1488 l.
1191 1462 1223 1488 de
1243 1467 1308 1488 cust.
1329 1467 1354 1489 et
1373 1462 1459 1488 exbib.
1479 1463 1520 1488 48.
1540 1464 1563 1488 3.
1584 1461 1614 1488 sr.
1633 1463 1657 1487 2.
1678 1461 1700 1494 5.
1720 1462 1762 1487 40.
1782 1460 1814 1487 de
1828 1460 1861 1487 Ο.
1882 1459 1900 1486 Ι.
1922 1461 1944 1486 1.

1105 1508 1129 1532 2.
1158 1505 1208 1531 Th.
1229 1504 1260 1531 C.
1280 1504 1347 1531 VIII.
1369 1507 1391 1531 7.
1412 1515 1433 1531 c.
1453 1506 1495 1531 21.
1515 1504 1547 1531 de.
1566 1504 1618 1530 div.
1639 1504 1709 1530 offic.

1140 1549 1313 1575 Asianus.
1352 1548 1489 1581 (Adiect.)
1538 1549 1584 1574 Ad
1619 1549 1728 1573 Asiam
1765 1548 1944 1581 pertinens.

1105 1591 1146 1618 ΙΙΙ.
1168 1593 1233 1619 οη.
1262 1592 1291 1618 Iu
1309 1591 1385 1623 Asia.
1410 1601 1458 1617 uec
1477 1601 1529 1617 uon
1548 1589 1730 1627 proconsulari
1750 1595 1827 1626 atque
1846 1588 1942 1615 Asiana

1105 1634 1228 1661 dioecesi.
1259 1634 1295 1661 lb.
1315 1634 1386 1660 XXI.
1408 1636 1429 1660 l.
1454 1645 1475 1660 c.
1494 1635 1518 1660 3.
1543 1634 1575 1660 de
1599 1633 1650 1660 lide
1670 1632 1764 1659 cathol.
1802 1632 1852 1658 Per
1871 1632 1944 1658 Asia-

1105 1688 1163 1704 nam
1183 1683 1209 1704 et
1227 1677 1362 1704 Ponticam
1381 1677 1523 1704 dioecesin.
1551 1676 1588 1702 Ib.
1608 1676 1663 1702 ΥΠ.
1683 1678 1707 1702 6.
1728 1687 1748 1702 c.
1768 1678 1792 1702 3.
1818 1675 1851 1701 de
1869 1674 1944 1700 milit.

1105 1726 1187 1748 veste.
1213 1721 1246 1747 X.
1268 1722 1307 1747 19.
1333 1731 1354 1747 c.
1376 1722 1414 1746 12.
1440 1720 1472 1746 de
1491 1719 1587 1745 inetall.
1624 1719 1667 1745 Ad
1685 1719 1815 1745 desideria
1834 1718 1943 1744 Asiano-

1106 1775 1162 1791 rum
1191 1764 1346 1800 (rescripsit
1370 1763 1460 1800 Imp.).
1492 1762 1522 1788 fr.
1546 1764 1569 1788 4.
1596 1763 1617 1796 5.
1641 1764 1666 1788 5.
1691 1761 1723 1788 de
1747 1762 1789 1788 oss'.
1814 1760 1889 1788 Proc.
1919 1765 1944 1786 et

1106 1806 1167 1842 [μς.
1189 1808 1210 1832 l.
1232 1807 1272 1832 16.

1141 1849 1337 1876 Asiarcha.
1370 1850 1525 1875 Sacerdos
1543 1849 1737 1882 provinciae
1757 1849 1863 1874 Asiae.
1900 1845 1942 1872 111.

1107 1893 1172 1919 (711.
1216 1892 1342 1928 Exceptis
1371 1890 1535 1927 Alytarebis,
1570 1890 1733 1927 Syriarcbis,
1765 1889 1941 1927 agonothetis,

1106 1935 1221 1971 itemque
1245 1934 1382 1960 Asiarcbis
1406 1938 1455 1960 etc.
1492 1933 1542 1960 Th.
1567 1933 1598 1960 C.
1622 1933 1681 1961 XV.
1705 1935 1728 1960 9.
1754 1943 1774 1959 c.
1794 1935 1819 1959 2.
1844 1932 1876 1959 de
1902 1942 1943 1959 ex-

1105 1987 1179 2014 pens.
1199 1977 1284 2004 ludor.

1140 2020 1352 2047 Asiarchin.
1402 2022 1520 2048 Manus
1553 2022 1721 2055 praedicti
1754 2021 1942 2047 sacerdotis.

1105 2063 1122 2089 I.
1144 2065 1205 2098 Sy.
1233 2063 1262 2089 In
1286 2063 1349 2090 Asia
1373 2063 1548 2090 sacerdotium
1571 2064 1730 2101 provinciae.
1761 2063 1792 2089 fr.
1811 2064 1835 2089 6,
1859 2062 1942 2096 514.

1107 2106 1138 2133 de
1159 2111 1274 2133 excusat.
1294 2109 1336 2133 27.
1358 2109 1379 2133 l.
1400 2107 1430 2133 fr.
1450 2108 1473 2133 8.
1493 2117 1532 2144 pr.
1553 2107 1585 2133 de
1603 2117 1658 2133 vac..
1679 2111 1705 2133 et
1724 2116 1812 2133 exous.
1831 2107 1873 2132 50.
1893 2106 1917 2131 5.

1140 2150 1289 2176 Asinus.
1335 2151 1514 2177 Iumentum
1542 2152 1762 2182 notissimum,
1796 2159 1873 2184 equo
1901 2149 1942 2174 si-

1107 2193 1185 2218 mile.
1215 2191 1257 2218 III.
1278 2193 1344 2220 Gn.
1367 2193 1464 2225 Boves,
1483 2192 1555 2224 muli,
1576 2194 1644 2229 equi,
1665 2194 1737 2219 asini.
1758 2191 1819 2229 le.
1833 2191 1903 2218 XJX.
1919 2192 1940 2215 1.

1107 2234 1163 2261 Gai.
1184 2234 1202 2260 I.
1224 2236 1281 2261 120.
1302 2245 1342 2272 sq.
1383 2236 1483 2263 Asinus
1502 2236 1685 2262 machinarius.
1716 2235 1746 2262 fr.
1764 2237 1805 2261 60.
1825 2236 1846 2269 5
1865 2235 1888 2260 3.
1909 2233 1942 2259 de

1107 2277 1182 2314 legat.
1202 2277 1244 2304 111.
1265 2278 1342 2311 (32.)
1379 2279 1460 2305 Asina
1480 2278 1653 2311 molendaria,
1674 2279 1717 2311 (et
1735 2278 1829 2310 mola).
1849 2276 1879 2303 fr.
1899 2276 1939 2302 IS.

1106 2322 1128 2355 5.
1141 2323 1165 2347 2.
1187 2321 1218 2347 de
1238 2322 1312 2348 instr.
1333 2321 1382 2357 leg.
1401 2323 1442 2348 33.
1463 2324 1486 2348 7.
1515 2321 1546 2348 cs.
1567 2321 1638 2348 Paul.
1659 2322 1700 2348 HL
1721 2322 1744 2348 6.
1764 2321 1801 2354 55.
1820 2321 1861 2345 37.
1881 2320 1922 2344 64.

1141 2365 1273 2397 Asper.
1307 2364 1445 2397 (Adiect.)
1486 2365 1517 2399 ξ.
1542 2366 1576 2391 1.
1611 2366 1815 2399 Inaequalis,
1851 2364 1942 2389 Sale·

1106 2409 1226 2434 brosas.
1263 2406 1294 2433 Π.
1320 2409 1387 2441 Op.
1419 2408 1534 2445 Aspera,
1553 2424 1586 2427 —
1605 2407 1693 2434 Mollis
1713 2407 1794 2440 (via).
1824 2404 1854 2431 fr.
1874 2406 1897 2431 2.
1918 2405 1940 2438 5.

1105 2451 1147 2476 32.
1168 2460 1200 2475 ne
1220 2460 1263 2486 qu.
1283 2451 1310 2476 in
1328 2449 1388 2476 loco
1407 2450 1468 2488 pub.
1489 2452 1529 2477 43.
1544 2452 1568 2477 8.
1588 2467 1620 2470 —
1639 2451 1670 2484 ἓ.
1685 2451 1719 2476 2.
1745 2449 1867 2480 Durus,
1889 2449 1940 2474 Se-

1106 2503 1205 2519 verus.
1248 2492 1291 2519 III.
1316 2494 1382 2520 Cn.
1418 2492 1516 2526 Nimia,
1541 2498 1618 2530 atque
1641 2502 1731 2529 aspera
1754 2490 1939 2524 (dominatio).

1106 2535 1136 2562 fr.
1150 2538 1174 2562 2.
1195 2536 1216 2569 5.
1230 2537 1272 2562 24.
1292 2535 1324 2562 (Ie
1344 2536 1377 2562 Ο.
1396 2535 1415 2562 Ῑ.
1436 2538 1459 2563 1.
1478 2538 1502 2563 2.
1539 2537 1604 2563 Eum
1623 2544 1721 2572 poc-nac
1739 2532 1861 2560 nolumus
1880 2533 1940 2559 sub—

1106 2579 1196 2614 iugat-i,
1221 2588 1307 2614 neque
1331 2578 1423 2605 durum
1452 2579 1551 2616 aliquid
1579 2588 1626 2604 nec.
1653 2586 1773 2614 asperum
1800 2577 1938 2603 sustinere.

1105 2620 1155 2647 Th.
1176 2620 1206 2646 C.
1224 2620 1269 2647 IX.
1289 2623 1313 2648 4.
1333 2632 1354 2648 c.
1376 2624 1398 2649 l.
1418 2623 1441 2649 si
1460 2633 1502 2659 qu.
1521 2622 1584 2658 Imp.
1604 2619 1696 2646 maled.

1139 2664 1341 2697 Aspen-are.
1379 2667 1601 2699 Exasperare,
1621 2664 1797 2690 Intendere.
1834 2663 1852 2689 I.
1877 2664 1938 2697 Sy.

1104 2706 1269 2733 Exacerbare
1294 2708 1434 2744 (poenas).
1463 2707 1492 2733 sr.
1518 2707 1556 2732 16.
1581 2706 1603 2739 5
1630 2708 1670 2732 10.
1695 2705 1724 2732 sr.
1744 2707 1785 2732 42.
1810 2705 1842 2732 de
1860 2715 1936 2742 poen

1105 2751 1145 2775 48.
1167 2751 1207 2776 19.
1245 2750 1274 2776 11.
1295 2752 1361 2784 011.
1390 2749 1492 2777 mollire
1512 2750 1755 2786 (interpretatione,
1775 2749 1860 2785 legum
1878 2758 1938 2785 poe-

1104 2793 1177 2825 nas).
1198 2792 1228 2818 sr.
1249 2794 1289 2819 42.
1310 2793 1326 2819 1.

1138 2836 1294 2870 Aspere·
1322 2835 1442 2868 (Advb.)
1480 2837 1599 2862 Severe.
1635 2835 1676 2861 ΙΠ.
1698 2836 1763 2863 Gn·
1794 2834 1892 2860 Durius
1913 2838 1935 2858 et
