2197 3121
1019 152 1109 184 SOL.

191 237 348 275 Corruptor.
368 237 409 264 Cf.
429 238 453 264 h.
473 247 496 263 v.
517 237 538 271 ξ.
558 238 580 262 1.
617 235 660 262 Ill.
675 236 740 263 Cn.
761 234 954 261 sollicitatores
973 234 1033 261 alie-

193 290 283 307 narum
304 282 461 316 nuptiarum,
483 281 596 316 itemque
615 279 837 305 matrimoniorum
856 277 1033 315 interpellato-

191 333 241 349 res.
269 323 299 350 fr.
320 325 342 349 1.
363 333 402 360 pr.
422 322 454 349 de
473 327 538 349 extr.
564 323 635 348 criin.
655 323 696 347 47.
718 323 756 347 ll.
793 321 868 348 Licet
892 322 914 347 is
940 330 1032 347 servus

191 365 307 392 deterior
331 377 343 392 a
370 365 542 391 sollicitatore
567 365 672 390 minime
697 363 779 390 factus
803 368 850 390 est.
877 364 898 396 §.
919 364 942 389 S.
962 363 979 389 l.
1000 363 1031 389 de

191 408 243 434 obl.
263 419 304 445 qu.
326 418 357 434 ex
378 407 428 434 del.
447 410 471 434 4.
493 409 514 433 1.
535 407 566 433 cs.
588 406 617 433 fr.
640 409 677 433 ll.
698 407 719 440 ξ.
739 409 763 433 2.
789 406 819 433 fr.
840 408 880 432 14.
901 405 932 432 de
952 415 1029 432 servo

192 461 260 477 corr.
282 453 322 477 ll.
340 452 364 476 3.
385 450 434 476 Th.
456 450 486 477 C.
507 449 574 476 Vlll.
594 452 617 476 5.
638 460 658 476 c.
678 451 718 475 58.
739 449 771 475 de
790 459 868 476 cursu
887 449 948 485 pub.

226 494 405 520 Sollicite.
426 492 538 526 (Advb.)
567 495 734 519 Accnrale.
771 492 813 518 111.
828 493 894 519 Cn.
913 491 1031 518 Adsidue

192 552 222 556 —-
243 537 346 572 exigere
366 545 411 562 eos
431 540 545 573 oportet,
565 540 589 561 et
608 535 723 561 sollicite
742 545 839 561 curare.
866 534 895 560 fr.
915 536 938 560 3.
964 535 985 568 ξ.
1005 537 1029 560 2.

191 578 224 605 de
243 578 309 605 adm.
329 583 355 604 et
374 580 454 615 peric.
472 580 513 604 26.
535 580 556 604 7.
594 577 673 613 Quod
693 587 745 604 non
765 577 873 603 difficile
892 577 1030 609 obtinebit,

190 623 213 648 si
234 621 292 648 soll.
313 626 369 657 agat
388 626 416 647 ut
437 626 484 647 etc.
505 620 535 647 fr.
551 622 589 646 13.
610 631 648 658 pr.
669 620 701 647 dc
720 620 762 646 off.
777 619 864 646 Praes.
881 622 901 646 l.
919 622 957 647 18.
985 621 1030 647 Di-

189 663 313 700 ligentius
333 669 359 690 et
377 663 518 690 sollicitius
538 665 690 690 instaurare.
710 673 730 689 c.
746 665 785 689 10.
806 662 839 689 de
858 663 953 689 liacret.
970 665 991 689 l.
1005 666 1029 689 5.

191 706 222 733 cs.
242 706 309 733 Nov.
325 706 381 733 Val.
396 706 438 733 ΙΙΙ.
458 706 490 733 de
509 706 586 732 XXX
606 716 664 732 ann.
683 716 796 743 praescr.
814 705 842 732 ll.
857 708 897 733 27.
918 717 938 733 c.
954 709 975 732 1.
990 717 1028 743 pr.

226 749 459 776 Sollicitudo.
497 750 527 782 ς’.
548 751 582 776 1.
609 751 694 775 Cura
719 759 778 775 non
798 751 1027 776 intermittens.

189 791 233 818 111.
253 793 319 819 Gn.
343 791 486 818 Personale
505 801 598 818 munus
618 801 689 822 esse,
714 791 784 827 quod
804 793 975 829 corporibus,
995 792 1027 819 la-

190 835 268 865 bore,
296 845 353 861 cum
377 834 555 861 sollicitudine
579 835 655 860 animi
679 844 708 859 ac
727 834 858 869 vigilantia
878 835 1030 862 solemniter

190 878 299 904 exstitit.
320 877 350 904 sr.
366 879 388 903 1.
408 878 430 911 ς’.
443 879 467 903 3.
488 877 520 904 de
539 887 606 903 mun.
627 881 654 902 et
667 876 727 903 lion.
742 879 783 903 50.
799 880 822 903 4.
860 878 1029 914 Diligentiam

190 925 216 946 et
234 920 440 947 sollicitudinem
459 920 537 946 rebus
557 935 588 939 —
609 919 713 945 debere.
733 919 763 946 sr.
783 922 823 947 57.
844 931 882 957 pr.
904 921 936 947 de
956 921 986 947 V.
1001 921 1028 948 S.

188 965 230 989 50.
252 964 291 989 16.
321 963 369 989 Th.
391 963 420 989 C.
443 962 497 989 Vll.
519 964 540 988 l.
566 971 586 988 c.
609 964 648 988 13.
669 962 701 988 de
720 962 750 988 R.
771 963 804 989 Μ.
824 963 882 990 XII.
903 966 925 990 l.
946 975 966 991 c.
986 966 1028 990 33.

190 1005 222 1031 de
236 1005 369 1032 decurion.
389 1005 574 1032 Vniversitatis
588 1005 793 1032 sollicitudinem
808 1006 942 1034 advocare.
962 1007 1028 1033 Nov.

190 1047 247 1074 val.
267 1048 309 1075 Ill.
330 1049 362 1075 de
380 1048 453 1074 rcdd.
472 1049 528 1074 iure
548 1058 608 1073 arm.
629 1047 658 1073 ll.
679 1050 702 1074 9.
724 1059 744 1075 c.
763 1051 784 1075 l.
800 1065 831 1069 ——
852 1050 929 1083 §.2-
949 1053 1028 1077 Par-

189 1097 235 1118 tes
255 1094 392 1118 muueris
412 1093 600 1125 implendae.
641 1093 830 1119 I’raestatio
858 1096 971 1120 debita.
1009 1093 1026 1120 1.

189 1136 252 1169 Sy.
272 1134 348 1160 Cura.
370 1133 410 1160 Cf.
430 1134 455 1160 h.
475 1144 498 1160 v.
520 1134 540 1167 ξ.
555 1136 578 1159 3.
610 1133 712 1160 Munus.
734 1135 782 1161 Th.
799 1135 828 1161 C.
843 1136 912 1162 XIV.
928 1138 950 1162 4.
971 1147 992 1163 c.
1003 1138 1027 1162 9.

190 1176 223 1203 de
242 1186 309 1203 suar.
348 1176 423 1203 Onus
443 1176 573 1209 (tutelae.)
594 1187 614 1203 c.
628 1178 652 1202 2.
673 1187 693 1203 c.
708 1179 731 1204 4.
752 1178 783 1204 de
803 1178 873 1214 legit.
888 1184 935 1205 tut.
949 1181 972 1205 5.
986 1181 1027 1205 30.

188 1219 231 1245 111.
251 1220 316 1246 Gn.
336 1219 388 1245 Ybi
408 1219 489 1246 semel
509 1221 567 1256 quis
588 1220 613 1245 in
633 1230 661 1246 se
681 1222 810 1258 receperit
829 1222 977 1254 arbitrium,
997 1222 1028 1249 ad

189 1272 275 1288 curam
296 1267 321 1289 et.
340 1262 546 1289 sollicitudinem
565 1273 637 1289 suam
658 1262 723 1289 lianc
737 1274 789 1290 rem
804 1266 943 1301 pertinere.
961 1266 990 1292 l'r.
1004 1267 1027 1292 3.

187 1305 209 1339 §.
231 1307 252 1331 1.
273 1305 305 1331 de
324 1316 375 1332 rec.
396 1316 437 1341 qu.
458 1305 511 1331 arb.
526 1308 549 1332 4.
567 1309 590 1332 8.
612 1306 643 1332 cf.
665 1306 694 1332 fr.
710 1309 749 1333 13.
764 1317 802 1344 pr.
823 1307 855 1333 dc
874 1319 932 1334 anu.
952 1308 1027 1345 legat.

186 1349 228 1374 33.
250 1350 272 1375 1.
302 1348 373 1375 Paul.
395 1348 425 1375 V.
446 1350 468 1375 6.
495 1349 530 1382 ἐξ.
550 1351 574 1375 2.
594 1352 618 1376 9.
660 1350 702 1376 Ad
726 1350 931 1377 sollicitudinem
955 1362 1027 1378 suam

187 1389 297 1417 Praeses
317 1391 358 1418 Pr.
382 1396 496 1418 revocet.
526 1391 556 1419 fr.
576 1394 600 1418 6.
625 1394 646 1427 ξ.
667 1395 690 1419 4.
717 1393 749 1419 dc
774 1394 816 1420 off.
836 1394 922 1421 Praes.
946 1397 966 1421 l.
988 1397 1027 1422 18.

187 1432 276 1459 Luitio
297 1434 328 1460 ad
354 1434 458 1461 heredis
481 1434 687 1462 sollicitudinem
711 1442 820 1473 spectat.
850 1437 922 1464 Paul.
942 1438 984 1464 Ill.
1003 1440 1026 1464 6.

187 1476 209 1510 §.
235 1477 259 1503 8.
297 1476 456 1504 Sollicitudo
485 1478 648 1514 publicarum
677 1479 786 1506 aedium.
812 1495 843 1499 —
873 1480 979 1507 Viarum
1003 1487 1027 1507 et

186 1520 307 1556 pontium
326 1519 386 1546 soll.
406 1520 456 1546 Th.
472 1520 502 1547 C.
515 1521 560 1547 XI.
582 1522 621 1547 16.
642 1532 662 1548 c.
686 1523 724 1548 18.
745 1522 776 1549 cf.
797 1534 817 1551 c.
840 1526 878 1551 10.
899 1535 920 1551 c.
936 1527 976 1551 15.
996 1525 1028 1551 de

187 1567 253 1588 extr.
273 1572 294 1589 s.
314 1563 385 1589 sord.
422 1563 465 1590 Ad
484 1563 591 1590 eandem
610 1565 737 1597 militiam,
757 1566 799 1592 vel
813 1567 1027 1599 sollicitudinem,

186 1605 319 1632 remeandi
340 1608 388 1638 (sc.
408 1606 539 1637 facultas.)
558 1607 594 1633 th.
611 1607 652 1633 VI.
666 1609 707 1634 32.
727 1619 748 1635 c.
765 1611 786 1635 l.
807 1609 839 1636 de
858 1612 1026 1637 casti-cusian.

222 1648 424 1676 Sollicitus.
453 1649 591 1683 (Adieet.)
620 1653 722 1678 Anxie
745 1654 902 1688 diligens,
923 1656 1028 1680 Nimis

186 1693 343 1718 curiosus.
380 1691 422 1718 111.
436 1694 501 1720 Cn.
521 1692 643 1719 Sollicito
664 1699 789 1721 testatore
803 1697 962 1723 cunctationi
983 1697 1025 1730 [al.

188 1735 396 1768 cunctationem]
425 1740 451 1761 et
478 1746 575 1762 moram
603 1746 692 1763 eorum
715 1738 906 1774 proscribente.
935 1739 964 1766 fr.
985 1742 1026 1766 40.

188 1777 210 1810 §.
231 1778 253 1803 7.
273 1777 305 1803 de
322 1777 439 1804 statulib.
459 1780 499 1804 40.
520 1780 543 1805 7.
564 1778 629 1805 Soll.
651 1779 691 1808 de.
711 1790 734 1806 v.
755 1782 780 1806 in
801 1786 848 1808 ctc.
872 1781 901 1808 fr.
922 1784 946 1808 2.
966 1783 987 1816 ξ
1001 1785 1026 1809 2.

189 1819 221 1845 de
239 1819 307 1855 vulg.
329 1825 354 1846 et
373 1820 435 1857 pub.
455 1823 495 1848 28.
516 1822 539 1847 6.
563 1821 613 1848 Th.
634 1822 664 1848 C.
685 1823 717 1849 X.
741 1825 778 1849 10.
800 1834 820 1850 c.
843 1826 880 1850 16.
902 1824 934 1851 de
952 1827 1025 1862 petit.

188 1867 214 1888 et
234 1862 303 1888 ultro
323 1863 374 1889 dat.
413 1863 478 1890 Soll.
504 1874 552 1901 pro
577 1869 625 1891 etc.
645 1865 675 1892 fr.
694 1867 718 1892 3.
738 1867 759 1900 §
782 1868 820 1892 11.
841 1866 873 1893 de
892 1867 962 1895 hom.
980 1868 1025 1895 lib.

188 1905 275 1931 exhib.
298 1907 339 1932 43.
358 1907 400 1932 29.

222 1949 347 1975 So1on.
384 1951 627 1976 Atheniensium
655 1953 834 1986 legislator
857 1957 1026 1981 celeberri-

187 2002 261 2018 mus.
299 1991 341 2018 ΙΙΙ.
365 1993 431 2019 Cn·
460 1991 538 2027 Quod
559 1992 642 2019 Solon
663 1994 712 2027 [al.
732 1995 814 2029 Solo]
840 2001 864 2022 et
884 1997 971 2023 Draco
990 1997 1027 2024 di-

188 2039 257 2060 cunt.
279 2034 307 2060 fr.
327 2036 368 2060 23.
389 2045 427 2071 pr.
448 2034 480 2060 atl
499 2034 528 2061 L.
549 2035 595 2062 tul.
616 2036 647 2063 dc
667 2037 746 2064 adult.
766 2040 806 2064 48.
827 2041 849 2064 5.
870 2039 891 2072 ξ.
912 2042 935 2065 2,
955 2039 973 2066 I.
994 2039 1027 2066 de

189 2076 207 2103 1.
226 2076 256 2103 N.
280 2079 300 2103 l.
321 2079 345 2104 2.
383 2078 468 2113 Quam
493 2079 547 2111 (sc.
572 2078 671 2115 legem)
696 2080 808 2107 Athenis
832 2081 956 2108 Solonem
978 2081 1025 2117 [al.

189 2119 286 2154 Solon]
308 2120 404 2146 dicitur
424 2120 524 2147 tulisse.
544 2121 573 2147 fr.
596 2124 633 2148 13.
655 2122 698 2149 fin.
718 2124 825 2159 regund.
846 2126 884 2150 10.
906 2127 929 2151 1.
952 2124 981 2151 fr.
1001 2127 1025 2151 4.

190 2161 222 2188 de
240 2163 331 2199 colleg.
353 2168 378 2189 et
397 2174 469 2200 corp.
489 2166 529 2190 47.
549 2166 590 2190 22.

223 2206 421 2233 solvendo.
460 2206 499 2233 Cf.
519 2217 543 2233 v.
565 2207 681 2234 Solvere.
707 2209 727 2242 ξ.
747 2210 771 2236 3.

223 2248 388 2276 Solvere.
426 2250 457 2283 §.
470 2252 503 2276 l.
525 2251 725 2283 Dissolnere,
746 2254 902 2279 Exz'mere.
932 2253 950 2280 1.
963 2255 1024 2288 Sy.

189 2290 344 2316 Excludere.
367 2291 397 2318 fr.
417 2294 440 2319 6.
466 2292 497 2319 ad
522 2293 607 2319 exliib.
635 2295 674 2319 10.
694 2295 717 2319 4.
743 2293 771 2320 fr.
794 2296 815 2321 l.
834 2305 873 2332 pr.
898 2295 930 2322 de
953 2297 1024 2332 tigno

190 2334 288 2358 iuncto.
308 2334 348 2358 47.
368 2335 391 2359 3.
427 2335 579 2361 Resolvere.
609 2335 649 2362 Cf.
669 2335 694 2362 h.
714 2346 737 2362 V.
762 2337 783 2370 ξ.
805 2339 826 2362 l.
864 2337 1024 2375 Refringere.

190 2376 220 2402 t'r.
234 2377 275 2401 21.
296 2375 317 2408 ξ
332 2376 354 2401 8.
375 2375 407 2402 de
425 2377 485 2404 furt.
503 2380 543 2404 47.
562 2380 587 2404 2.

193 2463 231 2487 16.
268 2460 311 2487 111.
332 2462 396 2488 Cn·
425 2460 454 2487 L.
478 2462 527 2488 Xll
550 2463 631 2490 Tabb⁴
657 2475 741 2501 neque
769 2464 873 2491 solvere
897 2467 1025 2502 permittit

190 2504 287 2539 tignum
308 2519 339 2523 —-
359 2505 483 2535 iunctum,
503 2514 586 2541 neque
604 2507 744 2533 vindicare.
763 2507 792 2533 fr.
814 2509 836 2533 l.
856 2518 894 2544 pr.
915 2508 931 2534 l.
945 2511 985 2535 47.
999 2511 1022 2536 3.

191 2546 220 2572 Si
239 2546 389 2582 magnitudo
409 2548 464 2573 eius
484 2548 532 2579 (sc.
554 2548 679 2582 fluminis)
699 2549 884 2586 impedimento
903 2551 945 2581 sit,
968 2553 1023 2578 sive
1045 2572 1046 2576 .

1045 2587 1046 2598 ³
1069 2597 1109 2618 est
1127 2590 1184 2622 dos,
1204 2599 1253 2625 qua
1273 2594 1297 2615 et
1317 2589 1384 2615 solvi
1404 2589 1489 2615 debet.
1509 2588 1538 2614 fr.
1557 2590 1597 2614 65.
1618 2589 1639 2621 ξ.
1661 2590 1700 2615 16.
1720 2599 1767 2626 pro
1787 2599 1840 2617 soc.
1860 2593 1899 2617 17.

190 2599 257 2626 pons
276 2589 379 2615 solutus
398 2590 441 2620 sit,
460 2589 502 2615 vel
522 2591 650 2625 navigium
668 2603 720 2618 non
740 2598 799 2619 stet.
823 2593 852 2619 fr.
872 2595 896 2619 2.
915 2595 937 2627 §.
958 2596 980 2620 7.
1001 2596 1023 2621 si

191 2642 232 2668 qu.
253 2636 330 2657 cautt.
350 2634 373 2657 2.
395 2634 434 2658 11.
471 2632 501 2658 Si
523 2633 658 2667 imaginem
677 2650 708 2654 —
727 2635 837 2667 dei-nsit,
862 2641 887 2662 et
910 2636 1024 2664 tabulam

190 2674 278 2700 solvit.
297 2673 326 2700 fr.
348 2676 387 2700 12.
408 2674 440 2701 de
460 2685 521 2701 auro
541 2685 591 2711 arg.
609 2678 650 2701 34.
669 2678 693 2702 2.
730 2678 758 2704 Si
778 2679 953 2716 compeditum
972 2690 1024 2706 ser·

190 2728 250 2744 vum
269 2727 366 2748 meum,
386 2722 415 2743 ut
434 2716 545 2753 fugeret,
565 2717 685 2744 solveris.
710 2718 739 2745 fr.
759 2723 781 2747 7.
805 2722 827 2755 ξ
848 2723 870 2748 7.
895 2722 927 2748 de
946 2722 971 2749 d.
991 2733 1023 2749 m.

190 2762 214 2787 4.
233 2762 256 2787 3.
277 2760 305 2786 sr.
327 2761 349 2786 7.
369 2769 407 2796 pr.
428 2759 518 2796 depos.
540 2761 578 2786 16.
598 2761 621 2786 3.
636 2776 666 2780 —-
687 2760 717 2793 ξ.
729 2763 764 2788 2.
782 2765 949 2797 Liberare,
970 2767 1025 2792 Fi-

191 2805 268 2830 nire.
306 2802 324 2829 I.
349 2803 410 2836 Sy·
433 2802 589 2830 Dissolvere
608 2802 804 2839 (obligationem
823 2807 885 2841 etc.)
905 2807 961 2834 Gai.
980 2807 1023 2833 111.

624 2378 653 2405 ll.
669 2380 735 2412 ⁰11.
755 2379 886 2415 Adligare.
906 2380 947 2407 Cf.
963 2381 985 2407 li.
1000 2392 1024 2407 v.
1046 2391 1047 2395 ¹

190 2419 211 2452 ξ.
233 2420 254 2444 1.
292 2417 398 2449 Trueri,
419 2435 449 2438 —
469 2420 543 2447 Solvi
563 2422 709 2453 (vinculis.)
730 2422 758 2448 fr.
777 2424 816 2448 45.
838 2422 870 2448 de
890 2422 920 2449 V.
937 2423 963 2449 S.
983 2426 1023 2451 50.
1046 2437 1048 2458 g

1849 155 1911 186 897

1081 236 1138 261 160.
1159 236 1216 260 170.
1236 233 1266 260 sr.
1282 236 1303 260 7.
1324 234 1356 261 dc
1375 234 1468 262 divort.
1484 237 1525 262 24.
1544 237 1568 262 2.
1605 234 1738 267 Liberare,
1757 235 1845 262 Fiuire
1863 237 1913 273 (pi-

1077 287 1143 313 gnus
1164 277 1225 309 etc.)
1245 276 1275 303 fr.
1296 279 1318 303 1.
1338 278 1359 310 ξ.
1381 280 1402 304 1.
1423 278 1452 304 fr.
1472 280 1495 304 3.
1516 278 1545 305 l'r.
1565 280 1588 304 4.
1609 278 1630 312 §.
1654 280 1674 304 l.
1695 278 1724 304 fr.
1744 280 1768 306 5.
1788 289 1826 316 pr.
1846 280 1867 313 ᾗ.
1887 282 1911 305 2.

1077 320 1128 355 Qu.
1148 319 1218 346 mod.
1236 320 1305 356 pign.
1325 321 1366 346 20.
1386 321 1409 346 6.
1448 320 1529 347 Fatali
1549 323 1706 348 necessitate
1725 322 1810 348 eximi.
1835 322 1913 348 Diem

1075 363 1144 388 vitae
1163 362 1274 388 solvere.
1295 361 1343 388 Th.
1360 362 1389 389 C.
1405 362 1434 390 V.
1449 366 1472 390 2.
1493 375 1513 390 c.
1529 366 1550 390 1.
1571 364 1603 390 de
1616 364 1676 390 bon.
1691 364 1777 391 decur.
1801 364 1830 390 II.
1844 366 1912 399 ΟΡ.

1075 404 1229 431 Permanere
1248 406 1282 435 in,
1303 420 1334 424 —
1355 404 1429 432 Solvi
1450 406 1582 439 (militia.)
1602 406 1638 432 lb.
1658 407 1715 433 ΧΠ.
1736 409 1758 434 1.
1779 417 1800 433 c.
1821 409 1860 433 11.
1880 407 1913 433 de

1076 447 1210 474 decurion.
1246 447 1356 479 Durare,
1376 448 1488 476 Manere.
1502 465 1533 468 —
1547 449 1621 475 Solvi
1640 449 1836 485 (obligationem
1850 450 1913 483 etc.)

1076 489 1116 516 Cf.
1136 500 1160 516 v.
1180 490 1290 516 Durare.
1311 491 1331 524 §.
1351 492 1376 516 2.
1395 500 1419 516 v.
1439 491 1550 518 Manere.
1576 493 1597 525 ξ.
1616 493 1638 517 3.
1675 492 1798 520 111ίή.
1817 492 1912 519 Omnis

1074 534 1114 558 vis
1135 535 1282 559 testamenti
1302 533 1421 560 solvitur.
1447 534 1476 560 fr.
1499 536 1554 561 1231.
1576 534 1607 560 de
1625 534 1656 560 lt.
1677 534 1694 560 1.
1715 537 1756 561 50.
1778 537 1817 561 17.
1853 535 1912 562 Irri-

1076 580 1125 601 tam
1146 577 1291 602 cautionem
1312 586 1370 603 esse
1390 576 1490 607 factam,
1511 581 1536 603 et
1554 578 1671 614 pignoris
1691 577 1823 604 vinculum
1842 578 1911 605 solu-

1074 623 1136 644 tum.
1158 618 1186 644 fr.
1206 620 1248 644 39.
1273 620 1292 652 ξ.
1314 622 1337 646 5.
1358 619 1390 646 de
1409 619 1474 646 adm.
1495 624 1520 645 et
1538 621 1617 656 perio.
1636 622 1677 646 26.
1698 622 1719 646 7.
1757 620 1806 653 Vt,
1825 621 1911 648 soluta

1075 661 1123 686 iam
1143 671 1219 687 causa
1239 662 1358 698 precarii,
1377 672 1429 688 non
1449 662 1647 697 redintegretur.
1667 662 1696 689 fr.
1717 665 1740 689 5.
1760 663 1792 690 dc
1811 674 1910 701 precar.

1074 705 1114 729 43.
1138 705 1179 730 26.
1218 703 1362 737 petitione,
1388 704 1585 742 acceptilatione
1614 707 1689 731 unius
1717 711 1771 732 tota
1799 706 1912 733 solvitur

1074 746 1206 782 obligatio.
1228 746 1256 772 fr.
1269 749 1293 773 2.
1314 747 1346 773 de
1366 747 1443 773 duob.
1463 749 1522 774 reis.
1536 750 1577 774 45.
1591 750 1615 774 2.
1636 748 1666 774 fr.
1679 750 1720 774 21.
1741 748 1773 775 dc
1791 749 1910 787 acceptil.

1073 790 1114 814 46.
1134 791 1158 815 4.
1184 788 1215 815 cf.
1241 789 1271 815 fr.
1291 791 1332 816 95.
1357 790 1377 824 §
1400 792 1440 817 12.
1463 790 1496 817 de.
1518 790 1596 817 solut.
1617 792 1659 816 46.
1679 793 1703 818 3.
1741 791 1770 818 Si
1790 808 1819 811 —
1840 802 1911 819 mors

1074 831 1225 857 alterutrius
1245 833 1414 864 interveniat,
1435 849 1464 852 —
1485 833 1598 859 solvitur
1616 834 1772 860 mandatum.
1793 834 1848 861 Gai.
1868 835 1910 862 III.

1075 876 1132 900 160.
1153 873 1181 900 fr.
1196 876 1219 900 6.
1240 874 1272 900 de
1291 875 1382 901 iurisd.
1399 877 1422 901 2.
1445 878 1466 902 l.
1503 875 1629 902 Iudicium
1649 876 1717 903 solvi
1737 879 1832 909 (morte
1851 879 1910 911 rei.)

1075 915 1198 952 Cognitio
1219 917 1337 944 solvitur.
1359 917 1388 944 fr.
1410 920 1449 944 ll.
1472 918 1501 945 fr.
1522 921 1563 945 55.
1583 919 1615 945 de
1634 919 1712 945 indic.
1731 923 1755 946 5.
1776 922 1798 946 1.
1819 920 1848 947 fr.
1870 924 1909 948 11.

1074 958 1106 985 de
1130 969 1202 996 susp.
1228 965 1273 986 tut.
1298 962 1339 986 26.
1366 963 1404 987 10.
1449 961 1565 999 Tempus
1593 962 1756 988 vinculorum
1786 964 1909 991 solutum.

1073 1001 1102 1028 fr.
1122 1004 1163 1028 33.
1188 1002 1220 1028 dc
1244 1013 1318 1039 poen.
1343 1006 1384 1030 ⁴5.
1406 1005 1445 1030 19.
1484 1006 1557 1039 Quae
1582 1006 1637 1037 (sc.
1656 1006 1779 1038 missio.)
1802 1012 1911 1043 propter

1073 1044 1262 1076 valetudinem,
1287 1045 1420 1072 laboribus
1440 1046 1546 1073 militiae
1565 1047 1653 1074 solvit.
1678 1048 1706 1074 fr.
1726 1050 1750 1074 2.
1770 1049 1807 1082 ἐξ
1826 1052 1850 1076 2,
1870 1060 1910 1087 sq.

1073 1087 1105 1114 de
1124 1087 1148 1114 h.
1169 1098 1211 1124 qu.
1232 1093 1285 1114 not.
1305 1088 1350 1114 inf.
1369 1091 1392 1115 3
1412 1091 1435 1115 2.
1462 1090 1491 1115 fr.
1514 1091 1552 1115 13.
1573 1091 1594 1123 ξ.
1613 1092 1637 1116 3.
1658 1090 1688 1116 fr.
1709 1092 1748 1117 16.
1768 1102 1807 1128 pr.
1827 1093 1860 1119 de
1878 1093 1908 1120 R.

1072 1131 1104 1157 M.
1126 1132 1169 1157 49.
1188 1132 1227 1157 16.
1265 1131 1375 1158 Solvere
1400 1142 1428 1157 se
1448 1131 1524 1158 buius
1544 1132 1608 1169 legis
1629 1135 1792 1161 necessitate.
1818 1135 1848 1162 fr.
1868 1138 1909 1162 45.

1073 1175 1094 1207 ξ.
1114 1176 1138 1200 5.
1163 1173 1196 1200 de
1219 1173 1249 1200 R.
1270 1173 1301 1200 N.
1325 1176 1366 1200 23.
1386 1176 1409 1200 2.
1448 1174 1573 1212 Princeps
1602 1175 1702 1212 legibus
1730 1177 1834 1204 solutus
1862 1184 1908 1206 est.

1074 1217 1103 1243 fr.
1123 1219 1164 1243 31.
1186 1216 1218 1243 de
1238 1216 1289 1243 LL.
1312 1219 1334 1243 1.
1354 1218 1377 1244 3.
1403 1233 1435 1237 —-
1463 1218 1494 1251 §0
1515 1219 1551 1244 3.
1572 1221 1746 1246 Praestare
1764 1222 1808 1252 id,
1829 1224 1912 1255 quod

1072 1262 1207 1286 debetur.
1229 1262 1386 1286 Liberare
1405 1271 1435 1286 se
1454 1270 1526 1287 aere
1545 1263 1650 1288 alieno
1671 1263 1728 1294 (ita,
1748 1268 1775 1289 ut
1795 1273 1836 1289 res
1857 1275 1910 1291 cre-

1072 1302 1165 1329 ditoris
1184 1303 1251 1335 fiat.)
1288 1302 1306 1329 Ι,
1326 1304 1388 1337 Sy.
1415 1303 1570 1330 Exsolvere.
1598 1303 1638 1330 Cf.
1659 1304 1683 1330 h.
1704 1315 1727 1331 v.
1748 1306 1768 1339 ξ.
1789 1308 1813 1333 2.
1851 1306 1910 1334 Per·

1071 1345 1181 1372 solvere.
1203 1345 1243 1372 Cf.
1263 1345 1288 1372 li.
1302 1356 1325 1372 v.
1348 1345 1475 1379 Pendere,
1495 1345 1644 1373 Numerare.
1666 1346 1706 1373 Cf.
1726 1347 1750 1374 h.
1770 1358 1811 1375 vv.
1831 1349 1909 1382 Dare,

1071 1388 1192 1414 Reddere
1212 1390 1381 1426 (pecuniam.)
1407 1389 1436 1416 fr.
1456 1391 1498 1415 21.
1517 1400 1556 1426 pr.
1577 1389 1609 1416 de
1628 1389 1659 1416 N.
1680 1389 1710 1416 G.
1731 1392 1755 1417 3.
1775 1393 1798 1417 5.
1819 1392 1848 1418 fr.
1868 1395 1909 1420 23.

1072 1441 1110 1468 pr.
1130 1432 1151 1465 §.
1171 1433 1195 1458 3.
1216 1433 1267 1466 Qu.
1287 1437 1346 1458 met.
1367 1442 1388 1458 c.
1409 1433 1432 1458 4.
1452 1434 1475 1458 2.
1496 1432 1526 1458 fr.
1541 1434 1582 1458 59.
1602 1433 1624 1466 ξ.
1637 1435 1661 1459 2.
1682 1433 1714 1459 de
1729 1433 1760 1460 V.
1772 1433 1799 1460 S.
1814 1437 1854 1461 50.
1870 1437 1910 1463 16.

1072 1474 1113 1500 ill.
1128 1476 1193 1501 Gn.
1214 1474 1332 1506 Solvere,
1352 1474 1394 1500 vel
1414 1484 1444 1500 eo
1464 1475 1568 1501 nomine
1587 1475 1745 1503 satisfacere.
1766 1476 1807 1504 Cf.
1826 1488 1851 1504 v.
1866 1478 1910 1505 Sa-

1073 1518 1200 1543 tisfacere.
1225 1518 1246 1551 §.
1267 1520 1290 1544 5.
1328 1517 1356 1543 Si
1381 1518 1543 1554 expresserIt
1566 1517 1643 1544 iudex
1663 1528 1788 1546 summam
1807 1521 1832 1546 in
1852 1531 1910 1548 sen-

1072 1562 1161 1589 tentia,
1181 1560 1303 1596 solvique
1323 1561 1438 1591 iusserit,
1457 1559 1499 1586 vel
1518 1562 1653 1596 praestari.
1674 1561 1703 1587 fr.
1717 1564 1758 1588 59.
1772 1572 1810 1599 pr.
1831 1564 1863 1591 de
1882 1575 1910 1591 re

1072 1603 1124 1629 iud.
1138 1605 1178 1629 42.
1201 1605 1222 1629 l.
1261 1603 1341 1639 Quod
1361 1608 1388 1629 tu
1407 1602 1470 1628 milii
1489 1603 1628 1635 iudicatus,
1649 1605 1705 1630 sive
1725 1604 1860 1633 damnatus
1881 1618 1909 1634 es

1071 1646 1128 1672 HS.
1149 1646 1232 1677 milia,
1257 1656 1322 1682 quae
1342 1645 1365 1672 d.
1386 1656 1418 1673 m.
1443 1656 1494 1671 non
1519 1645 1622 1672 solvisti
1648 1652 1696 1673 etc.
1726 1647 1782 1674 Gai.
1803 1648 1846 1675 lV.
1866 1652 1908 1676 21.

1071 1689 1110 1715 Ne
1130 1690 1188 1725 quis
1213 1688 1354 1715 iudicatum
1378 1687 1477 1719 facere,
1501 1698 1567 1714 neve
1591 1689 1694 1716 solvere
1713 1690 1813 1717 debeat.
1835 1692 1864 1719 fr.
1884 1694 1908 1720 6.

1048 1741 1050 1748 ⁴
1071 1731 1103 1758 de
1123 1731 1202 1758 feriis.
1221 1733 1244 1757 2.
1267 1733 1306 1757 12.
1344 1730 1437 1757 Omnis
1457 1732 1562 1757 omnino
1582 1731 1692 1758 faciendi
1712 1743 1801 1765 causa,
1821 1734 1908 1769 dandi.v

1070 1774 1201 1805 solvendi,
1220 1773 1371 1800 numerandi
1391 1779 1439 1800 etc.
1459 1773 1488 1800 fr.
1508 1775 1566 1800 218.
1587 1774 1619 1800 de
1639 1774 1669 1801 V.
1684 1775 1766 1803 S.50.
1782 1778 1820 1804 16.
1850 1778 1908 1805 Non

1070 1822 1179 1854 propter
1198 1816 1298 1843 lucrum
1317 1818 1476 1854 petentium,
1496 1816 1542 1843 sed
1563 1823 1670 1854 propter
1689 1829 1786 1845 moram
1805 1820 1908 1848 solven-

1071 1861 1143 1891 tium,
1163 1860 1315 1895 infliguntur
1334 1862 1382 1892 (sc.
1402 1861 1517 1892 usurae.)
1536 1860 1564 1886 fr.
1586 1862 1624 1886 17.
1646 1862 1703 1894 §.11
1724 1861 1757 1888 de
1776 1873 1846 1890 usur.
1865 1867 1907 1890 22.

1074 1906 1094 1930 1.
1126 1903 1192 1929 Huic
1215 1902 1326 1940 proinde
1352 1903 1419 1928 actio
1444 1904 1580 1939 competit,
1606 1904 1770 1941 proindeque
1794 1907 1816 1932 ei
1837 1913 1907 1934 recte

1071 1946 1183 1972 solvitur
1207 1956 1235 1972 ac
1259 1945 1343 1971 nobis.
1373 1944 1428 1971 Gai.
1448 1945 1490 1971 111.
1513 1947 1568 1972 lll.
1606 1946 1634 1973 Si
1660 1946 1733 1974 CCC
1757 1951 1906 1985 promiserit

1071 2000 1118 2027 per
1136 1991 1201 2020 vim,
1226 1993 1251 2014 et
1277 1988 1393 2014 solverIt.
1420 1988 1449 2014 fr.
1472 1990 1510 2014 14.
1531 1989 1552 2022 ς.
1574 1990 1613 2015 14.
1646 1990 1696 2025 Qu.
1717 1996 1776 2017 met.
1798 2002 1817 2017 c.
1838 1995 1861 2018 4.
1880 1995 1905 2018 2.

1071 2034 1202 2068 Quotiens
1222 2033 1279 2068 quis
1299 2031 1403 2057 debitor
1422 2031 1587 2068 expluribus
1601 2034 1686 2058 causis
1699 2043 1777 2060 unum
1791 2033 1906 2062 debitum

1070 2076 1158 2102 solvit.
1183 2075 1212 2101 fr.
1236 2077 1257 2101 l.
1277 2074 1309 2100 de
1333 2073 1411 2100 solut.
1430 2076 1471 2100 46.
1490 2076 1514 2100 3.
1535 2074 1565 2101 cf.
1591 2075 1620 2101 fr.
1640 2077 1665 2101 6.
1686 2077 1707 2109 ξ,
1727 2078 1750 2103 9.
1771 2076 1803 2103 de
1821 2077 1853 2104 N.
1873 2078 1904 2105 G.

1069 2120 1092 2145 3.
1113 2121 1136 2145 5.
1175 2118 1254 2153 Quod
1273 2127 1340 2154 opus
1360 2118 1394 2143 sit
1413 2117 1444 2143 ad
1464 2117 1618 2144 solvendum
1638 2128 1680 2144 aes
1700 2118 1819 2147 alienum.
1840 2121 1904 2149 sr.5.

1069 2163 1090 2196 ᾗ.
1108 2164 1146 2187 10.
1167 2161 1198 2187 de
1217 2160 1271 2187 reb.
1293 2170 1344 2186 eor.
1366 2161 1408 2196 qui
1424 2170 1443 2186 s.
1461 2165 1507 2186 tut.
1521 2162 1562 2186 27.
1577 2162 1600 2186 9.
1622 2160 1677 2187 Gai.
1692 2161 1732 2188 llI.
1749 2164 1806 2189 172.
1831 2163 1905 2191 Sum-

1069 2214 1134 2230 mam
1154 2214 1254 2240 poenae
1273 2204 1377 2241 nomi-ne
1396 2202 1506 2229 solvere.
1544 2202 1655 2229 Poenam
1679 2214 1750 2230 snam
1773 2205 1838 2232 solv.
1866 2207 1903 2233 Id.

1069 2246 1112 2273 IV.
1130 2248 1185 2273 167.
1206 2247 1234 2273 fr.
1249 2248 1272 2272 6.
1291 2256 1322 2272 ne
1340 2256 1383 2281 qu.
1405 2256 1469 2271 enm.
1489 2248 1513 2271 2.
1535 2247 1557 2271 7.
1594 2246 1723 2273 Dccidcre
1742 2250 1859 2284 pecunia,
1879 2254 1905 2276 et

1069 2290 1180 2316 solvere.
1201 2289 1285 2315 11:26.
1306 2290 1326 2322 ς.
1345 2291 1382 2314 12.
1403 2288 1434 2314 de
1454 2288 1528 2314 cond.
1549 2288 1636 2315 indeb.
1652 2291 1723 2316 12.(5.
1749 2291 1802 2316 Aut
1820 2292 1904 2328 ipsam

1069 2335 1117 2366 (sc.
1132 2334 1199 2363 rem)
1220 2332 1347 2358 redimere
1366 2336 1391 2357 et.
1410 2336 1550 2368 praestare.
1570 2336 1613 2357 aut
1629 2333 1834 2359 aestimationem
1848 2336 1903 2361 eius

1069 2376 1181 2402 solvere.
1202 2375 1258 2401 Gai.
1272 2375 1302 2400 lt.
1316 2376 1374 2400 262.
1395 2374 1425 2400 cf.
1445 2376 1503 2400 220.
1541 2374 1575 2405 Is.
1595 2376 1634 2400 cui
1655 2374 1855 2403 fideicommissa
1874 2377 1904 2404 li-

1069 2420 1155 2446 bertas
1180 2418 1264 2444 soluta
1285 2422 1332 2442 est.
1359 2416 1441 2442 tatic.
1466 2417 1487 2450 §
1507 2419 1564 2443 225.
1602 2417 1629 2442 Iu
1653 2417 1781 2444 frumento
1805 2421 1902 2455 potius,

1069 2473 1144 2499 qnam
1164 2463 1190 2487 iu
1215 2461 1337 2496 pecunia.
1363 2459 1467 2486 solvor«-
1490 2461 1625 2495 prnsionis
1649 2466 1782 2497 exceptam
1805 2463 1903 2498 portio-

1069 2516 1135 2531 nem.
1156 2505 1185 2531 l'r.
1202 2505 1242 2529 19.
1263 2504 1284 2537 ξ
1299 2505 1321 2529 3.
1342 2502 1417 2529 locat.
1434 2505 1472 2529 19.
1487 2505 1510 2529 2.
1539 2502 1649 2529 Solvere
1668 2504 1692 2528 in
1713 2513 1813 2530 usuras.
1833 2504 1863 2531 fr.
1877 2507 1900 2532 5.

1068 2549 1089 2582 ξ.
1110 2550 1133 2573 2.
1154 2547 1185 2573 cf.
1205 2546 1234 2572 fr.
1256 2548 1277 2572 1.
1298 2546 1330 2572 de
1350 2546 1427 2572 solut.
1447 2547 1488 2571 46.
1507 2547 1531 2571 3.
1568 2545 1664 2571 Eadem
1688 2545 1729 2572 die
1753 2548 1901 2584 recipienda

1067 2637 1090 2660 2.
1129 2633 1195 2660 Cum
1215 2632 1335 2659 solvendi
1354 2638 1457 2668 tempus
1477 2630 1628 2666 obligationi
1653 2631 1764 2658 additur.
1792 2632 1821 2660 fr.
1843 2634 1899 2660 186.

1069 2677 1100 2703 de
1122 2676 1152 2702 R.
1173 2676 1191 2702 1.
1210 2678 1251 2702 50.
1272 2678 1312 2702 17.
1350 2675 1444 2701 Animo
1468 2673 1603 2705 solvendi,
1626 2684 1648 2701 v.
1674 2674 1800 2701 Solvendi
1824 2686 1899 2702 causa

1068 2719 1163 2752 (darc.)
1183 2719 1239 2745 Gai.
1253 2719 1294 2745 lll.
1308 2720 1349 2744 91.
1370 2719 1427 2743 174.
1463 2716 1597 2743 solvendo
1616 2727 1682 2743 esse.
1710 2717 1830 2744 Solidum
1848 2717 1900 2743 sol-

1067 2772 1128 2788 vere
1147 2772 1234 2798 posse.
1258 2761 1289 2787 fr.
1310 2762 1332 2786 1.
1357 2760 1394 2794 ἐξ.
1416 2761 1454 2785 12.
1475 2769 1513 2794 sq.
1537 2759 1569 2786 de
1587 2761 1700 2797 magistr.
1721 2771 1794 2787 conv.
1813 2762 1853 2786 27.
1873 2760 1897 2786 8.

1068 2805 1097 2832 fr.
1118 2806 1175 2832 114.
1200 2805 1232 2832 de
1251 2803 1282 2830 V.
1302 2802 1329 2829 S.
1349 2804 1390 2828 50.
1410 2803 1450 2829 16.
1475 2802 1530 2829 Gai.
1550 2802 1590 2830 111,
1616 2805 1672 2830 121.
1697 2813 1736 2840 sq.
1755 2805 1813 2829 205.
1848 2801 1898 2828 Re-

1409 2846 1458 2872 113
