2197 3121
254 186 318 217 636

257 277 310 294 non
325 272 453 294 teneatur.
468 266 511 300 [al.
526 265 594 292 Num
609 265 747 298 teneatur]
763 265 837 301 quasi
851 269 899 291 etc.
920 263 950 290 sr.
963 266 1005 290 25.
1020 263 1042 297 5
1058 265 1097 290 15.

257 310 290 337 de
309 310 396 337 hered.
417 315 468 346 pet.
488 312 510 335 5.
531 311 555 335 3.
592 308 660 334 Num
680 308 747 335 sorte
767 313 816 334 etc.
837 307 867 334 fr.
882 309 920 334 16.
942 317 980 344 pr.
1001 306 1033 333 de
1054 307 1099 332 mi-

257 364 314 380 nor.
334 355 357 379 4.
376 355 400 379 4.
421 352 450 378 l'r.
472 353 494 378 7.
514 352 535 385 5.
558 353 597 377 13.
618 362 709 379 comm.
730 351 782 378 div.
804 353 843 377 10.
863 353 886 377 3.
924 350 1031 381 1’ί(1(ϊι·,
1050 349 1100 376 Ae-

257 398 371 426 stimare,
391 405 452 421 num
466 399 514 421 etc.
535 394 719 421 Gai.111.179.
739 394 769 420 fr.
783 396 824 420 57.
845 394 866 428 5.
882 396 903 420 1.
924 393 957 419 de
976 393 1098 419 eviction.

257 441 299 466 21.
318 441 341 464 2.
363 438 392 464 fr.
412 440 435 464 5.
461 437 482 471 5.
503 439 543 464 11.
568 436 601 464 de
625 447 729 473 agnose.
749 442 774 463 et
796 436 880 463 aleud.
900 438 942 463 25.
961 438 984 463 3.
1005 435 1055 469 (cf.
1075 446 1098 462 v.

258 480 413 517 Numquid.)

293 526 415 551 Numa
430 523 650 557 Pompilius.
671 525 736 550 Rex
755 526 970 551 Romanorum
990 532 1099 548 secun-

258 569 325 593 dus.
362 566 404 592 111.
420 568 486 593 Cn.
505 566 593 603 Ipsum
609 565 748 593 Romulum
769 571 794 592 et
812 566 922 592 Numam
942 564 1099 602 Pompilium

259 609 336 636 binos
357 610 520 645 Quaestores
539 609 672 636 habuisse.
692 609 722 636 sr.
739 611 760 635 l.
780 619 819 647 pr.
840 608 873 636 de
892 609 936 635 off.
957 608 1098 644 Quaestor.

260 654 282 679 l.
304 654 344 679 13.

293 696 560 723 Numantinus.
604 697 695 723 Ciris
734 697 948 727 Numantiae,
986 695 1101 729 oppidi

259 741 445 773 Hispaniae
462 741 727 766 Tarraconensis.
748 738 790 764 111.
803 740 869 766 Gn.
888 738 1019 765 Hostilius
1030 737 1100 764 Man-

259 783 347 813 cinus,
373 792 450 818 quem
475 782 625 808 Numantini
650 782 700 808 sibi
725 781 842 808 deditum
861 792 914 808 non
933 785 1099 818 acceperuut.

259 825 290 852 fr.
312 827 350 852 17.
369 825 402 852 de
423 825 543 861 legation.
563 827 604 850 50.
625 826 648 851 7.

260 997 356 1030 (divini
376 997 511 1029 numinis.)
532 997 561 1023 fr.
582 998 605 1023 8.
625 1007 657 1034 pr
684 997 717 1023 de
736 997 812 1024 cond.
832 999 893 1024 inst.
912 998 953 1023 28.
975 999 997 1023 7.
1018 996 1047 1023 fr.
1059 998 1100 1022 30,

260 1040 293 1067 de
311 1050 387 1077 poen.
408 1042 449 1066 48.
471 1041 509 1066 19.
546 1039 589 1066 III.
609 1041 675 1067 (Ἶι.
700 1040 849 1078 Supernum
873 1050 976 1067 numen.
1000 1038 1049 1065 Th.
1070 1038 1100 1065 C.

260 1126 293 1153 de
312 1131 424 1163 apostat.
445 1142 477 1145 —
501 1127 532 1159 θ’.
553 1128 588 1153 2.
610 1128 822 1160 Imperatoris
840 1137 979 1161 persona
998 1135 1102 1152 sacro-

260 1176 381 1196 sancta.
428 1168 470 1195 111.
491 1171 556 1197 Cn.
587 1169 651 1195 Tam
679 1179 809 1207 supernae
836 1170 997 1201 maiestatis,
1026 1179 1102 1205 quam

260 1213 345 1239 nostri
365 1213 479 1238 numinis
499 1213 641 1244 (olli-usa.)
667 1212 733 1239 Nor.
755 1212 804 1239 Th.
824 1212 853 1238 11.
875 1212 907 1238 de
931 1213 1064 1249 coinpetit.
1084 1211 1102 1238 1.

262 1258 302 1282 17.
327 1266 348 1282 c.
367 1258 392 1281 2.
417 1256 438 1289 5.
459 1257 482 1281 6.
520 1255 618 1281 Nostro
644 1256 742 1281 numini
766 1261 790 1281 et
809 1256 906 1281 vestris
925 1255 1102 1292 potestatibus

261 1298 492 1331 (reservandum.)
518 1298 567 1324 Th.
588 1297 618 1325 C.
639 1298 706 1325 UH.
726 1301 749 1324 5.
776 1309 796 1325 e.
816 1300 858 1324 40.
883 1298 915 1325 de
939 1308 1018 1325 eursu
1040 1298 1102 1335 pub.

262 1342 374 1369 Genitor
392 1342 505 1367 numinis
525 1343 610 1368 nostri
630 1341 864 1373 (Yalentinianus.)
885 1341 979 1367 lb.1‘1.
999 1344 1022 1367 5.
1044 1352 1064 1367 c.
1078 1344 1102 1367 2.

261 1390 290 1412 ut
314 1385 403 1421 dignit.
433 1384 498 1410 ordo
523 1395 590 1411 serv.
633 1384 742 1411 Praetor
765 1385 847 1411 divini
872 1385 986 1411 numinis
1010 1385 1102 1410 nostri.

260 1428 298 1455 Ib.
318 1427 361 1454 Vl.
381 1429 405 1453 4.
426 1438 447 1454 c.
466 1429 508 1454 32.
529 1427 561 1453 de
580 1427 664 1454 Praei.
685 1434 710 1454 et
730 1428 782 1463 Qu.

296 1472 520 1498 Numerare.
545 1472 575 1504 ᾖ.
591 1472 625 1497 1.
646 1473 875 1498 Aduumerare.
911 1471 929 1497 I.
947 1472 1008 1505 sy.
1029 1470 1103 1506 Quae

262 1524 369 1541 numero
398 1519 532 1540 constant.
563 1514 636 1549 Quas
662 1513 821 1540 numerando
846 1513 937 1540 damus
962 1517 1014 1545 (sc.
1036 1514 1103 1544 res.)

262 1557 320 1584 Gai.
340 1557 369 1583 11.
396 1558 442 1583 196
474 1556 516 1583 111.
536 1558 577 1583 90.
615 1556 802 1583 Adnumerare.
827 1556 863 1583 lb.
885 1556 926 1583 111.
946 1558 987 1583 90.
1013 1556 1042 1583 sr.
1062 1558 1104 1583 35.

262 1601 284 1634 5.
307 1603 327 1626 1.
353 1600 385 1626 de
409 1605 491 1626 contr.
517 1605 576 1626 emt.
599 1602 637 1626 ls.
660 1602 682 1626 1.
703 1616 734 1620 —
759 1600 790 1633 §-
811 1601 846 1626 2.
875 1600 1104 1631 Dinumerare,

263 1645 472 1677 computare.
493 1645 671 1669 Recensere.
710 1642 728 1669 1.
744 1644 806 1677 Sy.
826 1642 995 1680 Computare.
1017 1642 1058 1669 Cf.
1078 1642 1103 1668 h.

261 1696 286 1712 v.
305 1686 325 1719 5
340 1688 363 1711 2.
393 1685 540 1717 Contineri,
561 1686 706 1715 Numerari,
727 1686 830 1712 llaberi.
851 1686 880 1712 sr.
895 1687 919 1712 9.
937 1696 975 1723 pr.
991 1685 1023 1712 de
1036 1690 1104 1723 pact.
1127 1681 1128 1703 i

261 1731 287 1755 2.
304 1730 342 1754 14.
363 1728 392 1754 fr.
411 1730 449 1754 11.
470 1729 491 1762 5
509 1730 530 1755 7.
552 1729 584 1755 de
603 1740 659 1756 exe.
679 1730 716 1755 rei
736 1729 788 1755 iud.
809 1730 850 1755 44.
869 1731 893 1755 2.
932 1728 1042 1755 Cedere.
1063 1728 1105 1755 Cf.

262 1771 288 1798 11.
307 1781 331 1798 v.
351 1772 372 1805 5.
393 1773 416 1797 5.
448 1771 581 1809 Imputari.
602 1772 684 1798 Vatic.
705 1773 742 1806 55.
761 1773 817 1798 188.
838 1782 877 1808 sq.
915 1771 957 1798 111.
977 1773 1043 1799 Cn.
1063 1771 1106 1798 Ci-
1127 1770 1128 1789 ἶ

263 1815 359 1845 viliter,
379 1824 430 1840 non
451 1814 482 1841 ad
503 1820 632 1841 momenta
652 1820 807 1852 temporum,
828 1814 875 1840 sed
895 1814 926 1840 ad
946 1814 1003 1841 dies
1019 1825 1107 1841 nume-

263 1868 320 1884 rare
339 1859 468 1889 (annum.)
488 1857 518 1884 fr.
540 1860 596 1884 134.
617 1858 650 1884 de
664 1857 694 1884 V.
710 1858 737 1884 S.
752 1859 793 1884 50.
811 1859 849 1884 16.
878 1857 1022 1884 Retrorsus
1036 1867 1105 1884 num.

264 1901 393 1934 (annum.)
414 1900 470 1926 Gai.
485 1900 527 1927 lv.
545 1903 600 1927 152.
639 1902 864 1936 Quinquennium,
882 1906 944 1938 post
964 1901 1106 1927 aditionem

264 1943 458 1970 numerandum.
479 1943 509 1969 fr.
532 1945 553 1970 l.
573 1944 595 1978 5
618 1946 648 1970 13
675 1944 708 1970 de
727 1948 838 1980 separat.
858 1945 898 1970 42.
913 1945 936 1970 G.
957 1944 990 1971 Μ.
1011 1954 1106 1981 passus

266 1986 428 2015 numerandi,
448 1996 499 2012 non
520 1997 532 2012 a
552 1986 674 2013 milliario
694 1987 775 2013 urbis.
795 1986 824 2012 sr.
847 1989 903 2013 154.
924 1987 956 2013 de
976 1986 1007 2014 V.
1024 1987 1050 2013 S.
1064 1989 1105 2013 50.

265 2031 305 2056 16.
342 2029 427 2055 Etiam
452 2038 524 2055 suam
544 2039 682 2066 personam
709 2039 843 2056 numerare
868 2032 910 2063 (in
935 2030 1054 2067 partibus
1073 2029 1107 2056 fa-

265 2072 387 2103 ciendis.)
406 2071 436 2098 sr.
453 2074 472 2098 1.
493 2072 575 2105 524.
596 2072 628 2098 de
649 2072 736 2099 collat.
757 2072 817 2099 bon.
832 2074 873 2100 37.
888 2075 910 2099 6.
932 2073 963 2099 cf.
984 2073 1013 2099 fr.
1027 2075 1051 2099 3.
1066 2083 1106 2109 sq.

266 2115 318 2151 Qu.
339 2116 387 2141 eui.
408 2116 478 2141 univ.
499 2125 567 2141 nom.
586 2117 611 2142 3.
630 2118 654 2141 4.
691 2115 719 2141 ln
744 2125 838 2151 genere
862 2115 948 2153 aliquo
968 2117 1106 2142 numerari.

266 2158 296 2185 fr.
315 2160 375 2184 203.
395 2157 427 2184 de
448 2157 478 2185 V.
499 2157 526 2184 S.
546 2159 587 2184 50.
609 2160 647 2184 16.
685 2157 757 2184 Loro
780 2157 890 2184 alicuius
913 2170 981 2186 num.
1011 2159 1067 2186 Gai.
1088 2159 1106 2185 1.

267 2203 325 2227 175.
350 2201 379 2227 fr.
400 2202 422 2227 9.
447 2211 486 2238 pr.
512 2200 544 2226 de
568 2206 635 2237 pact.
660 2203 683 2227 2.
707 2203 745 2226 14.
775 2216 807 2220 -
836 2202 867 2234 §-
894 2203 931 2228 3.
963 2205 1105 2234 Solvere,

267 2245 368 2275 Dare,
393 2245 451 2274 (res
471 2249 638 2281 praesentes,
663 2244 763 2269 numeri
783 2254 869 2270 earum
890 2244 968 2270 modo
988 2245 1106 2275 exacto.)

266 2286 286 2313 1.
306 2287 368 2321 Sy.
389 2286 467 2312 Dare.
487 2286 597 2312 Solvere
616 2287 788 2324 (pecuniam.)
807 2286 837 2313 sr.
860 2288 898 2313 19.
918 2297 957 2324 pr.
978 2287 1011 2313 de
1029 2287 1059 2314 R.
1076 2287 1107 2314 C.

268 2332 308 2356 12.
331 2331 353 2355 l.
374 2328 405 2355 fr.
423 2331 465 2355 27.
486 2329 517 2355 de
537 2329 622 2356 Aedil.
642 2329 719 2355 edict.
738 2331 780 2355 21.
802 2331 823 2355 1.
853 2328 881 2355 fr.
902 2331 943 2356 32.
964 2329 993 2356 sr.
1013 2332 1054 2356 49.
1076 2330 1108 2356 de

268 2372 347 2399 solut.
368 2374 408 2398 46.
428 2374 452 2398 3.
490 2371 520 2397 11.
537 2374 602 2405 01).
622 2371 787 2409 Adpendere.
809 2372 865 2398 Gai.
886 2371 902 2398 1.
923 2374 980 2398 122.
1006 2372 1033 2398 In
1054 2382 1108 2398 sac-

268 2415 328 2442 culo
347 2415 415 2441 dare.
437 2414 465 2441 frv
486 2416 509 2441 3.
530 2415 551 2448 5
569 2416 591 2440 G.
612 2415 643 2441 de
663 2415 779 2441 statulib.
794 2416 834 2441 40.
850 2416 871 2441 7.
901 2414 943 2441 111.
959 2417 1024 2443 Gn.
1046 2415 1107 2442 Ver-

268 2459 329 2485 bum
349 2458 478 2489 ..sacere“
499 2467 600 2483 omnem
620 2459 725 2483 omnino
746 2457 856 2484 faciendi
876 2468 978 2484 causam
996 2458 1109 2494 comple·

269 2503 356 2533 ctitur,
376 2500 464 2531 dandi,
478 2500 607 2527 solvendi.
622 2501 781 2531 numerandi,
797 2500 936 2531 iudicandi.
951 2501 1108 2527 ambulandi.

268 2544 298 2571 sr.
317 2546 377 2570 218.
397 2543 429 2570 de
449 2543 480 2570 V.
501 2543 527 2570 S.
548 2545 588 2569 50.
611 2544 650 2569 16.
686 2542 824 2575 Pecuniae,
844 2543 885 2569 vel
906 2543 970 2569 aliae
989 2553 1044 2571 res.
1065 2553 1109 2569 nu-

268 2592 380 2613 meratae
404 2585 445 2612 vel
470 2586 552 2613 datae.
577 2596 596 2612 c.
620 2588 659 2612 lt.
683 2595 721 2622 pr.
747 2585 779 2611 de
804 2597 827 2612 n.
853 2596 921 2612 num.
947 2596 1002 2623 pec.
1023 2588 1046 2612 4.
1066 2588 1108 2612 30.

270 2629 344 2664 Quae
367 2639 465 2655 summa
489 2629 551 2655 mihi
571 2632 703 2654 numerata
723 2632 763 2653 ost
782 2629 830 2654 suh
851 2640 879 2654 ea
900 2629 1058 2655 conditione.
1079 2628 1101 2655 fr

270 2673 311 2697 57.
336 2671 368 2697 de
392 2671 451 2698 don.
477 2673 523 2698 int.
549 2671 578 2697 V.
599 2673 639 2697 24.
664 2673 684 2697 1.
722 2670 860 2697 Pecuniam
887 2671 1007 2698 solvendi
1032 2681 1108 2698 causa

271 2719 396 2743 numeret.
416 2725 446 2741 an
467 2714 610 2751 quamlibet
629 2724 701 2740 suam
720 2723 773 2740 rem
793 2714 818 2739 in
839 2713 953 2740 solutum
968 2714 1020 2741 det.
1041 2714 1069 2740 fr.
1084 2716 1107 2740 5.

271 2756 303 2783 ad
322 2756 387 2782 S.C.
408 2756 475 2783 Vell.
502 2759 539 2783 16.
565 2759 588 2783 1.
630 2756 773 2784 Numerare
801 2755 892 2785 debet.
922 2767 974 2783 non
1003 2756 1109 2783 fideius-

271 2809 358 2825 sorem
377 2798 445 2825 dare.
471 2800 500 2826 fr.
521 2802 544 2826 5.
569 2800 590 2834 5.
612 2802 633 2826 l.
659 2799 691 2825 de
715 2798 830 2825 statulib.
851 2800 891 2824 40.
913 2800 935 2825 7.
972 2799 1012 2825 Ex
1032 2808 1108 2824 eausa

270 2842 454 2880 promissionis
473 2852 608 2869 numerare
627 2842 750 2876 (dotem.)
766 2841 795 2869 fr.
814 2843 854 2868 41.
874 2840 924 2867 sol.
943 2842 1052 2867 matrim.
1065 2842 1106 2866 24.

1075 181 1184 211 NCM.

1120 268 1122 296 1,
1144 265 1168 289 3.
1205 261 1354 289 Indebitum
1373 272 1441 288 num.
1465 262 1496 289 sr.
1516 265 1557 289 57.
1577 273 1616 300 pr.
1642 263 1674 290 de
1695 264 1771 305 cwd.
1791 265 1878 292 indeb.
1901 267 1939 291 12.
1959 267 1983 291 6.

1120 301 1122 342 ‘3
1144 306 1173 333 Si
1197 305 1339 344 stipulatus
1364 306 1413 331 sim
1437 316 1450 332 a
1474 311 1500 333 te
1527 307 1679 344 pecuniam,
1704 311 1834 344 tamquam
1861 307 1984 335 credendi

1145 359 1220 376 cansa
1241 353 1433 379 numerumn-ss,
1452 359 1500 376 nee
1520 351 1717 376 numeraverim.
1737 350 1794 377 Gai.
1814 351 1857 378 lv.
1876 353 1932 378 116.
1953 351 1983 378 cf.

1122 386 1123 390 Ἰ
1145 393 1175 419 1ἰ·.
1193 394 1236 419 33.
1259 393 1324 426 5.1.
1349 391 1381 417 de,
1405 391 1492 418 donat.
1511 394 1554 419 39.
1573 395 1597 419 5.
1635 392 1702 419 Cum
1727 393 1759 419 de
1783 395 1868 431 pretio
1892 405 1985 421 conve-

1145 437 1225 467 uerit.
1247 435 1365 472 quamvis
1385 434 1500 461 nondum
1520 437 1632 473 pretium
1653 441 1814 463 numeratum
1834 438 1880 467 sit,
1905 447 1934 464 ac
1953 447 1985 463 ne

1122 474 1123 488 ¹
1144 489 1200 505 arra
1220 478 1325 515 quidem
1346 477 1404 504 data
1424 477 1510 505 suerit.
1530 479 1586 505 Gai.
1601 479 1641 505 111.
1660 481 1715 506 139.
1746 479 1776 506 Si
1791 490 1896 506 servum
1915 481 1984 511 emit,

1121 514 1123 523 ⁴
1144 526 1169 548 et
1188 531 1236 558 per
1254 521 1421 547 traditionem
1441 522 1550 559 accepit,
1570 522 1681 548 necdum
1700 524 1812 560 pretium
1832 523 1984 549 numeravit.

1121 564 1123 570 ⁴
1144 564 1174 591 l'r.
1194 566 1236 590 25.
1256 564 1277 598 5.
1299 566 1322 590 l.
1342 564 1374 590 de
1394 564 1475 590 usul'r.
1497 566 1519 590 7.
1541 566 1563 591 1.
1583 564 1614 591 cf.
1635 565 1664 592 fr.
1680 567 1702 592 7.
1722 566 1744 599 5.
1763 568 1786 592 4.
1807 565 1840 592 de
1859 565 1920 592 don.
1939 566 1985 592 int.

1121 622 1123 630 x
1144 607 1175 633 V.
1194 609 1235 633 24.
1258 609 1279 634 l.
1316 607 1445 644 Exceptio
1468 609 1617 644 proposita.
1642 619 1688 635 seu
1709 608 1777 640 doli,
1802 619 1849 635 seu
1869 618 1921 635 non
1941 618 1986 635 nu·

1144 655 1256 677 meratae
1274 652 1408 687 pecuniae.
1429 660 1450 676 c.
1469 652 1493 677 3.
1513 660 1570 687 sqq.
1592 650 1624 677 (le
1643 662 1667 678 n.
1688 662 1757 678 num.
1777 662 1834 689 pec.
1853 654 1877 678 4.
1896 653 1938 678 30.

1178 694 1439 721 Numerarius.
1467 694 1665 729 officialia,
1685 697 1738 722 cui
1754 696 1913 729 pecuniae
1929 704 1986 729 pu—

1120 739 1248 775 ἰΙιΙίιίιε
1271 743 1418 768 exactae,
1442 743 1539 770 atque
1557 738 1650 772 fisco
1675 739 1881 773 inferendae,
1906 747 1986 765 cura

1143 787 1172 807 et
1191 781 1407 806 ratiocinium
1434 781 1641 806 incumbebat.
1679 779 1722 806 111.
1745 782 1810 808 Gn.
1838 782 1891 817 Qui
1916 790 1987 807 sum-

1121 822 1123 843 Γ
1145 824 1227 849 serint
1246 822 1392 848 chartarum
1412 823 1543 853 notitiam.
1564 827 1589 848 et
1609 822 1701 849 eodem
1721 823 1810 850 officio
1830 825 1879 857 (sc.
1900 833 1987 850 nume-

294 869 455 895 Numen.
493 869 523 901 §-
536 869 569 894 1.
590 869 682 894 Dens.
720 867 737 894 1.
755 869 816 902 Sy.
837 868 920 894 Deus.
940 867 1043 894 Numen
1064 866 1100 893 di·
1121 868 1123 875 '

259 913 356 938 vinum.
380 911 410 937 fr.
430 913 471 937 33.
496 911 528 937 de
553 912 657 938 iureiur.
680 913 718 937 12.
738 913 762 937 2.
793 910 863 938 coll.
886 910 939 938 LL.
959 911 992 937 M.
1013 910 1055 937 Vl.
1076 912 1099 936 4.
1122 927 1124 947 ζ

259 954 290 980 11.
310 956 376 988 Op.
402 954 558 980 Contemtus
583 953 726 990 religionis
754 970 783 974 —
812 954 913 985 Metus,
938 953 1100 991 Superstitio
1122 964 1124 973 i

1145 866 1284 897 rariorum)
1305 865 1473 891 inhaeserint.
1493 864 1541 891 Th.
1557 865 1588 891 C.
1604 864 1670 892 Vlll.
1686 868 1707 893 1.
1727 877 1748 893 c.
1768 868 1790 893 7.
1810 866 1843 893 de
1857 876 1985 893 numerar.

1146 909 1291 936 Numernrii
1310 909 1490 945 praetorianae
1514 908 1602 935 sedis.
1627 918 1709 945 penes
1733 919 1799 946 qnos
1823 910 1987 947 publicarum

1146 954 1275 979 rationum
1294 952 1387 977 notitia
1406 952 1536 978 consistit.
1557 951 1623 978 Nov.
1640 950 1695 978 Val.
1710 952 1752 979 111.
1766 953 1798 979 de
1812 953 1855 979 off.
1870 958 1896 979 et
1915 963 1984 979 num.

1147 996 1175 1022 11.
1195 997 1237 1022 22.
1264 1005 1284 1021 c.
1306 996 1328 1020 l.
1356 994 1378 1028 5.
1398 996 1422 1020 2.
1447 994 1477 1021 cf.
1503 994 1564 1022 lust.
1587 994 1617 1021 C.
1644 1005 1664 1021 c.
1687 997 1708 1021 l.
1733 996 1754 1029 5.
1774 998 1798 1022 8.
1819 1006 1840 1022 c.
1859 998 1883 1022 2.
1903 996 1986 1030 §.19.

1123 1055 1124 1077 ἦ
1146 1039 1179 1065 de
1199 1037 1308 1064 off.1'ri'.
1324 1037 1364 1063 Pr.
1379 1037 1435 1064 Afr.
1453 1039 1474 1064 l.
1494 1040 1536 1065 27.
1574 1038 1627 1073 Qui
1646 1039 1821 1076 principatum
1840 1038 1989 1065 officiorum

259 1083 331 1110 XVI.
350 1085 373 1110 4.
396 1093 416 1109 c.
438 1085 460 1109 1.
480 1084 545 1117 5.1.
566 1083 598 1109 de
617 1084 707 1119 imagg.
727 1083 811 1121 Impp.
830 1083 900 1110 XVI.
914 1085 937 1110 7.
958 1093 978 1109 c.
999 1085 1023 1109 3.
1043 1082 1057 1115 5
1079 1084 1101 1108 l.
1123 1085 1125 1106 i

1124 1141 1125 1158 l
1147 1125 1286 1151 numerarii
1306 1123 1491 1160 praefecturae.
1516 1123 1557 1149 Tb
1586 1123 1615 1150 C.
1637 1123 1703 1150 1111.
1726 1127 1764 1150 15.
1786 1136 1806 1151 c.
1827 1127 1850 1151 5.
1871 1126 1936 1160 5.1.
1956 1123 1988 1151 cf.

1124 1168 1125 1174 ¹
1147 1179 1168 1195 c.
1182 1170 1206 1194 3.
1227 1167 1260 1194 de
1279 1167 1311 1193 iis
1331 1177 1373 1203 qu.
1394 1166 1488 1192 admin.
1503 1165 1570 1192 1111.
1586 1168 1608 1192 l.
1629 1177 1650 1193 c.
1666 1168 1704 1193 lG.
1727 1167 1759 1193 de
1778 1179 1907 1195 numerar.
1921 1167 1988 1194 VIII.

1146 1087 1247 1118 gerunt,
1267 1091 1314 1107 seu
1334 1080 1504 1113 corniculum,
1517 1096 1548 1100 —
1564 1080 1683 1107 tabularii
1704 1091 1818 1118 quoque,
1837 1081 1989 1109 idemtidem

1147 1214 1169 1238 8.
1191 1221 1212 1237 c.
1232 1212 1255 1236 4.
1276 1209 1308 1236 de
1327 1214 1443 1236 exsecut.
1464 1214 1490 1235 et
1509 1213 1590 1235 exact.
1628 1209 1774 1237 Numerarii
1798 1212 1842 1247 qui
1863 1210 1989 1248 adpellari

1124 1280 1126 1288 s
1148 1258 1339 1281 consueverant
1358 1252 1545 1279 Consularium
1565 1262 1594 1278 ac
1612 1251 1779 1282 Praesidum.
1800 1253 1936 1280 dumtaxat
1953 1258 1990 1279 ta-

1147 1297 1241 1324 bularii
1260 1295 1372 1333 posthac
1389 1310 1423 1314 —
1442 1295 1613 1322 vocabuntur.
1640 1295 1677 1322 lb.
1697 1295 1765 1323 Ylll.
1786 1299 1808 1323 1.
1829 1307 1850 1323 c.
1870 1298 1892 1323 9.
1913 1306 1953 1334 pr.

1182 1339 1417 1367 Nulueratio.
1459 1339 1489 1372 §.
1513 1339 1548 1365 1.
1577 1339 1822 1372 Dinumeratio,
1852 1342 1991 1373 Compu-

1148 1385 1242 1411 tatio.
1274 1381 1316 1408 III.
1329 1383 1394 1409 Cn.
1414 1381 1492 1408 Ratio
1506 1382 1617 1413 itineris
1632 1381 1733 1408 scilicet
1747 1383 1926 1409 numeratione
1938 1381 1990 1408 XX

1125 1435 1126 1452 z
1148 1426 1258 1454 millium
1277 1435 1403 1462 passuum
1423 1424 1496 1451 sacta.
1522 1424 1551 1451 fr.
1571 1426 1596 1451 2.
1619 1425 1640 1458 5.
1660 1426 1683 1451 3.
1709 1424 1760 1460 Qu.
1781 1424 1846 1451 ordo
1865 1426 1891 1451 in
1910 1425 1940 1451 B.
1962 1424 1990 1451 P.

1148 1472 1189 1497 38.
1211 1471 1251 1495 15.
1273 1485 1303 1489 ·-
1330 1469 1360 1501 §-
1379 1469 1414 1494 2.
1436 1469 1565 1494 solutio
1583 1478 1736 1502 praesens
1755 1468 1876 1499 (numero
1894 1477 1991 1500 rerum,

1149 1513 1191 1540 vel
1211 1521 1374 1538 nummorum
1395 1510 1553 1548 explorato.)
1590 1510 1620 1537 11.
1643 1513 1709 1544 op.
1734 1510 1920 1538 Numeratione
1940 1510 1992 1537 sol-

1126 1583 1127 1592 *
1149 1566 1217 1583 vere.
1239 1571 1271 1575 —
1297 1554 1381 1581 Simul
1400 1555 1426 1580 in
1446 1553 1551 1580 sacculo
1571 1553 1637 1580 solv.
1659 1554 1688 1580 l‘r.
1707 1555 1748 1581 25.
1768 1555 1790 1588 5.
1812 1556 1833 1581 l.
1857 1554 1890 1580 de
1908 1553 1991 1580 usufr.

1155 1610 1172 1626 A.
1196 1601 1216 1625 1.
1254 1597 1297 1624 111.
1319 1598 1385 1624 Gn.
1410 1596 1563 1623 Numeratio
1583 1596 1663 1628 sacta.
1688 1602 1732 1623 aut
1755 1602 1863 1635 accepto
1888 1596 1993 1623 debitor

1150 1642 1286 1668 liberatus.
1309 1640 1339 1666 fr.
1359 1642 1382 1666 9.
1407 1640 1428 1673 5.
1447 1641 1471 1666 3.
1497 1640 1548 1674 Qu.
1569 1644 1628 1665 met.
1654 1650 1676 1666 c.
1699 1642 1721 1666 4.
1741 1642 1766 1667 2.
1790 1640 1854 1667 'Per
1875 1650 1992 1666 numera—

1151 1687 1261 1711 tionem.
1280 1682 1321 1709 νε]
1342 1683 1509 1709 novationem
1530 1682 1662 1715 (solutae,
1683 1693 1719 1709 sc.
1739 1684 1880 1716 summae.)
1900 1683 1928 1709 fr.
1949 1684 1991 1709 21.

1150 1729 1171 1762 5.
1191 1730 1214 1754 3.
1235 1726 1268 1753 de
1291 1736 1348 1752 ann.
1374 1725 1449 1761 legat.
1469 1727 1555 1752 33.1.
1594 1725 1630 1752 Vt
1653 1727 1780 1763 pecuniae
1803 1727 1992 1758 numeratione,

1151 1773 1184 1797 ita
1205 1771 1274 1796 iusto
1294 1773 1384 1806 pacto.
1404 1767 1446 1794 vel
1466 1768 1632 1795 iureiurando
1652 1770 1730 1806 (ipso
1750 1770 1805 1796 iure
1825 1769 1936 1801 tollitur,
1955 1778 1992 1795 sc.

1150 1812 1276 1840 naturalis
1296 1811 1443 1847 obligatio.)
1463 1810 1492 1837 fr.
1513 1813 1554 1837 95.
1573 1812 1595 1845 5.
1615 1813 1638 1838 4.
1659 1811 1691 1838 de
1710 1811 1788 1839 solut.
1807 1814 1849 1839 46.
1868 1814 1893 1839 3.
1930 1811 1993 1838 Sive

1150 1857 1253 1887 verbis,
1273 1856 1330 1881 sivr-
1349 1865 1377 1881 re
1396 1853 1459 1890 quid
1479 1858 1580 1889 agatur.
1605 1859 1633 1880 ut
1652 1855 1677 1880 in
1698 1854 1868 1892 stipulatione
1886 1854 1927 1881 vel
1947 1865 1993 1881 nu·
2019 1852 2022 1857 ’

1151 1900 1302 1926 metatione.
1326 1897 1355 1923 sr.
1378 1899 1417 1923 19.
1438 1896 1470 1923 de
1489 1895 1520 1922 Υ.
1541 1896 1566 1922 S.
1587 1898 1627 1923 50.
1650 1898 1688 1923 16.
1709 1897 1739 1926 cs.
1765 1898 1794 1924 fr.
1815 1900 1838 1924 7.
1859 1898 1891 1924 de
1909 1897 1940 1924 R.
1960 1896 1991 1923 C.

1154 1945 1191 1969 12.
1215 1944 1236 1968 1.
1260 1941 1291 1967 fr.
1311 1942 1334 1966 4.
1361 1940 1393 1966 ad
1415 1939 1434 1966 S
1450 1938 1481 1965 C.
1501 1938 1565 1965 Mac.
1587 1941 1626 1965 14.
1648 1942 1671 1966 6.
1713 1940 1772 1966 Non
1796 1942 1855 1978 ipso
1879 1941 1991 1971 nomine,

1151 1985 1198 2012 sed
1217 1984 1397 2011 numeratione
1416 1983 1550 2020 pecuniae,
1571 1982 1719 2018 obligantur
1738 1983 1913 2020 (peregrini.)
1933 1982 1991 2009 Gai.

1152 2029 1193 2055 111.
1214 2030 1269 2054 132.
1290 2026 1320 2053 cs.
1342 2028 1399 2052 131.
1437 2025 1496 2051 Non
1515 2026 1593 2062 pretii
1614 2027 1766 2058 numeratio,
1786 2025 1833 2052 sed
1851 2026 1991 2052 conventio

1152 2071 1273 2109 (perlicit
1296 2070 1353 2095 sine
1377 2069 1483 2105 scriptis
1507 2067 1621 2094 habitam
1641 2069 1808 2100 emtionem.)
1832 2067 1862 2094 fr.
1882 2070 1905 2094 2.
1925 2068 1947 2102 5.
1968 2069 1991 2094 l.

1152 2115 1183 2141 de
1203 2118 1284 2140 contr.
1300 2117 1359 2138 emt.
1377 2112 1414 2137 18.
1431 2112 1452 2136 1.
1489 2110 1517 2136 In
1537 2112 1761 2138 numerationibus
1775 2110 1915 2147 aliquando
1935 2121 1993 2138 eve·

1152 2158 1198 2188 nit,
1219 2161 1246 2182 ut
1265 2165 1314 2182 una
1334 2154 1513 2180 numeratione
1533 2153 1599 2180 duae
1613 2153 1786 2189 obligationes
1800 2152 1927 2180 tollantur
1940 2163 1992 2180 uno

1152 2203 1292 2226 momento.
1312 2197 1341 2223 l'r.
1357 2199 1398 2222 44.
1419 2196 1451 2222 de
1465 2196 1544 2222 solut.
1557 2198 1598 2223 46.
1612 2198 1636 2223 3.
1665 2195 1723 2222 Non
1744 2197 1828 2222 omnis
1847 2197 1992 2223 numeratio

1153 2253 1224 2273 eum,
1249 2242 1293 2278 qui
1317 2240 1432 2276 accepit,
1456 2238 1562 2275 obligat.
1585 2239 1615 2265 fr.
1638 2240 1675 2265 19.
1695 2249 1733 2276 pr.
1755 2238 1786 2265 (1(-
1806 2238 1836 2264 R.
1857 2239 1887 2266 C.
1909 2241 1948 2266 12.
1969 2241 1992 2266 l.

1152 2286 1195 2318 Vt.
1216 2285 1282 2311 dicis
1301 2284 1391 2319 gratia,
1414 2283 1601 2308 numerationis
1619 2281 1679 2308 loco
1698 2281 1861 2308 intercedant
1879 2282 1929 2316 (sc.
1948 2292 1992 2320 pe-

1153 2329 1264 2359 cuniae)
1285 2327 1314 2353 fr.
1335 2327 1359 2352 4.
1379 2325 1508 2352 commod.
1531 2326 1568 2351 13.
1588 2326 1611 2350 6.

1187 2371 1426 2399 Numerntor.
1467 2369 1529 2400 Qui
1553 2369 1653 2393 solvit
1680 2377 1740 2393 rem
1765 2369 1911 2394 debitam.
1948 2366 1991 2394 111.

1154 2416 1218 2442 Gn.
1244 2412 1339 2439 Veniat
1363 2417 1413 2438 tam
1437 2411 1556 2437 minister
1579 2410 1675 2446 ipsius,
1696 2425 1727 2428 —
1748 2419 1824 2446 quam
1843 2415 1994 2437 numerator

1154 2457 1285 2494 pecuniae.
1306 2454 1352 2481 lul.
1373 2465 1412 2491 ep.
1433 2463 1491 2480 noV.
1513 2463 1532 2479 c.
1554 2454 1594 2478 615.
1615 2453 1635 2485 5
1655 2453 1714 2478 234.

1188 2499 1428 2526 Numer-atus.
1449 2495 1564 2527 (Subst)
1586 2497 1778 2521 Numerarii
1792 2505 1912 2522 munus.
1948 2495 1991 2522 111.

1155 2544 1221 2570 οη.
1242 2540 1337 2567 Nullus
1354 2555 1385 2559 ——-
1406 2539 1589 2576 principatum.
1608 2537 1650 2564 vel
1670 2542 1839 2569 numeratum,
1859 2548 1907 2564 seu
1925 2547 1992 2565 com-

1154 2584 1334 2611 mentariensis
1353 2581 1468 2617 gradum.
1489 2580 1529 2607 vel
1546 2585 1645 2607 caetera
1660 2580 1746 2606 officia
1760 2585 1880 2617 repetere
1892 2580 1991 2607 audeat.

1155 2639 1175 2655 c.
1198 2630 1218 2654 1.
1239 2627 1269 2653 ad
1289 2625 1318 2652 1¹.
1338 2624 1384 2651 lul.
1405 2623 1437 2650 de
1457 2624 1521 2650 amb.
1542 2625 1565 2650 9.
1585 2624 1627 2649 26.

1188 2668 1428 2698 Numen-atus.

1155 2716 1313 2740 Praesens
1349 2716 1377 2736 et
1414 2711 1546 2736 idoneus
1582 2711 1622 2736 ad
1656 2711 1849 2735 solvendum.
1886 2708 1904 2734 1.
1929 2709 1991 2742 Sy.

1154 2755 1265 2782 Nummi.
1304 2751 1415 2779 Pecunia
1441 2757 1582 2779 numerata.
1607 2751 1636 2777 l'r.
1656 2753 1697 2778 27.
1722 2752 1787 2786 5.1.
1807 2751 1840 2778 de
1858 2760 1920 2777 auro
1939 2760 1991 2786 arg.

1152 2800 1193 2824 34.
1212 2799 1236 2823 2.
1274 2795 1304 2821 11.
1326 2797 1392 2829 011.
1420 2795 1473 2821 lies
1498 2794 1666 2832 corporales,
1691 2794 1819 2832 Corpora.
1840 2806 1871 2811 —
1894 2791 1990 2819 Pecun.

1153 2850 1220 2866 num.
1245 2838 1276 2865 sr.
1297 2840 1319 2865 7.
1344 2839 1365 2872 5.
1385 2840 1409 2865 3.
1434 2838 1466 2865 ad
1485 2837 1550 2864 S.C.
1570 2837 1634 2864 Mac.
1662 2839 1701 2864 14.
1725 2838 1749 2863 6.
1774 2837 1803 2863 fr.
1827 2836 1867 2861 32.
1893 2845 1932 2872 pr.
1961 2835 1993 2862 de

1470 2666 1605 2698 (l'artic.)
1647 2667 1793 2693 Nummio
1829 2672 1991 2693 constans.
