2197 3121
255 183 315 213 126

254 265 284 291 t‘r.
303 266 328 291 3.
348 264 378 289 t'r.
398 265 421 288 5.
442 261 472 288 sr.
493 263 516 288 7.
536 262 574 296 55.
591 263 612 288 l.
628 270 668 297 sq.
689 260 718 287 fr.
740 261 780 286 11.
800 259 833 286 de
851 269 908 286 exc.
927 259 965 285 rei
984 257 1038 285 iud.
1053 258 1097 284 44.

253 310 278 334 ’2.
321 305 376 332 Lis.
409 304 466 331 Gai.
490 303 534 331 IV.
558 306 600 331 30.
625 305 666 329 60.
707 302 779 329 Paul.
800 301 818 328 I.
840 304 879 328 10.
908 301 974 335 §.1.
1004 300 1034 327 fr.
1054 301 1096 327 65.

255 350 284 376 [τ.
304 350 346 375 69.
372 347 404 374 (1(-
427 357 532 384 procur.
555 348 580 374 3.
605 348 630 372 3.
671 344 806 371 Iudicium.
836 344 867 371 l'r.
887 345 945 369 104.
971 342 1003 369 dv
1026 342 1057 369 R.
1076 342 1095 369 I.

254 394 295 418 50.
317 393 356 417 17.
393 389 435 416 lll.
451 391 512 418 Gn.
545 390 645 415 Omnes
665 397 771 417 causae,
794 385 827 413 de
845 386 941 423 quibus
961 401 993 405 —
1007 384 1096 418 Coss„

254 441 278 462 et
299 434 446 465 Praetores,
465 433 612 468 caeterique
624 430 724 457 Romae
737 434 908 466 cognoscunt.
933 429 965 456 l'r.
980 429 1020 454 10.
1035 438 1095 465 sqq.

254 478 287 504 (1(-
306 477 349 503 off.
370 475 458 502 Praes.
486 477 506 501 1.
527 476 566 501 18.
596 473 628 500 ci.
654 472 685 500 fr.
710 474 734 499 7.
758 473 780 506 5.
799 474 824 498 2.
849 471 881 498 de
906 472 950 498 oll'.
975 470 1051 498 Proc.
1071 476 1097 498 et

255 520 315 557 Leg.
338 521 360 545 1.
376 521 416 545 16.
454 518 488 544 tt
502 518 527 543 in
547 519 603 544 iure
621 517 796 552 interrogatus
816 525 849 541 cx
867 514 990 541 omnibus
1010 515 1096 541 causis

255 561 420 600 respondeat.
449 560 479 586 l'r.
499 562 540 586 39.
560 570 599 597 pr.
620 559 652 586 de
671 569 777 596 procur.
797 560 821 585 3.
841 560 864 585 3.
902 557 994 594 Neque
1013 559 1040 584 in
1059 558 1097 584 in-

255 605 376 636 terdicto,
394 613 480 640 neque
499 603 525 629 in
545 603 654 629 caeteris
674 603 769 628 causis.
789 601 820 628 l'r.
842 602 898 627 198.
919 600 952 627 de
971 600 1002 627 R.
1016 600 1034 627 1.
1053 602 1096 628 50.

257 651 296 675 17.
340 648 367 674 In
391 646 519 684 publicis,
547 644 590 671 vel
618 645 741 682 privatis.
771 644 812 670 vel
836 643 973 671 fiscalibus
998 644 1095 670 causis.

255 692 286 718 fr.
309 693 330 717 1.
350 691 371 724 5.
391 692 416 715 3.
441 688 474 715 de
498 688 609 715 calumn.
634 690 658 714 3.
679 689 702 713 6.
745 688 839 713 Omnis
865 696 943 713 causa
966 687 1098 713 existima-

255 735 343 761 tionis
372 732 404 759 fr.
425 733 482 758 103.
509 731 542 758 de
562 730 593 757 V.
613 730 641 757 S.
664 732 706 756 50.
727 731 767 756 16.
805 729 921 761 Causae,
945 739 978 756 ex
1001 729 1098 766 quibus

255 777 382 804 adversus
410 774 568 801 inficiantem
596 775 623 799 in
649 772 758 809 duplum
782 773 889 808 agimus.
923 772 980 799 Gai.
1004 772 1049 799 IV.
1073 774 1098 799 9.

255 819 335 857 Apud
353 818 466 845 iudicem
486 827 589 843 causam
608 826 739 853 perorare.
768 814 806 841 lh.
822 814 867 841 lt.
883 817 923 842 15.
960 814 1099 842 Vindicem

255 863 334 890 dabat
357 860 536 895 (iudicatus).
566 860 610 895 qui
633 868 682 896 pro
706 869 735 885 se
760 868 864 884 causam
888 868 964 895 agere
987 858 1099 884 solebat.

256 906 293 932 lb.
318 904 362 931 IV.
386 906 428 930 21.
476 903 655 938 Quaecunque
680 911 774 927 causae
799 902 975 937 cognitionem
998 900 1101 928 deside-

256 953 322 980 rant,
341 957 389 985 per
408 945 526 973 libellum
545 955 599 971 non
616 949 731 982 possunt
751 944 878 982 expediri.
897 944 928 971 l'r.
943 946 967 971 9.
987 944 1008 978 5.
1025 946 1048 970 l.
1068 943 1100 970 de

257 992 300 1018 off.
325 990 400 1017 Proe.
426 994 451 1016 et
475 988 536 1025 Leg.
567 990 589 1014 1.
614 989 654 1014 16.
697 987 771 1014 Citra
801 998 895 1014 causae
923 988 1100 1023 cognitionem

257 1035 355 1069 (aditus
375 1033 504 1063 Praetor).
537 1031 567 1057 l'r.
586 1035 611 1057 5.
630 1031 652 1064 5.
674 1032 714 1056 17.
743 1030 775 1056 ct'.
795 1030 816 1064 5.
837 1034 860 1056 ὅ.
881 1030 914 1057 de
934 1035 1055 1056 transact.
1075 1033 1099 1056 2.

258 1080 297 1105 15.
334 1076 513 1113 Exceptioues
537 1073 601 1100 alias
627 1075 653 1099 in
672 1073 758 1099 edicto
778 1072 887 1100 Praetor
905 1073 985 1100 habt-t
1002 1083 1100 1110 propo-

257 1122 334 1149 sitas.
359 1119 422 1145 alias
447 1128 524 1144 causa
548 1118 650 1153 cognita
674 1116 861 1142 accommodat.
892 1116 951 1143 Gai.
976 1116 1021 1143 lt.
1041 1118 1099 1143 118.

257 1164 344 1190 Causa
364 1161 396 1188 ad
415 1170 486 1192 eum.
507 1161 552 1196 qui
571 1159 719 1197 adpellatus
739 1164 793 1191 est,
813 1159 961 1186 dimittitur.
990 1158 1020 1185 fr.
1042 1160 1100 1185 106.

257 1207 290 1233 de
310 1206 341 1232 Y,
361 1206 389 1231 S,
409 1206 450 1231 50.
471 1204 511 1229 16.
549 1202 688 1229 Coniectio
714 1212 814 1229 causae.
851 1202 908 1229 Gai.
927 1201 972 1228 IV.
994 1204 1034 1228 15.
1072 1202 1101 1228 Si

258 1249 352 1276 malam
370 1256 474 1274 causam
494 1245 660 1272 adversarius
680 1245 784 1277 habuit,
804 1249 846 1271 aut
867 1244 985 1281 litigante
1004 1244 1102 1271 herede

258 1290 336 1318 vinci'
348 1290 476 1317 debuerit.
497 1288 530 1315 fr.
547 1290 589 1315 30.
609 1288 642 1315 de
660 1288 762 1314 liberat.
782 1287 831 1324 leg.
850 1289 892 1314 34.
911 1291 936 1314 3.
961 1288 993 1314 cl‘.
1013 1288 1045 1314 l'r.
1059 1289 1100 1314 53.

258 1336 281 1369 5.
299 1337 323 1361 2.
349 1334 381 1360 de
405 1334 527 1359 eviction.
551 1334 593 1358 21.
612 1334 638 1358 2.
680 1331 839 1357 Omnimodo
865 1331 1003 1358 damnatur
1021 1335 1102 1363 actor,

259 1379 282 1404 si
306 1386 409 1404 causam
434 1386 486 1401 nou
512 1376 633 1401 tenuerit.
666 1374 722 1400 Gai.
747 1373 791 1400 IV.
818 1376 875 1401 175.
896 1377 954 1400 lao.
992 1374 1053 1409 Quo
1072 1374 1103 1400 fit

259 1425 286 1447 ut
307 1430 383 1446 causa
403 1418 486 1449 cadat,
506 1423 532 1444 vt
551 1418 584 1444 ob
605 1417 631 1444 id
650 1427 704 1444 rem
723 1416 824 1454 perdat.
852 1417 949 1444 Ib.1Y.
963 1418 1004 1443 65.
1030 1416 1102 1443 Paul.

259 1463 278 1490 l.
300 1465 340 1489 10.
360 1462 425 1496 5.1.
444 1477 476 1480 -
497 1461 528 1494 ς’.
547 1461 607 1488 11.
637 1463 749 1492 Actus,
770 1462 953 1496 Negotium.
978 1459 1021 1486 III.
1037 1461 1103 1487 011·

260 1507 314 1543 Qui
335 1515 402 1542 equo
422 1503 539 1541 publico,
558 1504 585 1530 in
599 1513 676 1530 causa
690 1502 803 1540 publica,
822 1503 1014 1530 transvehatur.
1034 1502 1064 1529 fr.
1078 1505 1103 1529 2.

260 1549 293 1576 de
312 1550 338 1575 in
358 1549 398 1574 ius
417 1558 475 1573 voc.
494 1549 518 1572 2.
539 1548 563 1572 4.
601 1546 744 1572 filiusfam.
764 1547 791 1572 in
809 1546 925 1583 publicis
945 1547 1031 1572 causis
1044 1545 1103 1572 loco

260 1592 404 1630 patrisfam.
423 1589 542 1616 habetur.
562 1589 592 1616 sr.
607 1590 631 1615 9.
651 1588 684 1615 de
702 1588 726 1615 h.
747 1599 790 1626 qu.
809 1591 858 1616 sui.
879 1591 902 1616 l.
915 1590 939 1616 6.
966 1589 1104 1616 Certarum

260 1645 356 1667 rerum,
376 1633 419 1660 vel
438 1642 582 1664 causarum,
601 1636 760 1659 testamento
780 1637 852 1661 tutor
870 1632 926 1658 dari
939 1641 992 1658 non
1006 1637 1104 1670 potest.

261 1679 292 1705 fr.
313 1679 353 1704 l2.
375 1676 408 1703 de
427 1680 528 1702 testam.
548 1679 597 1701 tut.
616 1676 658 1701 26.
677 1677 702 1701 2.
740 1675 851 1707 Causae,
872 1685 905 1701 ex
924 1675 1020 1711 quibus
1040 1675 1105 1701 obli-

261 1721 380 1757 gationes
400 1723 504 1745 mutuae
523 1722 673 1744 nascuntur.
704 1717 746 1744 Pr.
766 1718 785 1744 I.
806 1718 838 1745 de
857 1723 924 1745 auct.
944 1723 992 1744 tut.
1020 1720 1042 1745 l.
1061 1720 1104 1744 21.

263 1763 447 1799 Obligationes
467 1777 499 1781 —-
519 1766 662 1787 naseuntur
681 1777 713 1780 —
732 1762 841 1798 proprio
861 1760 975 1798 quodam
988 1762 1053 1794 iure,
1073 1771 1105 1788 ex

263 1808 342 1834 variis
363 1814 498 1832 causarum
522 1804 621 1840 liguris
649 1803 680 1830 l'r.
702 1806 724 1831 1.
746 1814 785 1841 pr.
811 1804 843 1831 de
863 1805 895 1830 0.
916 1809 942 1830 et
959 1804 991 1830 A.
1017 1806 1060 1830 44.
1081 1806 1104 1830 7.

262 1848 323 1876 Nisi
347 1849 405 1885 ipse
429 1847 593 1885 specialiter,
619 1848 663 1883 qui
684 1848 831 1874 cautionem
851 1848 989 1884 exposuit.
1014 1856 1105 1874 causas

264 1892 423 1929 explanavit,
442 1900 490 1927 pro
511 1890 606 1926 quibus
626 1890 734 1916 eandem
754 1892 919 1928 conscripsit.
938 1890 969 1916 fr.
983 1892 1024 1916 25.
1044 1890 1066 1924 5.
1081 1892 1105 1916 4.

265 1935 298 1962 de
316 1934 430 1972 prohatt.
450 1935 491 1959 22.
510 1937 534 1959 3.
571 1933 611 1959 Ex
631 1943 708 1959 causa
728 1933 853 1959 lucrativa
873 1936 970 1966 (meum
989 1933 1106 1967 sactum).

265 1979 296 2005 ir.
316 1980 358 2004 62.
378 1987 417 2015 pr.
438 1976 471 2002 de
490 1975 566 2011 legat.
585 1975 604 2001 1.
624 1977 700 2009 (30.)

299 2020 471 2048 causari.
509 2021 693 2051 Excusare,
715 2020 891 2046 Cat-illari.
929 2018 972 2045 111.
990 2020 1056 2046 Gn-
1077 2020 1106 2046 Si

266 2063 351 2090 noluit
370 2067 518 2100 praestare,
543 2067 679 2094 causatuS‚
705 2062 776 2098 quod
795 2062 877 2088 semel
895 2063 1000 2098 ignarus
1019 2061 1108 2089 vendi-

267 2106 341 2133 derit.
368 2106 442 2132 1'1-.3.
467 2105 559 2142 depos.
586 2107 625 2131 16.
644 2107 669 2132 3.
711 2105 821 2131 Causari
845 2104 909 2141 quid
929 2115 981 2131 non
999 2107 1106 2143 poterit,

268 2159 300 2175 ne
321 2148 436 2175 conditio
456 2148 574 2175 deficiat.
600 2153 626 2174 et
647 2148 752 2175 haereat
771 2147 927 2174 actionibus.
956 2148 987 2175 l'r.
1007 2151 1047 2176 13.
1066 2158 1106 2186 pr.

267 2191 300 2218 ad
323 2192 351 2217 S.
371 2191 401 2217 C.
429 2191 544 2218 Trebell.
573 2193 615 2217 36.
642 2193 663 2218 l.
710 2191 769 2217 Non
798 2195 839 2216 est
866 2190 1003 2223 serendus,
1027 2207 1060 2211 —
1084 2192 1107 2218 si

268 2239 360 2273 postea
380 2239 513 2262 causetur.
541 2233 573 2260 de
598 2244 628 2260 co
653 2234 712 2261 solo
737 2235 867 2270 cogitasse
885 2239 934 2261 etc.
963 2234 993 2261 fr.
1015 2237 1055 2262 12.
1075 2234 1107 2262 de

269 2282 392 2305 transact.
413 2280 437 2302 2.
459 2279 498 2303 15.
519 2277 549 2303 cl'.
570 2277 599 2304 l'r.
619 2279 660 2303 24.
681 2278 703 2311 5.
725 2279 764 2304 14.
785 2277 818 2304 dc
837 2277 924 2304 tideic.
945 2277 1008 2305 libb.
1027 2280 1069 2305 40.
1083 2280 1107 2304 5.

270 2321 299 2348 l'r.
322 2323 343 2346 l.
363 2321 384 2354 5.
400 2322 439 2346 12.
460 2320 492 2345 de
511 2325 621 2356 separat.
642 2322 682 2347 42.
697 2323 720 2347 6.
758 2320 813 2347 Nec
832 2322 901 2347 euim
920 2325 971 2347 tam
989 2321 1109 2358 improbe

271 2364 371 2390 causari
390 2367 479 2400 potest.
498 2367 546 2388 etc.
577 2363 607 2389 l'r.
626 2366 667 2390 50.
688 2365 754 2398 5.1.
778 2364 810 2390 de
829 2363 905 2400 legat.
925 2363 943 2390 l.
965 2365 1041 2397 (30.)
1079 2364 1109 2390 Si

270 2406 393 2433 venditor
412 2404 476 2432 nihil
497 2405 589 2431 horum
608 2408 744 2433 sustineat.
764 2423 797 2426 —
817 2406 863 2433 scd
882 2406 975 2433 caliida
999 2407 1109 2443 refraga-

272 2451 342 2475 tione
361 2453 481 2475 causetur
501 2453 548 2474 etc.
578 2448 643 2475 λον.
660 2449 760 2476 Valent.
775 2450 817 2476 Ill.
838 2450 870 2476 de
889 2451 1006 2477 coulirm.
1026 2451 1050 2477 h.
1065 2461 1108 2487 qu.

272 2492 366 2518 admin.
385 2491 415 2518 ll.
435 2494 476 2518 32.
497 2501 518 2518 c.
540 2493 562 2517 l.
582 2492 602 2525 5.
623 2494 646 2518 2.
689 2493 793 2528 Quodsi
812 2504 841 2519 se
859 2493 969 2520 forsitan
989 2498 1110 2519 causetur

275 2535 416 2561 absc-ntem.
458 2534 507 2561 Th.
538 2535 569 2562 C.
593 2534 622 2561 ll.
651 2537 693 2561 27.
723 2546 743 2562 c.
770 2538 792 2562 1.
821 2536 843 2570 5.
866 2538 891 2562 2.
919 2537 943 2562 si
967 2540 1029 2562 cert.
1055 2540 1108 2573 pet.

273 2577 306 2603 de
325 2576 388 2603 chir.

310 2620 526 2647 causat-ius.
555 2620 693 2653 (Adi-tet.)
738 2623 949 2649 l'aletudinis
973 2632 1110 2649 excusa-

274 2665 394 2689 tionem
414 2665 532 2690 habens.
570 2663 600 2690 ll.
622 2665 689 2698 Op.
718 2663 846 2696 Iloua-sta,
867 2681 898 2684 —
919 2665 1057 2697 Causam,
1078 2680 1109 2684 —-

279 2705 453 2741 lgnominiosa
473 2707 598 2740 (missio).
619 2706 649 2732 l‘r.
668 2708 692 2732 2.
712 2707 734 2740 5.
748 2710 772 2732 2.
792 2706 823 2733 dt·
844 2707 867 2733 h.
887 2718 930 2744 qu.
951 2713 1004 2734 uot.
1024 2708 1110 2734 insam.

275 2750 300 2775 3.
318 2750 343 2774 2.
372 2748 402 2773 l'r.
421 2750 464 2773 26.
483 2759 521 2785 pr.
542 2749 574 2775 (1(Ι
593 2749 667 2775 milit.
688 2754 788 2776 testam.
807 2752 849 2776 29.
871 2752 893 2776 l.
922 2750 952 2776 l'r.
972 2752 996 2777 4.
1021 2751 1050 2777 l'r.
1072 2752 1111 2777 13.

274 2792 298 2825 5.
317 2792 341 2816 3.
367 2790 399 2817 de
419 2790 449 2816 li.
464 2790 496 2816 11.
520 2794 560 2818 -19,
582 2793 621 2818 16.
658 2791 700 2819 III.
725 2794 790 2820 Gn.
819 2794 872 2828 Qui
897 2793 1046 2825 honestam.
1071 2793 1113 2820 vel

278 2834 419 2860 causariam
443 2834 594 2861 missionem
618 2841 776 2863 meruerunt.
808 2835 838 2862 sr.
857 2836 899 2862 26.
924 2846 962 2873 pr.
987 2835 1003 2862 l.
1028 2837 1069 2862 29.
1090 2838 1112 2862 1.

1067 175 1167 207 CAV.

1141 256 1195 293 Qui
1215 257 1331 284 causaria
1349 257 1476 284 missione
1493 263 1657 286 sacramento
1677 273 1709 278 —-
1728 258 1881 293 solvuntur.
1902 266 1927 287 et
1945 262 1983 287 in-

1140 304 1239 336 tegram
1257 299 1351 326 famam
1369 300 1491 327 retinent.
1516 311 1537 328 c.
1553 302 1576 327 l.
1596 300 1629 328 de
1648 310 1737 328 excus.
1751 306 1866 330 veteran.
1885 305 1910 330 5.
1924 304 1966 330 65.

1177 342 1369 370 causatio.
1413 343 1614 376 Cauillono,
1643 345 1837 372 Excusatio.
1878 345 1898 372 Ι.
1921 347 1983 381 Sy.

1141 384 1264 420 Querela.
1297 384 1365 411 Nov.
1390 383 1494 412 Valent.
1517 385 1560 412 III.
1586 385 1619 413 de
1638 387 1757 424 episcop.
1783 386 1863 414 indic.
1890 388 1921 415 II.
1939 390 1982 415 35.

1141 438 1163 454 c.
1184 429 1207 454 l.
1226 437 1266 464 pr.
1304 427 1348 454 III.
1366 428 1433 455 οη.
1459 426 1568 455 Nullum
1586 430 1691 466 penitus
1711 429 1854 457 cuiuslibet
1872 430 1928 457 litis
1940 436 1983 457 aut

1141 471 1301 497 causationis
1314 470 1432 497 fomitem
1445 469 1594 508 dereliquit.
1613 472 1651 499 Ib.
1665 472 1698 499 de
1707 473 1786 500 XXX
1796 483 1855 499 ann.
1868 482 1983 510 praescr.

1140 513 1171 540 ll.
1190 515 1232 540 27.
1253 524 1275 540 c.
1297 515 1319 540 l.
1340 514 1362 547 5.
1381 515 1406 540 3.
1444 513 1526 546 Cum,
1549 516 1681 542 universis
1707 516 1904 542 causationibus
1928 515 1985 553 pul—

1141 557 1193 585 sis.
1222 555 1287 582 nihil
1315 555 1428 593 amplius
1452 561 1574 584 constare
1596 557 1705 590 debeat.
1734 559 1786 585 nisi
1809 564 1839 586 ut
1861 558 1986 596 adpareat

1141 604 1190 625 etc.
1224 598 1274 625 Th.
1295 598 1327 626 C.
1351 598 1394 625 ΙΙΙ.
1420 601 1444 625 5.
1473 610 1494 626 c.
1518 602 1543 626 2.
1569 601 1591 634 5.
1611 603 1635 627 2.
1665 601 1698 628 de
1721 601 1839 639 sponsal.
1880 601 1985 628 Praebi-

1142 643 1240 668 tionem
1259 643 1316 668 sine
1339 641 1393 668 ulla
1416 643 1568 669 causatione
1591 644 1702 680 singulis
1727 645 1802 671 annis
1826 656 1840 671 a
1859 655 1889 672 se
1907 655 1985 672 nove-

1142 686 1195 712 rint
1218 684 1416 722 procurandam.
1451 684 1518 711 Nov.
1540 684 1643 713 Valent.
1668 687 1711 713 HI.
1737 687 1769 713 de
1793 697 1861 714 suar.
1892 687 1923 715 Π.
1942 689 1983 715 36.

1143 738 1164 754 c.
1186 730 1208 754 1.
1229 727 1251 761 5.
1270 730 1301 754 2.'

1178 770 1435 798 causidicina.
1455 772 1628 806 Profe-ssia
1646 775 1905 806 causidicorum,
1924 776 1986 801 Pa-

1142 816 1325 841 trocinium
1350 823 1532 840 causarum.
1576 813 1619 840 ΠΙ.
1639 816 1705 842 Gn.
1733 814 1763 842 Si
1787 817 1833 853 qui
1851 815 1987 842 causidici-

1144 867 1203 883 nam
1227 858 1254 883 in
1279 856 1336 882 foro
1361 855 1478 893 ampliss.
1503 872 1535 876 ——
1559 858 1708 894 profitetur.
1751 857 1801 885 Th.
1821 858 1853 885 C.
1874 858 1942 885 VIII.
1962 860 1986 884 4.

1146 900 1257 933 c.30.§.
1273 901 1295 925 1.
1316 899 1348 926 de
1368 898 1495 925 cohortal.
1515 899 1584 933 (ΧΠ.
1606 902 1628 926 1.
1650 910 1670 926 c.
1694 901 1750 927 188.
1770 900 1803 927 de
1821 901 1971 935 decurion.)

1181 942 1415 970 causidicus·
1458 943 1641 970 Causarum
1670 950 1842 978 patronus.
1884 944 1902 971 I.
1924 946 1987 979 Sy.

1144 985 1313 1017 Advocatus,
1331 983 1470 1010 Patronus.
1496 984 1546 1011 Th.
1561 984 1635 1012 (211.
1657 988 1698 1012 10.
1713 997 1733 1012 c.
1749 988 1772 1012 l.
1786 996 1826 1023 sq.
1846 985 1879 1013 de
1888 987 1987 1024 postul.

1145 1027 1212 1055 Nov.
1233 1027 1337 1054 Valent.
1357 1026 1399 1053 111.
1429 1026 1486 1054 eod.
1506 1027 1537 1054 11.
1558 1030 1599 1055 ll.
1619 1039 1640 1055 c.
1662 1031 1684 1055 l.
1705 1039 1744 1066 pr.
1768 1030 1807 1063 55.
1827 1031 1850 1055 1.
1870 1039 1930 1066 sqq.
1956 1029 1988 1056 de

1145 1072 1262 1099 coulirm.
1283 1070 1308 1096 h.
1329 1080 1372 1106 qu.
1391 1069 1488 1096 admin.
1508 1070 1539 1096 11.
1557 1073 1599 1098 32.
1619 1082 1640 1098 c.
1661 1074 1684 1098 l.
1706 1072 1727 1105 5
1747 1074 1770 1098 5.
1810 1071 1851 1098 HI.
1870 1074 1936 1101 Gn.
1959 1072 1988 1099 ln

1145 1113 1304 1152 quibusdam
1323 1113 1475 1149 regionibus
1496 1114 1549 1147 (sc.
1568 1113 1675 1148 Italiae.)
1695 1120 1722 1141 et
1740 1115 1888 1142 causidicos
1908 1121 1934 1142 et
1952 1116 1990 1142 iu-

1145 1159 1217 1185 dices
1237 1156 1363 1187 defuisse,
1383 1155 1516 1192 hodieque
1534 1166 1630 1192 gnaros
1648 1159 1714 1184 iuris
1733 1163 1760 1185 et
1773 1158 1860 1195 legum
1873 1163 1917 1184 aut
1930 1168 1988 1185 raro

1145 1207 1189 1228 aut
1207 1201 1314 1227 minime
1332 1200 1450 1236 reperiri.
1478 1199 1516 1226 Ib.
1535 1199 1552 1226 l.
1572 1199 1589 1226 l.
1609 1199 1640 1226 H.
1659 1202 1702 1228 32.
1722 1211 1743 1227 c.
1765 1203 1788 1227 l.
1808 1201 1830 1234 5.
1850 1203 1874 1227 5.
1909 1202 1989 1237 Quis-

1146 1246 1206 1281 quis
1225 1243 1282 1270 vult
1302 1252 1361 1269 esse
1380 1242 1542 1275 causidicus,
1566 1244 1652 1280 ipsam
1674 1244 1759 1270 solam
1783 1248 1868 1270 sumat
1886 1244 1913 1270 in
1932 1254 1989 1270 cau-

1146 1289 1183 1314 sis
1203 1285 1311 1323 agendis
1329 1295 1478 1322 personam.
1508 1286 1558 1313 Th.
1573 1286 1649 1313 (3.11,
1669 1288 1710 1313 10.
1731 1297 1752 1313 c.
1766 1289 1790 1313 2.
1805 1297 1827 1313 c.
1841 1289 1865 1313 5.
1885 1286 1989 1320 (ch.)

1147 1331 1179 1358 de
1197 1329 1296 1368 postul.

1183 1375 1316 1402 Caute.
1337 1372 1450 1407 (Advb.)
1469 1374 1623 1405 Provide,
1643 1373 1846 1407 Diligenter.
1866 1372 1909 1399 ΠΙ.
1924 1373 1990 1401 (m.

1148 1417 1233 1445 Caute
1246 1421 1324 1453 atque
1342 1415 1465 1442 sollerter
1484 1416 1592 1449 (munus
1612 1416 1716 1449 acturi).
1741 1415 1778 1441 lb.
1799 1414 1842 1442 Vl.
1862 1417 1903 1443 29.
1925 1426 1946 1443 c.
1966 1418 1990 1442 6.

1148 1461 1181 1488 de
1200 1461 1296 1487 curios.
1326 1459 1394 1486 Cum
1408 1459 1508 1485 cautius
1529 1463 1554 1485 et
1573 1458 1668 1485 melius
1687 1460 1730 1485 sit.
1755 1468 1776 1485 c.
1796 1460 1820 1485 4.
1840 1458 1875 1485 de
1891 1463 1990 1486 auctor.

1148 1508 1245 1542 praest.
1259 1505 1283 1529 5.
1296 1504 1338 1529 59.
1377 1502 1475 1529 Curate
1493 1503 1572 1538 igitur
1591 1503 1693 1528 cautius
1713 1502 1841 1538 negotiari
1860 1506 1909 1529 etc.
1930 1512 1952 1529 c.
1965 1504 1989 1528 2.

1149 1547 1183 1574 de
1202 1547 1263 1574 furt.
1283 1547 1306 1572 6.
1325 1546 1350 1572 2.

1185 1590 1356 1617 Cautela.
1402 1590 1530 1615 Cautio.
1572 1588 1615 1615 ΙΙΙ,
1644 1589 1710 1616 Gn.
1743 1587 1809 1614 Post.
1835 1588 1909 1615 litem
1932 1598 1991 1615 con-

1149 1638 1280 1664 testatam,
1299 1636 1325 1657 et
1343 1636 1405 1668 post
1425 1631 1518 1657 solitas
1537 1631 1674 1657 iudiciales
1689 1630 1805 1658 cautelas
1819 1632 1870 1658 iam
1881 1633 1991 1668 praesti-

1149 1681 1197 1703 tas.
1217 1686 1239 1702 c.
1253 1679 1277 1701 2.
1297 1675 1319 1709 5
1333 1676 1357 1701 9.
1378 1674 1410 1701 dt·
1429 1675 1536 1701 iureiur.
1557 1684 1596 1711 pr.
1616 1673 1727 1700 calumn.
1746 1676 1771 1700 2.
1791 1676 1833 1701 59.
1870 1674 1922 1701 Pro
1935 1674 1991 1701 litis

1149 1719 1324 1746 instructione
1343 1722 1496 1743 consuetam
1515 1716 1642 1743 cautelam
1662 1727 1802 1754 exponere.
1823 1728 1844 1744 c.
1863 1718 1905 1744 28.
1925 1718 1990 1752 5.1.

1149 1763 1182 1789 de
1201 1762 1296 1788 admin.
1317 1765 1365 1786 tut.
1385 1763 1408 1787 5.
1421 1762 1463 1786 37.
1502 1759 1643 1787 Creatioue
1662 1764 1779 1787 tutorum
1798 1765 1825 1787 et
1843 1766 1992 1788 curatorum

1149 1816 1208 1832 cum
1227 1805 1297 1831 omni
1316 1802 1489 1841 praecedente
1509 1803 1617 1830 cautela.
1646 1813 1667 1829 c.
1686 1805 1728 1829 25.
1753 1803 1789 1830 ib.
1813 1806 1838 1830 5.
1857 1806 1899 1830 37.
1924 1804 1946 1838 5.
1966 1806 1991 1831 5.

1150 1849 1168 1875 1.
1189 1848 1221 1874 de
1240 1847 1304 1874 Atii.
1328 1851 1375 1872 tut.
1402 1849 1424 1872 1.
1447 1849 1489 1872 20.
1531 1845 1700 1872 Audiendum
1725 1847 1992 1884 eumfdandumquc

1151 1892 1220 1918 diem
1239 1901 1297 1917 cuin
1317 1891 1477 1926 competenti
1496 1888 1596 1916 cautela
1616 1889 1649 1915 ad
1668 1889 1822 1916 solvendam
1847 1891 1990 1927 pecuniam.

1151 1934 1181 1961 fr.
1200 1936 1241 1960 21.
1262 1933 1293 1960 de
1313 1932 1391 1959 indic.
1411 1935 1434 1959 5.
1457 1935 1478 1959 1.
1516 1932 1675 1964 ostendere.
1695 1943 1750 1959 rem
1768 1934 1938 1970 pignoratam.
1959 1949 1990 1952 —

1150 1979 1224 2015 prius
1243 1977 1337 2003 idonea
1357 1975 1456 2002 cautela
1477 1986 1490 2002 a
1504 1976 1624 2002 debitore
1636 1985 1686 2012 pro
1699 1976 1870 2002 indemnitate
1883 1976 1906 2002 ei
1919 1985 1992 2012 prae-

1151 2020 1251 2047 standa.
1276 2020 1306 2046 l'r.
1326 2021 1351 2045 6.
1371 2018 1403 2044 de
1422 2019 1492 2055 pign.
1512 2023 1561 2045 act.
1581 2020 1621 2044 13.
1643 2020 1664 2044 7.

1187 2062 1419 2090 Cauterium.
1466 2061 1724 2087 lustramentum
1748 2064 1788 2088 ad
1815 2063 1991 2088 inurendos

1151 2108 1233 2134 ceris
1253 2107 1386 2132 colores.
1423 2103 1466 2130 Ill.
1482 2105 1547 2132 Gn.
1572 2103 1684 2130 Pictoris
1704 2105 1878 2130 instrumento
1897 2103 1991 2140 legato,

1152 2160 1223 2177 cera.
1249 2147 1364 2174 colores.
1394 2146 1542 2183 similiaque
1564 2147 1658 2173 horum
1683 2146 1767 2183 legato
1793 2146 1901 2174 cedunt.
1929 2148 1992 2173 item

1152 2191 1278 2230 peniculi.
1299 2195 1323 2217 et
1344 2192 1470 2217 cauteria.
1492 2195 1515 2217 ct
1536 2190 1658 2217 conchae.
1684 2190 1714 2216 fr.
1736 2191 1775 2216 17.
1796 2200 1835 2226 pr.
1861 2189 1893 2216 de
1915 2190 1990 2216 instr.

1152 2237 1200 2272 leg.
1220 2237 1261 2261 33.
1282 2236 1304 2260 ἶ,
1334 2233 1405 2260 Paul.
1426 2233 1468 2260 Ill.
1488 2235 1512 2260 6.
1533 2234 1554 2267 5.
1575 2236 1616 2260 63.

1188 2280 1338 2306 Cautes.
1377 2280 1463 2304 Saxa
1483 2279 1569 2303 dura.
1607 2275 1624 2301 l.
1642 2276 1703 2310 Sy.
1733 2276 1809 2302 Saxa.
1840 2275 1889 2303 Th.
1904 2276 1936 2303 C.
1957 2276 1990 2302 Χ.

1154 2324 1194 2349 19.
1214 2332 1235 2348 c.
1257 2323 1296 2347 14.
1317 2320 1349 2347 de
1367 2320 1464 2347 metall.

1189 2364 1336 2392 Cautio.
1352 2364 1382 2397 §-
1395 2365 1429 2390 1.
1443 2363 1672 2393 Providentia,
1688 2363 1850 2389 provisio.
1869 2361 1913 2388 111.
1926 2363 1991 2389 Cn.

1153 2407 1300 2443 Privilegia‚
1321 2406 1416 2443 quibus
1436 2421 1467 2425 -
1486 2405 1556 2431 varia
1571 2414 1681 2441 corpora
1694 2404 1828 2431 hominum
1841 2404 1883 2431 vel
1895 2405 1992 2442 prisca-

1153 2461 1210 2478 rum
1229 2450 1315 2486 legum
1334 2450 1433 2481 cautim
1457 2447 1499 2473 vel
1523 2448 1733 2474 antecedentium
1752 2448 1903 2484 Principum
1927 2447 1993 2474 fovit

1154 2494 1308 2520 humanitas.
1337 2491 1386 2518 Th.
1402 2491 1432 2518 C.
1450 2490 1522 2517 XIV.
1542 2492 1566 2516 2.
1587 2502 1608 2517 c.
1632 2493 1652 2517 l.
1673 2491 1705 2517 de
1723 2491 1810 2528 privil.
1830 2495 1991 2527 corporatur.

1154 2537 1252 2563 Maiore
1271 2535 1392 2562 cautione
1411 2533 1539 2570 disquirat
1559 2539 1607 2560 etc.
1636 2534 1673 2560 lb.
1695 2534 1712 2560 I.
1734 2537 1773 2560 15.
1789 2544 1810 2560 c.
1827 2535 1867 2560 17.
1887 2533 1990 2567 OVck.)

1154 2579 1187 2606 de
1206 2579 1250 2605 oss'.
1271 2578 1356 2604 Yicar.
1377 2593 1408 2596 -
1428 2577 1459 2610 δ.
1475 2578 1510 2603 2.
1532 2579 1704 2604 Securitas
1722 2579 1881 2604 creditori
1896 2586 1991 2611 prae-

1154 2624 1286 2653 standa,
1307 2627 1370 2647 tam
1383 2622 1648 2656 fideiussoribus
1667 2627 1721 2647 etc.
1741 2630 1835 2655 quam
1852 2621 1991 2654 promis-

1155 2668 1246 2692 sione
1264 2666 1356 2690 nuda.
1396 2663 1412 2689 l.
1432 2664 1493 2697 Sy.
1523 2663 1673 2700 Stipulatio.
1702 2663 1759 2689 Gai.
1779 2663 1809 2689 11.
1829 2665 1887 2689 252.
1900 2672 1940 2699 sq.
1960 2661 1990 2688 fr.

1157 2709 1196 2734 17.
1217 2706 1248 2733 de
1268 2706 1354 2732 hered.
1375 2711 1427 2743 pet.
1446 2708 1470 2732 5.
1489 2708 1514 2732 3.
1535 2706 1564 2733 l'r.
1586 2708 1608 2732 1.
1628 2715 1687 2742 sqq.
1706 2705 1737 2732 fr.
1757 2707 1781 2732 6.
1801 2705 1885 2732 sr.10.
1905 2704 1936 2731 1ἰ·.
1951 2707 1990 2731 12.

1157 2751 1194 2785 55.
1208 2752 1231 2775 2.
1246 2759 1285 2785 sq.
1300 2749 1330 2775 fr.
1347 2751 1385 2775 13.
1404 2754 1451 2775 rat.
1466 2759 1528 2776 rem.
1542 2748 1601 2775 hab.
1621 2750 1662 2774 46.
1676 2752 1701 2776 8.
1737 2748 1881 2775 Promissio
1900 2747 1991 2781 (sola).

1158 2794 1188 2820 l'r.
1206 2795 1230 2819 2.
1251 2792 1273 2825 5.
1293 2794 1317 2818 6.
1338 2791 1370 2818 de
1388 2791 1466 2818 iudic.
1486 2794 1509 2818 5.
1531 2794 1553 2818 1.
1574 2791 1603 2818 fr.
1623 2793 1664 2818 63.
1685 2792 1707 2825 5.
1727 2794 1751 2818 4.
1770 2800 1819 2828 pro
1838 2800 1893 2816 soc.
1914 2793 1954 2817 17.
1966 2792 1990 2817 2.

1158 2836 1187 2863 ll.
1208 2836 1275 2869 Op·
1306 2834 1358 2865 Re.
1384 2851 1415 2855 —
1440 2835 1568 2862 Cautionc
1592 2834 1725 2868 (facienda
1752 2832 1884 2866 collatio).
1919 2833 1948 2860 fr.
1969 2835 1990 2859 1.
