2197 3121
260 183 324 214 346

263 264 331 291 secto
351 263 486 302 praedium
506 273 588 301 puero
612 264 756 300 comparari
781 272 834 289 non
856 263 951 300 possit.
977 261 1007 288 fr.
1027 263 1051 288 5.
1072 261 1104 288 de

263 307 329 334 adm.
349 312 373 333 et
394 308 474 344 peric.
493 308 534 333 26.
556 308 578 332 7.
621 306 741 332 Nuunuis
765 305 918 332 indistincte
945 304 1051 340 legatis,
1072 319 1104 324 —-

263 351 413 387 exiguiores
438 349 515 386 legati
539 349 684 375 videantur.
709 348 739 375 sr.
760 350 800 375 75.
827 348 860 375 de
879 348 953 383 legat.
974 347 1016 373 lll.
1037 347 1104 380 (32.)

263 393 293 421 Si
313 394 406 429 exiguo
425 393 511 430 pretio
531 408 563 412 —
583 402 637 419 rem
651 392 764 419 abiicere
785 408 817 412 —
837 395 998 427 cogerentur.
1018 390 1049 417 fr.
1062 391 1104 417 36.

263 437 285 470 §.
309 438 329 462 1.
350 436 435 462 mand.
458 437 496 462 17.
519 437 540 462 l.

298 479 477 506 Exilium.
515 478 547 505 cf.
567 488 591 505 v.
611 478 750 505 Exsilium.

297 522 489 549 Eximere.
527 521 558 555 §.
579 522 613 549 l.
635 522 781 553 Demere,
800 521 992 548 Ettralcere.
1012 518 1104 553 [Sy.

263 565 375 592 Solvere
394 565 549 598 (uniones)
569 564 600 591 fr.
619 566 643 591 6.
663 575 702 602 pr.
726 565 747 599 §.
771 567 792 590 l.
812 564 845 590 de
864 572 927 590 auro
947 572 998 599 arg.
1018 563 1060 588 34.
1080 564 1104 588 2.

263 608 307 635 111.
331 609 396 635 (ἠ.
420 607 460 634 Ne
484 607 581 639 fodito,
606 618 671 634 nove
691 609 811 639 eximito,
836 616 902 633 neve
924 605 1031 632 avellito
1051 605 1106 638 (eo-

263 652 336 683 tem.)
356 650 386 677 fr.
403 652 441 677 15.
462 650 495 677 de
513 650 646 688 publican.
665 653 706 677 39.
721 652 744 677 4.
783 650 850 677 Cum
870 654 914 675 aut
932 648 1000 686 lapis
1020 658 1105 675 exem-

264 699 314 726 tus⁷
335 698 379 720 aut
398 694 478 720 arbor
497 699 569 720 eruta
589 694 631 721 vel
651 695 754 721 succisa
774 698 821 720 est.
842 693 871 719 fr.
894 693 933 719 19.
952 702 992 729 pr.
1013 701 1104 718 comm.

263 736 315 764 div.
337 738 376 763 10.
395 738 420 763 3.
458 736 498 763 Ne
517 738 576 774 quis
590 738 688 773 tignum
709 736 831 766 alienum.
852 735 962 763 aedibus
981 736 1037 762 suis
1051 736 1106 761 iun-

263 785 346 809 ctum,
371 781 485 806 eximere
508 785 623 816 cogatur.
648 780 678 806 l'r.
700 781 722 806 7.
747 781 769 814 §.
792 782 830 806 10.
855 779 889 806 de
907 779 939 806 A.
959 778 990 805 R.
1010 778 1044 805 D.
1063 779 1105 804 41.

264 825 286 850 1.
324 823 354 850 Si
373 828 402 850 tu
420 823 545 851 foramen.
565 822 634 849 unde
653 828 783 850 exemtum
796 828 837 850 est
856 825 905 856 (sc.
919 821 1041 859 tignum.)
1061 820 1107 847 ob-

263 868 401 893 turaveris.
422 866 451 892 sr.
471 868 495 892 6.
516 866 548 892 de
568 865 595 892 S.
616 865 645 892 P.
659 865 691 893 V.
711 868 735 893 8.
755 868 779 893 2.
816 866 844 893 In
864 865 1029 902 laqueum—
1044 873 1106 901 aper

263 909 367 936 incidit:
388 920 445 936 cum
466 919 496 935 eo
516 908 644 941 haereret.
665 914 797 936 exemtum
816 920 874 936 eum
893 907 999 935 abstuli.
1019 907 1050 934 fr.
1063 909 1105 933 55.

263 952 296 979 de
315 953 346 979 A.
366 952 397 979 R.
418 952 450 978 D.
470 954 512 978 41.
541 954 562 979 1.
586 969 619 972 —
643 953 674 986 ξ.
699 954 734 980 2.
759 955 891 985 Arc-ere,
917 953 1105 982 Prohibere,

262 998 425 1023 Retinere.
461 995 492 1022 II.
513 998 580 1030 Op.
605 996 716 1033 Eripere
735 1001 788 1029 est,
812 995 846 1022 de
864 995 984 1022 manibus
1004 993 1106 1020 auferre

262 1049 310 1076 per
329 1043 438 1076 raptum.
455 1055 485 1059 —
500 1038 623 1066 Eximero
642 1040 691 1072 (sc.
705 1039 767 1071 est.)
787 1037 975 1076 quoquomodo
995 1036 1104 1063 auferre.

262 1082 293 1108 tr.
313 1083 336 1107 4.
356 1091 395 1119 pr.
415 1082 452 1116 βξ.
474 1083 496 1108 1.
516 1091 556 1118 sq.
576 1092 609 1109 ne
628 1092 670 1119 qu.
692 1092 758 1109 eum.
777 1084 802 1109 2.
823 1084 845 1109 7.
865 1081 907 1108 111.
930 1082 996 1109 Gn·
1015 1080 1045 1106 ln
1063 1080 1104 1105 ius

262 1129 391 1157 vocatum,
411 1135 432 1151 s.
452 1124 616 1158 Debitorem,
636 1126 713 1152 exim.
736 1125 767 1152 l'r.
788 1127 811 1152 l.
831 1125 853 1159 §
872 1127 897 1151 2.
918 1124 948 1151 fr.
967 1125 991 1150 2.
1012 1132 1052 1159 sq.
1073 1121 1103 1148 fr.

261 1169 285 1194 4.
306 1168 327 1202 ξ.
351 1170 372 1194 1.
393 1167 422 1194 fr.
442 1171 466 1194 5.
487 1168 508 1202 ξ.
528 1170 552 1194 3.
572 1168 607 1194 ib.
627 1170 650 1195 2.
672 1170 694 1195 7.
715 1168 772 1195 Gai.
787 1168 830 1194 IV.
846 1169 886 1195 16.
923 1167 957 1200 Is,
978 1176 1036 1193 cum
1052 1175 1104 1202 quo

262 1210 295 1237 de
311 1210 418 1248 peculio
437 1211 552 1246 agebam,
572 1221 585 1237 a
605 1216 630 1238 [ε
651 1213 676 1238 vi
695 1216 814 1238 exemtus
836 1215 883 1237 est.
904 1210 934 1237 fr.
948 1212 989 1236 55.
1010 1209 1043 1236 de
1060 1218 1105 1246 pe-

262 1253 311 1280 cul.
334 1255 374 1280 15.
396 1255 417 1280 l.
455 1254 509 1289 Qui
529 1259 647 1281 exemtus
668 1259 721 1287 est,
746 1254 930 1288 (nihilominus
954 1257 1041 1280 manet
1059 1251 1105 1279 ob-

261 1296 379 1332 ligatus)
399 1296 428 1323 fr.
447 1298 471 1323 5.
491 1297 513 1331 §.
532 1299 556 1323 3.
577 1307 609 1324 ne
629 1308 671 1334 qu.
692 1308 759 1324 eum.
777 1299 802 1324 2.
829 1299 852 1324 7.
873 1313 906 1316 —
925 1297 956 1330 ἕ.
979 1297 1017 1323 3.
1037 1297 1104 1323 Ex-

261 1342 380 1374 cipere,
403 1341 577 1372 Dedueere,
598 1342 759 1368 Liberare.
785 1340 803 1367 I.
824 1341 886 1375 Sy.
905 1339 1054 1366 Deducere.
1073 1338 1104 1365 fr.

263 1384 303 1409 ll.
327 1383 348 1417 §.
373 1384 397 1409 3.
422 1382 455 1409 de
478 1383 564 1421 pecul.
590 1386 629 1410 15.
651 1386 673 1410 1.
710 1383 837 1411 Libet-are
857 1382 1054 1419 (obligatione.)
1073 1381 1104 1408 fr.

263 1427 303 1453 19.
323 1425 355 1452 de
374 1425 453 1452 duob.
473 1428 534 1453 reis.
553 1429 594 1454 45.
614 1429 638 1454 2.
670 1427 700 1454 ll.
716 1429 784 1461 (Dp.
803 1427 891 1453 Eximi
910 1426 942 1452 ab
962 1425 1103 1462 alique.—

260 1468 369 1495 Reverti
388 1469 420 1495 ad
440 1479 506 1496 eum.
525 1470 556 1497 sr.
578 1472 617 1496 12.
637 1470 658 1504 ξ.
677 1473 702 1497 2.
722 1470 780 1497 sam.
800 1471 891 1496 ercisc.
913 1471 953 1496 10.
972 1471 997 1495 2.
1035 1467 1105 1495 Cou-

262 1513 362 1548 tingere
375 1512 487 1549 aliquem
501 1514 703 1549 (ignominiam.)
714 1529 746 1533 —
757 1512 933 1540 Eximendum
947 1522 1007 1539 esse
1019 1512 1104 1548 (igno-

261 1556 360 1588 minia.)
381 1555 437 1582 Gai.
456 1555 486 1582 ll.
508 1558 566 1582 154.
603 1556 646 1582 [Π.
673 1557 739 1584 Gn.
776 1556 842 1589 Pati,
862 1566 920 1583 cum
939 1559 1032 1593 posset
1051 1555 1102 1581 exi-

261 1609 338 1626 mere.
358 1599 389 1626 fr.
410 1601 432 1626 7.
454 1599 506 1634 Qu.
526 1600 583 1625 sine
602 1609 713 1626 manum.
733 1601 775 1626 40.
795 1600 819 1625 8.
862 1599 892 1625 Si
912 1599 971 1635 quis
990 1596 1103 1632 militum

261 1653 295 1669 ex
313 1642 364 1668 alio
383 1651 492 1668 numero
512 1642 654 1669 translatus
673 1643 748 1669 sitin
761 1642 849 1674 alium,
869 1642 989 1679 quamvis
1003 1645 1029 1667 et
1041 1640 1103 1666 hinc

260 1686 296 1712 sit
315 1690 442 1717 exemtus,
463 1690 489 1711 ct
507 1685 554 1712 illo
573 1686 689 1712 nondum
708 1686 866 1723 pervenerit.
889 1684 920 1712 fr.
942 1686 964 1711 l.
984 1684 1006 1718 §.
1026 1685 1050 1710 2.
1070 1682 1103 1709 de

260 1728 291 1755 B.
311 1728 338 1754 P.
359 1739 391 1755 ex
410 1733 513 1755 testam.
533 1728 586 1755 mil.
605 1730 646 1755 37.
664 1730 703 1755 13.
741 1728 801 1755 Non
815 1729 893 1755 eximi
907 1727 938 1754 ab
958 1727 1009 1754 hoc
1023 1736 1103 1753 onere

262 1771 416 1808 (privilegio
440 1773 558 1806 aetatis.)
583 1772 614 1799 sr.
638 1774 661 1798 5.
686 1782 725 1809 pr.
751 1771 784 1798 de
807 1773 863 1798 iure
886 1772 992 1797 immun.
1017 1772 1058 1797 50.
1078 1770 1101 1796 6.

260 1814 303 1841 An
322 1815 458 1841 eximenda
477 1816 531 1841 sint
554 1825 587 1841 ex
610 1816 755 1852 quantitate
775 1816 829 1848 (sc.
850 1814 982 1847 tributa?)
1008 1813 1039 1840 sr.
1058 1814 1101 1839 32.

262 1858 284 1892 ξ.
303 1859 326 1884 9.
347 1858 379 1884 de
398 1868 447 1885 usu
467 1863 491 1884 et
512 1858 579 1885 usus.
599 1858 647 1895 leg.
667 1861 709 1885 33.
728 1860 753 1885 2.
789 1858 912 1885 Eximere
935 1867 965 1884 se
983 1855 1103 1894 periculo

263 1900 448 1934 (calumniae.)
474 1901 504 1928 fr.
526 1904 547 1928 l.
572 1902 593 1936 ξ.
615 1904 654 1928 13.
679 1901 711 1928 ad
730 1901 758 1928 S.
779 1901 810 1928 C.
830 1900 912 1938 Turp.
933 1902 974 1927 48.
997 1902 1035 1926 16.
1073 1899 1103 1926 Si

263 1943 389 1970 occiderit
407 1945 481 1970 iussu
500 1944 607 1977 domini,
627 1944 751 1971 Cornelia
771 1954 830 1971 eum
850 1946 1001 1971 eximemus.
1016 1944 1047 1970 fr.
1063 1945 1103 1969 17.

263 1987 318 2021 §.2
339 1986 371 2013 de
390 1988 467 2014 iniur.
486 1989 527 2014 47.
550 1990 588 2014 10.
626 1988 742 2023 Quoium
761 1997 855 2014 nomen
875 1998 907 2014 ex
927 1987 951 2013 h,
974 1987 989 2013 l.
1005 1997 1037 2013 ex
1050 1987 1103 2013 reis

263 2035 394 2057 exemtum
413 2031 470 2057 erit.
491 2030 532 2057 Fr.
547 2030 577 2057 L.
598 2030 693 2057 Servil.
714 2041 735 2057 c.
751 2033 773 2057 1.
812 2031 865 2066 Qui
885 2035 1015 2057 exemtum
1031 2039 1103 2056 reum

264 2083 316 2099 non
336 2073 427 2100 desert.
448 2073 477 2100 sr.
500 2075 539 2099 12.
559 2073 590 2100 ad
611 2074 638 2101 S.
659 2074 690 2101 C.
711 2074 793 2112 Turp.
813 2076 855 2100 48.
877 2075 916 2100 16.
936 2073 966 2100 sr.
988 2075 1028 2099 11.
1042 2073 1063 2106 §.
1077 2074 1102 2098 2.

264 2115 296 2142 de
316 2126 400 2143 accus.
420 2118 462 2143 48.
481 2119 506 2143 2.
521 2133 552 2136 —-·
567 2118 597 2151 §0
614 2119 652 2145 4.
673 2119 828 2154 Auferre,
848 2119 1012 2148 Adimere,
1027 2117 1102 2143 Pri-

266 2169 347 2185 vare.
383 2159 400 2185 l.
418 2162 479 2194 Sy.
503 2160 532 2187 Si
553 2160 631 2187 desiit
650 2171 725 2197 agere
743 2170 831 2198 posse.
864 2160 893 2187 Si
913 2161 981 2186 actio
1002 2162 1103 2186 exemta

265 2212 323 2228 esse
343 2202 450 2229 dicetur.
475 2203 505 2230 fr.
532 2206 554 2230 1.
578 2205 599 2238 ξ.
627 2206 648 2230 l.
672 2204 702 2231 l‘r.
726 2206 768 2231 26.
793 2205 830 2239 ἒξ,
854 2205 878 2230 4.
903 2214 943 2240 sq.
965 2213 997 2229 ex
1017 2212 1060 2239 qu.
1081 2212 1103 2228 c.

264 2246 321 2272 mai.
341 2247 366 2271 4.
385 2247 408 2271 6.
438 2246 478 2272 lll.
491 2248 556 2274 011.
577 2247 606 2274 Si
625 2249 681 2274 via«-
699 2247 821 2285 publieae
840 2251 959 2273 exemtus
978 2255 1105 2273 commea-

265 2293 308 2314 tus
327 2289 369 2314 sit.
390 2288 420 2314 sr.
440 2291 463 2314 2.
483 2290 504 2323 ξ.
525 2292 565 2316 25.
586 2301 618 2317 ne,
638 2301 680 2327 qu.
705 2292 731 2317 in
751 2290 810 2317 loco
830 2290 891 2328 pub.
912 2292 953 2316 43.
973 2290 997 2316 8.
1036 2288 1103 2316 Cum

265 2332 344 2358 seriae
362 2336 465 2369 tempus
486 2334 608 2360 eximunt.
633 2334 663 2360 l'r.
683 2336 724 2360 26.
749 2335 771 2368 §.
792 2336 814 2360 7.
840 2344 872 2360 ex
892 2343 934 2370 qu.
960 2343 981 2359 c.
1001 2333 1059 2358 mai.
1079 2333 1102 2358 4,

265 2377 288 2401 6.
327 2374 485 2401 Potestatvm
505 2377 618 2402 eximere
637 2387 682 2403 reo
702 2378 768 2411 (suo
789 2378 845 2404 iure
864 2377 927 2408 uti.)
952 2375 983 2402 sr.
1002 2377 1044 2402 48.
1063 2385 1103 2412 pr.

266 2418 350 2444 mand.
373 2420 411 2444 17.
435 2420 454 2444 1.
492 2418 559 2445 Cum
578 2419 658 2445 semel
672 2421 804 2456 negotium
824 2436 855 2440 -
876 2418 1038 2456 temporibus
1052 2418 1104 2445 sue-

267 2463 299 2488 rit
319 2466 457 2488 exemtum.
478 2461 527 2488 Th.
548 2461 578 2488 C.
598 2461 628 2488 ll.
649 2464 672 2488 6.
693 2473 714 2489 c.
735 2465 756 2490 1.
777 2463 810 2490 de
828 2468 907 2500 temp.
929 2471 1015 2488 cursu.

301 2505 484 2532 Eximius.
521 2504 650 2538 (Adiect.)
687 2507 860 2541 Egregius.
898 2505 940 2532 lll.
967 2506 1033 2532 Gn.
1053 2504 1104 2530 Me-

267 2548 345 2573 ritum
365 2548 473 2574 eximiae
496 2547 688 2584 singularisque
712 2549 825 2575 virtutis.
862 2547 912 2574 Th.
938 2547 968 2574 C.
988 2546 1059 2574 XVI.
1078 2548 1102 2573 2.

269 2600 289 2615 c.
312 2592 349 2616 16.
370 2591 402 2617 ‹le
422 2591 501 2627 episc.
522 2590 585 2617 eccl.
621 2590 794 2617 Adnuuwrari
808 2590 975 2628 supellectili.
995 2595 1104 2628 propter

269 2634 389 2659 eximium
413 2644 489 2660 nsum
513 2639 538 2660 et
560 2635 680 2671 pretium.
704 2633 735 2660 sr.
754 2636 778 2660 3.
803 2634 824 2667 ξ.
844 2636 867 2660 -1,
888 2633 920 2660 de
939 2633 1034 2670 supell.
1054 2632 1102 2669 leg.

268 2677 309 2701 33.
333 2677 369 2701 10.
406 2676 506 2703 Merces
526 2678 614 2704 eximii
633 2676 738 2704 laboris.
763 2676 793 2703 fr.
812 2678 853 2702 34.
878 2677 899 2710 §.
922 2679 943 2703 l.
964 2676 996 2703 de
1015 2676 1102 2703 donat.

267 2719 309 2745 39.
329 2719 352 2744 5.

303 2761 525 2790 Exinanire.
562 2765 751 2795 Eracuare,
771 2763 962 2798 Infirmare.
999 2762 1016 2788 l.
1041 2763 1102 2796 Sy.

269 2802 421 2831 Exhauriro.
443 2805 474 2831 cl'.
494 2806 518 2832 h.
538 2817 561 2832 v.
599 2806 642 2832 lll.
660 2807 725 2834 (ἠ.
753 2804 940 2831 Patrimonium
964 2814 1039 2830 suum
1059 2804 1103 2831 do-

271 2848 419 2882 nationibus
444 2849 469 2874 in
493 2855 615 2885 nepotem
640 2849 715 2875 factis
739 2849 894 2875 exinanisse.
919 2846 949 2874 fr.
973 2848 1012 2874 87.
1036 2847 1058 2881 ξ.
1077 2849 1100 2873 3.

1086 179 1164 210 EXI.

1149 261 1182 287 de
1202 260 1278 297 legat.
1299 260 1330 287 ll.
1351 262 1418 294 (31.)
1439 261 1470 288 cl'.
1490 272 1511 288 c.
1533 263 1555 288 1.
1576 272 1597 288 c.
1617 263 1641 288 3.
1662 262 1694 289 de
1713 263 1786 290 inoff.
1807 264 1894 291 donat.
1913 267 1937 292 3.
1951 266 1993 292 29.

1150 303 1230 340 Quod
1250 303 1422 336 debilitando,
1441 309 1485 331 aut
1503 304 1652 332 vinciendo.
1673 308 1884 342 persecutionem
1903 310 1995 346 pigno-

1150 348 1186 374 ris
1206 348 1371 374 exinanierit.
1390 346 1422 374 fr.
1441 349 1482 374 27.
1503 348 1536 375 de
1555 349 1657 385 pignor.
1674 350 1716 375 20.
1738 351 1760 376 l.

1183 390 1346 417 Exinde.
1384 391 1416 424 ξ.
1436 392 1471 417 1.
1491 393 1568 418 Inde
1586 394 1636 423 ab,
1658 393 1786 419 Deinde.
1823 392 1842 419 1.
1861 394 1922 428 Sy.
1952 394 1994 421 Ex

1150 438 1281 470 tempore,
1305 443 1330 459 v.
1355 433 1410 466 die,
1436 443 1496 470 quo.
1535 434 1592 461 Gai.
1617 434 1635 461 l.
1662 436 1718 461 129.
1748 435 1778 461 fr.
1802 437 1844 462 26.
1872 436 1894 469 §.
1916 427 1939 463 l.'
1961 436 1995 464 de

1150 475 1236 503 fideic.
1261 475 1325 502 libb.
1351 478 1392 503 40.
1416 478 1442 502 5.
1479 476 1521 503 111.
1542 479 1607 505 Gn.
1627 477 1745 506 Exinde.
1769 483 1795 504 et
1820 488 1872 515 quo
1892 484 1941 506 etc.
1961 495 1994 499 —

1150 529 1202 546 non
1221 524 1302 546 retro.
1323 518 1352 545 fr.
1372 521 1396 545 3.
1417 518 1450 546 de
1469 519 1563 546 interd.
1584 522 1625 546 43.
1641 522 1662 546 l.
1700 520 1812 550 Exinde.
1832 532 1882 558 qua
1896 532 1928 549 ex
1942 521 1992 549 die.

1150 562 1180 589 fr.
1199 564 1223 589 4.
1244 573 1293 600 pro
1313 562 1401 589 donat.
1422 564 1463 589 41.
1483 564 1507 589 6.
1545 563 1586 589 Ex
1605 573 1671 599 quo.
1691 579 1723 583 ·—
1743 564 1839 591 exinde
1859 570 1906 591 etc.
1928 575 1950 591 c.
1969 566 1993 592 8.

1149 616 1188 643 pr.
1213 605 1244 632 ad
1269 605 1299 632 L.
1325 605 1372 632 Iul.
1398 606 1456 632 mai.
1480 606 1504 632 9.
1529 606 1552 632 8.
1593 606 1628 632 Et
1653 606 1704 632 hoc
1723 608 1800 634 etiam
1820 608 1853 634 D.
1874 607 1937 634 Pius
1956 618 1994 634 re-

1150 649 1265 686 scripsit.
1307 648 1342 675 Et
1365 648 1460 675 exinde
1483 648 1574 675 multis
1598 651 1736 687 rescriptis
1761 650 1921 677 declaratum
1945 655 1993 677 est.

1151 692 1181 718 fr.
1205 694 1230 718 2.
1255 701 1295 729 pr.
1321 691 1353 718 de
1378 692 1444 718 adm.
1472 696 1497 718 et
1521 693 1601 729 peric.
1625 695 1667 719 26.
1692 695 1715 720 7.
1735 709 1768 713 —
1787 695 1819 727 §.
1838 695 1873 721 Β.
1894 695 1943 721 Ex
1961 704 1994 721 eo

1150 738 1228 762 loco.
1265 734 1308 761 111.
1323 736 1389 762 οη.
1408 734 1512 761 Exinde
1531 735 1655 762 abstrahi.
1679 735 1729 763 Th.
1750 736 1781 763 C.
1801 736 1845 763 IX.
1865 738 1907 763 45.
1928 746 1949 763 c.
1969 738 1993 763 5.

1152 778 1183 805 ct'.
1204 789 1225 805 c.
1246 780 1270 805 3.
1290 778 1312 812 §.
1332 779 1356 804 3.
1381 776 1414 803 de
1438 777 1462 804 h.
1488 788 1530 814 qu.
1555 778 1588 804 ad
1607 778 1669 805 eccl.
1708 778 1758 806 Pro
1783 790 1814 806 eo
1834 782 1883 814 (sc.
1904 784 1994 806 saneta

1151 821 1372 859 adpellaverunt‚)
1399 820 1471 856 quod
1490 821 1586 848 exinde
1611 821 1670 848 tolli
1689 822 1789 859 aliquid
1808 828 1851 849 aut
1871 823 1994 857 coniungi

1151 875 1203 891 non
1223 864 1323 891 liceret.
1342 864 1392 902 Ep.
1412 865 1473 891 inst.
1498 863 1565 890 Gaii.
1590 863 1620 890 11.
1647 867 1669 891 1.
1693 865 1715 899 ξ.
1742 867 1763 892 l.
1784 882 1816 886 -
1836 867 1867 899 §.
1888 867 1925 892 3.
1945 867 1994 892 Ex

1150 919 1187 935 ea
1206 918 1246 934 re.
1283 907 1302 934 I.
1322 908 1384 942 Sy.
1416 908 1456 935 Ex
1476 907 1546 941 (XII.
1562 907 1660 940 Tabb.)
1680 908 1710 935 fr.
1726 910 1748 935 7.
1768 919 1807 946 pr.
1829 909 1861 935 de
1881 918 1936 946 cap.
1951 907 1994 934 de-

1150 952 1212 978 min.
1232 953 1255 977 4.
1276 952 1300 976 5.
1338 950 1380 977 Ill.
1402 952 1468 978 Gn.
1493 950 1522 977 Si
1542 950 1647 987 quando
1661 951 1753 978 famosi
1766 952 1851 979 libelli
1864 952 1994 989 reperian-

1151 999 1206 1026 tur,
1229 993 1316 1020 nullas
1341 993 1438 1020 exinde
1461 992 1604 1020 calumnias
1623 995 1757 1031 patiantur
1776 995 1802 1022 hi
1822 1000 1871 1022 etc.
1891 994 1940 1022 Th.
1961 993 1992 1021 C.

1150 1038 1194 1064 IX.
1214 1039 1256 1064 34.
1277 1047 1298 1063 c.
1320 1038 1342 1063 1.
1363 1036 1395 1062 de
1415 1036 1505 1062 samos.
1525 1036 1608 1063 libell.

1184 1080 1314 1107 Exire.
1353 1080 1384 1113 ξ.
1405 1081 1439 1106 l·
1464 1081 1603 1115 Egredi,
1622 1082 1814 1117 ProficisM.
1836 1081 1855 1108 Ι.
1871 1082 1933 1116 Sy.
1952 1080 1994 1107 Ire

1150 1123 1190 1155 ad,
1209 1124 1290 1150 Exire
1310 1124 1336 1149 in
1355 1123 1514 1159 (pugnam.)
1539 1121 1596 1149 Gai.
1619 1122 1650 1150 Π.
1671 1125 1728 1150 101.
1766 1124 1921 1156 Discedere.
1941 1123 1994 1151 De—

1150 1167 1250 1194 cedere.
1288 1165 1326 1192 lb.
1345 1165 1382 1192 IV
1412 1166 1469 1192 164.
1488 1164 1519 1191 fr.
1538 1166 1564 1192 3.
1582 1166 1620 1199 §§.
1641 1168 1664 1192 7.
1685 1169 1725 1193 14.
1745 1167 1777 1193 de
1796 1168 1822 1194 vi
1841 1172 1866 1194 et
1885 1168 1911 1193 vi
1930 1176 1993 1194 arm.

1149 1212 1190 1237 43.
1212 1211 1251 1236 16.
1289 1208 1334 1235 111.
1351 1210 1417 1236 Gn.
1455 1208 1523 1235 Cum
1547 1210 1675 1236 terminos
1699 1210 1772 1236 urbis
1792 1211 1886 1237 exierit
1904 1209 1994 1243 (Prae—

1150 1253 1234 1280 fectus
1254 1251 1313 1286 Vr.)
1333 1251 1363 1278 fr.
1382 1253 1407 1278 3.
1427 1251 1461 1278 de
1479 1252 1523 1278 off.
1538 1251 1590 1278 Prf.
1606 1251 1651 1279 Vr.
1672 1254 1694 1279 1.
1716 1255 1755 1280 12.
1793 1253 1867 1285 Viae,
1886 1254 1913 1280 in
1927 1262 1993 1289 quas

1150 1298 1236 1323 exitur
1260 1295 1293 1322 de
1316 1296 1358 1322 via
1383 1294 1524 1321 consulari.
1550 1295 1581 1322 fr.
1605 1297 1630 1322 2.
1655 1295 1676 1329 §.
1700 1298 1742 1323 23.
1767 1307 1800 1323 ne
1824 1307 1867 1333 qu.
1887 1297 1913 1323 in
1932 1295 1992 1322 loco

1148 1340 1211 1377 pub.
1231 1341 1273 1366 43.
1293 1340 1317 1365 8.
1337 1354 1370 1358 —-
1389 1339 1421 1371 δ.
1444 1339 1481 1365 fl.
1500 1340 1595 1366 Belin
1605 1349 1713 1374 quere,
1734 1341 1919 1371 Absceden,
1939 1341 1993 1366 Se-

1147 1384 1273 1418 parari.
1311 1381 1330 1408 l.
1355 1383 1418 1416 Sy.
1455 1381 1524 1408 Esse
1547 1381 1669 1409 desinere
1687 1383 1725 1411 in.
1750 1382 1831 1409 Exire
1856 1381 1888 1409 de
1907 1382 1993 1419 (pote-

1149 1426 1239 1459 state.)
1259 1424 1316 1452 Gai.
1336 1424 1354 1451 Ι.
1376 1426 1433 1451 128.
1454 1434 1513 1461 sqq.
1532 1423 1596 1462 le.
1615 1425 1649 1451 X.
1666 1427 1688 1452 1.
1702 1427 1726 1452 5.
1757 1425 1850 1452 Emitti
1870 1424 1916 1458 (de
1929 1424 1992 1451 scri—

1149 1470 1201 1500 nio,
1220 1478 1244 1495 v.
1265 1467 1378 1500 schola.)
1407 1467 1456 1494 Th.
1477 1467 1508 1494 C.
1529 1467 1548 1494 1.
1567 1469 1592 1494 8.
1617 1478 1639 1494 c.
1660 1469 1683 1494 1.
1704 1478 1743 1505 sq.
1764 1467 1798 1495 de.
1816 1468 1860 1495 oss.
1881 1468 1993 1504 Quaest.

1148 1512 1166 1539 l.
1186 1514 1209 1538 9.
1230 1522 1251 1539 c.
1273 1513 1295 1538 1.
1316 1510 1421 1545 (ch.)
1442 1510 1475 1537 de
1493 1510 1537 1537 off.
1557 1521 1622 1547 mag.
1642 1511 1686 1538 off.
1706 1511 1736 1538 11.
1757 1513 1825 1546 ⁰1³·
1844 1510 1936 1538 Inferri
1955 1511 1992 1542 in,

1152 1571 1179 1574 —
1199 1555 1280 1582 Exire
1303 1564 1336 1581 ex
1356 1553 1462 1587 (domo,
1481 1564 1505 1582 v.
1526 1553 1649 1587 familia.)
1673 1554 1704 1581 sr.
1727 1556 1769 1581 32.
1795 1554 1828 1581 de
1846 1553 1950 1580 liberali
1969 1563 1991 1580 c.

1147 1600 1188 1624 40.
1210 1600 1249 1625 12,
1286 1597 1404 1629 Manere,
1424 1596 1583 1627 Remanere.
1602 1597 1728 1634 Relinqui
1747 1598 1774 1624 in
1793 1598 1946 1634 (potestate⁷
1965 1606 1990 1622 v.

1147 1640 1265 1672 familia.)
1297 1640 1354 1667 Gai.
1374 1639 1393 1666 1.
1416 1641 1473 1666 127.
1493 1639 1538 1666 IV.
1559 1642 1600 1667 78.
1619 1651 1660 1677 sq.
1681 1641 1710 1667 fr.
1731 1642 1755 1667 8.
1775 1640 1807 1667 de
1826 1649 1904 1666 servo
1924 1648 1990 1666 corr.

1149 1686 1188 1710 11.
1212 1686 1236 1710 3.
1263 1683 1293 1710 fr.
1317 1684 1358 1709 67.
1383 1683 1421 1716 §§.
1441 1685 1465 1709 5.
1485 1692 1526 1719 sq.
1550 1682 1584 1709 de
1603 1683 1680 1719 legat.
1702 1683 1732 1710 11.
1753 1684 1821 1717 (31.)
1858 1682 1902 1709 ΙΙΙ.
1923 1683 1991 1714 Gn·

1147 1726 1252 1754 Caeteri
1276 1726 1353 1753 liberi
1377 1736 1427 1752 una
1451 1726 1644 1762 mancipatione
1668 1731 1766 1753 exeunt
1791 1725 1823 1753 de
1841 1725 1992 1763 parentium

1146 1774 1286 1807 potestate.
1307 1768 1364 1796 Gai.
1384 1768 1402 1795 1.
1423 1770 1480 1794 132.
1518 1768 1547 1795 Si
1561 1770 1619 1795 sine
1632 1770 1726 1806 capitis
1740 1769 1920 1796 deminutione
1939 1768 1992 1795 exi-

1148 1814 1197 1839 erit
1216 1812 1249 1839 de
1267 1817 1400 1849 potestate
1422 1813 1548 1849 parentis.
1580 1812 1617 1838 lb.
1640 1812 1683 1839 ΙΙΙ.
1704 1814 1762 1838 114.
1800 1811 1882 1847 Quod
1900 1821 1992 1838 usuca-

1148 1861 1222 1894 ptum
1241 1860 1320 1888 esset,
1340 1860 1367 1882 et
1385 1855 1419 1881 ob
1439 1854 1466 1881 id
1485 1854 1517 1881 de
1537 1854 1685 1882 hereditate
1703 1855 1774 1881 exiit.
1795 1854 1826 1881 fr.
1839 1856 1881 1881 21.
1902 1853 1935 1881 de
1947 1853 1991 1880 lie-

1148 1899 1202 1926 red.
1222 1904 1275 1936 pet.
1295 1901 1319 1925 5.
1338 1900 1363 1924 3.
1400 1897 1441 1924 Ne
1459 1897 1569 1925 fundum
1593 1898 1720 1929 alienent,
1746 1902 1772 1924 et
1791 1908 1824 1924 ne
1843 1897 1876 1924 de
1894 1895 1990 1923 familia

1148 1943 1261 1969 nominis
1281 1942 1331 1968 mei
1351 1946 1434 1968 exeat.
1455 1941 1486 1968 fr.
1507 1943 1548 1967 77.
1568 1941 1605 1975 ἒξ.
1629 1943 1667 1967 11.
1685 1942 1728 1967 27.
1754 1940 1784 1967 fr.
1805 1941 1846 1967 88.
1871 1940 1894 1973 ξ.
1913 1940 1937 1965 6.
1957 1938 1990 1965 de

1148 1986 1224 2023 legat.
1244 1985 1274 2012 Il.
1295 1986 1369 2019 (31.)
1390 1984 1420 2011 sr.
1439 1986 1481 2011 38.
1501 1985 1524 2019 §.
1546 1986 1568 2011 l.
1588 1984 1619 2011 sr.
1639 1986 1681 2011 94.
1701 1983 1734 2010 de
1752 1983 1828 2019 legat.
1848 1981 1891 2008 Ill.
1911 1982 1988 2015 (32.)

1148 2030 1178 2063 ξ.
1204 2031 1241 2056 3.
1264 2030 1436 2060 Transire,
1456 2029 1577 2054 Finiri.
1615 2026 1658 2053 111.
1681 2028 1748 2054 Gn.
1767 2025 1826 2052 Nisi
1845 2025 1902 2052 dies
1921 2035 1990 2052 com-

1147 2073 1272 2109 promissi
1292 2072 1393 2098 exitura
1412 2071 1461 2103 sit,
1485 2080 1533 2096 nec
1555 2068 1669 2106 proferri
1691 2069 1786 2106 possit.
1811 2067 1841 2094 sr.
1862 2069 1902 2094 13.
1922 2068 1944 2102 §.
1963 2069 1988 2094 3.

1148 2115 1178 2142 fr.
1200 2116 1239 2141 16.
1259 2115 1280 2148 §.
1302 2116 1324 2140 l.
1344 2113 1377 2140 de
1396 2123 1446 2139 rec.
1468 2122 1510 2149 qu.
1531 2112 1585 2138 arb.
1605 2115 1629 2138 4.
1643 2113 1667 2138 8.
1704 2111 1734 2138 Si
1753 2112 1813 2148 quis
1834 2127 1865 2130 —
1885 2111 1989 2137 actione

1149 2168 1198 2195 qua
1217 2157 1321 2184 solutus
1340 2156 1374 2183 ob
1394 2155 1429 2188 id.
1449 2155 1521 2192 quod
1540 2155 1598 2181 dies
1617 2156 1674 2181 eius
1693 2154 1794 2185 exierit,
1815 2163 1874 2180 cum
1892 2154 1988 2181 absens

1148 2211 1201 2228 non
1221 2200 1414 2227 defenderetur.
1439 2198 1469 2225 fr.
1490 2200 1512 2224 1.
1538 2199 1560 2232 §.
1582 2200 1604 2224 1.
1629 2197 1660 2224 fr.
1683 2198 1722 2223 17.
1746 2197 1768 2231 §.
1790 2198 1812 2223 1.
1837 2196 1867 2223 sr.
1886 2199 1928 2224 21.
1947 2196 1986 2235 pr.

1148 2245 1178 2271 fr.
1197 2246 1240 2271 23.
1259 2244 1296 2278 §§.
1315 2244 1340 2269 3.
1360 2251 1399 2278 sq.
1420 2251 1452 2268 ex
1472 2251 1514 2278 qu.
1536 2251 1557 2268 c.
1576 2241 1634 2267 mai.
1653 2242 1677 2266 4.
1696 2241 1720 2267 6.
1758 2239 1788 2266 Si
1807 2241 1867 2276 quis
1885 2256 1917 2260 —
1935 2250 1988 2267 mo—

1148 2298 1202 2314 ram
1222 2287 1327 2317 fecerit,
1351 2286 1491 2322 quominus
1514 2285 1541 2311 in
1560 2285 1601 2310 ius
1619 2283 1733 2314 veniret,
1754 2287 1781 2308 ut
1800 2284 1911 2310 actionis
1930 2283 1987 2311 dies

1148 2332 1244 2363 exiret,
1268 2329 1311 2356 vel
1335 2338 1377 2355 res
1402 2333 1520 2365 tempore
1543 2328 1712 2353 amitteretur.
1738 2325 1767 2352 sr.
1788 2328 1811 2352 4.
1832 2336 1870 2363 pr.
1890 2337 1923 2353 ne
1943 2337 1986 2364 qu.

1148 2384 1214 2401 eum.
1233 2376 1257 2400 2.
1278 2374 1301 2399 7.
1321 2371 1352 2398 fr.
1374 2373 1412 2398 10.
1433 2371 1485 2407 Qu.
1505 2369 1561 2396 fals.
1581 2374 1629 2395 tut.
1648 2370 1690 2395 27.
1710 2371 1733 2395 6.
1771 2368 1800 2395 Si
1814 2379 1856 2396 res
1868 2374 1987 2407 tempore

1148 2418 1280 2455 periturae
1298 2420 1368 2447 sunt,
1388 2419 1432 2441 aut
1450 2413 1560 2440 actionis
1580 2411 1637 2438 (lies
1656 2413 1775 2439 exiturus
1789 2417 1837 2439 est.
1857 2413 1889 2440 sr.
1901 2415 1926 2439 3.
1945 2423 1984 2450 pr.

1149 2460 1181 2487 dc
1200 2460 1280 2486 seriis.
1300 2461 1324 2485 2.
1347 2460 1386 2484 12.

1182 2503 1369 2530 Existere.
1406 2499 1437 2526 οἵ.
1456 2509 1480 2525 v.
1499 2498 1643 2525 Exsisnere.

1183 2545 1426 2573 Existimare.
1463 2542 1494 2575 ξ.
1511 2542 1546 2568 1.
1571 2542 1718 2574 Credere,
1742 2543 1880 2573 Patare,
1906 2541 1984 2575 Opi-

1149 2591 1230 2616 uari.
1268 2587 1286 2614 I.
1306 2588 1368 2621 Sy.
1388 2585 1491 2611 Putare.
1529 2583 1586 2610 Gai.
1606 2583 1636 2610 ll.
1659 2585 1701 2610 37.
1725 2585 1767 2610 51.
1789 2585 1845 2610 123.
1865 2585 1924 2610 218.
1943 2592 1982 2619 sq.

1149 2632 1190 2659 llI.
1210 2632 1251 2658 98.
1278 2631 1334 2656 103.
1360 2627 1402 2655 IV.
1425 2629 1481 2654 114.
1518 2627 1633 2653 Placere.
1653 2626 1684 2653 fr.
1704 2629 1744 2653 70.
1771 2626 1803 2653 de
1822 2630 1904 2653 contr.
1922 2629 1982 2652 emt.

1150 2676 1189 2701 18.
1211 2677 1232 2701 1.
1269 2672 1311 2699 lll.
1326 2673 1392 2699 (J'n.
1412 2670 1479 2697 Cum
1498 2670 1572 2697 solus
1591 2670 1668 2697 heres
1687 2679 1786 2701 essem,
1808 2669 1982 2696 existimarem

1148 2722 1234 2744 autem
1252 2720 1301 2742 etc.
1320 2714 1350 2741 fr.
1370 2716 1411 2741 29.
1432 2713 1465 2741 de
1484 2724 1574 2751 usurp.
1593 2715 1634 2740 41.
1653 2715 1680 2740 3.
1715 2712 1745 2739 Si
1763 2713 1823 2749 quis
1842 2721 1871 2738 se
1888 2710 1982 2737 filium-

1148 2761 1206 2787 fam.
1226 2759 1371 2789 existimat,
1395 2768 1452 2784 cum
1476 2758 1512 2784 sit
1532 2756 1666 2794 paterfam.
1690 2754 1721 2782 fr.
1739 2755 1781 2781 21.
1805 2754 1838 2781 de
1860 2753 1935 2780 cond.
1956 2758 1982 2779 et

1148 2803 1214 2831 dem.
1238 2803 1279 2828 35.
1306 2802 1327 2827 1.
1364 2800 1393 2826 Si
1417 2800 1539 2827 dominus
1562 2798 1635 2826 fundi
1659 2798 1778 2825 homines
1801 2800 1913 2823 armatos
1937 2805 1979 2822 ve-

1147 2847 1249 2873 nientes
1268 2844 1465 2875 existimaverit,
1485 2842 1528 2876 [al.
1548 2841 1718 2875 extimuerit‚]
1742 2845 1819 2876 atque
1839 2840 1874 2865 ita
1893 2838 1979 2876 prosu-
