<?xml version="1.0" encoding="UTF-8"?>
<!DOCTYPE html PUBLIC "-//W3C//DTD XHTML 1.0 Transitional//EN"
    "http://www.w3.org/TR/xhtml1/DTD/xhtml1-transitional.dtd">
<html xmlns="http://www.w3.org/1999/xhtml" xml:lang="en" lang="en">
 <head>
  <title>
</title>
<meta http-equiv="Content-Type" content="text/html;charset=utf-8" />
  <meta name='ocr-system' content='tesseract 3.04.00' />
  <meta name='ocr-capabilities' content='ocr_page ocr_carea ocr_par ocr_line ocrx_word'/>
</head>
<body>
  <div class='ocr_page' id='page_1' title='image "./manualelatinitat00dirk_0033.png"; bbox 0 0 2197 3121; ppageno 0'>
   <div class='ocr_carea' id='block_1_1' title="bbox 1004 159 1102 190">
    <p class='ocr_par' dir='ltr' id='par_1_1' title="bbox 1004 159 1102 190">
     <span class='ocr_line' id='line_1_1' title="bbox 1004 159 1102 190; baseline 0.01 -1"><span class='ocrx_word' id='word_1_1' title='bbox 1004 159 1102 190; x_wconf 87' lang='lat' dir='ltr'>ADF.</span> 
     </span>
    </p>
   </div>
   <div class='ocr_carea' id='block_1_2' title="bbox 185 240 1030 2466">
    <p class='ocr_par' dir='ltr' id='par_1_2' title="bbox 189 240 1028 364">
     <span class='ocr_line' id='line_1_2' title="bbox 189 240 1028 278; baseline -0.007 -6"><span class='ocrx_word' id='word_1_2' title='bbox 189 245 240 272; x_wconf 84' lang='lat' dir='ltr'>div.</span> <span class='ocrx_word' id='word_1_3' title='bbox 260 244 382 272; x_wconf 84' lang='lat' dir='ltr'>iudicum.</span> <span class='ocrx_word' id='word_1_4' title='bbox 406 245 431 270; x_wconf 80' lang='lat'>2.</span> <span class='ocrx_word' id='word_1_5' title='bbox 451 243 475 269; x_wconf 87' lang='grc'>8.</span> <span class='ocrx_word' id='word_1_6' title='bbox 511 241 553 269; x_wconf 80' lang='lat' dir='ltr'>Ex</span> <span class='ocrx_word' id='word_1_7' title='bbox 576 251 626 278; x_wconf 86' lang='lat' dir='ltr'>qua</span> <span class='ocrx_word' id='word_1_8' title='bbox 650 246 724 278; x_wconf 82' lang='lat' dir='ltr'>parte</span> <span class='ocrx_word' id='word_1_9' title='bbox 746 240 825 268; x_wconf 84' lang='lat' dir='ltr'>fuerit</span> <span class='ocrx_word' id='word_1_10' title='bbox 848 241 1028 274; x_wconf 85' lang='lat' dir='ltr'>constitutum,</span> 
     </span>
     <span class='ocr_line' id='line_1_3' title="bbox 189 282 1028 315; baseline -0.006 0"><span class='ocrx_word' id='word_1_11' title='bbox 189 298 246 315; x_wconf 88' lang='lat' dir='ltr'>cum</span> <span class='ocrx_word' id='word_1_12' title='bbox 267 289 349 314; x_wconf 83' lang='lat' dir='ltr'>sacris</span> <span class='ocrx_word' id='word_1_13' title='bbox 368 287 559 313; x_wconf 77' lang='lat' dir='ltr'>transmittatur</span> <span class='ocrx_word' id='word_1_14' title='bbox 578 284 716 311; x_wconf 83' lang='lat' dir='ltr'>adfatibus.</span> <span class='ocrx_word' id='word_1_15' title='bbox 754 283 804 311; x_wconf 84' lang='lat' dir='ltr'>Th.</span> <span class='ocrx_word' id='word_1_16' title='bbox 824 282 855 310; x_wconf 88' lang='lat' dir='ltr'>C.</span> <span class='ocrx_word' id='word_1_17' title='bbox 877 283 896 310; x_wconf 91' lang='lat' dir='ltr'>I.</span> <span class='ocrx_word' id='word_1_18' title='bbox 917 285 939 310; x_wconf 95' lang='lat' dir='ltr'>l.</span> <span class='ocrx_word' id='word_1_19' title='bbox 960 294 981 311; x_wconf 88' lang='lat' dir='ltr'>c.</span> <span class='ocrx_word' id='word_1_20' title='bbox 1004 286 1028 310; x_wconf 91' lang='lat'>5.</span> 
     </span>
     <span class='ocr_line' id='line_1_4' title="bbox 189 328 522 364; baseline -0.003 -8"><span class='ocrx_word' id='word_1_21' title='bbox 189 330 303 364; x_wconf 79' lang='lat' dir='ltr'>(ch.)</span> <span class='ocrx_word' id='word_1_22' title='bbox 324 329 356 356; x_wconf 85' lang='lat' dir='ltr'>de</span> <span class='ocrx_word' id='word_1_23' title='bbox 376 334 460 356; x_wconf 85' lang='lat' dir='ltr'>const.</span> <span class='ocrx_word' id='word_1_24' title='bbox 479 328 522 355; x_wconf 82' lang='lat' dir='ltr'>Pr.</span> 
     </span>
    </p>

    <p class='ocr_par' dir='ltr' id='par_1_3' title="bbox 186 369 1030 1222">
     <span class='ocr_line' id='line_1_5' title="bbox 222 369 1028 405; baseline -0.005 -5"><span class='ocrx_word' id='word_1_25' title='bbox 222 374 438 400; x_wconf 75' lang='lat' dir='ltr'>Adfectare.</span> <span class='ocrx_word' id='word_1_26' title='bbox 457 372 488 405; x_wconf 82' lang='lat'>§.</span> <span class='ocrx_word' id='word_1_27' title='bbox 500 372 534 398; x_wconf 83' lang='lat' dir='ltr'>l.</span> <span class='ocrx_word' id='word_1_28' title='bbox 555 372 703 402; x_wconf 79' lang='lat' dir='ltr'>studere,</span> <span class='ocrx_word' id='word_1_29' title='bbox 720 372 891 403; x_wconf 78' lang='lat' dir='ltr'><em>Quaerere.</em></span> <span class='ocrx_word' id='word_1_30' title='bbox 910 369 1028 398; x_wconf 71' lang='lat' dir='ltr'>lucu.</span> 
     </span>
     <span class='ocr_line' id='line_1_6' title="bbox 188 413 1030 450; baseline -0.005 -8"><span class='ocrx_word' id='word_1_31' title='bbox 188 415 316 442; x_wconf 85' lang='lat' dir='ltr'>Iustitiam</span> <span class='ocrx_word' id='word_1_32' title='bbox 341 415 467 446; x_wconf 85' lang='lat' dir='ltr'>colimus,</span> <span class='ocrx_word' id='word_1_33' title='bbox 491 429 524 433; x_wconf 91' lang='lat'>—-</span> <span class='ocrx_word' id='word_1_34' title='bbox 542 423 630 440; x_wconf 87' lang='lat' dir='ltr'>veram</span> <span class='ocrx_word' id='word_1_35' title='bbox 647 413 856 450; x_wconf 79' lang='lat' dir='ltr'>philosophiam.</span> <span class='ocrx_word' id='word_1_36' title='bbox 880 422 933 438; x_wconf 89' lang='lat' dir='ltr'>non</span> <span class='ocrx_word' id='word_1_37' title='bbox 952 413 1030 439; x_wconf 88' lang='lat' dir='ltr'>simu-</span> 
     </span>
     <span class='ocr_line' id='line_1_7' title="bbox 188 455 1029 490; baseline -0.005 -6"><span class='ocrx_word' id='word_1_38' title='bbox 188 457 279 489; x_wconf 79' lang='lat' dir='ltr'>latam,</span> <span class='ocrx_word' id='word_1_39' title='bbox 300 457 469 484; x_wconf 83' lang='lat' dir='ltr'>adfectantes.</span> <span class='ocrx_word' id='word_1_40' title='bbox 499 456 530 483; x_wconf 86' lang='lat' dir='ltr'>fr.</span> <span class='ocrx_word' id='word_1_41' title='bbox 552 458 574 482; x_wconf 95' lang='lat'>1.</span> <span class='ocrx_word' id='word_1_42' title='bbox 597 457 663 490; x_wconf 88' lang='lat'>5.1.</span> <span class='ocrx_word' id='word_1_43' title='bbox 692 455 724 482; x_wconf 79' lang='lat' dir='ltr'>de</span> <span class='ocrx_word' id='word_1_44' title='bbox 743 455 761 482; x_wconf 92' lang='grc'>1.</span> <span class='ocrx_word' id='word_1_45' title='bbox 782 460 808 481; x_wconf 85' lang='lat' dir='ltr'>et.</span> <span class='ocrx_word' id='word_1_46' title='bbox 826 455 844 481; x_wconf 94' lang='grc'>1.</span> <span class='ocrx_word' id='word_1_47' title='bbox 866 457 887 481; x_wconf 92' lang='lat' dir='ltr'>l.</span> <span class='ocrx_word' id='word_1_48' title='bbox 909 457 931 481; x_wconf 96' lang='lat' dir='ltr'>l.</span> <span class='ocrx_word' id='word_1_49' title='bbox 970 455 1029 481; x_wconf 82' lang='lat' dir='ltr'>Ser-</span> 
     </span>
     <span class='ocr_line' id='line_1_8' title="bbox 188 497 1028 536; baseline -0.005 -9"><span class='ocrx_word' id='word_1_50' title='bbox 188 511 265 527; x_wconf 84' lang='lat' dir='ltr'>mone</span> <span class='ocrx_word' id='word_1_51' title='bbox 286 501 362 526; x_wconf 87' lang='lat' dir='ltr'>etiam</span> <span class='ocrx_word' id='word_1_52' title='bbox 381 501 488 536; x_wconf 84' lang='lat' dir='ltr'>antiquo</span> <span class='ocrx_word' id='word_1_53' title='bbox 514 509 577 525; x_wconf 90' lang='lat' dir='ltr'>usus</span> <span class='ocrx_word' id='word_1_54' title='bbox 601 499 741 525; x_wconf 83' lang='lat' dir='ltr'>adfectavit</span> <span class='ocrx_word' id='word_1_55' title='bbox 759 498 883 524; x_wconf 80' lang='lat' dir='ltr'>scribere.</span> <span class='ocrx_word' id='word_1_56' title='bbox 912 497 942 524; x_wconf 89' lang='lat' dir='ltr'>fr.</span> <span class='ocrx_word' id='word_1_57' title='bbox 962 500 986 524; x_wconf 87' lang='lat'>2.</span> <span class='ocrx_word' id='word_1_58' title='bbox 1006 498 1028 532; x_wconf 87' lang='lat'>5.</span> 
     </span>
     <span class='ocr_line' id='line_1_9' title="bbox 189 540 1029 576; baseline -0.004 -7"><span class='ocrx_word' id='word_1_59' title='bbox 189 544 229 569; x_wconf 84' lang='grc'>46.</span> <span class='ocrx_word' id='word_1_60' title='bbox 250 543 282 569; x_wconf 64' lang='lat' dir='ltr'>da</span> <span class='ocrx_word' id='word_1_61' title='bbox 302 542 334 569; x_wconf 93' lang='grc' dir='ltr'>Ο.</span> <span class='ocrx_word' id='word_1_62' title='bbox 354 542 373 569; x_wconf 95' lang='lat' dir='ltr'>I.</span> <span class='ocrx_word' id='word_1_63' title='bbox 396 544 417 569; x_wconf 92' lang='lat'>1.</span> <span class='ocrx_word' id='word_1_64' title='bbox 437 544 461 569; x_wconf 88' lang='lat'>2.</span> <span class='ocrx_word' id='word_1_65' title='bbox 499 542 667 572; x_wconf 75' lang='lat' dir='ltr'>Severitatis,</span> <span class='ocrx_word' id='word_1_66' title='bbox 687 545 731 567; x_wconf 86' lang='lat' dir='ltr'>aut</span> <span class='ocrx_word' id='word_1_67' title='bbox 750 541 902 567; x_wconf 83' lang='lat' dir='ltr'>clementiae</span> <span class='ocrx_word' id='word_1_68' title='bbox 920 540 1029 576; x_wconf 75' lang='lat' dir='ltr'>gloriam</span> 
     </span>
     <span class='ocr_line' id='line_1_10' title="bbox 188 584 1029 622; baseline -0.004 -9"><span class='ocrx_word' id='word_1_69' title='bbox 188 585 326 613; x_wconf 75' lang='lat' dir='ltr'>adfectare.</span> <span class='ocrx_word' id='word_1_70' title='bbox 356 585 385 612; x_wconf 90' lang='lat' dir='ltr'>fr.</span> <span class='ocrx_word' id='word_1_71' title='bbox 401 587 440 612; x_wconf 87' lang='lat'>11.</span> <span class='ocrx_word' id='word_1_72' title='bbox 460 595 499 622; x_wconf 88' lang='lat' dir='ltr'>pr.</span> <span class='ocrx_word' id='word_1_73' title='bbox 521 584 552 611; x_wconf 80' lang='lat' dir='ltr'>de</span> <span class='ocrx_word' id='word_1_74' title='bbox 571 594 648 622; x_wconf 77' lang='lat' dir='ltr'>poen.</span> <span class='ocrx_word' id='word_1_75' title='bbox 667 585 762 610; x_wconf 84' lang='lat'>48.19.</span> <span class='ocrx_word' id='word_1_76' title='bbox 786 599 819 602; x_wconf 97' lang='lat'><strong>—</strong></span> <span class='ocrx_word' id='word_1_77' title='bbox 844 584 875 617; x_wconf 81' lang='lat'>§.</span> <span class='ocrx_word' id='word_1_78' title='bbox 896 584 931 610; x_wconf 72' lang='lat'>2·</span> <span class='ocrx_word' id='word_1_79' title='bbox 959 585 1029 610; x_wconf 84' lang='lat' dir='ltr'><em>Sol-</em></span> 
     </span>
     <span class='ocr_line' id='line_1_11' title="bbox 187 625 1029 663; baseline -0.006 -7"><span class='ocrx_word' id='word_1_80' title='bbox 187 631 341 661; x_wconf 73' lang='lat' dir='ltr'><strong><em>licitare,</em></strong></span> <span class='ocrx_word' id='word_1_81' title='bbox 360 631 562 659; x_wconf 77' lang='lat' dir='ltr'>Provocare,</span> <span class='ocrx_word' id='word_1_82' title='bbox 582 628 774 661; x_wconf 77' lang='lat' dir='ltr'>Adspirare.</span> <span class='ocrx_word' id='word_1_83' title='bbox 810 626 851 652; x_wconf 91' lang='lat' dir='ltr'>III.</span> <span class='ocrx_word' id='word_1_84' title='bbox 872 627 938 653; x_wconf 78' lang='lat' dir='ltr'>Gn.</span> <span class='ocrx_word' id='word_1_85' title='bbox 969 625 1029 663; x_wconf 80' lang='lat' dir='ltr'>lpse</span> 
     </span>
     <span class='ocr_line' id='line_1_12' title="bbox 188 667 1028 707; baseline -0.005 -9"><span class='ocrx_word' id='word_1_86' title='bbox 188 671 332 699; x_wconf 84' lang='lat' dir='ltr'>adfectare.</span> <span class='ocrx_word' id='word_1_87' title='bbox 351 670 394 697; x_wconf 85' lang='lat' dir='ltr'>vel</span> <span class='ocrx_word' id='word_1_88' title='bbox 414 680 517 696; x_wconf 80' lang='lat' dir='ltr'>causam</span> <span class='ocrx_word' id='word_1_89' title='bbox 536 674 669 707; x_wconf 87' lang='lat' dir='ltr'>praestare</span> <span class='ocrx_word' id='word_1_90' title='bbox 689 669 734 702; x_wconf 87' lang='lat' dir='ltr'>(ut</span> <span class='ocrx_word' id='word_1_91' title='bbox 753 669 934 701; x_wconf 78' lang='lat' dir='ltr'>retineretur).</span> <span class='ocrx_word' id='word_1_92' title='bbox 955 667 984 695; x_wconf 86' lang='lat' dir='ltr'>fr.</span> <span class='ocrx_word' id='word_1_93' title='bbox 1003 670 1028 694; x_wconf 87' lang='lat'>2.</span> 
     </span>
     <span class='ocr_line' id='line_1_13' title="bbox 187 711 1029 750; baseline -0.005 -9"><span class='ocrx_word' id='word_1_94' title='bbox 187 715 209 748; x_wconf 81' lang='lat'>5.</span> <span class='ocrx_word' id='word_1_95' title='bbox 230 715 274 741; x_wconf 84' lang='lat' dir='ltr'>sm.</span> <span class='ocrx_word' id='word_1_96' title='bbox 311 714 340 740; x_wconf 85' lang='lat' dir='ltr'>Si</span> <span class='ocrx_word' id='word_1_97' title='bbox 359 723 402 750; x_wconf 92' lang='lat' dir='ltr'>qu.</span> <span class='ocrx_word' id='word_1_98' title='bbox 417 718 494 739; x_wconf 72' lang='lat' dir='ltr'>cauit.</span> <span class='ocrx_word' id='word_1_99' title='bbox 518 715 542 739; x_wconf 81' lang='lat'>2.</span> <span class='ocrx_word' id='word_1_100' title='bbox 562 714 601 738; x_wconf 92' lang='grc'>11.</span> <span class='ocrx_word' id='word_1_101' title='bbox 632 711 675 738; x_wconf 85' lang='lat' dir='ltr'>Ad</span> <span class='ocrx_word' id='word_1_102' title='bbox 696 711 873 738; x_wconf 78' lang='lat' dir='ltr'>venditionem</span> <span class='ocrx_word' id='word_1_103' title='bbox 892 712 929 738; x_wconf 86' lang='lat' dir='ltr'>rei</span> <span class='ocrx_word' id='word_1_104' title='bbox 944 712 1029 737; x_wconf 85' lang='lat' dir='ltr'>cuius-</span> 
     </span>
     <span class='ocr_line' id='line_1_14' title="bbox 188 753 1028 788; baseline -0.005 -5"><span class='ocrx_word' id='word_1_105' title='bbox 188 757 254 784; x_wconf 79' lang='lat' dir='ltr'>libet</span> <span class='ocrx_word' id='word_1_106' title='bbox 278 756 407 783; x_wconf 77' lang='lat' dir='ltr'>adfectare</span> <span class='ocrx_word' id='word_1_107' title='bbox 431 761 456 782; x_wconf 85' lang='lat' dir='ltr'>et</span> <span class='ocrx_word' id='word_1_108' title='bbox 485 754 615 782; x_wconf 75' lang='lat' dir='ltr'>accedere.</span> <span class='ocrx_word' id='word_1_109' title='bbox 652 753 737 781; x_wconf 65' lang='lat' dir='ltr'>Vatic.</span> <span class='ocrx_word' id='word_1_110' title='bbox 761 755 783 788; x_wconf 87' lang='lat'>5.</span> <span class='ocrx_word' id='word_1_111' title='bbox 802 756 844 780; x_wconf 79' lang='lat'>35.</span> <span class='ocrx_word' id='word_1_112' title='bbox 882 754 1028 783; x_wconf 79' lang='lat' dir='ltr'>Adfectata.</span> 
     </span>
     <span class='ocr_line' id='line_1_15' title="bbox 187 796 1028 834; baseline -0.004 -8"><span class='ocrx_word' id='word_1_113' title='bbox 187 799 230 826; x_wconf 82' lang='lat' dir='ltr'>vel</span> <span class='ocrx_word' id='word_1_114' title='bbox 249 799 409 825; x_wconf 81' lang='lat' dir='ltr'>emendicata</span> <span class='ocrx_word' id='word_1_115' title='bbox 429 798 518 832; x_wconf 89' lang='lat' dir='ltr'>(huius</span> <span class='ocrx_word' id='word_1_116' title='bbox 538 797 648 824; x_wconf 80' lang='lat' dir='ltr'>Ordinis</span> <span class='ocrx_word' id='word_1_117' title='bbox 668 798 776 834; x_wconf 78' lang='lat' dir='ltr'>gratia).</span> <span class='ocrx_word' id='word_1_118' title='bbox 805 796 855 824; x_wconf 89' lang='lat' dir='ltr'>Th.</span> <span class='ocrx_word' id='word_1_119' title='bbox 876 797 907 824; x_wconf 82' lang='lat' dir='ltr'>C.</span> <span class='ocrx_word' id='word_1_120' title='bbox 926 797 984 823; x_wconf 86' lang='lat' dir='ltr'>XII.</span> <span class='ocrx_word' id='word_1_121' title='bbox 1006 799 1028 823; x_wconf 86' lang='lat' dir='ltr'>l.</span> 
     </span>
     <span class='ocr_line' id='line_1_16' title="bbox 188 839 1030 874; baseline -0.005 -5"><span class='ocrx_word' id='word_1_122' title='bbox 188 852 209 869; x_wconf 88' lang='lat' dir='ltr'>c.</span> <span class='ocrx_word' id='word_1_123' title='bbox 233 844 290 869; x_wconf 84' lang='lat'>129.</span> <span class='ocrx_word' id='word_1_124' title='bbox 321 842 353 869; x_wconf 81' lang='lat' dir='ltr'>(le</span> <span class='ocrx_word' id='word_1_125' title='bbox 373 842 504 868; x_wconf 77' lang='lat' dir='ltr'>decurion.</span> <span class='ocrx_word' id='word_1_126' title='bbox 543 840 708 867; x_wconf 76' lang='lat' dir='ltr'>Adl&#39;ectatam</span> <span class='ocrx_word' id='word_1_127' title='bbox 728 842 782 874; x_wconf 89' lang='lat' dir='ltr'>(sc.</span> <span class='ocrx_word' id='word_1_128' title='bbox 802 839 923 871; x_wconf 73' lang='lat' dir='ltr'>tutelam,</span> <span class='ocrx_word' id='word_1_129' title='bbox 942 850 967 866; x_wconf 81' lang='lat' dir='ltr'>v.</span> <span class='ocrx_word' id='word_1_130' title='bbox 988 849 1030 866; x_wconf 83' lang='lat' dir='ltr'>eu-</span> 
     </span>
     <span class='ocr_line' id='line_1_17' title="bbox 187 882 1029 922; baseline -0.005 -10"><span class='ocrx_word' id='word_1_131' title='bbox 187 885 259 919; x_wconf 83' lang='lat' dir='ltr'>ram)</span> <span class='ocrx_word' id='word_1_132' title='bbox 278 886 317 912; x_wconf 87' lang='lat' dir='ltr'>sic</span> <span class='ocrx_word' id='word_1_133' title='bbox 336 886 507 922; x_wconf 74' lang='lat' dir='ltr'>aecipiemuS.</span> <span class='ocrx_word' id='word_1_134' title='bbox 527 884 549 909; x_wconf 86' lang='lat' dir='ltr'>si</span> <span class='ocrx_word' id='word_1_135' title='bbox 568 883 610 909; x_wconf 73' lang='lat' dir='ltr'>vel</span> <span class='ocrx_word' id='word_1_136' title='bbox 630 883 744 920; x_wconf 74' lang='lat' dir='ltr'>adpetita</span> <span class='ocrx_word' id='word_1_137' title='bbox 763 882 890 914; x_wconf 77' lang='lat' dir='ltr'>videatur.</span> <span class='ocrx_word' id='word_1_138' title='bbox 910 882 951 909; x_wconf 85' lang='lat' dir='ltr'>vel</span> <span class='ocrx_word' id='word_1_139' title='bbox 971 893 1029 909; x_wconf 89' lang='lat' dir='ltr'>cum</span> 
     </span>
     <span class='ocr_line' id='line_1_18' title="bbox 186 925 1027 965; baseline -0.002 -11"><span class='ocrx_word' id='word_1_140' title='bbox 186 933 280 965; x_wconf 86' lang='lat' dir='ltr'>posset</span> <span class='ocrx_word' id='word_1_141' title='bbox 300 929 358 965; x_wconf 86' lang='lat' dir='ltr'>quis</span> <span class='ocrx_word' id='word_1_142' title='bbox 378 938 405 954; x_wconf 86' lang='lat' dir='ltr'>se</span> <span class='ocrx_word' id='word_1_143' title='bbox 426 936 563 957; x_wconf 79' lang='lat' dir='ltr'>excusare,</span> <span class='ocrx_word' id='word_1_144' title='bbox 588 926 619 952; x_wconf 82' lang='lat' dir='ltr'>ab</span> <span class='ocrx_word' id='word_1_145' title='bbox 645 937 672 952; x_wconf 85' lang='lat' dir='ltr'>ea</span> <span class='ocrx_word' id='word_1_146' title='bbox 698 936 750 952; x_wconf 90' lang='lat' dir='ltr'>non</span> <span class='ocrx_word' id='word_1_147' title='bbox 769 927 912 952; x_wconf 77' lang='lat' dir='ltr'>excusavit.</span> <span class='ocrx_word' id='word_1_148' title='bbox 943 925 1027 952; x_wconf 56' lang='lat' dir='ltr'>tatic.</span> 
     </span>
     <span class='ocr_line' id='line_1_19' title="bbox 187 968 1030 1007; baseline -0.004 -10"><span class='ocrx_word' id='word_1_149' title='bbox 187 972 209 1005; x_wconf 84' lang='lat'>5.</span> <span class='ocrx_word' id='word_1_150' title='bbox 225 973 282 997; x_wconf 64' lang='lat' dir='ltr'>lts’ts.</span> <span class='ocrx_word' id='word_1_151' title='bbox 321 970 431 1007; x_wconf 65' lang='lat' dir='ltr'>Nuptias</span> <span class='ocrx_word' id='word_1_152' title='bbox 451 974 576 1006; x_wconf 82' lang='lat' dir='ltr'>patronae</span> <span class='ocrx_word' id='word_1_153' title='bbox 594 969 645 996; x_wconf 89' lang='lat' dir='ltr'>adf.</span> <span class='ocrx_word' id='word_1_154' title='bbox 676 968 749 995; x_wconf 92' lang='lat' dir='ltr'>Paul.</span> <span class='ocrx_word' id='word_1_155' title='bbox 764 969 793 996; x_wconf 92' lang='lat' dir='ltr'>ll.</span> <span class='ocrx_word' id='word_1_156' title='bbox 817 970 857 995; x_wconf 83' lang='lat'>19.</span> <span class='ocrx_word' id='word_1_157' title='bbox 877 969 898 1002; x_wconf 87' lang='lat'>5.</span> <span class='ocrx_word' id='word_1_158' title='bbox 915 970 938 995; x_wconf 90' lang='grc'>9.</span> <span class='ocrx_word' id='word_1_159' title='bbox 977 968 1030 995; x_wconf 84' lang='grc' dir='ltr'>Λη-</span> 
     </span>
     <span class='ocr_line' id='line_1_20' title="bbox 187 1010 1029 1050; baseline -0.005 -9"><span class='ocrx_word' id='word_1_160' title='bbox 187 1014 306 1041; x_wconf 86' lang='lat' dir='ltr'>cillarum</span> <span class='ocrx_word' id='word_1_161' title='bbox 325 1018 453 1050; x_wconf 75' lang='lat' dir='ltr'>stuprum,</span> <span class='ocrx_word' id='word_1_162' title='bbox 473 1013 523 1038; x_wconf 86' lang='lat' dir='ltr'>nisi</span> <span class='ocrx_word' id='word_1_163' title='bbox 543 1012 688 1038; x_wconf 87' lang='lat' dir='ltr'>deteriores</span> <span class='ocrx_word' id='word_1_164' title='bbox 708 1012 786 1043; x_wconf 71' lang='lat' dir='ltr'>siant,</span> <span class='ocrx_word' id='word_1_165' title='bbox 806 1016 850 1038; x_wconf 85' lang='lat' dir='ltr'>aut</span> <span class='ocrx_word' id='word_1_166' title='bbox 868 1021 915 1048; x_wconf 83' lang='lat' dir='ltr'>per</span> <span class='ocrx_word' id='word_1_167' title='bbox 934 1021 977 1037; x_wconf 87' lang='lat' dir='ltr'>eas</span> <span class='ocrx_word' id='word_1_168' title='bbox 997 1010 1029 1037; x_wconf 90' lang='lat' dir='ltr'>ad</span> 
     </span>
     <span class='ocr_line' id='line_1_21' title="bbox 188 1054 1029 1089; baseline -0.004 -6"><span class='ocrx_word' id='word_1_169' title='bbox 188 1057 319 1083; x_wconf 82' lang='lat' dir='ltr'>dominam</span> <span class='ocrx_word' id='word_1_170' title='bbox 339 1056 452 1082; x_wconf 79' lang='lat' dir='ltr'>adfectet</span> <span class='ocrx_word' id='word_1_171' title='bbox 471 1060 519 1082; x_wconf 81' lang='lat' dir='ltr'>etc.</span> <span class='ocrx_word' id='word_1_172' title='bbox 548 1054 585 1081; x_wconf 83' lang='lat' dir='ltr'>lh.</span> <span class='ocrx_word' id='word_1_173' title='bbox 606 1055 636 1081; x_wconf 92' lang='grc' dir='ltr'>Π.</span> <span class='ocrx_word' id='word_1_174' title='bbox 651 1056 692 1081; x_wconf 86' lang='grc'>26.</span> <span class='ocrx_word' id='word_1_175' title='bbox 712 1055 733 1089; x_wconf 89' lang='lat'>5.</span> <span class='ocrx_word' id='word_1_176' title='bbox 750 1056 789 1081; x_wconf 83' lang='lat'>16.</span> <span class='ocrx_word' id='word_1_177' title='bbox 816 1070 849 1074; x_wconf 88' lang='lat'>-</span> <span class='ocrx_word' id='word_1_178' title='bbox 868 1055 899 1087; x_wconf 68' lang='grc' dir='ltr'>ξ.</span> <span class='ocrx_word' id='word_1_179' title='bbox 920 1055 956 1081; x_wconf 82' lang='grc'>3.</span> <span class='ocrx_word' id='word_1_180' title='bbox 978 1056 1029 1081; x_wconf 86' lang='lat' dir='ltr'>Si-</span> 
     </span>
     <span class='ocr_line' id='line_1_22' title="bbox 187 1097 1028 1133; baseline -0.004 -7"><span class='ocrx_word' id='word_1_181' title='bbox 187 1102 322 1131; x_wconf 83' lang='lat' dir='ltr'>mulare,</span> <span class='ocrx_word' id='word_1_182' title='bbox 351 1100 575 1126; x_wconf 83' lang='lat' dir='ltr'>Praetendere.</span> <span class='ocrx_word' id='word_1_183' title='bbox 623 1097 664 1124; x_wconf 92' lang='grc'><strong>111.</strong></span> <span class='ocrx_word' id='word_1_184' title='bbox 690 1099 756 1125; x_wconf 74' lang='lat' dir='ltr'>Gn.</span> <span class='ocrx_word' id='word_1_185' title='bbox 793 1098 847 1133; x_wconf 87' lang='lat' dir='ltr'>Qui</span> <span class='ocrx_word' id='word_1_186' title='bbox 873 1102 916 1123; x_wconf 84' lang='lat' dir='ltr'>aut</span> <span class='ocrx_word' id='word_1_187' title='bbox 940 1107 1028 1123; x_wconf 84' lang='lat' dir='ltr'>errore</span> 
     </span>
     <span class='ocr_line' id='line_1_23' title="bbox 187 1139 1028 1176; baseline -0.004 -7"><span class='ocrx_word' id='word_1_188' title='bbox 187 1143 325 1170; x_wconf 84' lang='lat' dir='ltr'>acerrimo.</span> <span class='ocrx_word' id='word_1_189' title='bbox 355 1151 409 1167; x_wconf 86' lang='lat' dir='ltr'>nou</span> <span class='ocrx_word' id='word_1_190' title='bbox 438 1140 566 1167; x_wconf 81' lang='lat' dir='ltr'>adfectato</span> <span class='ocrx_word' id='word_1_191' title='bbox 590 1140 787 1171; x_wconf 73' lang='lat' dir='ltr'>insimulatove..</span> <span class='ocrx_word' id='word_1_192' title='bbox 818 1150 903 1176; x_wconf 83' lang='lat' dir='ltr'>neque</span> <span class='ocrx_word' id='word_1_193' title='bbox 927 1150 959 1167; x_wconf 83' lang='lat' dir='ltr'>ex</span> <span class='ocrx_word' id='word_1_194' title='bbox 982 1139 1028 1166; x_wconf 81' lang='lat' dir='ltr'>vili</span> 
     </span>
     <span class='ocr_line' id='line_1_24' title="bbox 187 1183 922 1222; baseline -0.004 -10"><span class='ocrx_word' id='word_1_195' title='bbox 187 1195 263 1212; x_wconf 84' lang='lat' dir='ltr'>causa</span> <span class='ocrx_word' id='word_1_196' title='bbox 283 1185 386 1222; x_wconf 80' lang='lat' dir='ltr'>decepti</span> <span class='ocrx_word' id='word_1_197' title='bbox 406 1188 474 1210; x_wconf 91' lang='lat' dir='ltr'>suut.</span> <span class='ocrx_word' id='word_1_198' title='bbox 506 1194 527 1210; x_wconf 88' lang='lat' dir='ltr'>c.</span> <span class='ocrx_word' id='word_1_199' title='bbox 547 1186 570 1210; x_wconf 92' lang='lat'>4.</span> <span class='ocrx_word' id='word_1_200' title='bbox 597 1183 629 1210; x_wconf 78' lang='lat' dir='ltr'>de</span> <span class='ocrx_word' id='word_1_201' title='bbox 647 1184 740 1210; x_wconf 78' lang='lat' dir='ltr'>ineest.</span> <span class='ocrx_word' id='word_1_202' title='bbox 760 1188 834 1221; x_wconf 89' lang='lat' dir='ltr'>nupt.</span> <span class='ocrx_word' id='word_1_203' title='bbox 854 1185 878 1209; x_wconf 91' lang='lat'>5.</span> <span class='ocrx_word' id='word_1_204' title='bbox 899 1185 922 1209; x_wconf 85' lang='lat'>5.</span> 
     </span>
    </p>

    <p class='ocr_par' dir='ltr' id='par_1_4' title="bbox 185 1227 1030 2466">
     <span class='ocr_line' id='line_1_25' title="bbox 220 1227 1027 1260; baseline -0.005 -5"><span class='ocrx_word' id='word_1_205' title='bbox 220 1228 408 1255; x_wconf 74' lang='lat' dir='ltr'>Adfectio.</span> <span class='ocrx_word' id='word_1_206' title='bbox 449 1228 642 1254; x_wconf 79' lang='lat' dir='ltr'>Adfectus.</span> <span class='ocrx_word' id='word_1_207' title='bbox 689 1227 721 1260; x_wconf 64' lang='grc' dir='ltr'>ἕ.</span> <span class='ocrx_word' id='word_1_208' title='bbox 747 1228 781 1253; x_wconf 79' lang='lat' dir='ltr'>l.</span> <span class='ocrx_word' id='word_1_209' title='bbox 830 1227 871 1252; x_wconf 85' lang='lat' dir='ltr'>Co</span> <span class='ocrx_word' id='word_1_210' title='bbox 879 1227 980 1252; x_wconf 75' lang='lat' dir='ltr'>usiliu</span> <span class='ocrx_word' id='word_1_211' title='bbox 988 1235 1027 1257; x_wconf 86' lang='lat' dir='ltr'>m,</span> 
     </span>
     <span class='ocr_line' id='line_1_26' title="bbox 186 1267 1026 1305; baseline -0.005 -7"><span class='ocrx_word' id='word_1_212' title='bbox 186 1273 367 1305; x_wconf 71' lang='lat' dir='ltr'>Proposita</span> <span class='ocrx_word' id='word_1_213' title='bbox 377 1280 409 1296; x_wconf 88' lang='lat' dir='ltr'>m.</span> <span class='ocrx_word' id='word_1_214' title='bbox 446 1269 464 1296; x_wconf 93' lang='grc'>1.</span> <span class='ocrx_word' id='word_1_215' title='bbox 489 1271 550 1304; x_wconf 78' lang='lat' dir='ltr'>Sy.</span> <span class='ocrx_word' id='word_1_216' title='bbox 583 1270 703 1296; x_wconf 89' lang='lat' dir='ltr'>Animus.</span> <span class='ocrx_word' id='word_1_217' title='bbox 742 1269 798 1296; x_wconf 91' lang='lat' dir='ltr'>Gai.</span> <span class='ocrx_word' id='word_1_218' title='bbox 824 1268 854 1295; x_wconf 92' lang='lat' dir='ltr'>Il.</span> <span class='ocrx_word' id='word_1_219' title='bbox 879 1270 920 1294; x_wconf 88' lang='lat'>50.</span> <span class='ocrx_word' id='word_1_220' title='bbox 954 1267 1026 1294; x_wconf 92' lang='lat' dir='ltr'>Paul.</span> 
     </span>
     <span class='ocr_line' id='line_1_27' title="bbox 186 1312 1027 1348; baseline -0.004 -8"><span class='ocrx_word' id='word_1_221' title='bbox 186 1314 216 1340; x_wconf 87' lang='lat' dir='ltr'>H.</span> <span class='ocrx_word' id='word_1_222' title='bbox 236 1315 277 1340; x_wconf 88' lang='lat'>31.</span> <span class='ocrx_word' id='word_1_223' title='bbox 298 1314 319 1347; x_wconf 89' lang='lat'>5.</span> <span class='ocrx_word' id='word_1_224' title='bbox 340 1315 382 1340; x_wconf 86' lang='lat'>35.</span> <span class='ocrx_word' id='word_1_225' title='bbox 408 1313 438 1339; x_wconf 86' lang='lat' dir='ltr'>fr.</span> <span class='ocrx_word' id='word_1_226' title='bbox 459 1314 482 1339; x_wconf 92' lang='lat'>1.</span> <span class='ocrx_word' id='word_1_227' title='bbox 501 1312 523 1346; x_wconf 89' lang='lat'>5.</span> <span class='ocrx_word' id='word_1_228' title='bbox 544 1313 568 1338; x_wconf 86' lang='lat'>3.</span> <span class='ocrx_word' id='word_1_229' title='bbox 589 1312 620 1338; x_wconf 82' lang='lat' dir='ltr'>fr.</span> <span class='ocrx_word' id='word_1_230' title='bbox 639 1314 663 1339; x_wconf 87' lang='lat'>3.</span> <span class='ocrx_word' id='word_1_231' title='bbox 683 1313 764 1347; x_wconf 63' lang='lat'>551.</span> <span class='ocrx_word' id='word_1_232' title='bbox 785 1313 808 1339; x_wconf 85' lang='lat'>6.</span> <span class='ocrx_word' id='word_1_233' title='bbox 829 1313 851 1338; x_wconf 92' lang='lat'>7.</span> <span class='ocrx_word' id='word_1_234' title='bbox 872 1321 911 1348; x_wconf 84' lang='lat' dir='ltr'>sq.</span> <span class='ocrx_word' id='word_1_235' title='bbox 932 1313 972 1337; x_wconf 89' lang='lat'>11.</span> <span class='ocrx_word' id='word_1_236' title='bbox 987 1321 1027 1347; x_wconf 85' lang='lat' dir='ltr'>sq.</span> 
     </span>
     <span class='ocr_line' id='line_1_28' title="bbox 186 1354 1027 1392; baseline -0.002 -9"><span class='ocrx_word' id='word_1_237' title='bbox 186 1357 219 1383; x_wconf 83' lang='lat' dir='ltr'>de</span> <span class='ocrx_word' id='word_1_238' title='bbox 244 1356 275 1383; x_wconf 84' lang='lat' dir='ltr'>A.</span> <span class='ocrx_word' id='word_1_239' title='bbox 295 1367 320 1383; x_wconf 84' lang='lat' dir='ltr'>v.</span> <span class='ocrx_word' id='word_1_240' title='bbox 341 1356 372 1382; x_wconf 84' lang='lat' dir='ltr'>A.</span> <span class='ocrx_word' id='word_1_241' title='bbox 397 1355 425 1382; x_wconf 90' lang='lat' dir='ltr'>P.</span> <span class='ocrx_word' id='word_1_242' title='bbox 445 1357 486 1381; x_wconf 87' lang='lat'>41.</span> <span class='ocrx_word' id='word_1_243' title='bbox 505 1357 530 1381; x_wconf 85' lang='lat'>2.</span> <span class='ocrx_word' id='word_1_244' title='bbox 559 1354 589 1381; x_wconf 90' lang='lat' dir='ltr'>fr.</span> <span class='ocrx_word' id='word_1_245' title='bbox 614 1357 638 1382; x_wconf 87' lang='lat'>5.</span> <span class='ocrx_word' id='word_1_246' title='bbox 662 1356 733 1390; x_wconf 88' lang='lat'>5.1.</span> <span class='ocrx_word' id='word_1_247' title='bbox 764 1355 796 1382; x_wconf 83' lang='lat' dir='ltr'>de</span> <span class='ocrx_word' id='word_1_248' title='bbox 819 1365 896 1392; x_wconf 84' lang='lat' dir='ltr'>poen.</span> <span class='ocrx_word' id='word_1_249' title='bbox 925 1356 966 1381; x_wconf 78' lang='lat'>48.</span> <span class='ocrx_word' id='word_1_250' title='bbox 987 1356 1027 1381; x_wconf 87' lang='lat'>19.</span> 
     </span>
     <span class='ocr_line' id='line_1_29' title="bbox 186 1397 1026 1436; baseline -0.002 -10"><span class='ocrx_word' id='word_1_251' title='bbox 186 1399 268 1427; x_wconf 79' lang='lat' dir='ltr'>Mens.</span> <span class='ocrx_word' id='word_1_252' title='bbox 299 1399 477 1436; x_wconf 77' lang='lat' dir='ltr'>Propositum.</span> <span class='ocrx_word' id='word_1_253' title='bbox 506 1397 642 1425; x_wconf 76' lang='lat' dir='ltr'>Adfectus.</span> <span class='ocrx_word' id='word_1_254' title='bbox 674 1397 730 1424; x_wconf 91' lang='lat' dir='ltr'>Gai.</span> <span class='ocrx_word' id='word_1_255' title='bbox 751 1397 799 1424; x_wconf 93' lang='grc'><strong>1.1.</strong></span> <span class='ocrx_word' id='word_1_256' title='bbox 821 1397 865 1424; x_wconf 90' lang='lat' dir='ltr'>IV.</span> <span class='ocrx_word' id='word_1_257' title='bbox 882 1399 938 1424; x_wconf 84' lang='lat'>178.</span> <span class='ocrx_word' id='word_1_258' title='bbox 958 1397 989 1424; x_wconf 85' lang='lat' dir='ltr'>fr.</span> <span class='ocrx_word' id='word_1_259' title='bbox 1004 1399 1026 1424; x_wconf 93' lang='lat'>1.</span> 
     </span>
     <span class='ocr_line' id='line_1_30' title="bbox 186 1440 1027 1478; baseline -0.002 -9"><span class='ocrx_word' id='word_1_260' title='bbox 186 1443 208 1477; x_wconf 87' lang='lat'>5.</span> <span class='ocrx_word' id='word_1_261' title='bbox 218 1444 260 1469; x_wconf 88' lang='lat'>21.</span> <span class='ocrx_word' id='word_1_262' title='bbox 276 1442 305 1469; x_wconf 91' lang='lat' dir='ltr'>fr.</span> <span class='ocrx_word' id='word_1_263' title='bbox 318 1444 342 1469; x_wconf 90' lang='lat'>3.</span> <span class='ocrx_word' id='word_1_264' title='bbox 363 1442 399 1476; x_wconf 88' lang='lat'>55.</span> <span class='ocrx_word' id='word_1_265' title='bbox 415 1443 437 1468; x_wconf 90' lang='lat' dir='ltr'>l.</span> <span class='ocrx_word' id='word_1_266' title='bbox 451 1443 475 1468; x_wconf 89' lang='lat'>3.</span> <span class='ocrx_word' id='word_1_267' title='bbox 490 1451 529 1478; x_wconf 86' lang='lat' dir='ltr'>sq.</span> <span class='ocrx_word' id='word_1_268' title='bbox 550 1441 582 1468; x_wconf 82' lang='lat' dir='ltr'>de</span> <span class='ocrx_word' id='word_1_269' title='bbox 601 1442 632 1468; x_wconf 83' lang='lat' dir='ltr'>A.</span> <span class='ocrx_word' id='word_1_270' title='bbox 646 1452 670 1468; x_wconf 88' lang='lat' dir='ltr'>v.</span> <span class='ocrx_word' id='word_1_271' title='bbox 685 1440 716 1467; x_wconf 88' lang='lat' dir='ltr'>A.</span> <span class='ocrx_word' id='word_1_272' title='bbox 730 1440 758 1468; x_wconf 87' lang='lat' dir='ltr'>P.</span> <span class='ocrx_word' id='word_1_273' title='bbox 779 1442 821 1468; x_wconf 90' lang='lat'>41.</span> <span class='ocrx_word' id='word_1_274' title='bbox 840 1443 864 1468; x_wconf 91' lang='lat'>2.</span> <span class='ocrx_word' id='word_1_275' title='bbox 902 1440 944 1466; x_wconf 86' lang='lat'>111.</span> <span class='ocrx_word' id='word_1_276' title='bbox 965 1441 1027 1468; x_wconf 75' lang='lat' dir='ltr'>Gn.</span> 
     </span>
     <span class='ocr_line' id='line_1_31' title="bbox 187 1484 1028 1523; baseline -0.004 -11"><span class='ocrx_word' id='word_1_277' title='bbox 187 1486 271 1522; x_wconf 76' lang='lat' dir='ltr'>Quae,</span> <span class='ocrx_word' id='word_1_278' title='bbox 290 1495 338 1523; x_wconf 88' lang='lat' dir='ltr'>pro</span> <span class='ocrx_word' id='word_1_279' title='bbox 358 1484 493 1511; x_wconf 87' lang='lat' dir='ltr'>hominum</span> <span class='ocrx_word' id='word_1_280' title='bbox 512 1484 659 1511; x_wconf 75' lang='lat' dir='ltr'>adfectione</span> <span class='ocrx_word' id='word_1_281' title='bbox 678 1489 756 1520; x_wconf 87' lang='lat' dir='ltr'>atquc</span> <span class='ocrx_word' id='word_1_282' title='bbox 776 1494 833 1515; x_wconf 74' lang='lat' dir='ltr'>usu.</span> <span class='ocrx_word' id='word_1_283' title='bbox 853 1484 907 1510; x_wconf 91' lang='lat' dir='ltr'>vini</span> <span class='ocrx_word' id='word_1_284' title='bbox 920 1493 1028 1510; x_wconf 86' lang='lat' dir='ltr'>numero</span> 
     </span>
     <span class='ocr_line' id='line_1_32' title="bbox 186 1526 1028 1564; baseline -0.002 -9"><span class='ocrx_word' id='word_1_285' title='bbox 186 1528 360 1555; x_wconf 83' lang='lat' dir='ltr'>habebuntur.</span> <span class='ocrx_word' id='word_1_286' title='bbox 394 1527 425 1554; x_wconf 88' lang='lat' dir='ltr'>fr.</span> <span class='ocrx_word' id='word_1_287' title='bbox 446 1529 470 1554; x_wconf 88' lang='lat'>9.</span> <span class='ocrx_word' id='word_1_288' title='bbox 494 1537 534 1564; x_wconf 91' lang='lat' dir='ltr'>pr.</span> <span class='ocrx_word' id='word_1_289' title='bbox 563 1527 595 1554; x_wconf 80' lang='lat' dir='ltr'>de</span> <span class='ocrx_word' id='word_1_290' title='bbox 621 1528 674 1553; x_wconf 89' lang='lat' dir='ltr'>trit.</span> <span class='ocrx_word' id='word_1_291' title='bbox 699 1528 769 1553; x_wconf 77' lang='lat' dir='ltr'>vino.</span> <span class='ocrx_word' id='word_1_292' title='bbox 797 1528 839 1553; x_wconf 80' lang='lat'>33.</span> <span class='ocrx_word' id='word_1_293' title='bbox 859 1528 882 1553; x_wconf 87' lang='lat'>6.</span> <span class='ocrx_word' id='word_1_294' title='bbox 921 1526 950 1553; x_wconf 86' lang='lat' dir='ltr'>Si</span> <span class='ocrx_word' id='word_1_295' title='bbox 969 1528 1028 1563; x_wconf 88' lang='lat' dir='ltr'>quis</span> 
     </span>
     <span class='ocr_line' id='line_1_33' title="bbox 186 1569 1027 1609; baseline -0.002 -11"><span class='ocrx_word' id='word_1_296' title='bbox 186 1573 244 1598; x_wconf 84' lang='lat' dir='ltr'>sine</span> <span class='ocrx_word' id='word_1_297' title='bbox 263 1572 379 1609; x_wconf 77' lang='lat' dir='ltr'>scriptis.</span> <span class='ocrx_word' id='word_1_298' title='bbox 399 1570 546 1597; x_wconf 74' lang='lat' dir='ltr'>adfectione</span> <span class='ocrx_word' id='word_1_299' title='bbox 565 1569 630 1602; x_wconf 75' lang='lat' dir='ltr'>sola.</span> <span class='ocrx_word' id='word_1_300' title='bbox 650 1571 841 1596; x_wconf 82' lang='lat' dir='ltr'>matrimonium</span> <span class='ocrx_word' id='word_1_301' title='bbox 860 1571 1027 1596; x_wconf 65' lang='lat' dir='ltr'>contraxerit.</span> 
     </span>
     <span class='ocr_line' id='line_1_34' title="bbox 186 1612 1028 1652; baseline -0.002 -11"><span class='ocrx_word' id='word_1_302' title='bbox 186 1614 276 1641; x_wconf 85' lang='lat' dir='ltr'>Iulian.</span> <span class='ocrx_word' id='word_1_303' title='bbox 290 1625 330 1652; x_wconf 81' lang='lat' dir='ltr'>ep.</span> <span class='ocrx_word' id='word_1_304' title='bbox 342 1625 401 1641; x_wconf 90' lang='lat' dir='ltr'>nov.</span> <span class='ocrx_word' id='word_1_305' title='bbox 416 1625 438 1641; x_wconf 91' lang='lat' dir='ltr'>c.</span> <span class='ocrx_word' id='word_1_306' title='bbox 450 1615 507 1640; x_wconf 70' lang='grc'><strong>108.</strong></span> <span class='ocrx_word' id='word_1_307' title='bbox 519 1614 556 1647; x_wconf 85' lang='lat'>55.</span> <span class='ocrx_word' id='word_1_308' title='bbox 567 1614 626 1640; x_wconf 77' lang='lat'>380.</span> <span class='ocrx_word' id='word_1_309' title='bbox 643 1623 682 1649; x_wconf 84' lang='lat' dir='ltr'>sq.</span> <span class='ocrx_word' id='word_1_310' title='bbox 708 1612 768 1639; x_wconf 66' lang='lat' dir='ltr'>Nou</span> <span class='ocrx_word' id='word_1_311' title='bbox 782 1614 875 1641; x_wconf 75' lang='lat' dir='ltr'>coitus.</span> <span class='ocrx_word' id='word_1_312' title='bbox 895 1613 942 1640; x_wconf 81' lang='lat' dir='ltr'>sed</span> <span class='ocrx_word' id='word_1_313' title='bbox 955 1614 1028 1640; x_wconf 92' lang='lat' dir='ltr'>mari-</span> 
     </span>
     <span class='ocr_line' id='line_1_35' title="bbox 186 1655 1026 1690; baseline -0.001 -6"><span class='ocrx_word' id='word_1_314' title='bbox 186 1657 247 1684; x_wconf 85' lang='lat' dir='ltr'>talis</span> <span class='ocrx_word' id='word_1_315' title='bbox 266 1657 391 1689; x_wconf 79' lang='lat' dir='ltr'>adfectio⁷</span> <span class='ocrx_word' id='word_1_316' title='bbox 412 1657 604 1683; x_wconf 84' lang='lat' dir='ltr'>matrimonium</span> <span class='ocrx_word' id='word_1_317' title='bbox 623 1655 692 1682; x_wconf 74' lang='lat' dir='ltr'>facit.</span> <span class='ocrx_word' id='word_1_318' title='bbox 712 1655 743 1683; x_wconf 85' lang='lat' dir='ltr'>fr.</span> <span class='ocrx_word' id='word_1_319' title='bbox 755 1658 797 1683; x_wconf 87' lang='lat'>32.</span> <span class='ocrx_word' id='word_1_320' title='bbox 817 1657 839 1690; x_wconf 89' lang='lat'>5</span> <span class='ocrx_word' id='word_1_321' title='bbox 855 1658 895 1683; x_wconf 87' lang='lat'>13.</span> <span class='ocrx_word' id='word_1_322' title='bbox 916 1656 948 1683; x_wconf 87' lang='lat' dir='ltr'>de</span> <span class='ocrx_word' id='word_1_323' title='bbox 967 1656 1026 1683; x_wconf 90' lang='lat' dir='ltr'>don.</span> 
     </span>
     <span class='ocr_line' id='line_1_36' title="bbox 186 1699 1028 1732; baseline -0.001 -6"><span class='ocrx_word' id='word_1_324' title='bbox 186 1701 232 1727; x_wconf 82' lang='lat' dir='ltr'>int.</span> <span class='ocrx_word' id='word_1_325' title='bbox 253 1699 285 1726; x_wconf 80' lang='lat' dir='ltr'>V.</span> <span class='ocrx_word' id='word_1_326' title='bbox 299 1701 341 1726; x_wconf 97' lang='lat'>24.</span> <span class='ocrx_word' id='word_1_327' title='bbox 353 1702 376 1726; x_wconf 96' lang='lat' dir='ltr'>l.</span> <span class='ocrx_word' id='word_1_328' title='bbox 398 1699 429 1726; x_wconf 86' lang='lat' dir='ltr'>cf.</span> <span class='ocrx_word' id='word_1_329' title='bbox 445 1710 466 1726; x_wconf 89' lang='lat' dir='ltr'>c.</span> <span class='ocrx_word' id='word_1_330' title='bbox 481 1701 521 1726; x_wconf 94' lang='lat'>11.</span> <span class='ocrx_word' id='word_1_331' title='bbox 542 1699 574 1725; x_wconf 82' lang='lat' dir='ltr'>de</span> <span class='ocrx_word' id='word_1_332' title='bbox 588 1704 638 1726; x_wconf 86' lang='lat' dir='ltr'>nat.</span> <span class='ocrx_word' id='word_1_333' title='bbox 653 1699 698 1725; x_wconf 89' lang='lat' dir='ltr'>lib.</span> <span class='ocrx_word' id='word_1_334' title='bbox 713 1701 736 1726; x_wconf 88' lang='lat'>5.</span> <span class='ocrx_word' id='word_1_335' title='bbox 750 1701 792 1726; x_wconf 82' lang='lat'>27.</span> <span class='ocrx_word' id='word_1_336' title='bbox 812 1699 1028 1732; x_wconf 33' lang='lat' dir='ltr'>Animizadfectus</span> 
     </span>
     <span class='ocr_line' id='line_1_37' title="bbox 187 1742 1028 1780; baseline -0.001 -11"><span class='ocrx_word' id='word_1_337' title='bbox 187 1742 320 1780; x_wconf 81' lang='lat' dir='ltr'>(plenus).</span> <span class='ocrx_word' id='word_1_338' title='bbox 352 1753 373 1769; x_wconf 94' lang='lat' dir='ltr'>c.</span> <span class='ocrx_word' id='word_1_339' title='bbox 394 1744 434 1769; x_wconf 89' lang='lat'>17.</span> <span class='ocrx_word' id='word_1_340' title='bbox 459 1742 491 1768; x_wconf 84' lang='lat' dir='ltr'>de</span> <span class='ocrx_word' id='word_1_341' title='bbox 510 1743 567 1768; x_wconf 80' lang='lat' dir='ltr'>iure</span> <span class='ocrx_word' id='word_1_342' title='bbox 586 1742 669 1768; x_wconf 85' lang='lat' dir='ltr'>codic.</span> <span class='ocrx_word' id='word_1_343' title='bbox 694 1743 736 1768; x_wconf 91' lang='lat'>29.</span> <span class='ocrx_word' id='word_1_344' title='bbox 757 1743 779 1768; x_wconf 93' lang='lat'>7.</span> <span class='ocrx_word' id='word_1_345' title='bbox 822 1742 936 1768; x_wconf 79' lang='lat' dir='ltr'>Adfeetu</span> <span class='ocrx_word' id='word_1_346' title='bbox 960 1742 1028 1771; x_wconf 79' lang='lat' dir='ltr'>doli.</span> 
     </span>
     <span class='ocr_line' id='line_1_38' title="bbox 187 1784 1027 1822; baseline -0.001 -11"><span class='ocrx_word' id='word_1_347' title='bbox 187 1790 214 1811; x_wconf 86' lang='lat' dir='ltr'>et</span> <span class='ocrx_word' id='word_1_348' title='bbox 234 1791 311 1822; x_wconf 87' lang='lat' dir='ltr'>captu</span> <span class='ocrx_word' id='word_1_349' title='bbox 331 1785 503 1811; x_wconf 79' lang='lat' dir='ltr'>contumeliae</span> <span class='ocrx_word' id='word_1_350' title='bbox 523 1790 611 1811; x_wconf 81' lang='lat' dir='ltr'>carent</span> <span class='ocrx_word' id='word_1_351' title='bbox 630 1785 768 1817; x_wconf 83' lang='lat' dir='ltr'>(furiosus.</span> <span class='ocrx_word' id='word_1_352' title='bbox 789 1786 902 1821; x_wconf 84' lang='lat' dir='ltr'>itemque</span> <span class='ocrx_word' id='word_1_353' title='bbox 921 1784 1027 1817; x_wconf 88' lang='lat' dir='ltr'>infans).</span> 
     </span>
     <span class='ocr_line' id='line_1_39' title="bbox 187 1827 1029 1861; baseline -0.001 -7"><span class='ocrx_word' id='word_1_354' title='bbox 187 1828 260 1855; x_wconf 88' lang='lat' dir='ltr'>Paul.</span> <span class='ocrx_word' id='word_1_355' title='bbox 282 1827 313 1854; x_wconf 64' lang='lat' dir='ltr'>V.</span> <span class='ocrx_word' id='word_1_356' title='bbox 333 1829 357 1854; x_wconf 83' lang='grc'>4.</span> <span class='ocrx_word' id='word_1_357' title='bbox 379 1828 400 1861; x_wconf 85' lang='lat'>5.</span> <span class='ocrx_word' id='word_1_358' title='bbox 414 1830 438 1853; x_wconf 89' lang='lat'>2.</span> <span class='ocrx_word' id='word_1_359' title='bbox 464 1827 495 1853; x_wconf 90' lang='lat' dir='ltr'>cf.</span> <span class='ocrx_word' id='word_1_360' title='bbox 517 1827 574 1853; x_wconf 83' lang='lat' dir='ltr'>Gai.</span> <span class='ocrx_word' id='word_1_361' title='bbox 588 1827 630 1854; x_wconf 83' lang='lat' dir='ltr'>lIl.</span> <span class='ocrx_word' id='word_1_362' title='bbox 650 1830 709 1854; x_wconf 69' lang='grc'><strong>208.</strong></span> <span class='ocrx_word' id='word_1_363' title='bbox 746 1827 775 1853; x_wconf 90' lang='grc'>111</span> <span class='ocrx_word' id='word_1_364' title='bbox 794 1828 897 1854; x_wconf 86' lang='lat' dir='ltr'>adfectu</span> <span class='ocrx_word' id='word_1_365' title='bbox 917 1833 957 1853; x_wconf 88' lang='lat' dir='ltr'>est</span> <span class='ocrx_word' id='word_1_366' title='bbox 977 1828 1029 1860; x_wconf 84' lang='lat' dir='ltr'>(ca-</span> 
     </span>
     <span class='ocr_line' id='line_1_40' title="bbox 191 1870 1030 1903; baseline -0.001 -6"><span class='ocrx_word' id='word_1_367' title='bbox 191 1871 301 1899; x_wconf 85' lang='lat' dir='ltr'>lumnia.</span> <span class='ocrx_word' id='word_1_368' title='bbox 322 1872 390 1896; x_wconf 85' lang='lat' dir='ltr'>sicut</span> <span class='ocrx_word' id='word_1_369' title='bbox 409 1870 471 1896; x_wconf 87' lang='lat' dir='ltr'>furti</span> <span class='ocrx_word' id='word_1_370' title='bbox 491 1871 609 1903; x_wconf 82' lang='lat' dir='ltr'>crimen).</span> <span class='ocrx_word' id='word_1_371' title='bbox 637 1870 674 1896; x_wconf 84' lang='lat' dir='ltr'>lb.</span> <span class='ocrx_word' id='word_1_372' title='bbox 694 1870 738 1896; x_wconf 76' lang='lat' dir='ltr'>IV.</span> <span class='ocrx_word' id='word_1_373' title='bbox 759 1872 816 1896; x_wconf 74' lang='lat'>178.</span> <span class='ocrx_word' id='word_1_374' title='bbox 854 1870 968 1896; x_wconf 88' lang='lat' dir='ltr'>Furandi</span> <span class='ocrx_word' id='word_1_375' title='bbox 987 1870 1030 1896; x_wconf 84' lang='lat' dir='ltr'>ad-</span> 
     </span>
     <span class='ocr_line' id='line_1_41' title="bbox 186 1913 1027 1945; baseline -0.001 -5"><span class='ocrx_word' id='word_1_376' title='bbox 186 1913 279 1940; x_wconf 81' lang='lat' dir='ltr'>fectus.</span> <span class='ocrx_word' id='word_1_377' title='bbox 308 1913 345 1939; x_wconf 86' lang='lat' dir='ltr'>lh.</span> <span class='ocrx_word' id='word_1_378' title='bbox 366 1913 396 1939; x_wconf 88' lang='lat' dir='ltr'>II.</span> <span class='ocrx_word' id='word_1_379' title='bbox 416 1915 457 1938; x_wconf 82' lang='lat'>50.</span> <span class='ocrx_word' id='word_1_380' title='bbox 490 1929 523 1932; x_wconf 88' lang='lat'><strong>—</strong></span> <span class='ocrx_word' id='word_1_381' title='bbox 552 1913 582 1945; x_wconf 60' lang='grc' dir='ltr'>ς.</span> <span class='ocrx_word' id='word_1_382' title='bbox 603 1914 638 1939; x_wconf 73' lang='grc'>2.</span> <span class='ocrx_word' id='word_1_383' title='bbox 663 1915 820 1945; x_wconf 77' lang='lat' dir='ltr'>Pietatis,</span> <span class='ocrx_word' id='word_1_384' title='bbox 841 1924 863 1940; x_wconf 84' lang='lat' dir='ltr'>v.</span> <span class='ocrx_word' id='word_1_385' title='bbox 885 1915 1027 1945; x_wconf 75' lang='lat' dir='ltr'>Amoris,</span> 
     </span>
     <span class='ocr_line' id='line_1_42' title="bbox 185 1954 1029 1993; baseline -0.001 -10"><span class='ocrx_word' id='word_1_386' title='bbox 185 1958 286 1983; x_wconf 80' lang='lat' dir='ltr'>ratio.</span> <span class='ocrx_word' id='word_1_387' title='bbox 323 1955 341 1982; x_wconf 93' lang='grc'>1.</span> <span class='ocrx_word' id='word_1_388' title='bbox 362 1956 423 1989; x_wconf 79' lang='lat' dir='ltr'>Sy.</span> <span class='ocrx_word' id='word_1_389' title='bbox 458 1954 633 1981; x_wconf 75' lang='lat' dir='ltr'>Necessitudo</span> <span class='ocrx_word' id='word_1_390' title='bbox 656 1966 835 1992; x_wconf 85' lang='lat' dir='ltr'>personarum.</span> <span class='ocrx_word' id='word_1_391' title='bbox 872 1955 1029 1993; x_wconf 85' lang='lat' dir='ltr'>Propinqui-</span> 
     </span>
     <span class='ocr_line' id='line_1_43' title="bbox 186 1997 1027 2036; baseline 0 -11"><span class='ocrx_word' id='word_1_392' title='bbox 186 2000 248 2025; x_wconf 87' lang='lat' dir='ltr'>tatis</span> <span class='ocrx_word' id='word_1_393' title='bbox 274 1998 394 2025; x_wconf 80' lang='lat' dir='ltr'>adfectio.</span> <span class='ocrx_word' id='word_1_394' title='bbox 433 1997 522 2024; x_wconf 83' lang='lat' dir='ltr'>Amor.</span> <span class='ocrx_word' id='word_1_395' title='bbox 559 1997 632 2024; x_wconf 89' lang='lat' dir='ltr'>Paul.</span> <span class='ocrx_word' id='word_1_396' title='bbox 653 1998 684 2025; x_wconf 86' lang='lat' dir='ltr'>V.</span> <span class='ocrx_word' id='word_1_397' title='bbox 711 2000 749 2025; x_wconf 89' lang='lat'>15.</span> <span class='ocrx_word' id='word_1_398' title='bbox 775 1999 796 2032; x_wconf 87' lang='lat'>5.</span> <span class='ocrx_word' id='word_1_399' title='bbox 820 2000 844 2025; x_wconf 84' lang='lat'>3.</span> <span class='ocrx_word' id='word_1_400' title='bbox 875 1998 906 2025; x_wconf 78' lang='lat' dir='ltr'>cf,</span> <span class='ocrx_word' id='word_1_401' title='bbox 930 1999 1027 2036; x_wconf 87' lang='lat' dir='ltr'>Interp.</span> 
     </span>
     <span class='ocr_line' id='line_1_44' title="bbox 187 2040 1027 2078; baseline 0.001 -11"><span class='ocrx_word' id='word_1_402' title='bbox 187 2041 219 2067; x_wconf 83' lang='lat' dir='ltr'>ad</span> <span class='ocrx_word' id='word_1_403' title='bbox 238 2040 263 2067; x_wconf 86' lang='lat' dir='ltr'>h.</span> <span class='ocrx_word' id='word_1_404' title='bbox 284 2040 300 2067; x_wconf 95' lang='lat' dir='ltr'>l.</span> <span class='ocrx_word' id='word_1_405' title='bbox 331 2051 352 2067; x_wconf 85' lang='lat' dir='ltr'>c.</span> <span class='ocrx_word' id='word_1_406' title='bbox 374 2042 413 2067; x_wconf 83' lang='lat'>19.</span> <span class='ocrx_word' id='word_1_407' title='bbox 434 2051 472 2078; x_wconf 87' lang='lat' dir='ltr'>pr.</span> <span class='ocrx_word' id='word_1_408' title='bbox 498 2040 530 2067; x_wconf 82' lang='lat' dir='ltr'>de</span> <span class='ocrx_word' id='word_1_409' title='bbox 555 2040 651 2067; x_wconf 75' lang='lat' dir='ltr'>haeret.</span> <span class='ocrx_word' id='word_1_410' title='bbox 676 2043 698 2068; x_wconf 92' lang='lat' dir='ltr'>l.</span> <span class='ocrx_word' id='word_1_411' title='bbox 718 2043 742 2068; x_wconf 90' lang='grc'>5.</span> <span class='ocrx_word' id='word_1_412' title='bbox 784 2040 814 2068; x_wconf 92' lang='grc'>11.</span> <span class='ocrx_word' id='word_1_413' title='bbox 840 2043 907 2076; x_wconf 74' lang='lat' dir='ltr'>Op.</span> <span class='ocrx_word' id='word_1_414' title='bbox 939 2042 1027 2068; x_wconf 90' lang='lat' dir='ltr'>Pretio</span> 
     </span>
     <span class='ocr_line' id='line_1_45' title="bbox 186 2083 1026 2117; baseline 0.002 -8"><span class='ocrx_word' id='word_1_415' title='bbox 186 2100 220 2104; x_wconf 92' lang='lat'>—</span> <span class='ocrx_word' id='word_1_416' title='bbox 243 2083 347 2110; x_wconf 79' lang='lat' dir='ltr'>adfectu</span> <span class='ocrx_word' id='word_1_417' title='bbox 368 2083 548 2117; x_wconf 80' lang='lat' dir='ltr'>(aestimare).</span> <span class='ocrx_word' id='word_1_418' title='bbox 578 2083 608 2110; x_wconf 86' lang='lat' dir='ltr'>fr.</span> <span class='ocrx_word' id='word_1_419' title='bbox 627 2085 669 2110; x_wconf 86' lang='lat'>36.</span> <span class='ocrx_word' id='word_1_420' title='bbox 695 2084 727 2110; x_wconf 86' lang='lat' dir='ltr'>de</span> <span class='ocrx_word' id='word_1_421' title='bbox 750 2083 810 2110; x_wconf 90' lang='lat' dir='ltr'>bon.</span> <span class='ocrx_word' id='word_1_422' title='bbox 831 2084 918 2111; x_wconf 89' lang='lat' dir='ltr'>libert.</span> <span class='ocrx_word' id='word_1_423' title='bbox 941 2086 982 2112; x_wconf 64' lang='lat'>38.</span> <span class='ocrx_word' id='word_1_424' title='bbox 1002 2087 1026 2111; x_wconf 89' lang='lat'>2.</span> 
     </span>
     <span class='ocr_line' id='line_1_46' title="bbox 187 2126 1026 2159; baseline 0.002 -6"><span class='ocrx_word' id='word_1_425' title='bbox 187 2126 314 2159; x_wconf 69' lang='lat' dir='ltr'>Deliciae,</span> <span class='ocrx_word' id='word_1_426' title='bbox 333 2137 357 2153; x_wconf 84' lang='lat' dir='ltr'>v.</span> <span class='ocrx_word' id='word_1_427' title='bbox 371 2126 495 2153; x_wconf 76' lang='lat' dir='ltr'>Luxuria.</span> <span class='ocrx_word' id='word_1_428' title='bbox 516 2142 548 2146; x_wconf 84' lang='lat'>-—</span> <span class='ocrx_word' id='word_1_429' title='bbox 568 2126 654 2153; x_wconf 80' lang='lat' dir='ltr'>Iustae</span> <span class='ocrx_word' id='word_1_430' title='bbox 672 2126 841 2157; x_wconf 71' lang='lat' dir='ltr'>adfectiones.</span> <span class='ocrx_word' id='word_1_431' title='bbox 861 2138 884 2154; x_wconf 91' lang='lat' dir='ltr'>v.</span> <span class='ocrx_word' id='word_1_432' title='bbox 899 2128 1026 2155; x_wconf 64' lang='lat' dir='ltr'>Adfectus</span> 
     </span>
     <span class='ocr_line' id='line_1_47' title="bbox 187 2168 1027 2206; baseline 0.004 -11"><span class='ocrx_word' id='word_1_433' title='bbox 187 2169 231 2206; x_wconf 89' lang='lat' dir='ltr'>(p.</span> <span class='ocrx_word' id='word_1_434' title='bbox 257 2169 310 2202; x_wconf 77' lang='lat' dir='ltr'>se).</span> <span class='ocrx_word' id='word_1_435' title='bbox 346 2168 376 2196; x_wconf 76' lang='lat' dir='ltr'>fr.</span> <span class='ocrx_word' id='word_1_436' title='bbox 399 2170 438 2195; x_wconf 88' lang='grc'>16.</span> <span class='ocrx_word' id='word_1_437' title='bbox 462 2179 501 2206; x_wconf 85' lang='lat' dir='ltr'>pr.</span> <span class='ocrx_word' id='word_1_438' title='bbox 528 2169 561 2195; x_wconf 81' lang='lat' dir='ltr'>de</span> <span class='ocrx_word' id='word_1_439' title='bbox 584 2180 650 2196; x_wconf 84' lang='lat' dir='ltr'>man.</span> <span class='ocrx_word' id='word_1_440' title='bbox 674 2169 745 2196; x_wconf 82' lang='lat' dir='ltr'>vind.</span> <span class='ocrx_word' id='word_1_441' title='bbox 774 2171 815 2196; x_wconf 83' lang='lat'>40.</span> <span class='ocrx_word' id='word_1_442' title='bbox 840 2172 864 2197; x_wconf 83' lang='lat'>2.</span> <span class='ocrx_word' id='word_1_443' title='bbox 913 2171 1027 2198; x_wconf 80' lang='lat' dir='ltr'>Adfeetu</span> 
     </span>
     <span class='ocr_line' id='line_1_48' title="bbox 187 2212 1026 2248; baseline 0.006 -12"><span class='ocrx_word' id='word_1_444' title='bbox 187 2212 360 2248; x_wconf 78' lang='lat' dir='ltr'>propensiore</span> <span class='ocrx_word' id='word_1_445' title='bbox 380 2213 474 2248; x_wconf 71' lang='lat' dir='ltr'>magis,</span> <span class='ocrx_word' id='word_1_446' title='bbox 495 2222 571 2248; x_wconf 87' lang='lat' dir='ltr'>quam</span> <span class='ocrx_word' id='word_1_447' title='bbox 590 2212 652 2238; x_wconf 90' lang='lat' dir='ltr'>dolo</span> <span class='ocrx_word' id='word_1_448' title='bbox 671 2212 770 2245; x_wconf 87' lang='lat' dir='ltr'>(videri</span> <span class='ocrx_word' id='word_1_449' title='bbox 790 2212 910 2247; x_wconf 84' lang='lat' dir='ltr'>fecisse).</span> <span class='ocrx_word' id='word_1_450' title='bbox 935 2214 965 2240; x_wconf 89' lang='lat' dir='ltr'>fr.</span> <span class='ocrx_word' id='word_1_451' title='bbox 987 2216 1026 2241; x_wconf 94' lang='lat'>11.</span> 
     </span>
     <span class='ocr_line' id='line_1_49' title="bbox 188 2254 1028 2293; baseline 0.005 -14"><span class='ocrx_word' id='word_1_452' title='bbox 188 2254 210 2287; x_wconf 86' lang='lat'>5.</span> <span class='ocrx_word' id='word_1_453' title='bbox 224 2255 248 2279; x_wconf 90' lang='lat'>3.</span> <span class='ocrx_word' id='word_1_454' title='bbox 276 2254 327 2289; x_wconf 89' lang='lat' dir='ltr'>Qu.</span> <span class='ocrx_word' id='word_1_455' title='bbox 348 2254 404 2281; x_wconf 87' lang='lat' dir='ltr'>fals.</span> <span class='ocrx_word' id='word_1_456' title='bbox 419 2260 467 2281; x_wconf 86' lang='lat' dir='ltr'>tut.</span> <span class='ocrx_word' id='word_1_457' title='bbox 481 2257 522 2282; x_wconf 89' lang='lat'>27.</span> <span class='ocrx_word' id='word_1_458' title='bbox 536 2256 560 2280; x_wconf 88' lang='grc'>6.</span> <span class='ocrx_word' id='word_1_459' title='bbox 590 2254 631 2281; x_wconf 91' lang='lat' dir='ltr'>III.</span> <span class='ocrx_word' id='word_1_460' title='bbox 646 2256 711 2282; x_wconf 76' lang='lat'>011.</span> <span class='ocrx_word' id='word_1_461' title='bbox 736 2255 786 2282; x_wconf 79' lang='lat' dir='ltr'>Vel</span> <span class='ocrx_word' id='word_1_462' title='bbox 806 2256 916 2282; x_wconf 85' lang='lat' dir='ltr'>naturali</span> <span class='ocrx_word' id='word_1_463' title='bbox 937 2267 1028 2293; x_wconf 74' lang='lat' dir='ltr'>cogna-</span> 
     </span>
     <span class='ocr_line' id='line_1_50' title="bbox 190 2297 1028 2334; baseline 0.006 -12"><span class='ocrx_word' id='word_1_464' title='bbox 190 2297 274 2327; x_wconf 74' lang='lat' dir='ltr'>tione.</span> <span class='ocrx_word' id='word_1_465' title='bbox 293 2297 336 2323; x_wconf 86' lang='lat' dir='ltr'>vel</span> <span class='ocrx_word' id='word_1_466' title='bbox 356 2298 521 2323; x_wconf 87' lang='lat' dir='ltr'>sanctissima</span> <span class='ocrx_word' id='word_1_467' title='bbox 541 2297 687 2324; x_wconf 74' lang='lat' dir='ltr'>adfectione</span> <span class='ocrx_word' id='word_1_468' title='bbox 707 2298 774 2325; x_wconf 85' lang='lat' dir='ltr'>duci.</span> <span class='ocrx_word' id='word_1_469' title='bbox 804 2299 834 2326; x_wconf 81' lang='lat' dir='ltr'>fr.</span> <span class='ocrx_word' id='word_1_470' title='bbox 856 2301 895 2326; x_wconf 85' lang='lat'>17.</span> <span class='ocrx_word' id='word_1_471' title='bbox 915 2300 937 2334; x_wconf 88' lang='lat'>5.</span> <span class='ocrx_word' id='word_1_472' title='bbox 952 2302 974 2326; x_wconf 96' lang='lat' dir='ltr'>l.</span> <span class='ocrx_word' id='word_1_473' title='bbox 995 2300 1028 2327; x_wconf 81' lang='lat' dir='ltr'>de</span> 
     </span>
     <span class='ocr_line' id='line_1_51' title="bbox 188 2339 1026 2381; baseline 0.005 -16"><span class='ocrx_word' id='word_1_474' title='bbox 188 2339 278 2375; x_wconf 84' lang='lat' dir='ltr'>adopt.</span> <span class='ocrx_word' id='word_1_475' title='bbox 298 2341 322 2366; x_wconf 93' lang='lat' dir='ltr'>l.</span> <span class='ocrx_word' id='word_1_476' title='bbox 342 2341 365 2366; x_wconf 90' lang='lat'>7.</span> <span class='ocrx_word' id='word_1_477' title='bbox 404 2339 512 2370; x_wconf 66' lang='lat' dir='ltr'>Notitia.</span> <span class='ocrx_word' id='word_1_478' title='bbox 532 2340 575 2366; x_wconf 86' lang='lat' dir='ltr'>vel</span> <span class='ocrx_word' id='word_1_479' title='bbox 593 2340 714 2368; x_wconf 73' lang='lat' dir='ltr'>adfectio.</span> <span class='ocrx_word' id='word_1_480' title='bbox 739 2341 768 2368; x_wconf 81' lang='lat' dir='ltr'>fr.</span> <span class='ocrx_word' id='word_1_481' title='bbox 783 2343 807 2368; x_wconf 80' lang='lat'>8.</span> <span class='ocrx_word' id='word_1_482' title='bbox 828 2342 860 2369; x_wconf 88' lang='lat' dir='ltr'>de</span> <span class='ocrx_word' id='word_1_483' title='bbox 874 2348 950 2369; x_wconf 87' lang='lat' dir='ltr'>castr.</span> <span class='ocrx_word' id='word_1_484' title='bbox 970 2354 1026 2381; x_wconf 85' lang='lat' dir='ltr'>pec.</span> 
     </span>
     <span class='ocr_line' id='line_1_52' title="bbox 188 2381 1028 2421; baseline 0.006 -14"><span class='ocrx_word' id='word_1_485' title='bbox 188 2383 230 2408; x_wconf 77' lang='lat'>49.</span> <span class='ocrx_word' id='word_1_486' title='bbox 252 2383 291 2407; x_wconf 88' lang='lat'>17.</span> <span class='ocrx_word' id='word_1_487' title='bbox 332 2381 541 2414; x_wconf 74' lang='lat' dir='ltr'>Misericordiae.</span> <span class='ocrx_word' id='word_1_488' title='bbox 569 2383 610 2410; x_wconf 83' lang='lat' dir='ltr'>vel</span> <span class='ocrx_word' id='word_1_489' title='bbox 639 2385 728 2421; x_wconf 84' lang='lat' dir='ltr'>pietati</span> <span class='ocrx_word' id='word_1_490' title='bbox 756 2385 888 2417; x_wconf 78' lang='lat' dir='ltr'>tribuens,</span> <span class='ocrx_word' id='word_1_491' title='bbox 916 2386 958 2412; x_wconf 88' lang='lat' dir='ltr'>vel</span> <span class='ocrx_word' id='word_1_492' title='bbox 986 2386 1028 2412; x_wconf 87' lang='lat' dir='ltr'>ad-</span> 
     </span>
     <span class='ocr_line' id='line_1_53' title="bbox 191 2424 1028 2466; baseline 0.006 -15"><span class='ocrx_word' id='word_1_493' title='bbox 191 2424 306 2451; x_wconf 83' lang='lat' dir='ltr'>fectioni.</span> <span class='ocrx_word' id='word_1_494' title='bbox 342 2424 372 2450; x_wconf 88' lang='lat' dir='ltr'>fr.</span> <span class='ocrx_word' id='word_1_495' title='bbox 398 2427 439 2452; x_wconf 88' lang='lat'>14.</span> <span class='ocrx_word' id='word_1_496' title='bbox 465 2426 487 2460; x_wconf 84' lang='lat'>5.</span> <span class='ocrx_word' id='word_1_497' title='bbox 513 2428 536 2452; x_wconf 89' lang='lat'>7.</span> <span class='ocrx_word' id='word_1_498' title='bbox 565 2426 597 2452; x_wconf 83' lang='lat' dir='ltr'>de</span> <span class='ocrx_word' id='word_1_499' title='bbox 620 2427 693 2463; x_wconf 80' lang='lat' dir='ltr'>relig.</span> <span class='ocrx_word' id='word_1_500' title='bbox 720 2429 759 2454; x_wconf 89' lang='lat'>11.</span> <span class='ocrx_word' id='word_1_501' title='bbox 779 2429 803 2454; x_wconf 90' lang='lat'>7.</span> <span class='ocrx_word' id='word_1_502' title='bbox 845 2428 899 2464; x_wconf 85' lang='lat' dir='ltr'>Qui</span> <span class='ocrx_word' id='word_1_503' title='bbox 922 2429 965 2455; x_wconf 85' lang='lat' dir='ltr'>vel</span> <span class='ocrx_word' id='word_1_504' title='bbox 982 2439 1028 2466; x_wconf 88' lang='lat' dir='ltr'>po-</span> 
     </span>
    </p>
   </div>
   <div class='ocr_carea' id='block_1_3' title="bbox 191 2508 1029 2764">
    <p class='ocr_par' dir='ltr' id='par_1_5' title="bbox 191 2508 1029 2764">
     <span class='ocr_line' id='line_1_54' title="bbox 191 2508 1029 2550; baseline 0.01 -16"><span class='ocrx_word' id='word_1_505' title='bbox 191 2508 224 2535; x_wconf 77' lang='lat' dir='ltr'>de</span> <span class='ocrx_word' id='word_1_506' title='bbox 242 2510 318 2535; x_wconf 89' lang='lat' dir='ltr'>iniur.</span> <span class='ocrx_word' id='word_1_507' title='bbox 338 2511 379 2535; x_wconf 83' lang='lat'>47.</span> <span class='ocrx_word' id='word_1_508' title='bbox 401 2512 440 2536; x_wconf 88' lang='lat'>10.</span> <span class='ocrx_word' id='word_1_509' title='bbox 476 2510 536 2537; x_wconf 69' lang='lat' dir='ltr'>Non</span> <span class='ocrx_word' id='word_1_510' title='bbox 555 2522 651 2544; x_wconf 68' lang='lat' dir='ltr'>amare.</span> <span class='ocrx_word' id='word_1_511' title='bbox 676 2523 724 2539; x_wconf 84' lang='lat' dir='ltr'>nec</span> <span class='ocrx_word' id='word_1_512' title='bbox 748 2518 878 2550; x_wconf 85' lang='lat' dir='ltr'>tamquam</span> <span class='ocrx_word' id='word_1_513' title='bbox 902 2516 969 2542; x_wconf 84' lang='lat' dir='ltr'>inter</span> <span class='ocrx_word' id='word_1_514' title='bbox 992 2517 1029 2542; x_wconf 93' lang='lat' dir='ltr'>in-</span> 
     </span>
     <span class='ocr_line' id='line_1_55' title="bbox 192 2551 1027 2585; baseline 0.01 -8"><span class='ocrx_word' id='word_1_515' title='bbox 192 2551 289 2583; x_wconf 78' lang='lat' dir='ltr'>festos,</span> <span class='ocrx_word' id='word_1_516' title='bbox 318 2568 350 2572; x_wconf 83' lang='lat'>—</span> <span class='ocrx_word' id='word_1_517' title='bbox 379 2552 426 2578; x_wconf 83' lang='lat' dir='ltr'>sed</span> <span class='ocrx_word' id='word_1_518' title='bbox 453 2558 481 2579; x_wconf 83' lang='lat' dir='ltr'>ut</span> <span class='ocrx_word' id='word_1_519' title='bbox 508 2555 576 2581; x_wconf 84' lang='lat' dir='ltr'>inter</span> <span class='ocrx_word' id='word_1_520' title='bbox 603 2556 757 2582; x_wconf 87' lang='lat' dir='ltr'>coniunctos</span> <span class='ocrx_word' id='word_1_521' title='bbox 779 2558 892 2583; x_wconf 86' lang='lat' dir='ltr'>maximo</span> <span class='ocrx_word' id='word_1_522' title='bbox 917 2558 1027 2585; x_wconf 85' lang='lat' dir='ltr'>adfectu.</span> 
     </span>
     <span class='ocr_line' id='line_1_56' title="bbox 191 2594 1028 2635; baseline 0.008 -15"><span class='ocrx_word' id='word_1_523' title='bbox 191 2594 222 2621; x_wconf 86' lang='lat' dir='ltr'>fr.</span> <span class='ocrx_word' id='word_1_524' title='bbox 242 2596 283 2620; x_wconf 71' lang='grc'>28.</span> <span class='ocrx_word' id='word_1_525' title='bbox 309 2595 330 2629; x_wconf 90' lang='lat'>5.</span> <span class='ocrx_word' id='word_1_526' title='bbox 349 2597 373 2621; x_wconf 85' lang='lat'>2.</span> <span class='ocrx_word' id='word_1_527' title='bbox 403 2595 435 2621; x_wconf 78' lang='lat' dir='ltr'>de</span> <span class='ocrx_word' id='word_1_528' title='bbox 459 2595 518 2623; x_wconf 87' lang='lat' dir='ltr'>dou.</span> <span class='ocrx_word' id='word_1_529' title='bbox 543 2598 589 2624; x_wconf 88' lang='lat' dir='ltr'>int.</span> <span class='ocrx_word' id='word_1_530' title='bbox 615 2597 647 2624; x_wconf 93' lang='lat' dir='ltr'>V.</span> <span class='ocrx_word' id='word_1_531' title='bbox 672 2599 714 2624; x_wconf 89' lang='lat'>24.</span> <span class='ocrx_word' id='word_1_532' title='bbox 736 2601 758 2625; x_wconf 96' lang='lat' dir='ltr'>l.</span> <span class='ocrx_word' id='word_1_533' title='bbox 794 2599 862 2635; x_wconf 86' lang='lat' dir='ltr'>Quis</span> <span class='ocrx_word' id='word_1_534' title='bbox 882 2601 950 2627; x_wconf 91' lang='lat' dir='ltr'>enim</span> <span class='ocrx_word' id='word_1_535' title='bbox 968 2601 1028 2627; x_wconf 85' lang='lat' dir='ltr'>talis</span> 
     </span>
     <span class='ocr_line' id='line_1_57' title="bbox 192 2636 1029 2680; baseline 0.01 -18"><span class='ocrx_word' id='word_1_536' title='bbox 192 2636 312 2663; x_wconf 85' lang='lat' dir='ltr'>adfectus</span> <span class='ocrx_word' id='word_1_537' title='bbox 343 2643 482 2665; x_wconf 80' lang='lat' dir='ltr'>extraneus</span> <span class='ocrx_word' id='word_1_538' title='bbox 510 2640 669 2673; x_wconf 79' lang='lat' dir='ltr'>inveniatur,</span> <span class='ocrx_word' id='word_1_539' title='bbox 701 2646 729 2667; x_wconf 89' lang='lat' dir='ltr'>ut</span> <span class='ocrx_word' id='word_1_540' title='bbox 760 2642 849 2669; x_wconf 86' lang='lat' dir='ltr'>vincat</span> <span class='ocrx_word' id='word_1_541' title='bbox 877 2645 1029 2680; x_wconf 77' lang='lat' dir='ltr'>paternum?</span> 
     </span>
     <span class='ocr_line' id='line_1_58' title="bbox 192 2680 1029 2722; baseline 0.007 -15"><span class='ocrx_word' id='word_1_542' title='bbox 192 2690 214 2707; x_wconf 90' lang='lat' dir='ltr'>c.</span> <span class='ocrx_word' id='word_1_543' title='bbox 235 2682 257 2706; x_wconf 87' lang='lat'>7.</span> <span class='ocrx_word' id='word_1_544' title='bbox 282 2690 322 2717; x_wconf 87' lang='lat' dir='ltr'>pr.</span> <span class='ocrx_word' id='word_1_545' title='bbox 347 2680 379 2706; x_wconf 86' lang='lat' dir='ltr'>de</span> <span class='ocrx_word' id='word_1_546' title='bbox 399 2691 452 2707; x_wconf 89' lang='lat' dir='ltr'>cur.</span> <span class='ocrx_word' id='word_1_547' title='bbox 474 2681 521 2707; x_wconf 88' lang='lat' dir='ltr'>fur.</span> <span class='ocrx_word' id='word_1_548' title='bbox 551 2684 575 2709; x_wconf 88' lang='lat'>5.</span> <span class='ocrx_word' id='word_1_549' title='bbox 600 2685 640 2710; x_wconf 84' lang='lat'>70.</span> <span class='ocrx_word' id='word_1_550' title='bbox 682 2683 794 2722; x_wconf 89' lang='lat' dir='ltr'>Propter</span> <span class='ocrx_word' id='word_1_551' title='bbox 816 2686 959 2712; x_wconf 81' lang='lat' dir='ltr'>naturalem</span> <span class='ocrx_word' id='word_1_552' title='bbox 986 2686 1029 2713; x_wconf 82' lang='lat' dir='ltr'>ad—</span> 
     </span>
     <span class='ocr_line' id='line_1_59' title="bbox 192 2722 1026 2764; baseline 0.01 -16"><span class='ocrx_word' id='word_1_553' title='bbox 192 2722 303 2754; x_wconf 77' lang='lat' dir='ltr'>fectum,</span> <span class='ocrx_word' id='word_1_554' title='bbox 327 2733 350 2749; x_wconf 89' lang='lat' dir='ltr'>v.</span> <span class='ocrx_word' id='word_1_555' title='bbox 375 2722 426 2749; x_wconf 90' lang='lat' dir='ltr'>Pro</span> <span class='ocrx_word' id='word_1_556' title='bbox 447 2724 550 2751; x_wconf 83' lang='lat' dir='ltr'>adfectu</span> <span class='ocrx_word' id='word_1_557' title='bbox 570 2725 681 2762; x_wconf 72' lang='lat' dir='ltr'>(patris.</span> <span class='ocrx_word' id='word_1_558' title='bbox 704 2737 725 2754; x_wconf 83' lang='lat' dir='ltr'>s.</span> <span class='ocrx_word' id='word_1_559' title='bbox 746 2728 907 2764; x_wconf 87' lang='lat' dir='ltr'>parentum).</span> <span class='ocrx_word' id='word_1_560' title='bbox 936 2728 966 2756; x_wconf 91' lang='lat' dir='ltr'>fr.</span> <span class='ocrx_word' id='word_1_561' title='bbox 985 2731 1026 2756; x_wconf 83' lang='lat'>28.</span> 
     </span>
    </p>
   </div>
   <div class='ocr_carea' id='block_1_4' title="bbox 191 2765 1027 2845">
    <p class='ocr_par' dir='ltr' id='par_1_6' title="bbox 191 2765 1027 2845">
     <span class='ocr_line' id='line_1_60' title="bbox 191 2765 1026 2806; baseline 0.01 -16"><span class='ocrx_word' id='word_1_562' title='bbox 191 2766 213 2799; x_wconf 78' lang='lat'>5.</span> <span class='ocrx_word' id='word_1_563' title='bbox 228 2767 252 2791; x_wconf 85' lang='lat'>3.</span> <span class='ocrx_word' id='word_1_564' title='bbox 273 2765 306 2791; x_wconf 85' lang='lat' dir='ltr'>dc</span> <span class='ocrx_word' id='word_1_565' title='bbox 325 2765 399 2792; x_wconf 84' lang='lat' dir='ltr'>liber.</span> <span class='ocrx_word' id='word_1_566' title='bbox 422 2766 470 2803; x_wconf 79' lang='lat' dir='ltr'>leg.</span> <span class='ocrx_word' id='word_1_567' title='bbox 490 2769 532 2794; x_wconf 88' lang='lat'>34.</span> <span class='ocrx_word' id='word_1_568' title='bbox 550 2769 575 2794; x_wconf 89' lang='lat'>3.</span> <span class='ocrx_word' id='word_1_569' title='bbox 600 2768 631 2795; x_wconf 79' lang='lat' dir='ltr'>fr.</span> <span class='ocrx_word' id='word_1_570' title='bbox 645 2771 668 2796; x_wconf 85' lang='lat'>8.</span> <span class='ocrx_word' id='word_1_571' title='bbox 688 2770 710 2804; x_wconf 86' lang='lat'>5.</span> <span class='ocrx_word' id='word_1_572' title='bbox 723 2771 748 2796; x_wconf 88' lang='grc'>3.</span> <span class='ocrx_word' id='word_1_573' title='bbox 778 2770 829 2806; x_wconf 88' lang='lat' dir='ltr'>Qu.</span> <span class='ocrx_word' id='word_1_574' title='bbox 849 2776 909 2798; x_wconf 83' lang='lat' dir='ltr'>met.</span> <span class='ocrx_word' id='word_1_575' title='bbox 930 2782 951 2798; x_wconf 84' lang='lat' dir='ltr'>c.</span> <span class='ocrx_word' id='word_1_576' title='bbox 964 2773 988 2798; x_wconf 84' lang='lat'>4.</span> <span class='ocrx_word' id='word_1_577' title='bbox 1002 2774 1026 2799; x_wconf 77' lang='lat'>2.</span> 
     </span>
     <span class='ocr_line' id='line_1_61' title="bbox 193 2807 1027 2845; baseline 0.012 -12"><span class='ocrx_word' id='word_1_578' title='bbox 193 2823 225 2827; x_wconf 91' lang='lat'>—</span> <span class='ocrx_word' id='word_1_579' title='bbox 248 2807 280 2841; x_wconf 76' lang='lat'>§0</span> <span class='ocrx_word' id='word_1_580' title='bbox 300 2809 337 2835; x_wconf 81' lang='lat'>³.</span> <span class='ocrx_word' id='word_1_581' title='bbox 368 2810 534 2837; x_wconf 79' lang='lat' dir='ltr'>Personae</span> <span class='ocrx_word' id='word_1_582' title='bbox 559 2813 661 2845; x_wconf 82' lang='lat' dir='ltr'>ipsae,</span> <span class='ocrx_word' id='word_1_583' title='bbox 686 2815 877 2841; x_wconf 74' lang='lat' dir='ltr'>arctissima</span> <span class='ocrx_word' id='word_1_584' title='bbox 899 2825 1027 2842; x_wconf 76' lang='lat' dir='ltr'>consue-</span> 
     </span>
    </p>
   </div>
   <div class='ocr_carea' id='block_1_5' title="bbox 1048 241 1053 2880">
    <p class='ocr_par' dir='ltr' id='par_1_7' title="bbox 1048 241 1053 2880">
     <span class='ocr_line' id='line_1_62' title="bbox 1048 241 1053 2880; baseline 0 0"><span class='ocrx_word' id='word_1_585' title='bbox 1048 241 1053 2880; x_wconf 95' lang='lat' dir='ltr'> </span> 
     </span>
    </p>
   </div>
   <div class='ocr_carea' id='block_1_6' title="bbox 1875 163 1914 192">
    <p class='ocr_par' dir='ltr' id='par_1_8' title="bbox 1875 163 1914 192">
     <span class='ocr_line' id='line_1_63' title="bbox 1875 163 1914 192; baseline 0 0"><span class='ocrx_word' id='word_1_586' title='bbox 1875 163 1914 192; x_wconf 89' lang='lat'>19</span> 
     </span>
    </p>
   </div>
   <div class='ocr_carea' id='block_1_7' title="bbox 1067 242 1915 2883">
    <p class='ocr_par' dir='ltr' id='par_1_9' title="bbox 1072 242 1915 997">
     <span class='ocr_line' id='line_1_64' title="bbox 1073 242 1913 278; baseline 0.002 -10"><span class='ocrx_word' id='word_1_587' title='bbox 1073 243 1185 268; x_wconf 80' lang='lat' dir='ltr'>tudine</span> <span class='ocrx_word' id='word_1_588' title='bbox 1208 243 1396 275; x_wconf 79' lang='lat' dir='ltr'>copulatae,</span> <span class='ocrx_word' id='word_1_589' title='bbox 1418 243 1609 269; x_wconf 78' lang='lat' dir='ltr'>Necessarii</span> <span class='ocrx_word' id='word_1_590' title='bbox 1625 243 1780 276; x_wconf 77' lang='lat' dir='ltr'>proximi.</span> <span class='ocrx_word' id='word_1_591' title='bbox 1817 242 1835 269; x_wconf 88' lang='grc'>1.</span> <span class='ocrx_word' id='word_1_592' title='bbox 1852 244 1913 278; x_wconf 73' lang='lat' dir='ltr'>Sy.</span> 
     </span>
     <span class='ocr_line' id='line_1_65' title="bbox 1073 284 1912 321; baseline 0.001 -10"><span class='ocrx_word' id='word_1_593' title='bbox 1073 284 1193 321; x_wconf 83' lang='lat' dir='ltr'>Aguatio.</span> <span class='ocrx_word' id='word_1_594' title='bbox 1230 284 1456 311; x_wconf 63' lang='lat' dir='ltr'>Necessitudines.</span> <span class='ocrx_word' id='word_1_595' title='bbox 1493 284 1630 311; x_wconf 71' lang='lat' dir='ltr'>Adfectus.</span> <span class='ocrx_word' id='word_1_596' title='bbox 1673 284 1722 311; x_wconf 92' lang='lat' dir='ltr'>Th.</span> <span class='ocrx_word' id='word_1_597' title='bbox 1750 285 1780 311; x_wconf 89' lang='lat' dir='ltr'>C.</span> <span class='ocrx_word' id='word_1_598' title='bbox 1811 285 1840 312; x_wconf 87' lang='lat' dir='ltr'>II.</span> <span class='ocrx_word' id='word_1_599' title='bbox 1870 288 1912 312; x_wconf 84' lang='grc'>25.</span> 
     </span>
     <span class='ocr_line' id='line_1_66' title="bbox 1074 327 1912 363; baseline 0.002 -10"><span class='ocrx_word' id='word_1_600' title='bbox 1074 337 1094 353; x_wconf 89' lang='lat' dir='ltr'>c.</span> <span class='ocrx_word' id='word_1_601' title='bbox 1117 329 1139 354; x_wconf 96' lang='lat'>1.</span> <span class='ocrx_word' id='word_1_602' title='bbox 1169 327 1202 353; x_wconf 88' lang='lat' dir='ltr'>de</span> <span class='ocrx_word' id='word_1_603' title='bbox 1226 337 1318 354; x_wconf 92' lang='lat' dir='ltr'>comm.</span> <span class='ocrx_word' id='word_1_604' title='bbox 1340 327 1391 354; x_wconf 77' lang='lat' dir='ltr'>div.</span> <span class='ocrx_word' id='word_1_605' title='bbox 1429 327 1552 354; x_wconf 70' lang='lat' dir='ltr'>soboles.</span> <span class='ocrx_word' id='word_1_606' title='bbox 1589 327 1739 363; x_wconf 73' lang='lat' dir='ltr'>Progenies.</span> <span class='ocrx_word' id='word_1_607' title='bbox 1776 328 1912 355; x_wconf 70' lang='lat' dir='ltr'>Adfectus.</span> 
     </span>
     <span class='ocr_line' id='line_1_67' title="bbox 1073 369 1914 406; baseline 0.004 -11"><span class='ocrx_word' id='word_1_608' title='bbox 1073 369 1110 396; x_wconf 87' lang='lat' dir='ltr'>lb.</span> <span class='ocrx_word' id='word_1_609' title='bbox 1129 369 1163 396; x_wconf 86' lang='lat' dir='ltr'>X.</span> <span class='ocrx_word' id='word_1_610' title='bbox 1185 371 1224 396; x_wconf 85' lang='lat'>19.</span> <span class='ocrx_word' id='word_1_611' title='bbox 1250 380 1271 396; x_wconf 89' lang='lat' dir='ltr'>c.</span> <span class='ocrx_word' id='word_1_612' title='bbox 1293 372 1331 397; x_wconf 90' lang='lat'>15.</span> <span class='ocrx_word' id='word_1_613' title='bbox 1357 370 1390 396; x_wconf 85' lang='lat' dir='ltr'>de</span> <span class='ocrx_word' id='word_1_614' title='bbox 1413 370 1508 397; x_wconf 69' lang='lat' dir='ltr'>nit-tall.</span> <span class='ocrx_word' id='word_1_615' title='bbox 1535 374 1561 396; x_wconf 81' lang='lat' dir='ltr'>et</span> <span class='ocrx_word' id='word_1_616' title='bbox 1578 375 1639 396; x_wconf 83' lang='lat' dir='ltr'>met.</span> <span class='ocrx_word' id='word_1_617' title='bbox 1675 370 1718 396; x_wconf 93' lang='lat' dir='ltr'>III.</span> <span class='ocrx_word' id='word_1_618' title='bbox 1739 372 1805 398; x_wconf 76' lang='lat' dir='ltr'>Cn.</span> <span class='ocrx_word' id='word_1_619' title='bbox 1838 372 1914 406; x_wconf 84' lang='lat' dir='ltr'>Quae</span> 
     </span>
     <span class='ocr_line' id='line_1_68' title="bbox 1073 412 1913 450; baseline 0.002 -12"><span class='ocrx_word' id='word_1_620' title='bbox 1073 412 1105 438; x_wconf 82' lang='lat' dir='ltr'>ad</span> <span class='ocrx_word' id='word_1_621' title='bbox 1130 412 1303 439; x_wconf 73' lang='lat' dir='ltr'>adfectionem</span> <span class='ocrx_word' id='word_1_622' title='bbox 1327 414 1383 439; x_wconf 77' lang='lat' dir='ltr'>eius</span> <span class='ocrx_word' id='word_1_623' title='bbox 1407 414 1555 450; x_wconf 82' lang='lat' dir='ltr'>pertineant</span> <span class='ocrx_word' id='word_1_624' title='bbox 1578 429 1610 432; x_wconf 97' lang='lat'><strong>—</strong></span> <span class='ocrx_word' id='word_1_625' title='bbox 1635 413 1820 443; x_wconf 81' lang='lat' dir='ltr'>concubinam.</span> <span class='ocrx_word' id='word_1_626' title='bbox 1842 414 1913 440; x_wconf 85' lang='lat' dir='ltr'>filios</span> 
     </span>
     <span class='ocr_line' id='line_1_69' title="bbox 1074 455 1913 493; baseline 0.004 -13"><span class='ocrx_word' id='word_1_627' title='bbox 1074 455 1212 482; x_wconf 81' lang='lat' dir='ltr'>naturales.</span> <span class='ocrx_word' id='word_1_628' title='bbox 1246 455 1278 482; x_wconf 85' lang='lat' dir='ltr'>fr.</span> <span class='ocrx_word' id='word_1_629' title='bbox 1297 457 1321 482; x_wconf 84' lang='lat'>6.</span> <span class='ocrx_word' id='word_1_630' title='bbox 1346 455 1376 482; x_wconf 87' lang='lat' dir='ltr'>fr.</span> <span class='ocrx_word' id='word_1_631' title='bbox 1397 459 1420 482; x_wconf 69' lang='grc' dir='ltr'>ὅ.</span> <span class='ocrx_word' id='word_1_632' title='bbox 1446 456 1477 482; x_wconf 80' lang='lat' dir='ltr'>de</span> <span class='ocrx_word' id='word_1_633' title='bbox 1497 457 1565 493; x_wconf 63' lang='lat' dir='ltr'>pign.</span> <span class='ocrx_word' id='word_1_634' title='bbox 1585 457 1626 481; x_wconf 88' lang='lat'>20.</span> <span class='ocrx_word' id='word_1_635' title='bbox 1648 457 1670 482; x_wconf 96' lang='lat'>1.</span> <span class='ocrx_word' id='word_1_636' title='bbox 1708 455 1743 482; x_wconf 66' lang='lat' dir='ltr'>Vt</span> <span class='ocrx_word' id='word_1_637' title='bbox 1764 461 1852 482; x_wconf 83' lang='lat' dir='ltr'>sancte</span> <span class='ocrx_word' id='word_1_638' title='bbox 1871 467 1913 483; x_wconf 79' lang='lat' dir='ltr'>ne—</span> 
     </span>
     <span class='ocr_line' id='line_1_70' title="bbox 1074 497 1913 536; baseline 0.002 -13"><span class='ocrx_word' id='word_1_639' title='bbox 1074 498 1263 524; x_wconf 84' lang='lat' dir='ltr'>cessitudinum</span> <span class='ocrx_word' id='word_1_640' title='bbox 1283 499 1386 525; x_wconf 84' lang='lat' dir='ltr'>nomina</span> <span class='ocrx_word' id='word_1_641' title='bbox 1405 499 1539 525; x_wconf 80' lang='lat' dir='ltr'>obtineant</span> <span class='ocrx_word' id='word_1_642' title='bbox 1554 497 1623 534; x_wconf 84' lang='lat' dir='ltr'>apud</span> <span class='ocrx_word' id='word_1_643' title='bbox 1637 498 1754 524; x_wconf 84' lang='lat' dir='ltr'>adfectus</span> <span class='ocrx_word' id='word_1_644' title='bbox 1767 508 1830 525; x_wconf 87' lang='lat' dir='ltr'>suos</span> <span class='ocrx_word' id='word_1_645' title='bbox 1844 500 1913 536; x_wconf 87' lang='lat' dir='ltr'>piam</span> 
     </span>
     <span class='ocr_line' id='line_1_71' title="bbox 1073 540 1913 577; baseline 0.001 -10"><span class='ocrx_word' id='word_1_646' title='bbox 1073 551 1103 567; x_wconf 83' lang='lat' dir='ltr'>ac</span> <span class='ocrx_word' id='word_1_647' title='bbox 1126 541 1275 577; x_wconf 75' lang='lat' dir='ltr'>religiosam</span> <span class='ocrx_word' id='word_1_648' title='bbox 1299 557 1331 561; x_wconf 90' lang='lat'>--</span> <span class='ocrx_word' id='word_1_649' title='bbox 1357 542 1497 567; x_wconf 81' lang='lat' dir='ltr'>caritatem.</span> <span class='ocrx_word' id='word_1_650' title='bbox 1535 540 1605 567; x_wconf 71' lang='lat' dir='ltr'>Call.</span> <span class='ocrx_word' id='word_1_651' title='bbox 1625 540 1676 567; x_wconf 91' lang='lat' dir='ltr'>LL.</span> <span class='ocrx_word' id='word_1_652' title='bbox 1697 541 1730 568; x_wconf 73' lang='lat' dir='ltr'>lll.</span> <span class='ocrx_word' id='word_1_653' title='bbox 1750 541 1794 568; x_wconf 79' lang='lat' dir='ltr'>Vl.</span> <span class='ocrx_word' id='word_1_654' title='bbox 1820 543 1844 568; x_wconf 87' lang='lat'>4.</span> <span class='ocrx_word' id='word_1_655' title='bbox 1884 542 1913 568; x_wconf 93' lang='lat' dir='ltr'>Iu</span> 
     </span>
     <span class='ocr_line' id='line_1_72' title="bbox 1072 583 1915 621; baseline 0.004 -13"><span class='ocrx_word' id='word_1_656' title='bbox 1072 585 1202 620; x_wconf 84' lang='lat' dir='ltr'>parentis.</span> <span class='ocrx_word' id='word_1_657' title='bbox 1228 589 1272 611; x_wconf 81' lang='lat' dir='ltr'>aut</span> <span class='ocrx_word' id='word_1_658' title='bbox 1296 584 1356 616; x_wconf 70' lang='lat' dir='ltr'>lilii.</span> <span class='ocrx_word' id='word_1_659' title='bbox 1380 589 1424 610; x_wconf 88' lang='lat' dir='ltr'>aut</span> <span class='ocrx_word' id='word_1_660' title='bbox 1447 584 1552 609; x_wconf 85' lang='lat' dir='ltr'>omnino</span> <span class='ocrx_word' id='word_1_661' title='bbox 1577 583 1730 611; x_wconf 83' lang='lat' dir='ltr'>adfectionis</span> <span class='ocrx_word' id='word_1_662' title='bbox 1755 586 1824 617; x_wconf 71' lang='lat' dir='ltr'>eius,</span> <span class='ocrx_word' id='word_1_663' title='bbox 1848 595 1915 621; x_wconf 85' lang='lat' dir='ltr'>quae</span> 
     </span>
     <span class='ocr_line' id='line_1_73' title="bbox 1073 626 1913 665; baseline 0.001 -13"><span class='ocrx_word' id='word_1_664' title='bbox 1073 628 1267 664; x_wconf 77' lang='lat' dir='ltr'>nuncupatione</span> <span class='ocrx_word' id='word_1_665' title='bbox 1286 627 1419 665; x_wconf 83' lang='lat' dir='ltr'>parricidii</span> <span class='ocrx_word' id='word_1_666' title='bbox 1439 627 1594 654; x_wconf 71' lang='lat' dir='ltr'>continetur.</span> <span class='ocrx_word' id='word_1_667' title='bbox 1616 626 1665 653; x_wconf 84' lang='lat' dir='ltr'>fata</span> <span class='ocrx_word' id='word_1_668' title='bbox 1683 638 1833 664; x_wconf 75' lang='lat' dir='ltr'>properare.</span> <span class='ocrx_word' id='word_1_669' title='bbox 1863 627 1913 654; x_wconf 88' lang='lat' dir='ltr'>Th.</span> 
     </span>
     <span class='ocr_line' id='line_1_74' title="bbox 1074 669 1912 707; baseline 0 -11"><span class='ocrx_word' id='word_1_670' title='bbox 1074 669 1105 696; x_wconf 77' lang='lat' dir='ltr'>C.</span> <span class='ocrx_word' id='word_1_671' title='bbox 1125 669 1170 696; x_wconf 71' lang='lat' dir='ltr'>IX.</span> <span class='ocrx_word' id='word_1_672' title='bbox 1192 672 1232 696; x_wconf 88' lang='lat'>15.</span> <span class='ocrx_word' id='word_1_673' title='bbox 1253 681 1274 697; x_wconf 90' lang='lat' dir='ltr'>c.</span> <span class='ocrx_word' id='word_1_674' title='bbox 1297 672 1319 697; x_wconf 79' lang='lat'>1.</span> <span class='ocrx_word' id='word_1_675' title='bbox 1340 670 1372 697; x_wconf 81' lang='lat' dir='ltr'>de</span> <span class='ocrx_word' id='word_1_676' title='bbox 1391 671 1484 707; x_wconf 79' lang='lat' dir='ltr'>parric.</span> <span class='ocrx_word' id='word_1_677' title='bbox 1505 670 1526 703; x_wconf 92' lang='lat'>5.</span> <span class='ocrx_word' id='word_1_678' title='bbox 1541 671 1564 696; x_wconf 90' lang='grc'>6.</span> <span class='ocrx_word' id='word_1_679' title='bbox 1590 669 1607 695; x_wconf 95' lang='lat' dir='ltr'>l.</span> <span class='ocrx_word' id='word_1_680' title='bbox 1628 669 1659 695; x_wconf 83' lang='lat' dir='ltr'>(le</span> <span class='ocrx_word' id='word_1_681' title='bbox 1678 670 1740 707; x_wconf 90' lang='lat' dir='ltr'>pub.</span> <span class='ocrx_word' id='word_1_682' title='bbox 1760 670 1812 697; x_wconf 88' lang='lat' dir='ltr'>iud.</span> <span class='ocrx_word' id='word_1_683' title='bbox 1832 672 1856 697; x_wconf 87' lang='lat'>4.</span> <span class='ocrx_word' id='word_1_684' title='bbox 1871 672 1912 696; x_wconf 74' lang='lat'>18.</span> 
     </span>
     <span class='ocr_line' id='line_1_75' title="bbox 1074 712 1912 750; baseline 0.002 -12"><span class='ocrx_word' id='word_1_685' title='bbox 1074 712 1170 739; x_wconf 81' lang='lat' dir='ltr'>Cuncti</span> <span class='ocrx_word' id='word_1_686' title='bbox 1190 724 1222 739; x_wconf 85' lang='lat' dir='ltr'>ex</span> <span class='ocrx_word' id='word_1_687' title='bbox 1241 713 1441 750; x_wconf 80' lang='lat' dir='ltr'>perfectissimis</span> <span class='ocrx_word' id='word_1_688' title='bbox 1454 712 1609 743; x_wconf 77' lang='lat' dir='ltr'>honorariis,</span> <span class='ocrx_word' id='word_1_689' title='bbox 1629 712 1670 738; x_wconf 87' lang='lat' dir='ltr'>vel</span> <span class='ocrx_word' id='word_1_690' title='bbox 1684 713 1801 740; x_wconf 86' lang='lat' dir='ltr'>adfectus</span> <span class='ocrx_word' id='word_1_691' title='bbox 1815 724 1912 740; x_wconf 85' lang='lat' dir='ltr'>eorum.</span> 
     </span>
     <span class='ocr_line' id='line_1_76' title="bbox 1074 755 1914 783; baseline 0.001 -2"><span class='ocrx_word' id='word_1_692' title='bbox 1074 755 1122 782; x_wconf 86' lang='lat' dir='ltr'>Th.</span> <span class='ocrx_word' id='word_1_693' title='bbox 1147 755 1177 782; x_wconf 76' lang='lat' dir='ltr'>C.</span> <span class='ocrx_word' id='word_1_694' title='bbox 1197 756 1254 782; x_wconf 68' lang='grc' dir='ltr'>ΧΠ.</span> <span class='ocrx_word' id='word_1_695' title='bbox 1277 759 1298 783; x_wconf 92' lang='lat' dir='ltr'>l.</span> <span class='ocrx_word' id='word_1_696' title='bbox 1319 767 1340 782; x_wconf 85' lang='lat' dir='ltr'>c.</span> <span class='ocrx_word' id='word_1_697' title='bbox 1360 757 1401 782; x_wconf 79' lang='grc'>26.</span> <span class='ocrx_word' id='word_1_698' title='bbox 1427 755 1459 781; x_wconf 84' lang='lat' dir='ltr'>de</span> <span class='ocrx_word' id='word_1_699' title='bbox 1479 755 1611 781; x_wconf 70' lang='lat' dir='ltr'>dcem-ion.</span> <span class='ocrx_word' id='word_1_700' title='bbox 1649 755 1852 783; x_wconf 82' lang='lat' dir='ltr'>Adfectiouibus</span> <span class='ocrx_word' id='word_1_701' title='bbox 1871 766 1914 782; x_wconf 90' lang='lat' dir='ltr'>na-</span> 
     </span>
     <span class='ocr_line' id='line_1_77' title="bbox 1073 798 1912 826; baseline 0.002 -2"><span class='ocrx_word' id='word_1_702' title='bbox 1073 798 1258 825; x_wconf 82' lang='lat' dir='ltr'>viculariorum</span> <span class='ocrx_word' id='word_1_703' title='bbox 1277 800 1344 825; x_wconf 88' lang='lat' dir='ltr'>iutra</span> <span class='ocrx_word' id='word_1_704' title='bbox 1364 798 1459 825; x_wconf 64' lang='lat' dir='ltr'>iudicia</span> <span class='ocrx_word' id='word_1_705' title='bbox 1479 799 1638 824; x_wconf 79' lang='lat' dir='ltr'>constitutis.</span> <span class='ocrx_word' id='word_1_706' title='bbox 1671 798 1708 825; x_wconf 90' lang='lat' dir='ltr'>lb.</span> <span class='ocrx_word' id='word_1_707' title='bbox 1721 799 1790 826; x_wconf 73' lang='lat' dir='ltr'>Xlll.</span> <span class='ocrx_word' id='word_1_708' title='bbox 1808 801 1832 826; x_wconf 87' lang='lat'>9.</span> <span class='ocrx_word' id='word_1_709' title='bbox 1853 810 1874 826; x_wconf 87' lang='lat' dir='ltr'>c.</span> <span class='ocrx_word' id='word_1_710' title='bbox 1888 801 1912 826; x_wconf 87' lang='grc'><strong>3.</strong></span> 
     </span>
     <span class='ocr_line' id='line_1_78' title="bbox 1073 841 1913 877; baseline 0.002 -10"><span class='ocrx_word' id='word_1_711' title='bbox 1073 842 1095 875; x_wconf 88' lang='lat'>5.</span> <span class='ocrx_word' id='word_1_712' title='bbox 1117 843 1139 867; x_wconf 98' lang='lat'>1.</span> <span class='ocrx_word' id='word_1_713' title='bbox 1161 841 1193 867; x_wconf 78' lang='lat' dir='ltr'>de</span> <span class='ocrx_word' id='word_1_714' title='bbox 1212 842 1325 877; x_wconf 71' lang='lat' dir='ltr'>nansrag.</span> <span class='ocrx_word' id='word_1_715' title='bbox 1359 857 1390 861; x_wconf 92' lang='lat'>—-</span> <span class='ocrx_word' id='word_1_716' title='bbox 1419 842 1450 875; x_wconf 67' lang='grc' dir='ltr'>ξ.</span> <span class='ocrx_word' id='word_1_717' title='bbox 1471 843 1510 868; x_wconf 67' lang='lat'>4.</span> <span class='ocrx_word' id='word_1_718' title='bbox 1540 843 1715 877; x_wconf 76' lang='lat' dir='ltr'>Adfectus,</span> <span class='ocrx_word' id='word_1_719' title='bbox 1735 844 1752 869; x_wconf 80' lang='lat' dir='ltr'>i.</span> <span class='ocrx_word' id='word_1_720' title='bbox 1772 852 1791 869; x_wconf 86' lang='lat' dir='ltr'>e.</span> <span class='ocrx_word' id='word_1_721' title='bbox 1812 844 1913 869; x_wconf 84' lang='lat' dir='ltr'>Habi-</span> 
     </span>
     <span class='ocr_line' id='line_1_79' title="bbox 1073 883 1913 917; baseline 0.001 -7"><span class='ocrx_word' id='word_1_722' title='bbox 1073 891 1138 917; x_wconf 79' lang='lat' dir='ltr'>tus,</span> <span class='ocrx_word' id='word_1_723' title='bbox 1165 886 1327 912; x_wconf 78' lang='lat' dir='ltr'>Conditio.</span> <span class='ocrx_word' id='word_1_724' title='bbox 1368 884 1410 910; x_wconf 84' lang='lat' dir='ltr'>Ill.</span> <span class='ocrx_word' id='word_1_725' title='bbox 1431 886 1496 912; x_wconf 68' lang='lat'>(711.</span> <span class='ocrx_word' id='word_1_726' title='bbox 1527 883 1555 910; x_wconf 89' lang='lat' dir='ltr'>lu</span> <span class='ocrx_word' id='word_1_727' title='bbox 1580 884 1709 910; x_wconf 84' lang='lat' dir='ltr'>libertatis</span> <span class='ocrx_word' id='word_1_728' title='bbox 1733 885 1836 911; x_wconf 77' lang='lat' dir='ltr'>adfectu</span> <span class='ocrx_word' id='word_1_729' title='bbox 1856 896 1913 912; x_wconf 78' lang='lat' dir='ltr'>cun)</span> 
     </span>
     <span class='ocr_line' id='line_1_80' title="bbox 1073 926 1914 965; baseline 0.002 -13"><span class='ocrx_word' id='word_1_730' title='bbox 1073 927 1226 964; x_wconf 85' lang='lat' dir='ltr'>parentibus</span> <span class='ocrx_word' id='word_1_731' title='bbox 1245 927 1395 965; x_wconf 85' lang='lat' dir='ltr'>perdurare.</span> <span class='ocrx_word' id='word_1_732' title='bbox 1430 927 1466 954; x_wconf 88' lang='lat' dir='ltr'>lb.</span> <span class='ocrx_word' id='word_1_733' title='bbox 1480 926 1524 953; x_wconf 84' lang='lat' dir='ltr'>IV.</span> <span class='ocrx_word' id='word_1_734' title='bbox 1544 928 1568 953; x_wconf 76' lang='grc'>8.</span> <span class='ocrx_word' id='word_1_735' title='bbox 1589 938 1611 953; x_wconf 84' lang='lat' dir='ltr'>c.</span> <span class='ocrx_word' id='word_1_736' title='bbox 1631 929 1654 954; x_wconf 92' lang='lat'>7.</span> <span class='ocrx_word' id='word_1_737' title='bbox 1675 927 1779 961; x_wconf 81' lang='lat' dir='ltr'>(ch.)</span> <span class='ocrx_word' id='word_1_738' title='bbox 1800 928 1832 954; x_wconf 84' lang='lat' dir='ltr'>de</span> <span class='ocrx_word' id='word_1_739' title='bbox 1851 928 1914 954; x_wconf 77' lang='lat' dir='ltr'>libe-</span> 
     </span>
     <span class='ocr_line' id='line_1_81' title="bbox 1073 970 1161 997; baseline 0 -1"><span class='ocrx_word' id='word_1_740' title='bbox 1073 970 1120 997; x_wconf 90' lang='lat' dir='ltr'>rali</span> <span class='ocrx_word' id='word_1_741' title='bbox 1140 981 1161 996; x_wconf 87' lang='lat' dir='ltr'>c.</span> 
     </span>
    </p>

    <p class='ocr_par' dir='ltr' id='par_1_10' title="bbox 1072 1013 1913 1176">
     <span class='ocr_line' id='line_1_82' title="bbox 1107 1013 1911 1049; baseline 0.001 -10"><span class='ocrx_word' id='word_1_742' title='bbox 1107 1014 1357 1040; x_wconf 75' lang='lat' dir='ltr'>Adfectuosus</span> <span class='ocrx_word' id='word_1_743' title='bbox 1390 1013 1493 1046; x_wconf 71' lang='lat' dir='ltr'>(Adi).</span> <span class='ocrx_word' id='word_1_744' title='bbox 1540 1015 1754 1049; x_wconf 72' lang='lat' dir='ltr'>:ldfectionis</span> <span class='ocrx_word' id='word_1_745' title='bbox 1787 1016 1911 1048; x_wconf 78' lang='lat' dir='ltr'>plenus.</span> 
     </span>
     <span class='ocr_line' id='line_1_83' title="bbox 1073 1055 1913 1084; baseline 0 -2"><span class='ocrx_word' id='word_1_746' title='bbox 1073 1055 1115 1082; x_wconf 87' lang='grc'><strong>111.</strong></span> <span class='ocrx_word' id='word_1_747' title='bbox 1130 1058 1196 1084; x_wconf 62' lang='grc' dir='ltr'><strong>(Ὓη.</strong></span> <span class='ocrx_word' id='word_1_748' title='bbox 1224 1055 1260 1082; x_wconf 63' lang='lat' dir='ltr'>U</span> <span class='ocrx_word' id='word_1_749' title='bbox 1279 1056 1457 1082; x_wconf 72' lang='lat' dir='ltr'>atlfectuosatn</span> <span class='ocrx_word' id='word_1_750' title='bbox 1476 1055 1627 1082; x_wconf 77' lang='lat' dir='ltr'>decedentis</span> <span class='ocrx_word' id='word_1_751' title='bbox 1647 1057 1696 1083; x_wconf 76' lang='lat' dir='ltr'>viri</span> <span class='ocrx_word' id='word_1_752' title='bbox 1714 1058 1865 1083; x_wconf 86' lang='lat' dir='ltr'>memoriam</span> <span class='ocrx_word' id='word_1_753' title='bbox 1881 1073 1913 1076; x_wconf 87' lang='lat'><em>-</em></span> 
     </span>
     <span class='ocr_line' id='line_1_84' title="bbox 1073 1098 1912 1136; baseline 0.001 -11"><span class='ocrx_word' id='word_1_754' title='bbox 1073 1099 1186 1126; x_wconf 84' lang='lat' dir='ltr'>sollicita</span> <span class='ocrx_word' id='word_1_755' title='bbox 1206 1100 1303 1136; x_wconf 86' lang='lat' dir='ltr'>pietate</span> <span class='ocrx_word' id='word_1_756' title='bbox 1322 1104 1486 1126; x_wconf 75' lang='lat' dir='ltr'>conservent.</span> <span class='ocrx_word' id='word_1_757' title='bbox 1518 1098 1585 1125; x_wconf 54' lang='grc' dir='ltr'><strong>λον.</strong></span> <span class='ocrx_word' id='word_1_758' title='bbox 1599 1099 1688 1126; x_wconf 83' lang='lat' dir='ltr'>Maior.</span> <span class='ocrx_word' id='word_1_759' title='bbox 1708 1099 1741 1126; x_wconf 82' lang='lat' dir='ltr'>de</span> <span class='ocrx_word' id='word_1_760' title='bbox 1759 1101 1912 1127; x_wconf 87' lang='lat' dir='ltr'>sauctimon.</span> 
     </span>
     <span class='ocr_line' id='line_1_85' title="bbox 1072 1142 1334 1176; baseline 0 -8"><span class='ocrx_word' id='word_1_761' title='bbox 1072 1142 1116 1168; x_wconf 71' lang='lat' dir='ltr'>IV.</span> <span class='ocrx_word' id='word_1_762' title='bbox 1137 1144 1159 1168; x_wconf 90' lang='grc'><strong>6.</strong></span> <span class='ocrx_word' id='word_1_763' title='bbox 1184 1152 1204 1168; x_wconf 91' lang='lat' dir='ltr'>c.</span> <span class='ocrx_word' id='word_1_764' title='bbox 1227 1144 1249 1168; x_wconf 98' lang='lat'>1.</span> <span class='ocrx_word' id='word_1_765' title='bbox 1268 1143 1290 1176; x_wconf 92' lang='lat'>5.</span> <span class='ocrx_word' id='word_1_766' title='bbox 1311 1143 1334 1168; x_wconf 89' lang='grc'>6.</span> 
     </span>
    </p>

    <p class='ocr_par' dir='ltr' id='par_1_11' title="bbox 1074 1184 1914 1351">
     <span class='ocr_line' id='line_1_86' title="bbox 1106 1184 1911 1218; baseline 0.001 -6"><span class='ocrx_word' id='word_1_767' title='bbox 1106 1186 1288 1213; x_wconf 74' lang='lat' dir='ltr'>Adfectus</span> <span class='ocrx_word' id='word_1_768' title='bbox 1308 1184 1442 1218; x_wconf 54' lang='lat' dir='ltr'>(Partim).</span> <span class='ocrx_word' id='word_1_769' title='bbox 1462 1185 1478 1210; x_wconf 95' lang='lat' dir='ltr'>i.</span> <span class='ocrx_word' id='word_1_770' title='bbox 1498 1194 1518 1210; x_wconf 79' lang='lat' dir='ltr'>e.</span> <span class='ocrx_word' id='word_1_771' title='bbox 1543 1186 1674 1217; x_wconf 76' lang='lat' dir='ltr'>Tactus,</span> <span class='ocrx_word' id='word_1_772' title='bbox 1695 1187 1911 1213; x_wconf 80' lang='lat' dir='ltr'>Constrictus.</span> 
     </span>
     <span class='ocr_line' id='line_1_87' title="bbox 1074 1226 1914 1265; baseline 0.001 -11"><span class='ocrx_word' id='word_1_773' title='bbox 1074 1228 1115 1254; x_wconf 90' lang='grc'><strong>111.</strong></span> <span class='ocrx_word' id='word_1_774' title='bbox 1138 1230 1204 1256; x_wconf 74' lang='lat' dir='ltr'>Cn.</span> <span class='ocrx_word' id='word_1_775' title='bbox 1240 1228 1278 1254; x_wconf 76' lang='lat' dir='ltr'>Ea</span> <span class='ocrx_word' id='word_1_776' title='bbox 1296 1227 1446 1254; x_wconf 77' lang='lat' dir='ltr'>valetudine</span> <span class='ocrx_word' id='word_1_777' title='bbox 1465 1226 1572 1258; x_wconf 71' lang='lat' dir='ltr'>adfecti,</span> <span class='ocrx_word' id='word_1_778' title='bbox 1597 1232 1625 1253; x_wconf 86' lang='lat' dir='ltr'>ut</span> <span class='ocrx_word' id='word_1_779' title='bbox 1644 1238 1689 1254; x_wconf 86' lang='lat' dir='ltr'>eos</span> <span class='ocrx_word' id='word_1_780' title='bbox 1708 1239 1760 1254; x_wconf 87' lang='lat' dir='ltr'>nou</span> <span class='ocrx_word' id='word_1_781' title='bbox 1778 1239 1858 1265; x_wconf 83' lang='lat' dir='ltr'>posse</span> <span class='ocrx_word' id='word_1_782' title='bbox 1877 1229 1914 1255; x_wconf 87' lang='lat' dir='ltr'>vi-</span> 
     </span>
     <span class='ocr_line' id='line_1_88' title="bbox 1074 1270 1913 1303; baseline 0.001 -6"><span class='ocrx_word' id='word_1_783' title='bbox 1074 1281 1135 1297; x_wconf 84' lang='lat' dir='ltr'>vere</span> <span class='ocrx_word' id='word_1_784' title='bbox 1155 1276 1254 1297; x_wconf 84' lang='lat' dir='ltr'>certum</span> <span class='ocrx_word' id='word_1_785' title='bbox 1274 1275 1352 1297; x_wconf 81' lang='lat' dir='ltr'>esset.</span> <span class='ocrx_word' id='word_1_786' title='bbox 1384 1270 1414 1297; x_wconf 90' lang='lat' dir='ltr'>fr.</span> <span class='ocrx_word' id='word_1_787' title='bbox 1436 1272 1475 1296; x_wconf 93' lang='lat' dir='ltr'>ll.</span> <span class='ocrx_word' id='word_1_788' title='bbox 1496 1270 1518 1303; x_wconf 88' lang='lat'>5.</span> <span class='ocrx_word' id='word_1_789' title='bbox 1541 1271 1564 1296; x_wconf 91' lang='lat'>4.</span> <span class='ocrx_word' id='word_1_790' title='bbox 1585 1270 1616 1296; x_wconf 87' lang='lat' dir='ltr'>ad</span> <span class='ocrx_word' id='word_1_791' title='bbox 1636 1270 1665 1297; x_wconf 91' lang='lat' dir='ltr'>L.</span> <span class='ocrx_word' id='word_1_792' title='bbox 1680 1270 1749 1297; x_wconf 82' lang='lat' dir='ltr'>Falc.</span> <span class='ocrx_word' id='word_1_793' title='bbox 1769 1273 1810 1297; x_wconf 84' lang='lat'>35.</span> <span class='ocrx_word' id='word_1_794' title='bbox 1830 1274 1854 1298; x_wconf 88' lang='grc'><strong>2.</strong></span> <span class='ocrx_word' id='word_1_795' title='bbox 1884 1271 1913 1298; x_wconf 86' lang='lat' dir='ltr'>Si</span> 
     </span>
     <span class='ocr_line' id='line_1_89' title="bbox 1074 1313 1887 1351; baseline 0.001 -12"><span class='ocrx_word' id='word_1_796' title='bbox 1074 1324 1124 1350; x_wconf 88' lang='lat' dir='ltr'>qua</span> <span class='ocrx_word' id='word_1_797' title='bbox 1143 1324 1228 1351; x_wconf 82' lang='lat' dir='ltr'>poena</span> <span class='ocrx_word' id='word_1_798' title='bbox 1247 1313 1325 1340; x_wconf 82' lang='lat' dir='ltr'>fuerit</span> <span class='ocrx_word' id='word_1_799' title='bbox 1343 1313 1469 1339; x_wconf 78' lang='lat' dir='ltr'>adfectus.</span> <span class='ocrx_word' id='word_1_800' title='bbox 1498 1313 1528 1339; x_wconf 87' lang='lat' dir='ltr'>fr.</span> <span class='ocrx_word' id='word_1_801' title='bbox 1549 1315 1571 1339; x_wconf 90' lang='lat'>7.</span> <span class='ocrx_word' id='word_1_802' title='bbox 1592 1313 1624 1339; x_wconf 77' lang='lat' dir='ltr'>de</span> <span class='ocrx_word' id='word_1_803' title='bbox 1643 1313 1668 1339; x_wconf 96' lang='grc'>11.</span> <span class='ocrx_word' id='word_1_804' title='bbox 1689 1324 1731 1350; x_wconf 85' lang='lat' dir='ltr'>qu.</span> <span class='ocrx_word' id='word_1_805' title='bbox 1751 1315 1800 1340; x_wconf 80' lang='lat' dir='ltr'>sui.</span> <span class='ocrx_word' id='word_1_806' title='bbox 1821 1316 1843 1340; x_wconf 88' lang='lat' dir='ltr'>l.</span> <span class='ocrx_word' id='word_1_807' title='bbox 1863 1315 1887 1340; x_wconf 85' lang='grc'>6.</span> 
     </span>
    </p>

    <p class='ocr_par' dir='ltr' id='par_1_12' title="bbox 1067 1357 1913 2586">
     <span class='ocr_line' id='line_1_90' title="bbox 1107 1357 1913 1393; baseline -0.001 -9"><span class='ocrx_word' id='word_1_808' title='bbox 1107 1358 1284 1384; x_wconf 76' lang='lat' dir='ltr'>Adferre.</span> <span class='ocrx_word' id='word_1_809' title='bbox 1321 1357 1352 1391; x_wconf 63' lang='grc' dir='ltr'>ξ.</span> <span class='ocrx_word' id='word_1_810' title='bbox 1373 1357 1406 1383; x_wconf 87' lang='lat' dir='ltr'>l.</span> <span class='ocrx_word' id='word_1_811' title='bbox 1438 1358 1638 1391; x_wconf 76' lang='lat' dir='ltr'>Adportare,</span> <span class='ocrx_word' id='word_1_812' title='bbox 1662 1358 1831 1393; x_wconf 86' lang='lat' dir='ltr'>Proferre,</span> <span class='ocrx_word' id='word_1_813' title='bbox 1850 1358 1913 1383; x_wconf 91' lang='lat' dir='ltr'>De-</span> 
     </span>
     <span class='ocr_line' id='line_1_91' title="bbox 1067 1398 1911 1436; baseline 0 -10"><span class='ocrx_word' id='word_1_814' title='bbox 1067 1401 1170 1436; x_wconf 77' lang='lat' dir='ltr'>ferre.</span> <span class='ocrx_word' id='word_1_815' title='bbox 1206 1398 1224 1425; x_wconf 93' lang='lat' dir='ltr'>I.</span> <span class='ocrx_word' id='word_1_816' title='bbox 1246 1400 1308 1434; x_wconf 79' lang='lat' dir='ltr'>Sy.</span> <span class='ocrx_word' id='word_1_817' title='bbox 1337 1398 1460 1426; x_wconf 85' lang='lat' dir='ltr'>Condere</span> <span class='ocrx_word' id='word_1_818' title='bbox 1480 1400 1519 1433; x_wconf 92' lang='lat' dir='ltr'>(in</span> <span class='ocrx_word' id='word_1_819' title='bbox 1532 1399 1660 1433; x_wconf 84' lang='lat' dir='ltr'>horreis).</span> <span class='ocrx_word' id='word_1_820' title='bbox 1690 1399 1797 1426; x_wconf 85' lang='lat' dir='ltr'>Inferre.</span> <span class='ocrx_word' id='word_1_821' title='bbox 1826 1399 1856 1426; x_wconf 88' lang='lat' dir='ltr'>fr.</span> <span class='ocrx_word' id='word_1_822' title='bbox 1870 1401 1911 1426; x_wconf 86' lang='grc'>20.</span> 
     </span>
     <span class='ocr_line' id='line_1_92' title="bbox 1074 1442 1911 1480; baseline 0.001 -12"><span class='ocrx_word' id='word_1_823' title='bbox 1074 1443 1095 1477; x_wconf 87' lang='lat'>5.</span> <span class='ocrx_word' id='word_1_824' title='bbox 1116 1444 1140 1469; x_wconf 72' lang='lat'>8.</span> <span class='ocrx_word' id='word_1_825' title='bbox 1166 1442 1198 1468; x_wconf 84' lang='lat' dir='ltr'>de</span> <span class='ocrx_word' id='word_1_826' title='bbox 1217 1443 1292 1469; x_wconf 86' lang='lat' dir='ltr'>instr.</span> <span class='ocrx_word' id='word_1_827' title='bbox 1318 1442 1367 1478; x_wconf 75' lang='lat' dir='ltr'>leg.</span> <span class='ocrx_word' id='word_1_828' title='bbox 1387 1444 1428 1469; x_wconf 79' lang='lat'>33.</span> <span class='ocrx_word' id='word_1_829' title='bbox 1450 1444 1473 1469; x_wconf 89' lang='lat'>7.</span> <span class='ocrx_word' id='word_1_830' title='bbox 1499 1453 1520 1468; x_wconf 83' lang='grc'>(·.</span> <span class='ocrx_word' id='word_1_831' title='bbox 1540 1444 1563 1468; x_wconf 88' lang='grc'><strong>6.</strong></span> <span class='ocrx_word' id='word_1_832' title='bbox 1584 1453 1623 1480; x_wconf 84' lang='lat' dir='ltr'>sq.</span> <span class='ocrx_word' id='word_1_833' title='bbox 1649 1442 1681 1469; x_wconf 80' lang='lat' dir='ltr'>de</span> <span class='ocrx_word' id='word_1_834' title='bbox 1700 1443 1775 1469; x_wconf 85' lang='lat' dir='ltr'>aedif.</span> <span class='ocrx_word' id='word_1_835' title='bbox 1795 1444 1862 1480; x_wconf 86' lang='lat' dir='ltr'>priv.</span> <span class='ocrx_word' id='word_1_836' title='bbox 1887 1444 1911 1469; x_wconf 77' lang='lat'>8.</span> 
     </span>
     <span class='ocr_line' id='line_1_93' title="bbox 1074 1485 1911 1520; baseline 0 -8"><span class='ocrx_word' id='word_1_837' title='bbox 1074 1488 1114 1512; x_wconf 87' lang='lat'>10.</span> <span class='ocrx_word' id='word_1_838' title='bbox 1152 1485 1184 1512; x_wconf 93' lang='grc'>11.</span> <span class='ocrx_word' id='word_1_839' title='bbox 1206 1487 1273 1520; x_wconf 76' lang='lat' dir='ltr'>Op.</span> <span class='ocrx_word' id='word_1_840' title='bbox 1306 1485 1420 1512; x_wconf 77' lang='lat' dir='ltr'>Movere.</span> <span class='ocrx_word' id='word_1_841' title='bbox 1457 1485 1577 1512; x_wconf 82' lang='lat' dir='ltr'>Auferre.</span> <span class='ocrx_word' id='word_1_842' title='bbox 1609 1496 1630 1512; x_wconf 82' lang='lat' dir='ltr'>e.</span> <span class='ocrx_word' id='word_1_843' title='bbox 1652 1487 1674 1512; x_wconf 92' lang='lat'>7.</span> <span class='ocrx_word' id='word_1_844' title='bbox 1699 1485 1716 1513; x_wconf 91' lang='grc'>1.</span> <span class='ocrx_word' id='word_1_845' title='bbox 1736 1485 1752 1512; x_wconf 92' lang='lat' dir='ltr'>l.</span> <span class='ocrx_word' id='word_1_846' title='bbox 1772 1487 1795 1512; x_wconf 77' lang='grc'>8.</span> <span class='ocrx_word' id='word_1_847' title='bbox 1817 1488 1857 1512; x_wconf 92' lang='grc'>10.</span> <span class='ocrx_word' id='word_1_848' title='bbox 1882 1485 1911 1512; x_wconf 84' lang='lat' dir='ltr'>fr.</span> 
     </span>
     <span class='ocr_line' id='line_1_94' title="bbox 1073 1528 1913 1565; baseline -0.001 -10"><span class='ocrx_word' id='word_1_849' title='bbox 1073 1530 1114 1555; x_wconf 81' lang='lat'>64.</span> <span class='ocrx_word' id='word_1_850' title='bbox 1134 1529 1215 1563; x_wconf 73' lang='lat'>551.</span> <span class='ocrx_word' id='word_1_851' title='bbox 1236 1538 1276 1565; x_wconf 81' lang='lat' dir='ltr'>sq.</span> <span class='ocrx_word' id='word_1_852' title='bbox 1297 1528 1329 1555; x_wconf 84' lang='lat' dir='ltr'>de</span> <span class='ocrx_word' id='word_1_853' title='bbox 1349 1529 1425 1555; x_wconf 80' lang='lat' dir='ltr'>evict.</span> <span class='ocrx_word' id='word_1_854' title='bbox 1446 1531 1486 1555; x_wconf 78' lang='lat'>21.</span> <span class='ocrx_word' id='word_1_855' title='bbox 1508 1530 1532 1554; x_wconf 81' lang='lat'>2.</span> <span class='ocrx_word' id='word_1_856' title='bbox 1570 1528 1613 1555; x_wconf 87' lang='grc'><strong>111.</strong></span> <span class='ocrx_word' id='word_1_857' title='bbox 1634 1530 1699 1556; x_wconf 75' lang='lat'>011.</span> <span class='ocrx_word' id='word_1_858' title='bbox 1733 1528 1807 1555; x_wconf 89' lang='lat' dir='ltr'>Sumi</span> <span class='ocrx_word' id='word_1_859' title='bbox 1826 1533 1852 1555; x_wconf 77' lang='lat' dir='ltr'>et.</span> <span class='ocrx_word' id='word_1_860' title='bbox 1870 1528 1913 1554; x_wconf 86' lang='lat' dir='ltr'>ad—</span> 
     </span>
     <span class='ocr_line' id='line_1_95' title="bbox 1072 1571 1911 1607; baseline -0.001 -9"><span class='ocrx_word' id='word_1_861' title='bbox 1072 1571 1142 1604; x_wconf 72' lang='lat' dir='ltr'>ferri,</span> <span class='ocrx_word' id='word_1_862' title='bbox 1162 1582 1186 1598; x_wconf 93' lang='lat' dir='ltr'>v.</span> <span class='ocrx_word' id='word_1_863' title='bbox 1206 1571 1358 1603; x_wconf 64' lang='lat' dir='ltr'>Adstrrive.</span> <span class='ocrx_word' id='word_1_864' title='bbox 1378 1571 1506 1598; x_wconf 78' lang='lat' dir='ltr'>adducive</span> <span class='ocrx_word' id='word_1_865' title='bbox 1525 1572 1563 1604; x_wconf 87' lang='grc'><strong>(111</strong></span> <span class='ocrx_word' id='word_1_866' title='bbox 1583 1572 1645 1605; x_wconf 86' lang='lat' dir='ltr'>ius).</span> <span class='ocrx_word' id='word_1_867' title='bbox 1675 1571 1732 1598; x_wconf 76' lang='lat' dir='ltr'>Gai.</span> <span class='ocrx_word' id='word_1_868' title='bbox 1746 1571 1790 1598; x_wconf 88' lang='lat' dir='ltr'>IV.</span> <span class='ocrx_word' id='word_1_869' title='bbox 1812 1573 1852 1598; x_wconf 85' lang='lat'>16.</span> <span class='ocrx_word' id='word_1_870' title='bbox 1871 1581 1911 1607; x_wconf 89' lang='lat' dir='ltr'>sq.</span> 
     </span>
     <span class='ocr_line' id='line_1_96' title="bbox 1072 1614 1913 1650; baseline -0.001 -9"><span class='ocrx_word' id='word_1_871' title='bbox 1072 1614 1115 1641; x_wconf 87' lang='lat' dir='ltr'>Ad</span> <span class='ocrx_word' id='word_1_872' title='bbox 1134 1624 1163 1641; x_wconf 85' lang='lat' dir='ltr'>se</span> <span class='ocrx_word' id='word_1_873' title='bbox 1181 1616 1280 1645; x_wconf 76' lang='lat' dir='ltr'>venire.</span> <span class='ocrx_word' id='word_1_874' title='bbox 1300 1620 1343 1641; x_wconf 82' lang='lat' dir='ltr'>aut</span> <span class='ocrx_word' id='word_1_875' title='bbox 1362 1614 1464 1641; x_wconf 85' lang='lat' dir='ltr'>adferri.</span> <span class='ocrx_word' id='word_1_876' title='bbox 1494 1614 1535 1640; x_wconf 83' lang='lat' dir='ltr'>Fr.</span> <span class='ocrx_word' id='word_1_877' title='bbox 1551 1614 1616 1650; x_wconf 73' lang='lat' dir='ltr'>legis</span> <span class='ocrx_word' id='word_1_878' title='bbox 1629 1614 1764 1641; x_wconf 83' lang='lat' dir='ltr'>Serviliae.</span> <span class='ocrx_word' id='word_1_879' title='bbox 1801 1614 1913 1640; x_wconf 85' lang='lat' dir='ltr'>Adferre</span> 
     </span>
     <span class='ocr_line' id='line_1_97' title="bbox 1072 1656 1912 1693; baseline -0.001 -9"><span class='ocrx_word' id='word_1_880' title='bbox 1072 1668 1182 1689; x_wconf 53' lang='lat' dir='ltr'>merce&amp;</span> <span class='ocrx_word' id='word_1_881' title='bbox 1203 1663 1227 1684; x_wconf 88' lang='lat' dir='ltr'>et</span> <span class='ocrx_word' id='word_1_882' title='bbox 1248 1658 1284 1684; x_wconf 88' lang='lat' dir='ltr'>ibi</span> <span class='ocrx_word' id='word_1_883' title='bbox 1303 1658 1425 1684; x_wconf 77' lang='lat' dir='ltr'>vendere.</span> <span class='ocrx_word' id='word_1_884' title='bbox 1451 1656 1481 1683; x_wconf 85' lang='lat' dir='ltr'>fr.</span> <span class='ocrx_word' id='word_1_885' title='bbox 1496 1658 1519 1683; x_wconf 86' lang='lat'>4.</span> <span class='ocrx_word' id='word_1_886' title='bbox 1540 1657 1572 1683; x_wconf 91' lang='lat' dir='ltr'>de</span> <span class='ocrx_word' id='word_1_887' title='bbox 1585 1659 1646 1684; x_wconf 85' lang='lat' dir='ltr'>inst.</span> <span class='ocrx_word' id='word_1_888' title='bbox 1660 1663 1708 1684; x_wconf 81' lang='lat' dir='ltr'>act.</span> <span class='ocrx_word' id='word_1_889' title='bbox 1730 1659 1769 1683; x_wconf 93' lang='lat'>14.</span> <span class='ocrx_word' id='word_1_890' title='bbox 1782 1658 1806 1683; x_wconf 90' lang='lat'>3.</span> <span class='ocrx_word' id='word_1_891' title='bbox 1837 1657 1912 1693; x_wconf 83' lang='lat' dir='ltr'>Quae</span> 
     </span>
     <span class='ocr_line' id='line_1_98' title="bbox 1072 1700 1911 1738; baseline -0.001 -11"><span class='ocrx_word' id='word_1_892' title='bbox 1072 1705 1175 1738; x_wconf 85' lang='lat' dir='ltr'>partum</span> <span class='ocrx_word' id='word_1_893' title='bbox 1195 1700 1307 1727; x_wconf 82' lang='lat' dir='ltr'>alienum</span> <span class='ocrx_word' id='word_1_894' title='bbox 1326 1700 1421 1729; x_wconf 84' lang='lat' dir='ltr'>attulit.</span> <span class='ocrx_word' id='word_1_895' title='bbox 1441 1705 1468 1727; x_wconf 87' lang='lat' dir='ltr'>ut</span> <span class='ocrx_word' id='word_1_896' title='bbox 1488 1701 1602 1737; x_wconf 89' lang='lat' dir='ltr'>supponi</span> <span class='ocrx_word' id='word_1_897' title='bbox 1621 1702 1715 1737; x_wconf 88' lang='lat' dir='ltr'>possit.</span> <span class='ocrx_word' id='word_1_898' title='bbox 1743 1700 1815 1726; x_wconf 87' lang='lat' dir='ltr'>Paul.</span> <span class='ocrx_word' id='word_1_899' title='bbox 1825 1700 1856 1726; x_wconf 91' lang='lat' dir='ltr'>Il.</span> <span class='ocrx_word' id='word_1_900' title='bbox 1869 1701 1911 1726; x_wconf 90' lang='lat'>24.</span> 
     </span>
     <span class='ocr_line' id='line_1_99' title="bbox 1072 1743 1913 1780; baseline -0.001 -10"><span class='ocrx_word' id='word_1_901' title='bbox 1072 1745 1093 1778; x_wconf 90' lang='lat'>5.</span> <span class='ocrx_word' id='word_1_902' title='bbox 1113 1745 1137 1770; x_wconf 87' lang='lat'>9.</span> <span class='ocrx_word' id='word_1_903' title='bbox 1174 1743 1286 1775; x_wconf 72' lang='lat' dir='ltr'>Missus.</span> <span class='ocrx_word' id='word_1_904' title='bbox 1306 1745 1343 1769; x_wconf 93' lang='lat' dir='ltr'>uti</span> <span class='ocrx_word' id='word_1_905' title='bbox 1362 1743 1475 1769; x_wconf 78' lang='lat' dir='ltr'>adferret</span> <span class='ocrx_word' id='word_1_906' title='bbox 1496 1743 1674 1779; x_wconf 79' lang='lat' dir='ltr'>(pecuniam).</span> <span class='ocrx_word' id='word_1_907' title='bbox 1704 1743 1734 1770; x_wconf 87' lang='lat' dir='ltr'>fr.</span> <span class='ocrx_word' id='word_1_908' title='bbox 1753 1745 1794 1769; x_wconf 90' lang='lat'>21.</span> <span class='ocrx_word' id='word_1_909' title='bbox 1814 1753 1853 1780; x_wconf 85' lang='lat' dir='ltr'>pr.</span> <span class='ocrx_word' id='word_1_910' title='bbox 1880 1743 1913 1770; x_wconf 86' lang='lat' dir='ltr'>de</span> 
     </span>
     <span class='ocr_line' id='line_1_100' title="bbox 1072 1786 1912 1822; baseline -0.001 -9"><span class='ocrx_word' id='word_1_911' title='bbox 1072 1786 1103 1813; x_wconf 67' lang='lat' dir='ltr'>N.</span> <span class='ocrx_word' id='word_1_912' title='bbox 1117 1786 1148 1813; x_wconf 90' lang='lat' dir='ltr'>G.</span> <span class='ocrx_word' id='word_1_913' title='bbox 1162 1788 1186 1812; x_wconf 86' lang='lat'>3.</span> <span class='ocrx_word' id='word_1_914' title='bbox 1198 1788 1221 1812; x_wconf 88' lang='lat'>5.</span> <span class='ocrx_word' id='word_1_915' title='bbox 1242 1802 1274 1805; x_wconf 97' lang='lat'><strong>—</strong></span> <span class='ocrx_word' id='word_1_916' title='bbox 1293 1786 1324 1819; x_wconf 82' lang='lat'>§.</span> <span class='ocrx_word' id='word_1_917' title='bbox 1338 1787 1373 1812; x_wconf 73' lang='lat'>2.</span> <span class='ocrx_word' id='word_1_918' title='bbox 1394 1788 1569 1821; x_wconf 76' lang='lat' dir='ltr'>Adlegare‚</span> <span class='ocrx_word' id='word_1_919' title='bbox 1588 1787 1768 1822; x_wconf 81' lang='lat' dir='ltr'>Profiteri.</span> <span class='ocrx_word' id='word_1_920' title='bbox 1790 1786 1833 1812; x_wconf 94' lang='lat' dir='ltr'>III.</span> <span class='ocrx_word' id='word_1_921' title='bbox 1846 1787 1912 1813; x_wconf 78' lang='lat' dir='ltr'>Gn.</span> 
     </span>
     <span class='ocr_line' id='line_1_101' title="bbox 1074 1828 1912 1863; baseline 0.001 -9"><span class='ocrx_word' id='word_1_922' title='bbox 1074 1829 1115 1855; x_wconf 82' lang='lat' dir='ltr'>Ad</span> <span class='ocrx_word' id='word_1_923' title='bbox 1135 1828 1315 1855; x_wconf 82' lang='lat' dir='ltr'>defensionem</span> <span class='ocrx_word' id='word_1_924' title='bbox 1334 1830 1478 1855; x_wconf 81' lang='lat' dir='ltr'>sententiae</span> <span class='ocrx_word' id='word_1_925' title='bbox 1498 1839 1559 1855; x_wconf 87' lang='lat' dir='ltr'>suae</span> <span class='ocrx_word' id='word_1_926' title='bbox 1578 1828 1686 1855; x_wconf 78' lang='lat' dir='ltr'>adserre.</span> <span class='ocrx_word' id='word_1_927' title='bbox 1712 1828 1743 1855; x_wconf 85' lang='lat' dir='ltr'>fr.</span> <span class='ocrx_word' id='word_1_928' title='bbox 1757 1831 1780 1855; x_wconf 90' lang='lat'>9.</span> <span class='ocrx_word' id='word_1_929' title='bbox 1800 1829 1822 1863; x_wconf 86' lang='lat'>5.</span> <span class='ocrx_word' id='word_1_930' title='bbox 1836 1831 1860 1855; x_wconf 87' lang='grc'>5.</span> <span class='ocrx_word' id='word_1_931' title='bbox 1880 1829 1912 1855; x_wconf 80' lang='lat' dir='ltr'>de</span> 
     </span>
     <span class='ocr_line' id='line_1_102' title="bbox 1072 1871 1912 1909; baseline 0 -11"><span class='ocrx_word' id='word_1_932' title='bbox 1072 1872 1157 1909; x_wconf 88' lang='lat' dir='ltr'>pecul.</span> <span class='ocrx_word' id='word_1_933' title='bbox 1178 1874 1218 1898; x_wconf 90' lang='lat'>15.</span> <span class='ocrx_word' id='word_1_934' title='bbox 1240 1873 1262 1898; x_wconf 91' lang='lat' dir='ltr'>l.</span> <span class='ocrx_word' id='word_1_935' title='bbox 1291 1872 1322 1898; x_wconf 88' lang='lat' dir='ltr'>fr.</span> <span class='ocrx_word' id='word_1_936' title='bbox 1344 1873 1383 1898; x_wconf 87' lang='lat'>14.</span> <span class='ocrx_word' id='word_1_937' title='bbox 1403 1872 1424 1905; x_wconf 89' lang='lat'>5.</span> <span class='ocrx_word' id='word_1_938' title='bbox 1447 1874 1468 1898; x_wconf 95' lang='lat' dir='ltr'>l.</span> <span class='ocrx_word' id='word_1_939' title='bbox 1493 1872 1525 1898; x_wconf 88' lang='lat' dir='ltr'>ad</span> <span class='ocrx_word' id='word_1_940' title='bbox 1545 1872 1572 1898; x_wconf 92' lang='lat' dir='ltr'>S.</span> <span class='ocrx_word' id='word_1_941' title='bbox 1593 1872 1624 1898; x_wconf 86' lang='lat' dir='ltr'>C.</span> <span class='ocrx_word' id='word_1_942' title='bbox 1644 1871 1722 1898; x_wconf 88' lang='lat' dir='ltr'>Treb.</span> <span class='ocrx_word' id='word_1_943' title='bbox 1742 1873 1783 1898; x_wconf 83' lang='lat'>36.</span> <span class='ocrx_word' id='word_1_944' title='bbox 1804 1874 1827 1898; x_wconf 89' lang='lat'>1.</span> <span class='ocrx_word' id='word_1_945' title='bbox 1863 1871 1912 1899; x_wconf 83' lang='lat' dir='ltr'>Ha-</span> 
     </span>
     <span class='ocr_line' id='line_1_103' title="bbox 1073 1914 1910 1949; baseline 0.001 -9"><span class='ocrx_word' id='word_1_946' title='bbox 1073 1915 1136 1941; x_wconf 81' lang='lat' dir='ltr'>bent</span> <span class='ocrx_word' id='word_1_947' title='bbox 1154 1915 1362 1943; x_wconf 80' lang='lat' dir='ltr'>excusationem.</span> <span class='ocrx_word' id='word_1_948' title='bbox 1387 1915 1482 1941; x_wconf 76' lang='lat' dir='ltr'>litteris</span> <span class='ocrx_word' id='word_1_949' title='bbox 1506 1915 1592 1941; x_wconf 83' lang='lat' dir='ltr'>allatis</span> <span class='ocrx_word' id='word_1_950' title='bbox 1617 1919 1665 1941; x_wconf 83' lang='lat' dir='ltr'>etc.</span> <span class='ocrx_word' id='word_1_951' title='bbox 1701 1914 1784 1941; x_wconf 71' lang='lat' dir='ltr'>vatic.</span> <span class='ocrx_word' id='word_1_952' title='bbox 1811 1916 1832 1949; x_wconf 88' lang='lat'>5.</span> <span class='ocrx_word' id='word_1_953' title='bbox 1851 1916 1910 1941; x_wconf 84' lang='lat'>236.</span> 
     </span>
     <span class='ocr_line' id='line_1_104' title="bbox 1073 1957 1911 1994; baseline 0.001 -10"><span class='ocrx_word' id='word_1_954' title='bbox 1073 1957 1104 1984; x_wconf 90' lang='lat' dir='ltr'>cf.</span> <span class='ocrx_word' id='word_1_955' title='bbox 1124 1957 1147 1991; x_wconf 88' lang='lat'>5.</span> <span class='ocrx_word' id='word_1_956' title='bbox 1166 1959 1225 1984; x_wconf 77' lang='lat'>233.</span> <span class='ocrx_word' id='word_1_957' title='bbox 1246 1973 1278 1977; x_wconf 91' lang='lat'>—-</span> <span class='ocrx_word' id='word_1_958' title='bbox 1298 1958 1328 1991; x_wconf 58' lang='grc' dir='ltr'>ᾖ.</span> <span class='ocrx_word' id='word_1_959' title='bbox 1349 1959 1385 1984; x_wconf 81' lang='grc'>3.</span> <span class='ocrx_word' id='word_1_960' title='bbox 1415 1959 1559 1994; x_wconf 80' lang='lat' dir='ltr'>Inferre,</span> <span class='ocrx_word' id='word_1_961' title='bbox 1581 1959 1778 1985; x_wconf 63' lang='lat' dir='ltr'>Conciliat-e.</span> <span class='ocrx_word' id='word_1_962' title='bbox 1810 1957 1828 1984; x_wconf 92' lang='grc' dir='ltr'>Ι.</span> <span class='ocrx_word' id='word_1_963' title='bbox 1849 1959 1911 1993; x_wconf 77' lang='lat' dir='ltr'>Sy.</span> 
     </span>
     <span class='ocr_line' id='line_1_105' title="bbox 1072 2000 1909 2038; baseline 0 -11"><span class='ocrx_word' id='word_1_964' title='bbox 1072 2000 1169 2027; x_wconf 84' lang='lat' dir='ltr'>Facere</span> <span class='ocrx_word' id='word_1_965' title='bbox 1189 2000 1340 2034; x_wconf 84' lang='lat' dir='ltr'>(meliorem</span> <span class='ocrx_word' id='word_1_966' title='bbox 1359 2000 1528 2034; x_wconf 60' lang='lat' dir='ltr'>condition).</span> <span class='ocrx_word' id='word_1_967' title='bbox 1554 2000 1583 2026; x_wconf 84' lang='lat' dir='ltr'>fr.</span> <span class='ocrx_word' id='word_1_968' title='bbox 1605 2002 1645 2027; x_wconf 86' lang='lat'>41.</span> <span class='ocrx_word' id='word_1_969' title='bbox 1666 2011 1705 2038; x_wconf 91' lang='lat' dir='ltr'>pr.</span> <span class='ocrx_word' id='word_1_970' title='bbox 1730 2000 1762 2027; x_wconf 83' lang='lat' dir='ltr'>de</span> <span class='ocrx_word' id='word_1_971' title='bbox 1781 2000 1813 2027; x_wconf 88' lang='lat' dir='ltr'>R.</span> <span class='ocrx_word' id='word_1_972' title='bbox 1833 2000 1864 2027; x_wconf 91' lang='lat' dir='ltr'>V.</span> <span class='ocrx_word' id='word_1_973' title='bbox 1885 2002 1909 2027; x_wconf 87' lang='grc'>6.</span> 
     </span>
     <span class='ocr_line' id='line_1_106' title="bbox 1074 2043 1909 2080; baseline 0 -10"><span class='ocrx_word' id='word_1_974' title='bbox 1074 2046 1095 2071; x_wconf 91' lang='lat'>1.</span> <span class='ocrx_word' id='word_1_975' title='bbox 1117 2044 1147 2071; x_wconf 88' lang='lat' dir='ltr'>fr.</span> <span class='ocrx_word' id='word_1_976' title='bbox 1169 2046 1191 2070; x_wconf 98' lang='lat' dir='ltr'>l.</span> <span class='ocrx_word' id='word_1_977' title='bbox 1211 2044 1241 2070; x_wconf 86' lang='lat' dir='ltr'>fr.</span> <span class='ocrx_word' id='word_1_978' title='bbox 1261 2044 1284 2070; x_wconf 88' lang='lat'>3.</span> <span class='ocrx_word' id='word_1_979' title='bbox 1305 2043 1335 2069; x_wconf 86' lang='lat' dir='ltr'>fr.</span> <span class='ocrx_word' id='word_1_980' title='bbox 1355 2045 1379 2070; x_wconf 87' lang='grc'>4.</span> <span class='ocrx_word' id='word_1_981' title='bbox 1399 2044 1437 2077; x_wconf 87' lang='lat'>55.</span> <span class='ocrx_word' id='word_1_982' title='bbox 1451 2046 1474 2070; x_wconf 80' lang='lat'>3.</span> <span class='ocrx_word' id='word_1_983' title='bbox 1496 2054 1536 2080; x_wconf 85' lang='lat' dir='ltr'>sq.</span> <span class='ocrx_word' id='word_1_984' title='bbox 1557 2043 1586 2069; x_wconf 88' lang='lat' dir='ltr'>fr.</span> <span class='ocrx_word' id='word_1_985' title='bbox 1608 2045 1647 2070; x_wconf 85' lang='lat'>16.</span> <span class='ocrx_word' id='word_1_986' title='bbox 1668 2043 1700 2070; x_wconf 81' lang='lat' dir='ltr'>de</span> <span class='ocrx_word' id='word_1_987' title='bbox 1718 2044 1745 2070; x_wconf 86' lang='lat' dir='ltr'>in</span> <span class='ocrx_word' id='word_1_988' title='bbox 1764 2043 1832 2070; x_wconf 85' lang='lat' dir='ltr'>diem</span> <span class='ocrx_word' id='word_1_989' title='bbox 1852 2044 1909 2070; x_wconf 78' lang='lat' dir='ltr'>add.</span> 
     </span>
     <span class='ocr_line' id='line_1_107' title="bbox 1074 2086 1909 2123; baseline 0 -10"><span class='ocrx_word' id='word_1_990' title='bbox 1074 2088 1114 2113; x_wconf 80' lang='grc'>18.</span> <span class='ocrx_word' id='word_1_991' title='bbox 1132 2088 1157 2113; x_wconf 78' lang='lat'>2.</span> <span class='ocrx_word' id='word_1_992' title='bbox 1194 2086 1293 2113; x_wconf 75' lang='lat' dir='ltr'>Inferre</span> <span class='ocrx_word' id='word_1_993' title='bbox 1312 2087 1517 2123; x_wconf 79' lang='lat' dir='ltr'>(competentem</span> <span class='ocrx_word' id='word_1_994' title='bbox 1537 2087 1645 2119; x_wconf 82' lang='lat' dir='ltr'>curam).</span> <span class='ocrx_word' id='word_1_995' title='bbox 1670 2086 1701 2113; x_wconf 81' lang='lat' dir='ltr'>sr.</span> <span class='ocrx_word' id='word_1_996' title='bbox 1714 2088 1755 2112; x_wconf 75' lang='lat'>22.</span> <span class='ocrx_word' id='word_1_997' title='bbox 1776 2088 1797 2121; x_wconf 89' lang='lat'>5.</span> <span class='ocrx_word' id='word_1_998' title='bbox 1817 2088 1841 2113; x_wconf 79' lang='lat'>8.</span> <span class='ocrx_word' id='word_1_999' title='bbox 1861 2087 1909 2113; x_wconf 87' lang='lat' dir='ltr'>sol.</span> 
     </span>
     <span class='ocr_line' id='line_1_108' title="bbox 1071 2129 1908 2164; baseline 0 -8"><span class='ocrx_word' id='word_1_1000' title='bbox 1071 2135 1145 2156; x_wconf 85' lang='lat' dir='ltr'>matr.</span> <span class='ocrx_word' id='word_1_1001' title='bbox 1165 2131 1206 2156; x_wconf 87' lang='lat'>24.</span> <span class='ocrx_word' id='word_1_1002' title='bbox 1220 2131 1244 2156; x_wconf 80' lang='lat'>3.</span> <span class='ocrx_word' id='word_1_1003' title='bbox 1281 2129 1323 2156; x_wconf 87' lang='lat' dir='ltr'>III.</span> <span class='ocrx_word' id='word_1_1004' title='bbox 1339 2131 1405 2157; x_wconf 75' lang='lat' dir='ltr'>Cn.</span> <span class='ocrx_word' id='word_1_1005' title='bbox 1438 2129 1497 2156; x_wconf 67' lang='lat' dir='ltr'>Yim</span> <span class='ocrx_word' id='word_1_1006' title='bbox 1517 2130 1609 2155; x_wconf 88' lang='lat' dir='ltr'>mortis</span> <span class='ocrx_word' id='word_1_1007' title='bbox 1628 2129 1738 2156; x_wconf 81' lang='lat' dir='ltr'>adferre.</span> <span class='ocrx_word' id='word_1_1008' title='bbox 1763 2129 1793 2156; x_wconf 88' lang='lat' dir='ltr'>fr.</span> <span class='ocrx_word' id='word_1_1009' title='bbox 1807 2131 1831 2156; x_wconf 87' lang='lat'>3.</span> <span class='ocrx_word' id='word_1_1010' title='bbox 1850 2131 1908 2164; x_wconf 88' lang='lat'>5.1.</span> 
     </span>
     <span class='ocr_line' id='line_1_109' title="bbox 1072 2171 1907 2207; baseline 0 -9"><span class='ocrx_word' id='word_1_1011' title='bbox 1072 2172 1104 2198; x_wconf 87' lang='lat' dir='ltr'>de</span> <span class='ocrx_word' id='word_1_1012' title='bbox 1124 2172 1150 2198; x_wconf 89' lang='lat' dir='ltr'>S.</span> <span class='ocrx_word' id='word_1_1013' title='bbox 1172 2171 1202 2198; x_wconf 90' lang='lat' dir='ltr'>C.</span> <span class='ocrx_word' id='word_1_1014' title='bbox 1224 2172 1307 2199; x_wconf 82' lang='lat' dir='ltr'>Silan.</span> <span class='ocrx_word' id='word_1_1015' title='bbox 1332 2174 1373 2199; x_wconf 80' lang='lat'>29.</span> <span class='ocrx_word' id='word_1_1016' title='bbox 1393 2175 1417 2199; x_wconf 89' lang='lat'>5.</span> <span class='ocrx_word' id='word_1_1017' title='bbox 1456 2172 1604 2198; x_wconf 78' lang='lat' dir='ltr'>Periculum</span> <span class='ocrx_word' id='word_1_1018' title='bbox 1623 2171 1672 2198; x_wconf 80' lang='lat' dir='ltr'>ads.</span> <span class='ocrx_word' id='word_1_1019' title='bbox 1706 2172 1737 2199; x_wconf 83' lang='lat' dir='ltr'>fr.</span> <span class='ocrx_word' id='word_1_1020' title='bbox 1761 2175 1785 2199; x_wconf 85' lang='lat'>5.</span> <span class='ocrx_word' id='word_1_1021' title='bbox 1810 2173 1847 2207; x_wconf 89' lang='lat'>55.</span> <span class='ocrx_word' id='word_1_1022' title='bbox 1868 2174 1907 2198; x_wconf 83' lang='lat'>12.</span> 
     </span>
     <span class='ocr_line' id='line_1_110' title="bbox 1072 2214 1909 2252; baseline 0 -11"><span class='ocrx_word' id='word_1_1023' title='bbox 1072 2226 1111 2252; x_wconf 89' lang='lat' dir='ltr'>sq.</span> <span class='ocrx_word' id='word_1_1024' title='bbox 1133 2215 1165 2241; x_wconf 84' lang='lat' dir='ltr'>de</span> <span class='ocrx_word' id='word_1_1025' title='bbox 1185 2215 1217 2241; x_wconf 91' lang='lat'>0.</span> <span class='ocrx_word' id='word_1_1026' title='bbox 1238 2214 1269 2241; x_wconf 72' lang='lat' dir='ltr'><strong>N</strong></span> <span class='ocrx_word' id='word_1_1027' title='bbox 1290 2214 1321 2242; x_wconf 85' lang='lat' dir='ltr'>N.</span> <span class='ocrx_word' id='word_1_1028' title='bbox 1346 2217 1387 2242; x_wconf 88' lang='lat'>39.</span> <span class='ocrx_word' id='word_1_1029' title='bbox 1410 2217 1430 2242; x_wconf 96' lang='lat' dir='ltr'>l.</span> <span class='ocrx_word' id='word_1_1030' title='bbox 1468 2215 1560 2252; x_wconf 67' lang='lat' dir='ltr'>Neque</span> <span class='ocrx_word' id='word_1_1031' title='bbox 1584 2215 1786 2242; x_wconf 82' lang='lat' dir='ltr'>emolumentum</span> <span class='ocrx_word' id='word_1_1032' title='bbox 1809 2215 1909 2242; x_wconf 81' lang='lat' dir='ltr'>adferre</span> 
     </span>
     <span class='ocr_line' id='line_1_111' title="bbox 1072 2258 1907 2295; baseline 0 -11"><span class='ocrx_word' id='word_1_1033' title='bbox 1072 2258 1125 2290; x_wconf 80' lang='grc'><strong>1115,</strong></span> <span class='ocrx_word' id='word_1_1034' title='bbox 1146 2274 1179 2277; x_wconf 89' lang='grc'><strong>-</strong></span> <span class='ocrx_word' id='word_1_1035' title='bbox 1199 2268 1284 2295; x_wconf 82' lang='lat' dir='ltr'>neque</span> <span class='ocrx_word' id='word_1_1036' title='bbox 1304 2258 1492 2295; x_wconf 86' lang='lat' dir='ltr'>praeiudicium</span> <span class='ocrx_word' id='word_1_1037' title='bbox 1511 2258 1598 2284; x_wconf 87' lang='lat' dir='ltr'>solent</span> <span class='ocrx_word' id='word_1_1038' title='bbox 1617 2259 1738 2294; x_wconf 82' lang='lat' dir='ltr'>irrogare.</span> <span class='ocrx_word' id='word_1_1039' title='bbox 1762 2269 1783 2284; x_wconf 92' lang='lat' dir='ltr'>c.</span> <span class='ocrx_word' id='word_1_1040' title='bbox 1803 2260 1826 2284; x_wconf 88' lang='lat'>2.</span> <span class='ocrx_word' id='word_1_1041' title='bbox 1856 2260 1907 2293; x_wconf 85' lang='lat' dir='ltr'>Qu.</span> 
     </span>
     <span class='ocr_line' id='line_1_112' title="bbox 1072 2300 1909 2337; baseline -0.001 -10"><span class='ocrx_word' id='word_1_1042' title='bbox 1072 2311 1113 2328; x_wconf 90' lang='lat' dir='ltr'>res</span> <span class='ocrx_word' id='word_1_1043' title='bbox 1138 2300 1191 2328; x_wconf 93' lang='lat' dir='ltr'>iud.</span> <span class='ocrx_word' id='word_1_1044' title='bbox 1217 2303 1239 2327; x_wconf 91' lang='lat'>7.</span> <span class='ocrx_word' id='word_1_1045' title='bbox 1259 2302 1300 2327; x_wconf 87' lang='grc'>56.</span> <span class='ocrx_word' id='word_1_1046' title='bbox 1337 2301 1541 2328; x_wconf 83' lang='lat' dir='ltr'>Restitutionem</span> <span class='ocrx_word' id='word_1_1047' title='bbox 1569 2302 1663 2327; x_wconf 86' lang='lat' dir='ltr'>minori</span> <span class='ocrx_word' id='word_1_1048' title='bbox 1692 2300 1792 2327; x_wconf 79' lang='lat' dir='ltr'>adferre</span> <span class='ocrx_word' id='word_1_1049' title='bbox 1820 2305 1909 2337; x_wconf 85' lang='lat' dir='ltr'>potest</span> 
     </span>
     <span class='ocr_line' id='line_1_113' title="bbox 1073 2343 1907 2378; baseline 0 -8"><span class='ocrx_word' id='word_1_1050' title='bbox 1073 2344 1149 2377; x_wconf 85' lang='lat' dir='ltr'>(haec</span> <span class='ocrx_word' id='word_1_1051' title='bbox 1169 2344 1238 2377; x_wconf 85' lang='lat' dir='ltr'>res).</span> <span class='ocrx_word' id='word_1_1052' title='bbox 1269 2344 1299 2370; x_wconf 84' lang='lat' dir='ltr'>sr.</span> <span class='ocrx_word' id='word_1_1053' title='bbox 1321 2346 1361 2371; x_wconf 92' lang='lat' dir='ltr'>ll.</span> <span class='ocrx_word' id='word_1_1054' title='bbox 1381 2345 1403 2378; x_wconf 86' lang='lat'>5.</span> <span class='ocrx_word' id='word_1_1055' title='bbox 1423 2347 1446 2370; x_wconf 93' lang='grc'>5.</span> <span class='ocrx_word' id='word_1_1056' title='bbox 1472 2344 1505 2370; x_wconf 82' lang='lat' dir='ltr'>de</span> <span class='ocrx_word' id='word_1_1057' title='bbox 1523 2345 1583 2370; x_wconf 89' lang='lat' dir='ltr'>min.</span> <span class='ocrx_word' id='word_1_1058' title='bbox 1607 2345 1631 2370; x_wconf 91' lang='lat'>4.</span> <span class='ocrx_word' id='word_1_1059' title='bbox 1652 2345 1675 2370; x_wconf 89' lang='lat'>4.</span> <span class='ocrx_word' id='word_1_1060' title='bbox 1712 2343 1907 2375; x_wconf 74' lang='lat' dir='ltr'>Defensionem.</span> 
     </span>
     <span class='ocr_line' id='line_1_114' title="bbox 1071 2385 1906 2420; baseline -0.001 -7"><span class='ocrx_word' id='word_1_1061' title='bbox 1071 2397 1095 2414; x_wconf 87' lang='lat' dir='ltr'>v.</span> <span class='ocrx_word' id='word_1_1062' title='bbox 1116 2387 1335 2417; x_wconf 79' lang='lat' dir='ltr'>Absolutionem.</span> <span class='ocrx_word' id='word_1_1063' title='bbox 1356 2387 1464 2414; x_wconf 82' lang='lat' dir='ltr'>adferre.</span> <span class='ocrx_word' id='word_1_1064' title='bbox 1502 2387 1586 2414; x_wconf 85' lang='lat' dir='ltr'>Vatic.</span> <span class='ocrx_word' id='word_1_1065' title='bbox 1606 2387 1627 2420; x_wconf 97' lang='lat'>5</span> <span class='ocrx_word' id='word_1_1066' title='bbox 1647 2388 1705 2412; x_wconf 86' lang='lat'>293.</span> <span class='ocrx_word' id='word_1_1067' title='bbox 1726 2385 1755 2411; x_wconf 84' lang='lat' dir='ltr'>fr.</span> <span class='ocrx_word' id='word_1_1068' title='bbox 1778 2387 1816 2411; x_wconf 87' lang='lat'>14.</span> <span class='ocrx_word' id='word_1_1069' title='bbox 1841 2387 1862 2420; x_wconf 88' lang='lat'>5.</span> <span class='ocrx_word' id='word_1_1070' title='bbox 1883 2389 1906 2412; x_wconf 87' lang='lat'>5.</span> 
     </span>
     <span class='ocr_line' id='line_1_115' title="bbox 1073 2428 1905 2467; baseline -0.001 -11"><span class='ocrx_word' id='word_1_1071' title='bbox 1073 2430 1125 2466; x_wconf 91' lang='lat' dir='ltr'>Qu.</span> <span class='ocrx_word' id='word_1_1072' title='bbox 1149 2435 1209 2456; x_wconf 84' lang='lat' dir='ltr'>met.</span> <span class='ocrx_word' id='word_1_1073' title='bbox 1235 2440 1256 2457; x_wconf 92' lang='lat' dir='ltr'>c.</span> <span class='ocrx_word' id='word_1_1074' title='bbox 1277 2432 1301 2456; x_wconf 85' lang='lat'>4.</span> <span class='ocrx_word' id='word_1_1075' title='bbox 1320 2432 1344 2457; x_wconf 89' lang='lat'>2.</span> <span class='ocrx_word' id='word_1_1076' title='bbox 1381 2430 1410 2457; x_wconf 84' lang='lat' dir='ltr'>Si</span> <span class='ocrx_word' id='word_1_1077' title='bbox 1437 2430 1540 2467; x_wconf 85' lang='lat' dir='ltr'>quando</span> <span class='ocrx_word' id='word_1_1078' title='bbox 1564 2439 1627 2456; x_wconf 85' lang='lat' dir='ltr'>usus</span> <span class='ocrx_word' id='word_1_1079' title='bbox 1647 2428 1777 2455; x_wconf 68' lang='lat' dir='ltr'>adtulerit.</span> <span class='ocrx_word' id='word_1_1080' title='bbox 1805 2428 1854 2455; x_wconf 87' lang='lat' dir='ltr'>Th.</span> <span class='ocrx_word' id='word_1_1081' title='bbox 1875 2429 1905 2456; x_wconf 90' lang='lat' dir='ltr'>C.</span> 
     </span>
     <span class='ocr_line' id='line_1_116' title="bbox 1071 2471 1907 2507; baseline -0.002 -8"><span class='ocrx_word' id='word_1_1082' title='bbox 1071 2473 1090 2499; x_wconf 94' lang='lat' dir='ltr'>I.</span> <span class='ocrx_word' id='word_1_1083' title='bbox 1111 2475 1151 2500; x_wconf 87' lang='lat'>15.</span> <span class='ocrx_word' id='word_1_1084' title='bbox 1172 2483 1193 2499; x_wconf 80' lang='lat' dir='ltr'>c.</span> <span class='ocrx_word' id='word_1_1085' title='bbox 1213 2473 1237 2499; x_wconf 87' lang='grc'>8.</span> <span class='ocrx_word' id='word_1_1086' title='bbox 1258 2472 1366 2507; x_wconf 82' lang='lat' dir='ltr'>(ch.)</span> <span class='ocrx_word' id='word_1_1087' title='bbox 1387 2473 1419 2499; x_wconf 86' lang='lat' dir='ltr'>de.</span> <span class='ocrx_word' id='word_1_1088' title='bbox 1438 2474 1481 2500; x_wconf 84' lang='lat' dir='ltr'>off.</span> <span class='ocrx_word' id='word_1_1089' title='bbox 1502 2473 1587 2499; x_wconf 82' lang='lat' dir='ltr'>Vicar.</span> <span class='ocrx_word' id='word_1_1090' title='bbox 1620 2488 1652 2491; x_wconf 89' lang='lat'><strong>—</strong></span> <span class='ocrx_word' id='word_1_1091' title='bbox 1684 2471 1714 2504; x_wconf 84' lang='lat'>§·</span> <span class='ocrx_word' id='word_1_1092' title='bbox 1735 2472 1775 2497; x_wconf 77' lang='lat'>4·</span> <span class='ocrx_word' id='word_1_1093' title='bbox 1803 2472 1907 2498; x_wconf 76' lang='lat' dir='ltr'>Dedu-</span> 
     </span>
     <span class='ocr_line' id='line_1_117' title="bbox 1073 2513 1905 2551; baseline -0.004 -9"><span class='ocrx_word' id='word_1_1094' title='bbox 1073 2526 1156 2548; x_wconf 78' lang='lat' dir='ltr'>cere,</span> <span class='ocrx_word' id='word_1_1095' title='bbox 1174 2518 1362 2543; x_wconf 74' lang='lat' dir='ltr'>Extendere.</span> <span class='ocrx_word' id='word_1_1096' title='bbox 1399 2516 1417 2543; x_wconf 93' lang='grc'>1,</span> <span class='ocrx_word' id='word_1_1097' title='bbox 1432 2517 1493 2551; x_wconf 74' lang='lat' dir='ltr'>Sy.</span> <span class='ocrx_word' id='word_1_1098' title='bbox 1512 2515 1647 2550; x_wconf 70' lang='lat' dir='ltr'>Por-rigere</span> <span class='ocrx_word' id='word_1_1099' title='bbox 1666 2514 1770 2547; x_wconf 78' lang='lat' dir='ltr'>(causas</span> <span class='ocrx_word' id='word_1_1100' title='bbox 1785 2513 1817 2540; x_wconf 84' lang='lat' dir='ltr'>ad</span> <span class='ocrx_word' id='word_1_1101' title='bbox 1836 2515 1905 2547; x_wconf 70' lang='lat' dir='ltr'>etc).</span> 
     </span>
     <span class='ocr_line' id='line_1_118' title="bbox 1073 2558 1229 2586; baseline 0 0"><span class='ocrx_word' id='word_1_1102' title='bbox 1073 2558 1129 2586; x_wconf 80' lang='lat' dir='ltr'>Gai.</span> <span class='ocrx_word' id='word_1_1103' title='bbox 1149 2559 1168 2586; x_wconf 91' lang='lat' dir='ltr'>I.</span> <span class='ocrx_word' id='word_1_1104' title='bbox 1187 2561 1229 2586; x_wconf 82' lang='lat'>39.</span> 
     </span>
    </p>

    <p class='ocr_par' dir='ltr' id='par_1_13' title="bbox 1071 2599 1906 2852">
     <span class='ocr_line' id='line_1_119' title="bbox 1106 2599 1906 2638; baseline -0.005 -9"><span class='ocrx_word' id='word_1_1105' title='bbox 1106 2603 1293 2629; x_wconf 78' lang='lat' dir='ltr'>Adfieere.</span> <span class='ocrx_word' id='word_1_1106' title='bbox 1323 2603 1353 2636; x_wconf 70' lang='lat'>§-</span> <span class='ocrx_word' id='word_1_1107' title='bbox 1368 2603 1402 2629; x_wconf 91' lang='lat'>1.</span> <span class='ocrx_word' id='word_1_1108' title='bbox 1427 2603 1603 2638; x_wconf 68' lang='lat' dir='ltr'>Iangere,</span> <span class='ocrx_word' id='word_1_1109' title='bbox 1623 2601 1790 2635; x_wconf 79' lang='lat' dir='ltr'>Irrogare.</span> <span class='ocrx_word' id='word_1_1110' title='bbox 1814 2599 1906 2634; x_wconf 72' lang='lat' dir='ltr'>[Sy.</span> 
     </span>
     <span class='ocr_line' id='line_1_120' title="bbox 1072 2641 1904 2681; baseline -0.005 -10"><span class='ocrx_word' id='word_1_1111' title='bbox 1072 2645 1196 2681; x_wconf 80' lang='lat' dir='ltr'>Irrogare.</span> <span class='ocrx_word' id='word_1_1112' title='bbox 1232 2645 1369 2681; x_wconf 78' lang='lat' dir='ltr'>Iniungere.</span> <span class='ocrx_word' id='word_1_1113' title='bbox 1389 2644 1539 2681; x_wconf 79' lang='lat' dir='ltr'>(poenam).</span> <span class='ocrx_word' id='word_1_1114' title='bbox 1576 2641 1637 2669; x_wconf 84' lang='lat' dir='ltr'>Atlf.</span> <span class='ocrx_word' id='word_1_1115' title='bbox 1657 2642 1769 2679; x_wconf 82' lang='lat' dir='ltr'>aliquem</span> <span class='ocrx_word' id='word_1_1116' title='bbox 1788 2642 1904 2679; x_wconf 87' lang='lat' dir='ltr'>(poena).</span> 
     </span>
     <span class='ocr_line' id='line_1_121' title="bbox 1072 2685 1903 2722; baseline -0.005 -8"><span class='ocrx_word' id='word_1_1117' title='bbox 1072 2688 1102 2714; x_wconf 87' lang='lat' dir='ltr'>fr.</span> <span class='ocrx_word' id='word_1_1118' title='bbox 1118 2690 1140 2714; x_wconf 95' lang='lat'>1.</span> <span class='ocrx_word' id='word_1_1119' title='bbox 1160 2689 1232 2722; x_wconf 90' lang='lat'>55.1.</span> <span class='ocrx_word' id='word_1_1120' title='bbox 1251 2689 1276 2714; x_wconf 88' lang='lat'>3.</span> <span class='ocrx_word' id='word_1_1121' title='bbox 1296 2687 1328 2714; x_wconf 80' lang='lat' dir='ltr'>de</span> <span class='ocrx_word' id='word_1_1122' title='bbox 1340 2687 1370 2714; x_wconf 89' lang='lat' dir='ltr'>L.</span> <span class='ocrx_word' id='word_1_1123' title='bbox 1386 2687 1447 2713; x_wconf 83' lang='lat' dir='ltr'>Cor.</span> <span class='ocrx_word' id='word_1_1124' title='bbox 1468 2686 1500 2712; x_wconf 81' lang='lat' dir='ltr'>de</span> <span class='ocrx_word' id='word_1_1125' title='bbox 1515 2685 1571 2712; x_wconf 71' lang='lat' dir='ltr'>fals</span> <span class='ocrx_word' id='word_1_1126' title='bbox 1591 2686 1632 2712; x_wconf 86' lang='grc'>48.</span> <span class='ocrx_word' id='word_1_1127' title='bbox 1654 2687 1694 2712; x_wconf 89' lang='grc'>10.</span> <span class='ocrx_word' id='word_1_1128' title='bbox 1721 2685 1750 2712; x_wconf 84' lang='lat' dir='ltr'>fr.</span> <span class='ocrx_word' id='word_1_1129' title='bbox 1767 2687 1806 2711; x_wconf 84' lang='lat'>10.</span> <span class='ocrx_word' id='word_1_1130' title='bbox 1827 2686 1848 2719; x_wconf 97' lang='lat'>5.</span> <span class='ocrx_word' id='word_1_1131' title='bbox 1866 2687 1903 2711; x_wconf 92' lang='lat' dir='ltr'>ll.</span> 
     </span>
     <span class='ocr_line' id='line_1_122' title="bbox 1072 2728 1904 2767; baseline -0.005 -10"><span class='ocrx_word' id='word_1_1132' title='bbox 1072 2730 1105 2757; x_wconf 85' lang='lat' dir='ltr'>de</span> <span class='ocrx_word' id='word_1_1133' title='bbox 1123 2740 1200 2767; x_wconf 83' lang='lat' dir='ltr'>poen.</span> <span class='ocrx_word' id='word_1_1134' title='bbox 1219 2732 1260 2757; x_wconf 82' lang='lat'>48.</span> <span class='ocrx_word' id='word_1_1135' title='bbox 1282 2732 1322 2757; x_wconf 87' lang='lat'>19.</span> <span class='ocrx_word' id='word_1_1136' title='bbox 1359 2729 1401 2756; x_wconf 90' lang='lat'>111.</span> <span class='ocrx_word' id='word_1_1137' title='bbox 1422 2730 1487 2756; x_wconf 75' lang='lat' dir='ltr'>Cn.</span> <span class='ocrx_word' id='word_1_1138' title='bbox 1518 2728 1684 2755; x_wconf 81' lang='lat' dir='ltr'>Necessitate</span> <span class='ocrx_word' id='word_1_1139' title='bbox 1702 2728 1778 2754; x_wconf 82' lang='lat' dir='ltr'>adfici</span> <span class='ocrx_word' id='word_1_1140' title='bbox 1797 2728 1904 2761; x_wconf 81' lang='lat' dir='ltr'>(conce-</span> 
     </span>
     <span class='ocr_line' id='line_1_123' title="bbox 1072 2771 1905 2809; baseline -0.004 -10"><span class='ocrx_word' id='word_1_1141' title='bbox 1072 2773 1172 2800; x_wconf 84' lang='lat' dir='ltr'>dendae</span> <span class='ocrx_word' id='word_1_1142' title='bbox 1190 2773 1326 2805; x_wconf 80' lang='lat' dir='ltr'>decimae).</span> <span class='ocrx_word' id='word_1_1143' title='bbox 1350 2772 1379 2798; x_wconf 83' lang='lat' dir='ltr'>fr.</span> <span class='ocrx_word' id='word_1_1144' title='bbox 1396 2772 1434 2797; x_wconf 88' lang='lat'>14.</span> <span class='ocrx_word' id='word_1_1145' title='bbox 1455 2771 1487 2798; x_wconf 86' lang='lat' dir='ltr'>de</span> <span class='ocrx_word' id='word_1_1146' title='bbox 1505 2772 1595 2809; x_wconf 87' lang='lat' dir='ltr'>pollic.</span> <span class='ocrx_word' id='word_1_1147' title='bbox 1613 2774 1654 2798; x_wconf 83' lang='lat'>50.</span> <span class='ocrx_word' id='word_1_1148' title='bbox 1670 2773 1709 2797; x_wconf 85' lang='lat'>12.</span> <span class='ocrx_word' id='word_1_1149' title='bbox 1740 2771 1835 2799; x_wconf 83' lang='lat' dir='ltr'>Poena.</span> <span class='ocrx_word' id='word_1_1150' title='bbox 1855 2780 1905 2806; x_wconf 84' lang='lat' dir='ltr'>qua</span> 
     </span>
     <span class='ocr_line' id='line_1_124' title="bbox 1071 2813 1902 2852; baseline -0.005 -10"><span class='ocrx_word' id='word_1_1151' title='bbox 1071 2816 1159 2843; x_wconf 82' lang='lat' dir='ltr'>solent</span> <span class='ocrx_word' id='word_1_1152' title='bbox 1177 2816 1263 2848; x_wconf 79' lang='lat' dir='ltr'>adfici,</span> <span class='ocrx_word' id='word_1_1153' title='bbox 1284 2816 1328 2851; x_wconf 83' lang='lat' dir='ltr'>qui</span> <span class='ocrx_word' id='word_1_1154' title='bbox 1348 2819 1395 2840; x_wconf 80' lang='lat' dir='ltr'>etc.</span> <span class='ocrx_word' id='word_1_1155' title='bbox 1421 2813 1450 2840; x_wconf 84' lang='lat' dir='ltr'>fr.</span> <span class='ocrx_word' id='word_1_1156' title='bbox 1464 2816 1488 2841; x_wconf 89' lang='lat'>3.</span> <span class='ocrx_word' id='word_1_1157' title='bbox 1508 2816 1529 2850; x_wconf 97' lang='lat'>5.</span> <span class='ocrx_word' id='word_1_1158' title='bbox 1546 2817 1584 2842; x_wconf 89' lang='lat'>15.</span> <span class='ocrx_word' id='word_1_1159' title='bbox 1605 2815 1637 2841; x_wconf 85' lang='lat' dir='ltr'>de</span> <span class='ocrx_word' id='word_1_1160' title='bbox 1656 2824 1728 2852; x_wconf 85' lang='lat' dir='ltr'>susp.</span> <span class='ocrx_word' id='word_1_1161' title='bbox 1741 2819 1788 2841; x_wconf 82' lang='lat' dir='ltr'>tut.</span> <span class='ocrx_word' id='word_1_1162' title='bbox 1808 2815 1848 2840; x_wconf 76' lang='lat'>26.</span> <span class='ocrx_word' id='word_1_1163' title='bbox 1864 2815 1902 2839; x_wconf 89' lang='lat'>10.</span> 
     </span>
    </p>

    <p class='ocr_par' dir='ltr' id='par_1_14' title="bbox 1421 2858 1462 2883">
     <span class='ocr_line' id='line_1_125' title="bbox 1421 2858 1462 2883; baseline 0 0"><span class='ocrx_word' id='word_1_1164' title='bbox 1421 2858 1462 2883; x_wconf 52' lang='lat'>3*</span> 
     </span>
    </p>
   </div>
  </div>
 </body>
</html>
