2197 3121
255 175 318 206 702

255 257 343 289 suerit,
357 271 391 276 —
404 254 486 283 veluti
505 256 527 282 si
546 254 693 292 periculum
713 258 776 283 erat.
796 263 830 280 ne
849 257 897 280 etc.
916 252 947 279 sr.
963 253 1002 278 13.
1023 252 1056 278 de
1069 251 1102 278 N.

256 300 289 327 G.
308 301 332 326 3.
352 302 375 325 5.
415 300 570 334 Quaesitum
596 303 649 329 est,
674 298 754 335 peric.
780 298 848 323 enim
873 306 932 322 esse
956 295 1103 323 videbatur.

256 353 289 369 ne
309 348 356 369 etc.
378 342 406 368 l'r.
427 344 467 368 56.
488 342 520 368 de
540 341 621 368 usul'r.
637 343 659 367 7.
678 343 700 366 1.
715 355 747 359 —
767 340 798 373 ξ.
811 341 846 366 2.
857 341 900 366 A.
925 340 1019 366 l'itae
1038 340 1104 364 dis-

255 389 381 414 crimen.
420 387 509 412 Mors
533 387 671 411 instans.
709 383 727 410 1.
743 384 805 418 Sy.
826 382 929 420 Capitis
949 380 1104 419 periculum.

257 429 392 456 Summum
411 428 580 465 supplicium.
601 427 630 454 fr.
649 428 691 453 2⁷8.
711 436 751 464 pr.
771 427 837 460 3.1.
858 425 890 451 de
909 435 987 462 poen.
1006 426 1049 451 48.
1065 425 1104 450 19.

257 472 299 499 ΠΙ.
325 474 390 499 Cn.
420 471 500 497 Nullo
530 471 679 508 praesentis
702 469 814 507 periculi
840 473 911 495 metu
935 468 1105 498 conterritus,

257 515 303 542 sed
324 514 380 541 sola
400 515 559 550 cogitatione
578 512 755 540 mortalitatis.
776 512 805 539 sr.
825 515 850 538 2.
871 511 903 538 cf.
923 511 952 538 fr.
974 513 997 537 6.
1018 510 1048 537 sr.
1061 512 1104 537 35.

257 560 279 593 3.
299 561 321 584 4.
343 558 374 584 de
394 567 425 583 m.
451 568 473 583 c.
494 557 554 583 don.
574 558 616 583 39.
636 558 660 582 6.
698 556 751 591 Qui
771 565 880 593 peregre
899 553 1052 580 muneribus
1074 568 1103 573 -
1126 565 1128 582 ι

258 612 316 628 cum
335 600 454 638 periculo
475 605 500 626 et
519 600 609 626 labore
629 599 777 635 fungentur.
802 598 832 624 l'r.
853 600 877 624 5.
901 597 922 631 3
943 598 967 623 3.
992 596 1024 622 de
1048 597 1105 622 iure

257 647 363 672 immun.
384 647 426 670 50.
445 646 468 670 6.
507 643 583 679 Quae
603 645 651 676 (sc.
673 643 780 679 operae)
807 639 965 678 quandoque
984 639 1105 671 honeste,

258 742 297 769 pr.
317 730 350 757 de
370 740 441 767 oper.
461 730 548 756 libert.
562 731 603 756 35.
625 731 647 755 1.
685 727 821 754 Delictum
841 727 998 757 decipientis
1017 726 1044 751 in
1062 735 1105 763 pe-

257 774 342 801 riculo
366 773 493 800 immines.
519 772 549 799 fr.
569 774 592 798 6.
618 773 640 806 3.
661 773 684 798 7.
710 771 742 798 de
762 771 805 797 off.
825 770 915 797 Praes.
937 771 959 795 l.
981 770 1020 795 18.
1057 767 1106 795 Pe-

257 817 370 844 riculum
390 817 510 854 corporis
530 815 661 848 (inferre.)
681 825 702 841 c.
715 816 739 840 2.
754 814 787 840 de
801 813 832 840 R.
847 813 879 840 C.
893 815 916 840 4.
932 814 954 839 l.
970 829 1001 833 —
1022 812 1053 846 §.
1068 813 1105 838 3.

259 863 416 888 Damnum
438 860 639 894 patrimonii
666 859 876 884 nietneudum.
919 855 938 882 1.
962 856 1024 890 Sy.
1054 855 1106 881 Da-

257 914 354 931 mnum.
375 902 416 930 Cf.
437 902 460 928 11.
480 913 504 928 v.
525 902 546 936 3.
570 903 591 927 l.
628 900 671 927 111.
692 902 759 928 Cn.
778 900 843 927 Fide
863 904 889 926 et
907 898 1027 936 periculo
1047 908 1105 924 meo

258 947 324 981 (des
343 947 392 977 ei.)
420 946 450 972 fr.
469 947 511 971 24.
536 944 569 970 de
592 943 711 970 fideiuss.
730 945 772 970 46.
796 945 816 969 l.
843 942 875 969 cf.
902 943 932 969 l'r.
957 944 994 969 12.
1022 942 1044 975 3.
1066 943 1105 967 13.

258 990 344 1017 mand.
367 991 406 1015 17.
428 990 450 1014 1.
494 986 576 1013 Gesta
601 988 628 1013 in
652 986 714 1013 Seu.
741 986 773 1013 de
797 997 848 1013 rec.
877 985 927 1012 Th.
953 984 983 1012 C.
1009 984 1106 1018 (ch.

258 1045 283 1072 p.
304 1034 340 1065 7.)
360 1032 454 1059 Const.
475 1029 578 1056 Valent.
599 1029 630 1056 ad
651 1031 862 1056 constitutionar.
883 1028 930 1062 (ib.
945 1039 970 1065 p.
984 1030 1021 1059 S.)
1046 1026 1106 1054 Non
1127 1024 1129 1047 1

259 1077 344 1103 solum
369 1075 492 1105 arbitrio.
517 1073 565 1099 sed
594 1074 670 1099 etiam
694 1072 814 1110 periculo
841 1077 899 1103 tuo,
928 1073 1105 1109 (praestare.)

257 1118 380 1147 Periculo
401 1123 425 1144 et
446 1116 586 1154 impendiis
607 1117 704 1143 actoris
724 1116 870 1153 (perlerri.)
891 1115 920 1141 l'r.
937 1117 976 1141 ll.
997 1115 1058 1148 3.1.
1075 1113 1107 1139 ad

259 1162 346 1190 exhib.
368 1164 407 1188 10.
428 1163 451 1186 4.
476 1160 507 1186 fr.
530 1162 569 1186 12.
595 1160 660 1194 3.1.
687 1158 777 1196 depos
799 1160 838 1185 16.
858 1160 882 1184 3.
920 1158 980 1184 Non
1006 1162 1106 1183 tantum

258 1208 290 1237 is,
310 1207 384 1232 cuius
404 1206 430 1230 in
450 1204 528 1229 bonis
548 1213 590 1230 res
609 1207 659 1234 est.
679 1202 727 1229 sed
745 1203 821 1228 etiam
836 1203 910 1227 cuius
924 1200 1043 1238 periculo
1058 1204 1106 1226 cst.

259 1250 287 1276 fr,
310 1251 350 1275 18.
369 1257 408 1285 pr.
429 1246 461 1273 de
481 1246 566 1273 damn.
586 1245 631 1272 inf.
651 1247 692 1271 39.
712 1247 737 1271 2.
775 1244 803 1271 Si
824 1245 883 1281 quis
910 1249 981 1270 tutor
1001 1243 1106 1280 quidem

258 1302 312 1319 non
336 1292 386 1321 sit,
415 1289 562 1327 periculum
591 1293 678 1315 tamen
706 1287 803 1314 tutelae
828 1287 859 1313 ad
884 1297 942 1313 eum
967 1287 1106 1324 pertineat.
1129 1297 1130 1303 ¹

259 1336 290 1362 fr.
309 1336 350 1361 60.
371 1344 410 1371 pr.
435 1333 467 1359 de
486 1332 518 1358 R.
538 1331 569 1358 N.
590 1333 631 1358 23.
650 1333 674 1357 2.
700 1330 730 1357 l'r.
750 1333 792 1357 25.
817 1330 850 1357 de
879 1335 927 1357 tut.
953 1335 979 1356 et
998 1335 1045 1356 rat.
1064 1330 1106 1355 26.

259 1381 283 1405 5.
322 1377 463 1404 Communi
484 1374 602 1412 periculo
623 1374 693 1401 dare.
718 1373 748 1400 fr.
768 1376 809 1400 21.
830 1375 852 1408 3.
874 1376 896 1400 l.
917 1373 1046 1400 commod.
1068 1374 1107 1399 13.
1129 1376 1131 1402 1

259 1424 284 1448 6.
320 1419 435 1447 Periculi
455 1419 609 1445 societatem
628 1419 758 1454 excipere.
779 1416 809 1443 sr.
823 1418 865 1443 38.
885 1427 924 1454 pr.
946 1417 979 1443 de
998 1416 1066 1443 adm.
1083 1421 1109 1442 et

260 1466 340 1503 peric.
355 1464 396 1489 26.
418 1464 440 1488 7.
479 1461 571 1488 Mutuo
591 1461 747 1487 cessationis
767 1459 884 1497 periculo
899 1475 932 1479 -
946 1461 1037 1486 teneri.
1058 1459 1108 1485 Va-
1130 1455 1131 1471 1

262 1509 302 1534 tic.
324 1507 345 1540 3.
365 1506 424 1531 228.
445 1503 476 1530 cs.
497 1505 597 1538 3155.
636 1503 723 1529 Patris
743 1503 889 1540 periculum
909 1504 1000 1539 agitur.
1020 1502 1051 1529 fr.
1065 1504 1107 1529 27.

260 1560 299 1588 pr.
320 1549 352 1575 ‹lv
371 1549 464 1574 minor.
484 1550 507 1573 4.
528 1549 552 1573 4.
589 1546 645 1573 Suo
664 1546 783 1584 periculo
804 1547 940 1573 nominare
959 1547 1109 1582 (magistra-
1130 1545 1131 1558 1

261 1594 328 1624 tus.)
355 1592 385 1617 l'r.
407 1592 446 1616 17.
473 1590 556 1624 315.
582 1589 614 1616 ad
638 1590 734 1615 munic.
761 1591 802 1615 50.
825 1591 846 1615 1.
872 1589 902 1615 fr.
924 1591 963 1615 14.
990 1589 1012 1622 3.
1032 1590 1056 1615 4.
1076 1588 1108 1615 de

261 1636 293 1663 de
311 1645 381 1662 mun.
401 1638 427 1660 et
447 1633 507 1659 11011.
527 1635 568 1659 50.
589 1634 613 1659 4.
634 1643 655 1659 c.
677 1634 699 1658 1.
721 1642 760 1668 sq.
787 1631 819 1658 de
845 1633 925 1669 peric.
947 1633 1044 1658 nomin.
1068 1633 1107 1658 ll.
1130 1646 1132 1666 χ

259 1681 301 1706 33.
340 1676 487 1704 Periculum
500 1696 506 1708 ,
527 1675 598 1712 quod
619 1674 696 1712 culpa
716 1676 834 1711 contigit.
860 1675 890 1701 l'r.
909 1676 933 1701 5.
953 1675 975 1708 3.
997 1677 1019 1701 7.
1041 1685 1109 1701 com-

260 1722 329 1750 mod.
352 1722 390 1747 13.
411 1721 434 1746 6.
457 1719 486 1745 l'r.
506 1721 548 1745 39.
568 1719 590 1752 3.
612 1720 651 1744 12.
673 1717 705 1744 de
725 1717 792 1744 adm.
813 1723 838 1743 et
856 1719 937 1755 peric.
951 1720 992 1744 26.
1008 1720 1030 1745 7.
1059 1717 1109 1744 Ne-
1130 1719 1132 1746 1

260 1765 400 1802 gligeutiae
420 1767 535 1789 tutorum
557 1760 674 1799 periculo
695 1762 829 1786 nominum
849 1760 992 1798 adscripto.
1017 1760 1045 1787 fr.
1066 1763 1108 1788 39.
1131 1782 1132 1803 1

261 1810 283 1843 3.
305 1811 343 1834 14.
369 1807 400 1834 cl'.
427 1816 465 1843 pr.
490 1805 506 1832 1.
531 1805 548 1831 l.
570 1806 612 1830 26.
634 1806 656 1830 7.
699 1802 755 1830 Nee
783 1803 929 1841 perieulum
958 1804 1110 1830 huiusmodi

261 1853 396 1878 nominum
409 1849 440 1875 ad
455 1858 527 1879 eum,
548 1848 591 1884 qui
606 1848 662 1873 sine
677 1846 752 1884 culpa
767 1846 857 1874 solvit.
870 1847 1022 1884 pertinebit.
1042 1846 1073 1874 sr.
1085 1848 1109 1874 3.
1131 1839 1133 1883 1

263 1895 295 1922 (1(ι
315 1893 390 1920 cond.
411 1891 498 1918 inxleb.
516 1892 553 1916 12.
575 1892 598 1916 6.
637 1890 742 1925 Quodsi
762 1889 824 1916 dolo
845 1890 915 1922 fecit.
934 1892 984 1916 iam
1004 1890 1110 1926 quidem
1131 1886 1133 1940 1

263 1937 409 1976 periculum
434 1936 518 1972 ipsius
539 1938 587 1959 est.
613 1933 643 1959 fr.
666 1935 703 1959 14.
724 1934 745 1967 3.
765 1935 789 1959 3
814 1933 847 1959 de
866 1933 925 1959 l'urt.
945 1935 987 1959 47.
1006 1935 1031 1960 2.
1068 1933 1111 1960 Ad
1132 1941 1133 1944 ’

264 1982 338 2007 cuius
358 1978 503 2017 periculum
522 1977 646 2013 pertinet.
672 1976 702 2002 fr.
722 1979 746 2002 9.
767 1977 788 2010 3.
808 1979 832 2003 4.
853 1976 884 2002 ad
904 1976 934 2002 L.
954 1976 1000 2003 lul.
1020 1977 1107 2014 pecul.
1132 1983 1133 1999 1

263 2027 304 2050 48.
322 2025 360 2049 13.
381 2021 541 2051 Convenit-e,
555 2035 586 2038 —
602 2029 653 2045 non
674 2019 792 2056 periculo
806 2029 854 2045 suo
869 2029 897 2045 se
911 2019 1004 2046 facere.
1024 2019 1054 2046 fr.
1068 2022 1110 2046 27.
1132 2002 1133 2024 1

264 2067 287 2100 3.
307 2068 348 2092 29.
369 2064 402 2090 ad
420 2063 449 2090 L.
470 2063 538 2099 Aqu.
558 2064 582 2088 9.
602 2065 626 2088 2.
648 2079 678 2082 —
700 2063 730 2096 §.
747 2063 834 2089 Βὴλ.
855 2064 957 2089 Casus
977 2069 1111 2089 metuen-

264 2112 334 2140 dus,
354 2117 486 2141 etusque
504 2108 702 2140 praestatio.
740 2105 758 2131 l.
772 2106 833 2138 Sy.
855 2105 950 2136 Casus,
971 2106 1110 2132 Damnum.

265 2153 295 2178 l'r.
315 2154 356 2177 575.
382 2151 403 2184 3.
424 2152 447 2175 6.
473 2149 504 2175 ad
529 2148 596 2174 S.C.
617 2147 697 2174 Treb.
720 2150 762 2174 36,
788 2150 810 2173 1.
842 2147 926 2174 Vatic.
951 2149 987 2182 33
1011 2151 1050 2174 16.
1071 2159 1110 2185 sq.

266 2194 295 2221 11.
312 2196 378 2227 01».
399 2192 493 2219 Dolus.
515 2191 609 2228 Culpa.
624 2207 656 2210 —
671 2190 818 2217 Periculum
834 2194 944 2223 (mnne.)
964 2191 1110 2225 1b.3.101.

265 2240 295 2265 fr.
316 2241 339 2263 5.
360 2237 396 2271 33.
416 2238 494 2262 2.1().
515 2235 544 2261 sr.
562 2236 600 2260 10.
621 2234 642 2267 3.
660 2235 681 2259 l.
702 2233 830 2260 commod.
846 2235 884 2259 153.
899 2235 921 2259 6.
943 2234 974 2260 t'r.
992 2236 1030 2261 17.
1052 2236 1072 2268 3
1086 2238 1111 2261 2.

266 2281 298 2308 dc
322 2288 436 2317 praescr.
462 2288 504 2303 vv.
527 2278 565 2303 19.
585 2280 608 2303 5.
653 2276 790 2303 Custodia.
816 2277 845 2303 l'r.
868 2278 906 2302 14.
931 2287 969 2313 pr.
995 2277 1026 2303 dc
1050 2278 1111 2304 sut-t.
1134 2287 1135 2308 ζ

266 2326 308 2350 47.
328 2326 352 2349 2.
390 2321 432 2348 111.
445 2322 511 2348 Cn.
532 2320 679 2346 Periculum
700 2321 740 2346 vis
760 2320 875 2351 maioris,
896 2319 938 2345 vel
959 2321 1112 2347 clii—acturae

268 2367 405 2393 latronum.
432 2363 501 2390 Coll.
522 2362 574 2389 LL.
595 2363 627 2389 M.
647 2363 680 2389 X.
700 2364 723 2389 9.
745 2363 775 2390 cl'.
802 2362 832 2389 fr.
854 2364 875 2388 1.
901 2363 924 2396 3.
943 2364 967 2388 53.
989 2363 1019 2389 cf.
1047 2364 1111 2397 3.1.
1134 2359 1135 2397 1

268 2410 359 2447 depos.
382 2409 420 2434 16.
441 2409 464 2433 3.
503 2405 539 2432 Vt
567 2406 611 2431 tali
638 2405 777 2432 intervallo
804 2411 829 2432 et
855 2405 977 2442 publicae
1002 2406 1079 2432 aedes
1100 2418 1112 2432 a
1134 2423 1135 2426 =

267 2450 386 2490 periculo
407 2450 582 2476 vindicentur.
603 2448 652 2474 Th.
668 2449 697 2475 C.
712 2448 770 2474 XV.
788 2450 809 2474 1.
831 2458 851 2474 c.
865 2450 906 2474 46.
922 2448 955 2474 de
974 2459 1035 2486 opp.
1051 2448 1112 2485 pub.
1134 2441 1136 2482 1

268 2494 417 2521 Periculum
438 2503 537 2523 eorum,
558 2501 623 2528 quae
637 2492 693 2517 siue
708 2491 783 2528 culpa
798 2502 851 2517 mea
867 2492 1010 2528 perierunt,
1029 2494 1114 2528 (prae-

269 2539 363 2569 stare.)
388 2536 417 2562 fr.
442 2538 479 2561 13.
504 2535 536 2561 de
563 2534 594 2560 N.
615 2534 646 2560 G.
670 2536 694 2559 3.
719 2537 742 2560 5.
787 2534 821 2560 vt
846 2545 876 2560 ex
903 2544 979 2560 causa
998 2533 1113 2571 depositi
1135 2552 1137 2559 .,

270 2591 346 2606 omne
367 2578 512 2616 periculum
532 2582 656 2614 praestet.
683 2576 712 2603 fr.
734 2578 756 2603 7.
782 2578 864 2611 315.
890 2577 921 2603 dc
942 2581 1008 2614 pact.
1028 2580 1051 2603 2.
1076 2579 1114 2603 14.
1136 2602 1137 2617 1

270 2623 298 2649 Si
318 2622 440 2649 venditor
460 2632 488 2647 sc
507 2620 625 2658 periculo
645 2619 765 2646 subiecit.
787 2620 816 2645 l'r.
839 2622 859 2645 1.
881 2630 919 2657 pr.
940 2620 972 2646 de
991 2621 1071 2657 peric.
1089 2625 1115 2646 et
1136 2623 1137 2626 ’

272 2676 362 2691 comm.
384 2667 423 2691 18.
444 2666 467 2690 6.
497 2680 528 2683 -
558 2664 589 2696 ᾗ.
610 2665 700 2689 3.B.
728 2664 906 2689 Custodiae
923 2665 1114 2697 praestatio

272 2709 389 2744 (ratione
415 2708 569 2744 praesertim
594 2705 717 2743 periculi.
743 2704 814 2741 quod
838 2716 850 2730 a
872 2706 974 2732 furibus
995 2711 1019 2732 et
1039 2705 1115 2732 latro-

273 2750 350 2776 nibus
370 2751 514 2781 metuitur.)
551 2749 569 2775 1.
585 2752 646 2783 Sy.
668 2748 804 2775 Custodia.
826 2747 855 2773 sr.
878 2749 898 2773 l.
920 2749 940 2781 3.
964 2750 984 2774 l.
1006 2748 1022 2774 1.
1037 2747 1054 2774 l.
1076 2750 1115 2774 18.
1136 2753 1137 2768 1

272 2795 297 2819 6.
318 2793 347 2819 1“ι·.
370 2794 409 2817 14.
430 2794 451 2825 3.
474 2795 511 2819 17.
533 2792 565 2818 de
585 2792 643 2818 furt.
665 2793 705 2817 47.
726 2795 748 2818 2.
787 2790 829 2817 111.
851 2792 916 2818 (¹11.
944 2790 1016 2817 furti
1041 2801 1116 2826 agere
1137 2806 1139 2811 .

274 2845 319 2862 eos
360 2845 468 2871 quorum
494 2836 559 2861 istae
583 2846 624 2861 res
649 2834 766 2872 periculo
792 2834 903 2860 suerunt.
930 2833 959 2859 l'r.
984 2835 1024 2859 47.
1050 2834 1115 2867 3.1.
1137 2815 1139 2874 1

1135 2514 1136 2519 ,
1159 2493 1188 2519 1“1·.
1205 2495 1244 2519 10.
1257 2502 1296 2528 sq.
1317 2491 1350 2518 de
1369 2490 1456 2527 adopt.
1474 2491 1494 2515 1.
1509 2491 1531 2514 7.

1092 169 1186 200 PER.

1149 251 1207 278 fam.
1228 252 1319 278 ercisc.
1341 253 1381 278 10.
1399 253 1424 278 2.
1449 252 1478 279 fr.
1500 254 1540 279 14.
1563 253 1601 287 33.
1623 254 1662 280 16.
1683 263 1723 290 sq.
1743 252 1760 280 1.
1780 253 1797 280 l.
1816 255 1858 281 47.
1875 256 1900 281 2.
1939 255 1993 291 Qui

1149 294 1301 333 recipiendo
1321 294 1466 332 periculum
1486 296 1622 322 custodiae
1641 296 1730 323 subiit.
1751 296 1780 323 fr.
1802 298 1824 323 l.
1844 297 1866 330 3.
1885 299 1909 324 4.
1930 297 1993 325 furti

1149 337 1206 364 adv.
1226 343 1296 365 naut.
1316 339 1357 364 47.
1377 340 1401 364 5.
1421 338 1452 364 cf.
1477 338 1508 365 sr.
1526 341 1551 366 3.
1570 349 1609 377 pr.
1636 343 1705 365 naut.
1731 349 1806 376 caup.
1825 341 1848 367 4.
1869 342 1893 367 9.
1917 340 1947 368 fr.
1967 343 1992 368 5.

1149 381 1172 415 3.
1194 382 1233 407 14.
1260 380 1388 408 commod.
1410 382 1450 407 13.
1469 382 1493 408 6.
1518 382 1548 409 fr.
1568 384 1609 408 40.
1634 381 1710 409 locat.
1737 384 1776 409 19.
1795 385 1820 409 2.
1863 383 1992 421 Corpora,

1150 440 1182 444 —
1202 434 1313 461 quorum
1332 423 1478 462 periculum
1497 424 1529 451 ad
1548 425 1671 452 heredem
1694 426 1817 462 pertinet.
1841 425 1872 452 sr.
1894 428 1933 453 19.
1952 437 1992 465 pr.

1149 467 1182 494 de
1201 467 1289 494 hered.
1310 473 1362 505 pet.
1383 469 1406 494 5.
1426 469 1451 494 3.
1471 483 1502 487 -
1526 469 1557 502 §.
1579 470 1618 495 ›l-
1638 470 1828 502 Exemplum
1847 472 1993 504 scriptu-

1149 521 1212 538 rae.
1248 513 1401 538 Libellus.
1438 510 1458 537 Ι.
1479 512 1540 545 Sy·
1567 510 1716 549 Scriptum,
1737 511 1865 539 Libellus.
1890 512 1940 539 Th.
1961 512 1992 540 C.

1149 553 1194 581 IV.
1209 556 1249 581 17.
1270 565 1291 581 c.
1306 556 1328 580 1.
1344 564 1383 590 sq.
1403 564 1424 580 c.
1439 556 1463 580 4.
1484 554 1516 580 de
1535 559 1602 580 sent.
1622 566 1654 582 ex
1667 556 1748 592 peric.
1786 554 1829 581 111.
1841 557 1907 583 Gn.
1924 555 1994 583 Con-

1151 602 1189 623 tra
1209 607 1255 623 eos
1276 614 1306 618 -—
1327 597 1378 624 hoc
1397 598 1482 623 nostri
1502 599 1594 624 statuti
1613 598 1760 635 periculum
1779 599 1936 625 sancientes.
1955 598 1993 626 lb.

1127 637 1129 679 1
1149 640 1196 667 XI.
1216 642 1240 666 7.
1260 650 1281 667 c.
1302 643 1342 667 10,
1363 640 1395 667 de
1415 641 1543 667 exaction.

258 693 283 714 et
302 689 360 714 siue
383 686 501 724 periculo
521 687 602 717 vitae.
630 690 806 723 praestantur.
831 684 861 711 l'r.
884 685 924 710 16.
949 693 988 720 pr.
1013 682 1043 709 sr.
1063 683 1105 709 38.
1127 692 1129 701 ¹

1187 684 1405 715 Perimere,
1433 693 1455 710 s.
1477 685 1696 711 Pel-emere.
1738 684 1769 717 ξ.
1790 685 1825 711 1.
1854 685 1994 717 Tollere,

1151 728 1310 757 Adimere,
1329 728 1563 761 Exstinguere.
1601 726 1619 753 1.
1634 728 1696 761 Sy.
1715 726 1892 754 Commutare.
1913 726 1954 753 Cf.
1968 726 1994 753 h.

1126 790 1128 811 1
1150 780 1173 796 ν.
1194 770 1216 804 3.
1235 772 1259 796 2.
1298 769 1484 806 Corrumpere.
1505 769 1546 797 Cf.
1566 770 1591 796 11.
1611 780 1635 796 v.
1655 770 1677 803 3.
1697 772 1720 797 6.
1759 770 1931 797 Consumere.
1952 769 1994 797 Cf.

1149 813 1174 840 h.
1188 823 1212 840 v.
1233 813 1254 847 3.
1268 814 1292 839 3.
1329 811 1513 849 Exstinguere‚
1534 812 1642 840 Tollere
1655 813 1864 849 (obligationem,
1877 824 1901 840 v.
1915 814 1996 840 actio-

1127 851 1128 895 1
1149 856 1230 889 119111.)
1250 855 1280 882 sr.
1299 857 1340 882 66.
1361 856 1444 890 33.1.
1463 865 1503 892 sq.
1523 856 1556 882 de
1575 856 1650 891 legat.
1669 856 1700 883 ll.
1720 858 1786 890 (31.)
1807 857 1838 884 sr.
1857 858 1899 883 44.
1919 857 1956 891 33.
1969 857 1995 884 3.

1128 913 1129 918 ¹
1149 902 1173 926 6.
1198 899 1231 926 de
1251 899 1284 926 Ο.
1310 904 1335 925 et
1354 899 1384 926 A.
1405 900 1447 925 44.
1468 900 1490 925 7.

1533 899 1656 932 Interim,
1685 900 1792 932 Amitti,
1820 900 1995 932 Evanescere,

1149 942 1254 969 Perimi.
1284 941 1325 969 Cf.
1346 952 1369 968 v.
1390 942 1526 968 Amittere.
1551 943 1587 976 33.
1610 946 1632 970 1.
1653 954 1693 980 sq.
1718 954 1743 970 v.
1767 943 1949 975 Evanescere,
1969 953 1994 969 v.

1150 986 1269 1012 Interire.
1306 985 1336 1011 11.
1359 987 1426 1019 Op·
1447 984 1612 1013 Confirmare
1631 986 1834 1019 (donationem.)
1855 986 1885 1012 fr.
1901 988 1943 1013 20.
1963 985 1996 1013 de

1151 1029 1212 1056 dou.
1238 1030 1285 1055 int.
1304 1027 1335 1054 V.
1355 1030 1397 1054 24.
1419 1030 1441 1054 1.
1483 1028 1588 1055 Manere
1613 1030 1656 1062 (in
1680 1030 1809 1066 integro.)
1833 1045 1866 1049 —
1890 1028 1995 1055 Perimi.

1128 1079 1129 1099 l
1151 1072 1207 1099 Gai.
1227 1071 1272 1098 IV.
1292 1073 1334 1097 58.
1354 1071 1384 1097 l'r.
1406 1073 1428 1097 1.
1449 1072 1471 1105 3.
1490 1074 1514 1098 2.
1541 1071 1573 1098 de
1590 1073 1616 1098 iu
1636 1082 1690 1099 rem
1709 1083 1778 1099 vers.
1799 1074 1840 1098 15.
1858 1073 1883 1098 3.
1902 1071 1934 1098 fr.
1952 1073 1995 1098 22.

1151 1126 1190 1153 pr.
1211 1120 1258 1142 rat.
1278 1124 1332 1142 rem
1352 1113 1414 1140 hab.
1427 1116 1468 1141 46.
1483 1115 1506 1141 8.
1543 1114 1586 1141 Ill.
1601 1116 1667 1142 Cn.
1688 1115 1789 1142 Omnes
1807 1115 1997 1152 praecedentes

1151 1158 1326 1194 obligationes
1350 1162 1431 1184 novat
1454 1162 1480 1184 et
1504 1159 1615 1195 peremit
1640 1157 1688 1191 [al.
1708 1159 1838 1195 perimit]
1865 1158 1895 1185 fr.
1915 1160 1939 1185 4.
1964 1158 1997 1185 de

1151 1206 1275 1229 transact.
1295 1203 1319 1227 2.
1341 1203 1380 1227 15.
1419 1200 1478 1227 Non
1497 1211 1632 1238 peremere
1652 1200 1696 1234 [al.
1715 1202 1871 1238 perimere]
1890 1201 1934 1228 vel
1951 1202 1998 1228 mi-

1152 1255 1232 1272 nuere
1251 1244 1519 1277 (fideicommissum.)
1538 1243 1569 1270 fr.
1583 1245 1625 1270 64.
1645 1244 1678 1270 de
1696 1243 1771 1281 legat.
1786 1244 1829 1271 Ill.
1843 1246 1911 1277 (32.)
1937 1244 1998 1271 Non

1152 1289 1264 1326 peremit
1282 1287 1408 1323 legatum.
1432 1286 1479 1313 sed
1499 1292 1630 1314 extenuat.
1654 1286 1686 1313 fr.
1707 1289 1746 1313 11.
1767 1287 1799 1313 de
1819 1287 1896 1314 adim.
1918 1287 1995 1324 legat.

1130 1358 1131 1362 ,
1152 1333 1194 1359 31.
1214 1333 1238 1358 4.
1275 1331 1389 1357 Actione
1408 1334 1522 1367 peracta,
1542 1340 1590 1356 seu
1608 1335 1734 1366 peremta,
1752 1330 1843 1363 (tinem
1857 1331 1997 1368 accipere.)

1153 1385 1175 1401 c.
1193 1377 1235 1402 35.
1256 1374 1288 1401 de
1307 1378 1431 1400 transact.
1450 1375 1475 1399 2.
1494 1375 1518 1399 4.
1555 1371 1632 1399 Licet
1653 1372 1750 1399 arbiter
1769 1375 1925 1400 sententiam
1945 1375 1997 1400 iur-

1130 1438 1131 1450 2
1153 1419 1194 1454 gio
1214 1422 1333 1455 peremto
1353 1427 1405 1442 non
1425 1416 1528 1442 dixerit.
1549 1415 1579 1442 fr.
1593 1418 1635 1442 57.
1650 1415 1708 1442 fam.
1723 1417 1815 1443 ercisc.
1830 1418 1870 1443 10.
1883 1418 1908 1443 2.
1928 1416 1998 1443 Con-

1154 1462 1230 1491 stitit,
1249 1460 1358 1486 alteram
1377 1464 1427 1492 (sc.
1442 1459 1640 1495 obligationem)
1654 1459 1685 1485 ab
1700 1459 1779 1485 altera
1793 1461 1894 1497 perimi.
1914 1459 1944 1486 fr.
1957 1461 1998 1487 13.

1130 1502 1131 1511 1
1153 1504 1186 1532 de
1205 1503 1284 1530 duob.
1304 1504 1365 1530 reis.
1384 1504 1426 1528 45.
1445 1504 1470 1528 2.
1490 1502 1520 1528 fr.
1535 1505 1559 1529 5.
1580 1501 1612 1529 de
1631 1502 1749 1529 fideiuss.
1763 1504 1805 1529 46.
1821 1504 1843 1529 1.
1880 1502 1924 1535 Vt,
1939 1513 1998 1530 cum

1131 1573 1132 1579 ,
1154 1547 1278 1574 alterutra
1298 1547 1401 1572 actione
1420 1555 1475 1571 rem
1494 1546 1667 1577 servaverim,
1693 1545 1773 1572 altera
1792 1547 1942 1583 perimatur.
1966 1546 1997 1572 fr.

1153 1593 1194 1618 35.
1214 1591 1280 1624 3.1.
1305 1589 1382 1616 locat.
1404 1590 1443 1615 19.
1463 1590 1487 1614 2.
1524 1588 1716 1625 Exceptionem
1742 1588 1886 1615 voluntatis
1909 1599 1999 1626 perse-

1154 1634 1270 1660 verantia
1290 1632 1345 1659 doli
1368 1631 1541 1669 replicatione
1559 1632 1673 1668 perimit.
1699 1630 1783 1658 Vatic.
1807 1632 1828 1666 3.
1848 1633 1908 1658 294.
1944 1632 1999 1658 Eli-

1130 1692 1131 1709 1
1154 1676 1231 1713 gendi
1251 1675 1401 1702 facultatem
1420 1685 1473 1700 non
1491 1684 1550 1700 esse
1563 1684 1647 1711 poena
1660 1679 1811 1711 peremtam.
1831 1674 1861 1701 fr.
1876 1676 1916 1701 77.
1937 1675 1961 1709 3.
1973 1676 1998 1702 4.

1154 1719 1186 1746 de
1210 1718 1286 1755 legat.
1306 1717 1336 1744 11.
1361 1718 1436 1749 (31.)
1478 1716 1515 1743 Vt
1538 1718 1682 1754 perimatur
1705 1719 1868 1749 communio,
1892 1727 1946 1744 non
1970 1723 1999 1745 ut

1154 1767 1278 1799 augeatur
1302 1760 1445 1788 difficultas
1470 1761 1670 1787 communionis.
1697 1759 1727 1787 sr.
1747 1762 1771 1787 S.
1795 1761 1816 1795 3.
1836 1763 1860 1787 2.
1885 1760 1918 1787 de
1942 1761 1998 1788 reb.

1132 1830 1133 1836 ,
1155 1816 1207 1833 eor.
1228 1815 1272 1842 qu.
1292 1814 1314 1831 S.
1338 1808 1386 1830 tut.
1405 1805 1447 1830 27.
1467 1805 1489 1830 9.
1527 1803 1635 1835 Putant,
1658 1808 1777 1840 peremto
1800 1805 1886 1841 primo
1908 1804 1998 1847 gradu,

1155 1852 1339 1876 testamentum
1364 1847 1395 1873 ab
1421 1856 1451 1873 eo
1476 1846 1557 1883 gradu
1577 1846 1712 1873 exordium
1732 1856 1837 1883 capere.
1861 1847 1931 1874 unde
1949 1852 1998 1874 etc.

1156 1892 1185 1919 sr.
1205 1894 1229 1918 3.
1250 1892 1272 1925 3.
1292 1892 1315 1917 6.
1336 1890 1368 1916 (19
1387 1889 1432 1916 lib.
1453 1894 1479 1916 et
1497 1889 1584 1926 posth.
1600 1891 1642 1915 28.
1661 1891 1685 1915 2.
1722 1888 1851 1926 Legitimo
1871 1891 1927 1916 iure
1945 1891 1999 1923 (ca-

1155 1936 1218 1973 pitis
1237 1934 1429 1965 deminutione)
1447 1937 1576 1970 peretum,
1596 1933 1683 1958 evenit
1702 1938 1730 1959 ut
1749 1937 1798 1959 etc.
1818 1932 1875 1959 Gai.
1895 1932 1937 1959 111.
1956 1934 1997 1959 51.

1156 1978 1187 2005 cl'.
1207 1979 1248 2003 21.
1273 1992 1306 1996 —
1334 1977 1365 2010 §-
1386 1977 1421 2002 2.
1446 1978 1630 2007 Absumere,
1655 1977 1857 2002 Interimere.
1896 1975 1915 2002 I.
1935 1976 1997 2010 Sy.

1155 2021 1319 2051 Iuterficere,
1349 2018 1487 2056 Supplicio
1516 2018 1636 2045 adlicere.
1668 2018 1717 2044 Th.
1743 2018 1774 2044 C.
1799 2018 1842 2044 lx.
1867 2019 1910 2044 42.
1932 2028 1953 2044 c.
1973 2020 1997 2045 9.

1156 2065 1192 2098 33.
1209 2065 1230 2090 1.
1244 2065 1268 2089 3.
1289 2062 1321 2089 de
1341 2062 1401 2088 bon.
1421 2071 1524 2098 proscr.
1561 2061 1659 2093 Perire,
1673 2060 1776 2088 Perimi.
1797 2060 1827 2087 fr.
1841 2062 1864 2086 6.
1879 2059 1911 2086 de
1928 2065 1997 2087 naut.

1156 2107 1223 2134 l'oen.
1243 2108 1285 2132 22.
1304 2107 1329 2131 2.
1366 2104 1408 2130 ΠΙ.
1430 2106 1496 2132 Cn.
1521 2104 1625 2135 Scissa,
1650 2109 1675 2130 et
1701 2104 1806 2135 collisa,
1827 2119 1857 2123 —
1882 2108 1998 2140 peremta

1156 2155 1234 2186 atque
1254 2148 1383 2174 deteriora
1405 2147 1478 2173 facta.
1500 2147 1556 2173 Gai.
1577 2146 1618 2173 111,
1637 2148 1698 2173 217.
1735 2146 1763 2172 Si
1784 2156 1811 2171 ea
1831 2146 1884 2178 (sc.
1905 2147 1998 2179 navis)

1156 2192 1290 2227 naufragio
1311 2195 1425 2227 peremta
1445 2195 1493 2216 est.
1513 2190 1543 2216 fr.
1563 2192 1604 2217 36.
1625 2190 1646 2224 3
1668 2191 1689 2216 1.
1710 2189 1742 2215 dc
1761 2188 1791 2214 R.
1806 2187 1875 2215 1’.6.
1897 2190 1918 2214 1.
1948 2188 1999 2215 Ve-

1157 2245 1233 2266 nenO.
1253 2245 1277 2260 ν.
1298 2233 1478 2260 Clandestinis
1499 2233 1602 2259 insidiis
1622 2232 1756 2269 (perimi.)
1777 2241 1797 2257 c.
1815 2233 1838 2257 9.
1859 2231 1891 2257 dc
1911 2231 1934 2258 11.
1955 2242 1998 2268 qu.

1158 2284 1186 2305 ut
1205 2277 1302 2313 indign.
1323 2278 1346 2302 6.
1366 2278 1407 2302 35.
1446 2276 1594 2303 Facultates
1614 2275 1723 2312 peremti
1742 2274 1825 2307 (lisco
1845 2274 1998 2308 vindicari.)

1134 2321 1135 2325 ¹
1158 2321 1208 2348 Th.
1229 2320 1259 2347 C.
1279 2319 1350 2346 XVI.
1367 2321 1406 2345 10.
1427 2330 1448 2345 c.
1463 2321 1487 2345 4.
1507 2319 1539 2345 de
1557 2328 1647 2355 pagan.

1195 2363 1377 2391 Perinde.
1406 2362 1518 2395 (Advb.)
1547 2363 1665 2395 Aeque.
1686 2362 1860 2386 Similiter.
1898 2359 1916 2386 1.
1936 2361 1999 2394 Sy.

1158 2406 1272 2433 Proinde
1293 2408 1339 2439 (ac
1359 2406 1405 2436 si.)
1435 2404 1491 2431 Gai.
1511 2403 1529 2430 1.
1551 2404 1607 2429 136.
1628 2413 1667 2439 sq.
1691 2404 1746 2428 148.
1767 2402 1797 2429 11.
1816 2404 1858 2429 35.
1878 2404 1920 2429 41.
1940 2404 1998 2430 195.

1159 2450 1219 2487 ΥΙΡ.
1233 2449 1304 2476 XIX.
1323 2450 1360 2474 14.
1399 2448 1489 2483 Quasi.
1509 2445 1620 2472 Perinde
1634 2451 1719 2482 atque.
1740 2446 1796 2472 Gai.
1811 2445 1854 2472 lv.
1870 2447 1910 2471 17.
1930 2445 1960 2472 sr.
1974 2447 1999 2472 6.

1569 2488 1610 2515 111.
1623 2490 1689 2516 Cn.
1708 2488 1821 2514 Perinde.
1839 2489 1925 2514 omnia
1945 2489 2000 2515 iura

1159 2540 1305 2565 serventur,
1325 2544 1353 2559 ac
1373 2534 1395 2559 si
1415 2537 1463 2557 etc.
1485 2532 1514 2558 fr.
1537 2534 1557 2558 l.
1578 2542 1615 2568 pr.
1637 2532 1669 2557 de
1689 2531 1787 2567 adsigu.
1808 2530 1894 2557 libert.
1913 2534 1955 2557 38.
1974 2533 1999 2557 4.

1160 2579 1189 2604 l'r.
1209 2580 1252 2603 44.
1276 2586 1315 2614 pr.
1340 2575 1372 2601 dc.
1395 2575 1479 2601 damn.
1505 2575 1548 2600 inf.
1568 2577 1609 2601 39.
1628 2577 1652 2600 2.
1693 2573 1753 2600 Non
1776 2573 1886 2610 perinde
1909 2583 1999 2600 omnes

1159 2621 1309 2657 provincias
1329 2618 1411 2655 probu-
1431 2628 1520 2653 gerere
1544 2622 1655 2655 poterat.
1680 2616 1710 2642 sr.
1729 2618 1753 2642 2.
1778 2617 1861 2649 3.11.
1882 2616 1913 2642 cf.
1933 2616 1954 2649 3.
1973 2617 1997 2642 9.

1160 2663 1191 2689 dc
1212 2664 1245 2689 O.
1265 2662 1282 2688 1.
1305 2663 1326 2687 1.
1346 2663 1370 2686 2.
1409 2660 1529 2687 Feminae
1555 2671 1586 2687 ex
1605 2659 1634 2686 L.
1654 2659 1703 2685 ΧΠ
1723 2658 1806 2685 Tabb.
1828 2658 1936 2696 perinde
1958 2659 1998 2684 ius

1160 2706 1256 2732 babent
1280 2709 1358 2740 atque
1383 2703 1498 2730 masculi.
1528 2703 1589 2740 Ylp.
1613 2702 1710 2729 XXIX.
1735 2704 1758 2728 5.
1796 2701 1853 2728 Per.
1877 2700 1940 2728 utile
1963 2701 1999 2726 sit

1160 2748 1285 2784 legatum,
1311 2751 1388 2782 atquc
1412 2747 1434 2772 si
1455 2747 1553 2783 optimo
1572 2747 1628 2772 iure
1647 2745 1767 2771 relictum
1787 2748 1864 2771 esset.
1893 2742 1947 2769 Gai.
1968 2742 1997 2769 11.

1164 2793 1219 2817 197.
1251 2789 1312 2826 Ylp.
1336 2789 1433 2816 XXIV.
1458 2791 1532 2815 11.a.
1575 2788 1691 2815 Cavetur
1710 2788 1852 2823 Pegasiano
1871 2784 1898 2811 S.
1909 2784 1940 2811 C.
1965 2801 1996 2804 —

1162 2832 1323 2870 perindeque
1347 2833 1370 2859 ci
1395 2837 1420 2858 et
1443 2833 1469 2858 iu
1493 2841 1551 2858 cum
1572 2847 1602 2852 —-·
1623 2832 1740 2858 actiones
1759 2830 1868 2859 dentur.
1886 2837 1915 2854 ac
1934 2829 1998 2854 iuris
