2197 3121
275 184 318 215 36

276 276 325 303 pro
349 265 443 302 ligneis
468 264 560 297 scalis,
588 264 700 303 lapideis
728 264 853 301 gradibus
875 264 1041 292 fabricandis,
1079 263 1116 291 Ib.

275 308 335 337 XV.
358 311 378 335 l.
400 320 420 336 c.
442 310 482 334 45.
503 308 535 335 de
555 318 616 345 opp.
636 308 698 345 pub.

309 352 543 379 Adsciscere.
589 352 620 385 ξ.
646 352 679 377 l.
722 352 902 383 Adlcibere,
936 352 1117 377 Act-ommo-

275 398 358 422 (ἴση.
395 394 413 421 I.
434 396 495 429 Sy.
523 393 682 425 Adsumvrc,
702 392 849 419 Admitterc
868 394 1003 427 (socium).
1024 393 1054 419 l'r.
1073 395 1115 420 21.

275 448 315 474 sq.
342 437 372 463 fr.
392 439 433 463 63.
454 438 475 471 3.
495 438 519 463 8.
543 447 590 473 pru
611 446 664 462 soc.
691 437 730 462 17.
750 438 774 461 2.

275 490 360 517 nuper
382 480 475 506 adsciti
500 479 678 513 (adiutores).
716 478 766 505 Tb.
792 478 823 505 C.
848 478 915 505 Vlll.
942 481 964 505 l.
989 489 1010 505 c.
1030 482 1055 505 8.
1084 478 1117 505 dc

274 533 403 549 nuincrar.
445 523 486 549 Ad
511 522 598 548 t'ucnm
621 522 767 558 iniquitatis
791 521 936 555 auf-'vudum
959 521 1003 548 lex
1022 537 1055 541 --
1074 522 1117 548 ad-

274 567 340 592 scita
360 571 407 592 est.
437 566 473 592 lb.
492 565 537 591 XI.
556 566 598 591 36.
619 574 639 590 c.
662 566 701 590 15.
726 566 809 600 Quor.
824 574 883 601 app.
904 574 927 590 n.
948 574 1000 590 rvc.
1033 564 1115 591 Suum

274 609 396 637 heredem
417 609 466 635 sibi
487 608 556 634 adse.
577 607 765 642 (adrogando).
795 607 824 633 fr.
839 609 880 633 «10.
900 608 922 641 3.
936 609 960 633 2.
980 607 1014 633 dc
1026 608 1114 645 adopt.

277 655 297 678 1.
319 654 342 678 7.
374 668 405 671 —
437 652 467 684 §-
488 653 523 678 2.
553 653 788 685 bicorpor-are,
813 652 977 677 Addiccre.
1015 650 1033 676 I.
1053 652 1115 685 Sy.

273 695 381 721 Sociarc
401 694 476 726 (fisci
494 694 621 726 viribus).
650 693 700 719 Tb.
720 693 751 719 C.
770 691 842 719 XH.
861 695 884 718 5.
906 703 926 719 c.
946 694 971 719 3.
991 703 1012 719 c.
1033 695 1056 719 Τ.
1075 704 1114 731 pr.
1137 689 1139 696 ⁴

274 738 307 765 dc.
328 738 424 764 bae-ret.
453 752 485 756 —-
515 737 546 770 §.
567 738 604 763 3.
626 738 842 763 Consciscere.
880 735 922 762 111.
938 736 1004 763 οη.
1023 735 1116 763 Adsci-
1138 729 1139 751 3

274 786 314 807 tae
333 782 424 807 mortis
443 780 566 811 obtentu,
591 784 754 816 postremum
773 779 828 805 cius
848 778 973 805 iudicium
992 778 1115 805 convelli.

273 835 294 850 c.
314 826 338 850 2.
363 824 414 859 Qu.
435 827 536 849 testam.
558 822 604 849 sac.
625 832 650 859 p.
670 823 694 848 6.
713 823 754 847 22.

306 866 547 894 Auser-ibere.
585 866 616 898 §.
641 866 675 891 1.
710 866 934 897 Conscribere,
963 866 1115 899 Scriptu-

271 921 326 938 rae
350 912 501 937 adiicere.
538 908 556 934 Ι.
577 909 638 942 Sy.
667 907 798 934 Scribere.
827 906 858 933 sr.
878 909 902 933 4.
921 917 960 944 pr.
981 908 1011 934 fr.
1031 910 1054 934 6.
1075 918 1113 945 pr.
1136 907 1137 912 ¹

272 953 303 980 ss·
325 955 364 979 ¹5-
384 963 423 990 1¹¹²
443 953 480 987 &s
502 954 524 978 Ῑ·
544 961 584 988 S‘I·
605 951 637 977 ὼ)
655 950 685 977 L·
700 950 763 977 (3⁰¹²
783 950 815 977 ‘1⁴⁷'
835 950 891 976 sals·
912 952 953 977 4⁸-
970 953 1008 977 ¹⁰·
1028 950 1057 977 fs·
1071 953 1113 977 22·
1135 944 1138 997 ᾖ
1158 958 1271 984 nexibus
1291 957 1418 984 adstricti.
1444 969 1465 985 c.
1484 960 1525 985 37.
1545 969 1584 995 pr.
1605 958 1638 984 de
1657 959 1738 995 episc.
1759 962 1784 984 ct
1804 957 1864 985 cler.
1885 961 1907 986 l.
1926 961 1951 986 3.

271 996 305 1023 de
324 996 384 1022 don.
404 997 450 1022 int.
472 995 503 1021 V.
522 996 563 1021 24.
586 996 608 1021 l.
644 993 772 1025 inserere,
791 993 921 1020 Adiicere.
945 993 975 1020 sr.
996 995 1019 1019 1.
1039 993 1069 1020 fr.
1088 995 1113 1020 3.

272 1049 310 1077 pr.
331 1040 352 1073 3.
375 1041 396 1066 1.
421 1038 453 1065 (1(-
473 1048 530 1065 ann.
551 1037 626 1074 legat.
650 1038 692 1063 33.
715 1039 736 1063 1.
774 1036 805 1062 Π.
827 1038 894 1070 ΟΡ.
921 1036 1052 1063 Adimerc.
1081 1036 1113 1063 fr.
1134 1049 1136 1057 ⁴

274 1084 312 1109 14.
333 1093 371 1120 pr.
392 1083 414 1116 3.
435 1084 457 1108 l.
484 1081 517 1107 de
536 1080 612 1117 legat.
632 1080 651 1106 I.
671 1080 747 1114 (30.)
784 1079 826 1106 ΠΙ,
848 1081 914 1107 Gn.
942 1080 1013 1106 Dum
1032 1079 1114 1116 quod-

271 1125 330 1151 dam
349 1125 484 1151 morivntis
504 1134 667 1161 supremum,
693 1128 719 1149 et
742 1132 794 1148 non
813 1122 988 1159 adscriptum,
1007 1132 1114 1160 proccs-
1134 1139 1136 1148 ι

270 1169 339 1194 sisse
363 1168 532 1195 confirmatur
555 1167 700 1193 arbitrium.
738 1165 787 1192 Th.
812 1165 843 1192 C.
868 1165 912 1191 IV.
937 1167 961 1191 4.
987 1176 1008 1192 c.
1028 1168 1052 1192 5.
1081 1165 1113 1192 de

270 1216 371 1238 testam.
393 1215 418 1237 et
437 1210 520 1237 codic.
558 1209 659 1236 Nomen
673 1219 749 1236 sunm
762 1208 949 1239 n011adsc1·1h..
969 1219 1059 1235 verum
1077 1213 1113 1234 ta-

269 1264 328 1280 men
340 1255 449 1289 signare.
470 1253 499 1279 fr.
514 1256 555 1279 22.
566 1254 587 1287 3.
602 1255 625 1279 4.
646 1254 698 1288 Qu.
710 1257 769 1278 test.
782 1252 827 1278 sac.
840 1262 864 1288 p.
878 1254 919 1278 28.
932 1254 954 1278 1.
987 1251 1016 1278 Si
1027 1253 1113 1278 omnia

269 1298 374 1323 nomina
388 1297 529 1328 induxerit,
550 1296 720 1333 adscripserit
736 1300 820 1321 autem
834 1300 882 1321 etc.
904 1294 933 1321 fr.
944 1297 968 1321 2.
983 1294 1015 1321 dc
1028 1295 1053 1321 h.
1069 1305 1110 1332 qu.

268 1341 296 1367 in
316 1345 375 1366 test.
394 1342 436 1366 2⁸.
457 1341 479 1366 4.
517 1339 596 1366 Falso
616 1339 666 1365 sibi
686 1338 798 1374 legatum
817 1337 932 1364 adscribi
951 1348 1049 1364 curare.
1080 1338 1110 1364 fr.

268 1384 293 1409 4.
312 1393 351 1420 pr.
372 1382 402 1409 sr.
422 1384 444 1409 6.
464 1393 503 1420 pr.
524 1382 555 1409 cl'.
575 1382 604 1408 sr.
627 1384 648 1408 1.
669 1383 690 1416 3.
712 1383 734 1408 7.
755 1381 787 1408 de
806 1380 835 1407 L.
857 1381 919 1407 Cor.
940 1380 973 1407 de
991 1381 1048 1408 fals.
1068 1382 1110 1408 48.

270 1428 310 1452 10.
349 1426 401 1462 Qui
422 1426 536 1457 tabulas.
556 1426 724 1452 cautionesvc.
743 1424 888 1461 subripuit,
908 1425 934 1450 in
953 1424 1111 1462 adscriptam

268 1480 396 1496 suminam
419 1470 481 1496 furti
505 1470 607 1495 actione
632 1468 771 1495 tenebitur.
808 1467 880 1494 Paul.
906 1467 936 1493 Π.
961 1469 1003 1495 31.
1028 1468 1049 1502 3.
1068 1470 1109 1494 32.

269 1512 444 1539 Conditiones
459 1517 549 1539 contra
563 1512 633 1547 leges
653 1528 685 1532 —
699 1511 741 1538 vel
754 1511 839 1537 bonos
854 1521 940 1537 mores
953 1510 1109 1549 adscriptae.

269 1556 306 1582 Ib.
327 1556 369 1582 III.
389 1558 413 1582 4.
432 1556 462 1582 B.
483 1556 504 1590 3.
524 1558 548 1582 2.
576 1571 609 1575 —
637 1556 669 1589 ξ.
688 1556 723 1581 2.
754 1556 982 1587 Constituere,
1012 1557 1110 1581 Prae-

267 1601 382 1634 cipere.
420 1599 438 1625 1.
458 1600 519 1634 Sy.
551 1599 634 1631 Dare,
654 1597 815 1633 Relinqncrc
835 1597 1110 1631 (fideicommissum).

268 1642 298 1669 fr.
318 1644 342 1669 6.
362 1653 401 1680 pr.
426 1643 491 1676 3.1.
516 1642 546 1668 fr.
567 1644 588 1668 7.
610 1652 649 1679 pr.
675 1641 704 1667 sr.
724 1643 748 1666 ὅ.
768 1641 789 1674 3.
811 1642 833 1666 l.
858 1640 888 1666 fr.
910 1642 949 1666 11.
969 1641 1007 1674 33
1027 1642 1051 1667 7.
1070 1651 1109 1677 sq.
1131 1652 1132 1660 ¹

268 1685 300 1712 de
320 1685 395 1721 legat.
414 1685 456 1712 111.
477 1685 549 1718 (32.)
586 1684 628 1711 111.
644 1686 710 1712 Gn.
739 1683 897 1719 Campaniae
917 1682 1110 1710 Consularibus

269 1728 376 1755 sormam
396 1728 563 1754 inclinationis
583 1727 764 1754 adscribimus
793 1725 843 1752 Th.
858 1725 888 1752 C.
907 1725 952 1752 IX.
971 1727 1013 1753 40,
1032 1737 1053 1753 c.
1070 1729 1108 1753 12.

267 1771 301 1798 de
325 1782 401 1808 poen.
439 1771 589 1798 Secundum
613 1772 665 1806 agri
690 1770 854 1807 opinionem,
881 1779 946 1805 quae
965 1770 1109 1806 antiquitus

268 1814 378 1841 babetur
397 1814 535 1852 adscripta.
564 1814 600 1840 lb.
619 1813 688 1840 xlll.
709 1814 733 1839 7.
752 1823 773 1839 c.
794 1815 817 1838 ὅ.
838 1811 870 1838 dc
888 1811 976 1848 praed.
996 1812 1108 1839 navicul.

269 1857 300 1884 cf.
320 1857 388 1883 XIII.
404 1860 426 1884 5.
448 1869 468 1884 r.
485 1860 523 1884 12.
544 1857 576 1883 de
590 1856 730 1883 navicular.
768 1855 833 1881 Tam
854 1854 941 1886 iudici,
962 1865 1039 1892 quam
1052 1857 1108 1882 cius

268 1900 357 1927 ossii-io
372 1917 404 1920 —
418 1910 507 1937 pare-m
526 1900 648 1925 mulctam
668 1898 867 1925 adscribendam
887 1908 952 1924 csse.
981 1898 1017 1925 Il).
1037 1898 1055 1925 1.
1068 1901 1108 1925 17.

269 1953 290 1970 c.
311 1946 333 1970 1.
354 1943 467 1976 (ch.)
488 1943 519 1969 dc·
537 1943 580 1969 off.
595 1942 646 1968 iud.
667 1943 714 1968 civ.
735 1957 767 1961 -
787 1942 817 1975 §.
832 1942 869 1968 3.
897 1943 1107 1975 Adtribuere,

267 1988 446 2021 Imputare.
480 1986 498 2012 I.
513 1988 574 2020 Sy.
602 1985 740 2022 imputare.
766 1984 795 2010 fr.
810 1986 851 2010 40.
865 1984 886 2018 3.
901 1985 924 2010 4.
945 1983 977 2011 de
991 1985 1106 2011 statulib.

268 2032 309 2055 40.
330 2031 352 2056 7.
390 2029 431 2055 111.
447 2030 512 2057 (711.
539 2029 699 2059 Acstimare,
720 2028 760 2053 cui
780 2027 830 2053 hoc
849 2027 1051 2054 adscribendum
1065 2029 1107 2054 sit.

268 2072 299 2099 sr.
319 2074 359 2098 21.
380 2073 401 2106 3.
421 2075 444 2098 2.
465 2072 497 2098 de
517 2082 574 2109 app.
596 2077 621 2097 et
641 2071 686 2098 rel.
706 2072 746 2097 49.
768 2071 790 2096 1.
827 2070 1002 2096 Adscribatur
1022 2071 1045 2097 ci
1063 2081 1108 2107 pc-

268 2115 386 2142 riculum.
418 2115 447 2141 fr.
468 2116 508 2140 11.
529 2124 566 2151 pr.
592 2114 622 2140 cf.
644 2114 673 2141 sr.
694 2115 733 2140 13.
759 2113 791 2139 ad
809 2114 904 2140 munic.
923 2115 965 2139 50.
985 2115 1008 2139 l.
1046 2113 1108 2140 Cul-

268 2169 317 2195 pac.
342 2169 430 2185 corum
455 2157 657 2184 adscribendum
682 2161 730 2183 est.
769 2156 799 2182 fr.
825 2157 865 2183 14.
894 2155 926 2183 dc
949 2156 994 2183 off.
1018 2156 1107 2183 Praes.

270 2203 291 2227 l.
313 2203 351 2227 18.

303 2244 527 2277 Αᾱεοῐὴῆίο.
565 2245 596 2278 5.
616 2245 650 2271 l.
688 2245 875 2278 Scriptura.
911 2243 928 2270 1.
950 2245 1011 2278 Sy.
1041 2243 1108 2271 Sub-

268 2288 388 2323 signatio.
426 2287 618 2324 Snbsrriptum.
653 2287 682 2313 sr.
707 2288 749 2313 39.
772 2297 811 2324 pr.
841 2286 873 2313 dc
897 2286 929 2313 V.
950 2287 976 2313 S.
1001 2289 1043 2313 50.
1068 2288 1107 2313 16.

270 2330 420 2356 Adnotaiio.
457 2329 504 2356 Tb.
531 2330 561 2356 C.
586 2329 629 2356 Nl.
653 2332 695 2356 25.
722 2340 742 2356 c.
763 2331 787 2356 4.
817 2329 850 2355 dc.
871 2330 953 2366 princ.
974 2335 1056 2365 agent.
1081 2331 1107 2356 in

269 2373 322 2399 reb.
365 2372 407 2399 111.
428 2374 493 2401 Cn.
527 2373 659 2410 Inspicere
683 2377 761 2409 atque
782 2373 909 2410 probare,
939 2383 1039 2410 suaque.
1065 2373 1108 2399 ad-

268 2417 411 2452 scriptione
431 2417 540 2453 signare.
569 2415 605 2441 Ib.
626 2415 644 2442 I.
666 2417 705 2442 16.
726 2426 746 2442 c.
760 2418 784 2442 2.
804 2415 908 2449 (wok.)
928 2415 961 2443 dc
974 2417 1018 2442 off.
1032 2416 1106 2443 Rect.
1128 2436 1130 2446 .

269 2458 310 2484 Pr.
342 2475 374 2478 —
405 2460 436 2492 §.
457 2461 492 2486 2.
522 2460 731 2492 Descriptio,
752 2460 969 2486 constitutio.
1007 2459 1027 2486 1.
1045 2461 1106 2494 Sy.

268 2501 430 2537 Designatio.
468 2502 637 2528 Distributio.
674 2500 710 2527 Ib.
734 2501 779 2527 XI.
805 2503 827 2528 1.
852 2511 873 2527 c.
897 2503 938 2528 26.
964 2512 985 2529 c.
1004 2504 1046 2528 36.
1075 2502 1107 2528 (1(-

269 2554 326 2570 ann.
347 2549 378 2570 ct.
401 2545 489 2571 tribut.
509 2544 554 2571 XI.
576 2545 615 2570 16.
636 2554 656 2570 c.
670 2545 694 2570 3.
713 2554 752 2580 sq.
773 2543 806 2570 do
825 2549 889 2570 extr.
909 2554 930 2571 s.
953 2544 1024 2571 sord.
1056 2545 1108 2571 De-

268 2588 386 2623 scriptio.
416 2587 452 2613 lb.
472 2587 540 2613 VIII.
562 2589 600 2614 ll.
622 2597 642 2614 c.
664 2589 686 2613 1.
705 2597 745 2624 pr.
764 2587 785 2621 3.
805 2588 828 2613 2.
852 2597 884 2614 ne
903 2598 945 2624 qu.
965 2588 1027 2625 pub.
1047 2587 1106 2615 laet.

268 2629 311 2655 111.
331 2630 397 2656 Cn.
431 2629 509 2655 Fides
536 2640 661 2657 censuum
688 2635 714 2656 et
743 2631 887 2656 necessitas
916 2630 1037 2667 publicae.
1065 2631 1108 2657 ad-

268 2673 429 2708 scriptionis
463 2672 563 2699 lb.X1,
587 2676 628 2700 22.
654 2683 675 2699 c.
696 2675 719 2699 5.
750 2683 782 2699 ne
806 2672 892 2699 collat.
919 2673 1034 2700 translat.
1078 2674 1107 2700 In

270 2715 384 2742 censuali
410 2714 587 2751 adscriptione
611 2717 737 2753 profiteri.
773 2715 809 2742 Ib.
835 2715 902 2742 Mll.
928 2717 952 2741 4.
979 2726 999 2742 c.
1020 2718 1043 2742 4.
1074 2716 1107 2742 dc

269 2768 358 2784 cxcus.
379 2757 446 2783 artis.
484 2757 574 2783 Sciant
600 2759 697 2785 nullam
716 2758 767 2785 sibi
788 2759 970 2784 necessitatem
989 2758 1108 2785 indictio-

269 2802 310 2826 nis
330 2801 441 2837 imponi.
467 2800 514 2826 sed
539 2801 615 2827 buius
635 2801 820 2839 adscriptionis
845 2802 1027 2827 necessitatcm
1046 2801 1106 2827 sub-

270 2843 354 2869 latam.
383 2842 419 2869 Ib.
438 2843 483 2869 XI.
505 2845 543 2869 15.
565 2854 584 2870 c.
599 2846 622 2870 2.
643 2844 675 2870 ‹Ic
688 2845 750 2881 pub.
771 2854 883 2882 compar.
920 2843 970 2870 Vel
983 2843 1107 2870 decoctor

816 435 858 462 III.
881 438 946 464 (¹11.
980 435 1070 462 liudes
1090 440 1116 462 et
1138 449 1139 460 ι

1133 1184 1136 1202 ²
1157 1182 1245 1207 iniust.
1267 1185 1335 1218 rupt.
1353 1182 1395 1206 28.
1414 1182 1438 1206 3.
1463 1196 1495 1199 —
1519 1181 1550 1214 §.
1571 1182 1605 1208 2.

1093 181 1188 213 Ans.

1139 267 1141 284 ἲ
1161 265 1288 302 pecuniae
1306 263 1393 301 pub1.‚
1417 263 1460 290 vol
1483 263 1664 291 fraudulentus
1684 265 1710 291 in
1730 264 1953 303 adscriptionibus
1972 266 2002 293 il—

1160 307 1254 339 licitis.
1279 306 1320 333 vel
1345 306 1530 333 immoderatus
1555 309 1581 334 in
1606 309 1749 334 exactione.
1785 307 1822 334 Ib.
1844 308 1902 335 XII.
1929 311 1951 344 1.
1977 319 1998 336 c.

1162 352 1220 376 117.
1245 350 1278 376 dn
1296 349 1429 376 decurion.
1467 349 1562 376 Totius
1581 350 1764 388 capitulariav.
1789 366 1822 370 —
1845 352 1901 377 sive
1921 356 2002 378 temo—

1161 394 1247 419 nariac
1267 392 1409 419 sunctionis
1429 393 1485 419 ficri
1505 393 1624 420 iubemus
1644 398 1777 425 exsortes,
1802 395 1837 420 ita
1860 398 1889 420 ut
1911 404 2002 421 eorum

1162 437 1368 472 uniuscuiusque
1387 435 1531 473 adscriptio
1551 440 1698 463 excusetur.
1735 436 1772 463 lb.
1791 436 1837 463 XI.
1858 438 1898 463 16.
1918 447 1940 463 c.
1960 438 2000 463 14.

1161 478 1194 505 dc
1213 483 1277 505 extr.
1298 488 1318 505 S.
1338 478 1409 505 sord.

1195 529 1482 562 Adscripticius.
1515 530 1654 556 Colonus
1670 531 1784 563 glebae
1802 531 2000 564 adscriptus.

1160 571 1178 598 1.
1205 574 1265 607 Sy.
1306 572 1422 598 Domino
1452 573 1632 609 possessionis
1660 572 1817 609 adscriptus.
1850 583 1871 599 c.
1894 574 1936 599 20.
1968 572 2001 599 de

1161 616 1241 652 cpisc.
1262 620 1287 641 et
1307 614 1367 641 cler.
1389 617 1411 641 l.
1429 616 1453 641 3.
1492 614 1586 652 Capite
1605 617 1729 642 censitus.
1764 615 1854 642 Iulian.
1879 626 1919 652 ep.
1939 625 1999 642 nov.

1160 668 1181 684 c.
1195 660 1238 684 21.
1251 659 1273 692 3.
1288 659 1329 684 79.
1358 657 1400 684 III.
1416 659 1481 686 011.
1512 657 1625 684 Puerum
1644 659 1670 684 in
1689 668 1764 685 suum
1784 658 1927 685 dominium
1945 659 2000 685 viu-

1160 701 1261 729 dicare.
1288 702 1344 727 sive
1367 702 1471 727 nominc
1495 700 1617 733 dominii,
1646 702 1702 727 siv(-
1725 701 1920 738 adscripticiae.
1943 703 2001 728 sive

1160 744 1308 770 colonariae
1329 743 1496 770 conditionis.
1522 754 1543 770 c.
1562 745 1604 770 24.
1625 743 1658 770 de
1677 745 1756 781 episc.
1777 744 1834 771 aud.
1856 746 1878 771 l.
1897 746 1921 771 4.
1950 743 2001 771 Fu·

1159 788 1233 823 gitivi
1253 786 1429 823 adscrimicii,
1449 786 1550 814 coloni.
1570 787 1612 813 vel
1632 787 1760 823 inquilini.
1786 798 1807 814 c.
1827 789 1850 814 6.
1871 787 1903 814 de
1922 788 1999 824 agric.

1161 831 1200 855 ll.
1230 831 1270 855 46.
1317 829 1405 861 Servi.
1434 829 1476 856 vel
1504 829 1592 856 coloni
1620 829 1803 866 adscripticiae
1831 829 1999 856 conditionis.

1159 882 1180 899 c.
1204 873 1241 898 ll.
1262 882 1353 898 comm.
1374 877 1423 898 ntr.
1444 872 1496 898 iud.
1520 874 1543 898 3.
1563 874 1604 899 38.
1626 873 1657 899 cl'.
1678 882 1699 898 c.
1720 874 1761 899 43.
1781 872 1813 899 de
1832 877 1954 899 transact.
1973 875 1999 900 2.

1158 917 1182 942 4.
1219 914 1370 951 Agricolae.
1390 916 1435 951 qui
1455 926 1513 941 cum
1533 920 1621 942 essent
1640 915 1822 952 adscripticiae
1840 916 1999 943 conditionis

1192 1009 1414 1042 Adscriptus
1433 1008 1482 1041 (a,
1504 1018 1579 1036 um.
1616 1008 1732 1041 Partim).
1764 1009 1795 1042 ξ.
1810 1010 1844 1036 1.
1864 1011 1999 1046 Praesi-

1157 1053 1273 1083 uitum,
1294 1053 1525 1078 Constilnlum.
1560 1051 1577 1078 1.
1592 1054 1653 1086 Sy.
1677 1052 1835 1089 Pei-scripta,
1856 1052 1997 1090 Adscripta

1158 1095 1302 1131 (quantitas
1322 1094 1396 1128 cto).
1434 1093 1483 1120 Tb.
1504 1094 1534 1120 C.
1554 1094 1597 1121 VI.
1618 1097 1641 1121 4.
1661 1105 1682 1121 c.
1702 1097 1726 1121 3.
1747 1095 1779 1121 de
1799 1094 1882 1122 Pract.
1903 1100 1928 1122 et
1946 1096 1998 1132 Qu.

1157 1138 1307 1175 Concepta,
1337 1136 1454 1169 Collata,
1482 1136 1624 1175 Adscripta
1651 1138 1810 1171 (conditio).
1846 1138 1876 1165 sr.
1897 1140 1937 1165 16.
1966 1138 1999 1165 de

1635 1183 1865 1213 Adtribntnm,
1886 1183 1998 1208 Incor-

1156 1230 1316 1259 poratum.
1359 1223 1376 1250 I.
1397 1224 1459 1257 Sy.
1495 1223 1570 1250 Missi
1597 1223 1651 1257 (sc.
1676 1225 1759 1255 scrvi,
1788 1223 1819 1249 ad
1843 1223 1997 1258 culturam),

1156 1267 1259 1293 Inducti
1278 1268 1305 1293 in
1325 1266 1472 1304 (prae-dia).
1509 1266 1647 1303 Adsignati
1668 1266 1828 1300 (culturae).
1853 1266 1884 1293 fr.
1903 1268 1945 1294 32.
1964 1267 1998 1294 de

1156 1311 1226 1348 pign.
1245 1312 1287 1336 20.
1308 1311 1330 1336 l.
1367 1309 1532 1341 Adnotatus,
1558 1309 1718 1346 Adscriptus
1739 1309 1908 1344 (censibus).
1946 1309 1996 1337 Th.

1157 1353 1187 1380 C.
1202 1352 1246 1379 XI.
1262 1354 1286 1379 3.
1307 1362 1327 1378 c.
1341 1354 1365 1379 2.
1385 1353 1441 1378 sine
1462 1362 1541 1378 censu
1561 1362 1585 1379 v.
1605 1351 1650 1378 rel.
1677 1363 1698 1379 c.
1714 1354 1753 1379 16.
1768 1363 1789 1379 c.
1802 1355 1844 1379 20.
1864 1352 1896 1379 de
1915 1353 1997 1390 episc.

1156 1401 1181 1423 ct
1200 1396 1262 1423 cler.
1282 1397 1305 1422 1.
1324 1397 1348 1422 3.
1385 1394 1427 1421 ΠΙ.
1448 1396 1509 1423 Gn.
1538 1395 1700 1427 Facultates,
1727 1405 1792 1432 quas
1812 1395 1934 1422 censibus
1955 1395 1998 1422 ad-

1155 1441 1256 1477 scripti,
1275 1438 1318 1465 vel
1337 1439 1387 1465 iuri
1400 1443 1553 1475 patronatus
1567 1439 1679 1465 subiecti
1693 1455 1725 1458 —
1739 1438 1899 1475 relinquunt.
1920 1449 1941 1465 c.
1954 1440 1996 1466 20.

1155 1482 1172 1509 l.
1194 1484 1216 1515 1,
1235 1484 1259 1509 3.
1297 1481 1405 1513 Servus⁷
1426 1482 1470 1518 qui
1490 1482 1642 1508 aestimatus
1656 1481 1764 1508 colona<-
1779 1481 1928 1519 adscriptus
1947 1486 1996 1508 cst.

1154 1525 1184 1552 sr.
1204 1526 1245 1551 54.
1265 1525 1286 1559 3.
1306 1526 1330 1551 2.
1350 1524 1427 1550 locat.
1448 1525 1487 1551 19.
1507 1526 1531 1551 2.
1559 1541 1592 1544 —
1620 1525 1650 1558 §.
1671 1526 1708 1552 3.
1737 1526 1996 1560 Adscripticius.

1131 1588 1133 1598 ,
1154 1568 1196 1594 1Π.
1217 1568 1285 1596 Cn.
1318 1567 1381 1594 Sive
1405 1567 1706 1605 conchyliolcgulorum,
1731 1578 1779 1594 scu
1803 1567 1996 1605 adscriptorum

1154 1612 1292 1648 progenies
1312 1610 1390 1637 suerit
1409 1611 1570 1638 colonorum.
1607 1610 1657 1638 Th.
1678 1610 1708 1638 C.
1728 1611 1761 1637 X.
1785 1612 1827 1637 20.
1852 1620 1873 1637 c.
1895 1612 1935 1637 17.
1963 1609 1997 1637 de

1153 1653 1270 1690 murileg.

1187 1709 1400 1736 Adsectari.

1154 1751 1171 1778 I.
1186 1753 1248 1786 Sy.
1280 1751 1387 1778 Tacitus
1407 1751 1557 1788 frequenter
1575 1752 1658 1788 sequi.
1678 1751 1708 1778 fr.
1730 1754 1769 1777 15.
1789 1752 1881 1785 3319.
1901 1753 1942 1777 22.
1963 1750 1996 1778 de

1153 1795 1229 1821 iniur.
1249 1796 1290 1821 47.
1312 1797 1351 1821 10.
1393 1794 1435 1821 III.
1456 1796 1522 1823 Cn.
1550 1794 1609 1821 Non
1629 1799 1728 1821 tantum
1748 1796 1792 1831 qui
1812 1795 1933 1821 comitem
1952 1793 1996 1820 ab·

1154 1837 1229 1864 duxit
1248 1838 1303 1871 (sc.
1324 1837 1459 1864 matrisam.
1479 1843 1522 1864 aut
1540 1839 1736 1875 praetextato),
1762 1847 1853 1864 verum
1877 1838 1953 1863 ctiam
1971 1837 1996 1863 si

1153 1882 1212 1917 quis
1232 1891 1321 1906 eorum
1341 1890 1417 1917 quem
1430 1880 1626 1917 adpellavissct,
1646 1880 1829 1907 adscctatusve
1843 1885 1891 1906 est.
1911 1879 1941 1906 fr.
1953 1881 1993 1906 15.

1153 1925 1175 1958 ς.
1196 1925 1236 1950 19.
1257 1923 1288 1950 cf.
1308 1924 1345 1958 §§.
1365 1926 1406 1950 22.
1426 1934 1466 1960 sq.
1486 1923 1503 1950 1.
1523 1923 1539 1950 1.
1558 1925 1600 1950 47.
1621 1925 1661 1950 10.
1691 1923 1747 1950 Gai.
1767 1922 1810 1949 111.
1829 1925 1888 1949 220.

1187 1975 1383 2002 Adsensit).
1420 1976 1590 2002 Adsensu&
1627 1974 1669 2000 llI.
1691 1975 1757 2001 Cn.
1780 1973 1815 1999 Et
1833 1974 1856 2000 si
1874 1972 1994 2000 volunta-

1468 1710 1622 1745 l'estigia
1659 1710 1810 1736 alicuius
1843 1718 1995 1743 premere.

1154 2018 1186 2043 tis
1206 2017 1328 2043 adsensio
1348 2017 1477 2053 detegitur
1496 2018 1523 2043 in
1541 2018 1649 2053 virgine.
1687 2015 1736 2042 Th.
1757 2016 1787 2043 C.
1806 2016 1852 2043 ΙΧ.
1870 2018 1912 2043 2-1.
1933 2027 1954 2043 c.
1969 2018 1992 2043 l.

1128 2070 1130 2079 ⁴
1153 2061 1174 2094 3.
1193 2062 1218 2086 2.
1238 2059 1270 2086 de
1289 2064 1365 2096 raptu
1383 2061 1463 2095 virgg.

1186 2111 1389 2137 Adsenfflffl.
1420 2109 1547 2144 (Subst.)
1584 2110 1772 2137 Consensus.
1809 2109 1829 2136 1.
1848 2110 1909 2144 S‘y.
1939 2109 1993 2136 Ad—

1152 2154 1250 2180 sensio.
1287 2152 1324 2179 1b.
1344 2152 1360 2179 l.
1380 2153 1397 2179 l.
1427 2153 1458 2180 cl'.
1478 2152 1509 2179 V.
1530 2154 1570 2179 13.
1596 2162 1616 2178 c.
1635 2154 1677 2179 30.
1703 2152 1815 2187 (ch.)
1852 2152 1991 2185 Voluntas,

1152 2196 1286 2223 Iudicium.
1320 2206 1341 2222 c.
1364 2198 1406 2222 20.
1431 2196 1464 2223 do
1484 2201 1556 2233 nupt.
1580 2197 1604 2222 5.
1623 2197 1647 2222 4.
1689 2194 1731 2221 III.
1758 2197 1824 2223 Cn.
1856 2194 1924 2222 Cum
1947 2195 1992 2222 vel

1152 2240 1361 2276 adlegationibus
1380 2239 1536 2266 refelluntur
1555 2239 1609 2272 (sc.
1629 2237 1801 2271 relationes),
1818 2237 1862 2264 vel
1879 2238 1992 2275 proban-

1153 2288 1194 2309 tur
1213 2283 1335 2309 adsensu.
1371 2282 1407 2308 lb.
1427 2282 1473 2308 XI.
1497 2283 1538 2308 29.
1560 2292 1581 2307 c.
1599 2282 1624 2307 3.
1649 2280 1680 2307 dc
1700 2280 1817 2307 rvlatiun.
1856 2280 1992 2308 Yendibili

1152 2327 1319 2353 conniventia
1338 2325 1457 2352 licentiae
1476 2325 1537 2351 huic
1555 2328 1688 2361 praestare
1707 2323 1854 2350 adsensum.
1887 2323 1925 2351 Ib.
1944 2323 1989 2350 ΙΧ.

1152 2371 1192 2396 40.
1213 2380 1236 2396 c.
1256 2371 1295 2395 15.
1321 2368 1353 2395 dc,
1371 2378 1448 2406 pot-n.
1485 2367 1544 2394 Non
1568 2368 1641 2404 prius
1661 2366 1829 2393 adsinmlami
1847 2375 1990 2393 accommo-

1152 2412 1228 2439 dctur
1246 2412 1374 2438 adsensus
1394 2416 1442 2438 etc.
1478 2410 1515 2437 Ib.
1535 2410 1578 2436 lx.
1597 2412 1622 2436 2.
1643 2420 1664 2436 c.
1683 2411 1707 2436 3.
1728 2410 1760 2436 de
1779 2409 1866 2437 exhib.
1885 2411 1945 2436 reis.

1186 2455 1421 2482 Adsentatio.
1469 2455 1704 2486 Conniaentia,
1734 2455 1904 2480 Adsensue.
1946 2452 1989 2479 III.

1153 2500 1218 2526 Gn.
1252 2498 1281 2525 Si
1305 2499 1347 2524 cui
1369 2497 1494 2524 advorsus
1522 2500 1663 2534 prat-cepta
1690 2511 1723 2516 -—
1750 2497 1864 2522 venienti
1891 2495 1990 2522 aditum

1151 2541 1332 2568 adsentatione
1350 2540 1518 2578 praestiterit.
1554 2539 1591 2565 lb.
1610 2539 1643 2566 Χ.
1662 2540 1688 2565 3.
1707 2549 1728 2566 c.
1748 2540 1774 2565 5.
1796 2538 1829 2565 de
1847 2537 1896 2565 loc.
1915 2538 1988 2565 fund.

1151 2586 1199 2611 iur.
1220 2583 1304 2622 euiph.

1186 2626 1388 2654 Adsentire
1412 2635 1436 2651 v.
1459 2624 1665 2653 Adsentiri.
1703 2626 1878 2662 Adaengum
1894 2633 1988 2658 prae-

1151 2673 1232 2702 bere,
1260 2670 1481 2704 Adstipuluri.
1523 2668 1565 2694 111.
1591 2669 1656 2696 Cn.
1689 2666 1811 2702 Plerique
1839 2668 1987 2704 opinantur.

1152 2728 1184 2732 ——
1204 2713 1299 2748 quibus
1319 2712 1459 2739 adsentior.
1484 2710 1514 2737 sr.
1528 2713 1570 2738 33.
1591 2711 1623 2737 do
1641 2711 1672 2738 R.
1691 2709 1724 2736 N.
1742 2712 1783 2737 23.
1799 2712 1824 2736 2.
1861 2709 1912 2736 Cui
1930 2719 1988 2735 sen-

1151 2757 1246 2782 tcntiae
1265 2754 1463 2782 adsentiendum
1482 2759 1554 2791 puto.
1583 2754 1613 2780 sr.
1634 2755 1672 2780 13.
1692 2754 1714 2787 3.
1728 2755 1752 2780 5.
1773 2753 1805 2779 de
1823 2751 1910 2779 hored.
1925 2753 1986 2778 inst.

1150 2802 1192 2825 28.
1211 2801 1235 2825 5.
1255 2798 1286 2825 cs.
1306 2798 1336 2825 sr.
1355 2800 1379 2824 9.
1399 2798 1421 2831 3.
1440 2800 1464 2824 2.
1489 2798 1521 2824 dc
1541 2803 1594 2835 opt.
1614 2808 1637 2824 v.
1658 2796 1732 2823 elect.
1751 2798 1792 2823 33.
1813 2798 1836 2822 5.
1873 2794 1987 2822 Cuicun-

1151 2853 1201 2879 quc
1220 2843 1257 2869 rei
1283 2841 1472 2873 adsentiamur,
1496 2841 1606 2868 alienam
1629 2840 1708 2867 fidem
1731 2840 1824 2867 secuti.
1854 2838 1886 2865 sr.
1908 2840 1929 2864 l.
1954 2838 1986 2865 de
