2197 3121
951 148 1032 178 HAS
1057 166 1096 171 —
1121 148 1219 179 HER.

219 244 239 259 c.
259 237 282 259 S.
303 233 336 259 de
355 233 456 259 remiss.
476 233 545 270 pign.
562 232 585 257 S.
599 232 640 257 26.
678 230 706 257 In
726 224 862 256 fiscalibus
882 229 1058 261 auctionibus,

218 276 259 302 vel
279 276 362 302 hastis
382 277 492 308 (statuta
511 274 650 311 tempora.)
671 284 691 299 c.
706 275 730 299 4.
751 273 783 300 de
803 273 855 300 fide
875 278 901 299 et
917 274 973 300 iure
992 273 1061 300 hast.

219 321 259 346 10.
279 320 303 345 3.

253 362 415 388 llasfile.
435 362 576 396 Lignum
596 361 720 386 hastae.
739 358 781 385 III.
800 360 865 386 011.
886 357 995 384 Furtum
1008 367 1060 384 non
1082 375 1084 393 ,¹

1082 398 1084 408 ⁵
1105 401 1252 433 cletantem,
1272 412 1295 429 v.
1315 401 1541 436 Heracleotanam]
1568 404 1699 429 civitatem
1725 404 1863 429 transitum
1883 402 1948 429 sace-

217 405 307 436 facies,
327 420 358 424 ——-
379 408 505 440 extraque
524 402 638 429 hastam.
659 402 767 435 hastile,
786 401 868 438 ligna,
888 410 996 437 napum,
1017 411 1060 437 pa-

217 447 321 479 bulum,
342 463 374 466 —-
394 448 416 473 si
441 445 504 483 quid
527 446 564 472 ibi
588 446 721 472 inveneris
745 450 795 472 etc.
814 444 856 471 Fr.
877 443 906 470 L.
927 443 1023 470 Cincii.
1041 443 1060 470 I.

218 489 270 516 Cti.
292 490 342 527 Ap.
362 489 431 516 Gell.
451 488 522 515 XVI.
538 490 563 514 4.

254 532 434 559 naurire.
472 531 502 564 ἓ.
529 533 564 558 l·
601 533 652 558 Ea:
672 532 840 567 profundo
865 532 1060 563 depromere,

217 578 265 602 rel
282 578 419 602 educere.
456 574 500 601 III.
515 575 582 602 Gn.
602 574 705 610 Aquam
723 584 772 611 per
789 577 873 600 rotam
892 571 1010 599 tollenda
1029 583 1062 599 ex

217 618 332 650 flumine,
353 617 396 644 vel
415 617 567 644 haurienda.
589 616 619 644 fr.
638 619 662 643 2.
683 626 775 643 comm.
794 615 884 653 praed.
904 617 963 643 84.
1002 615 1062 642 Ser·
1083 641 1085 648 ,

182 666 186 668 “
217 662 315 687 vitutes
335 671 417 697 aquae
443 660 578 687 ducendae
602 665 628 686 et
651 658 817 686 hauriendae.
843 658 873 685 sr.
895 660 917 685 l.
943 660 1009 693 3.1.
1029 659 1062 685 de
1084 674 1085 694 3

217 704 297 730 fonte.
317 705 358 729 43.
378 705 420 730 22.
440 703 512 730 Paul.
533 703 551 730 I.
573 705 612 729 17.
633 703 654 736 3.
674 704 698 729 2.
739 701 783 728 Ius
802 701 940 728 hauriendi
960 707 985 728 et
1004 701 1063 728 ade-

217 746 288 773 uadi.
308 745 338 772 rr.
358 748 382 772 3.
402 747 423 780 ς.
443 747 467 772 3.
488 745 520 772 de
540 745 568 772 s.
586 745 615 772 P.
635 745 666 772 R.
685 746 709 772 8.
729 746 753 771 3.
785 761 818 764 -
850 745 881 778 §·
898 746 933 772 e.
955 746 1062 772 com-
1084 738 1085 748 ¹

214 799 300 825 gere.
337 789 380 815 HI.
398 790 464 817 Cn.
484 788 513 814 Si
533 798 600 815 nnus
619 797 712 814 servus
733 792 793 814 tuus
812 787 946 814 hausisset
965 792 991 814 et
1004 787 1063 814 abs-

216 831 330 863 tulisset,
352 831 418 858 alter
437 831 581 858 hauriendo
606 830 789 868 deprehensus
812 835 891 857 esset.
917 830 948 857 fr.
971 832 1014 857 35.
1040 831 1062 865 3.

218 877 240 901 1.
261 874 293 901 de
315 874 376 901 furt.
397 876 439 901 47.
458 877 482 900 2.

252 919 434 945 Haustus.
464 917 581 950 (Subst.)
610 917 641 949 §-
659 918 693 943 1.
714 919 853 944 Factum
871 918 1061 949 hauriendi,

216 963 264 988 vel
282 962 476 995 recipiendi.
515 959 558 986 111.
581 961 647 987 Gn.
668 959 722 995 Qui
742 970 818 986 aurae
837 960 982 986 communis
1002 959 1063 985 hau-

216 1009 260 1030 stu
279 1008 305 1030 et
323 1003 391 1030 lucis
410 1003 538 1040 adspectu
557 1002 602 1029 diu
621 1003 717 1039 privati
737 1008 806 1029 sunt.
833 1002 883 1029 Th.
904 1001 935 1029 C.
955 1002 999 1029 ΙΧ.
1019 1004 1061 1029 40.

216 1057 238 1073 0.
258 1049 301 1073 22.
321 1046 354 1073 de
373 1055 450 1083 poen.
484 1062 512 1066 —
546 1046 577 1079 §-
597 1047 633 1072 2.
658 1047 713 1072 Ius
732 1047 911 1073 hauriendi
931 1049 1060 1080 (aquam

215 1092 377 1121 alterins,
398 1099 420 1115 v.
438 1091 630 1123 publicam.)
669 1088 687 1115 I.
705 1090 766 1122 Sy.
786 1089 998 1125 Aquaehaustus.
1020 1088 1061 1115 Cf.

215 1132 242 1158 h.
256 1142 280 1158 v.
301 1132 345 1159 Ius
365 1131 512 1159 hauriendi.
532 1131 576 1158 1115
597 1142 678 1167 aquae
698 1131 863 1158 hauriendae.
884 1131 914 1158 fr.
928 1133 967 1158 10.
987 1131 1020 1158 de
1034 1131 1061 1158 S.

214 1174 243 1201 P.
264 1174 295 1201 V.
315 1176 338 1201 8.
359 1176 384 1200 2.
408 1174 438 1201 sr.
458 1176 482 1201 3.
507 1175 529 1208 3.
554 1176 579 1200 3.
604 1174 637 1200 de
657 1174 683 1200 S.
704 1173 732 1200 P.
752 1174 783 1201 R.
803 1178 827 1201 ὅ.
846 1177 871 1201 3.
897 1174 927 1201 fr.
948 1177 970 1201 l.
995 1175 1017 1209 3.
1039 1176 1060 1201 l.

214 1217 248 1244 de
266 1217 347 1243 sonte.
366 1218 407 1243 43.
427 1219 469 1243 22.
508 1216 550 1243 III.
574 1218 640 1245 Gn.
661 1217 691 1243 Si
712 1228 744 1244 ex
764 1217 871 1244 ssumine
891 1217 998 1254 publico
1018 1228 1061 1255 pe-

214 1261 290 1287 renni
308 1260 404 1287 haustu
427 1259 507 1286 veliin
532 1261 577 1286 uti.
602 1260 632 1286 fr.
659 1262 699 1286 17.
725 1261 747 1294 3.
767 1262 791 1286 4.
819 1260 852 1287 de
871 1271 937 1297 aqua
958 1265 984 1287 et
1002 1271 1061 1297 aqu.

214 1303 249 1340 pl.
268 1304 310 1330 39.
330 1304 354 1329 3.
392 1302 584 1339 Aquaeductus
604 1308 630 1329 et
649 1302 759 1329 haustus
779 1313 868 1340 aquae.
889 1303 919 1330 fr.
939 1306 964 1330 2.
984 1303 1060 1338 33.1.

214 1356 253 1382 sq.
275 1345 307 1372 de
326 1345 353 1372 S.
374 1345 401 1371 P.
422 1345 452 1372 R.
474 1347 497 1372 8.
517 1348 541 1372 3.
588 1345 704 1372 Haustus
732 1356 815 1382 aquae
844 1351 870 1373 et
896 1347 1000 1383 pecoris
1029 1346 1060 1373 ad

214 1399 307 1425 aquam
326 1388 462 1425 adpulsus
482 1388 513 1415 fr.
536 1391 574 1415 14.
595 1389 616 1422 3.
636 1390 660 1415 3.
681 1388 714 1415 de
738 1389 806 1416 alim.
828 1400 851 1416 v.
873 1389 952 1416 cibar.
971 1391 1014 1416 34.
1036 1391 1059 1416 1.
1081 1390 1082 1396 ¹

1080 1461 1081 1471 ¹
1103 1432 1170 1459 VIII.
1191 1434 1214 1459 5.
1235 1443 1256 1459 0.
1277 1434 1318 1459 46.
1339 1433 1371 1460 de
1391 1444 1469 1460 cursu
1489 1434 1551 1471 pub.

214 1431 335 1458 Servitus
355 1431 474 1458 haustus
495 1431 524 1457 fr.
547 1433 570 1457 1.
591 1432 612 1465 3.
632 1433 656 1458 6.
676 1431 709 1458 de
728 1442 794 1469 aqua
814 1437 886 1469 quot..
907 1434 948 1459 43.
967 1435 1011 1459 20.

249 1476 458 1502 Hebetare.
494 1476 668 1501 Enervare.
706 1474 831 1503 111011.
851 1475 881 1502 Si
900 1476 960 1512 quis
980 1477 1059 1502 sacri-

213 1517 270 1553 lega
288 1518 368 1544 vitem
388 1517 454 1544 falce
473 1517 629 1549 succiderit,
653 1523 697 1544 aut
721 1518 845 1544 feracium
869 1528 999 1546 ramorum
1023 1518 1058 1546 se-

214 1565 256 1586 tus
276 1560 447 1586 hebetaverit.
468 1559 517 1587 Th.
539 1560 570 1587 C.
590 1560 658 1586 XIII.
681 1562 720 1586 11.
741 1571 762 1587 c.
784 1563 805 1587 l.
826 1560 858 1587 de
878 1562 1001 1588 censitor.

249 1604 417 1630 Hedera.
454 1605 575 1630 Planta
600 1605 723 1635 virens,
748 1606 923 1631 arboribus
954 1612 982 1632 el
1000 1615 1058 1639 pa-

214 1647 355 1672 rietibus
379 1648 572 1673 adhaerens.
609 1645 652 1672 III.
678 1648 744 1674 Gn.
768 1646 886 1673 llederae
906 1657 1012 1684 quoque
1033 1653 1058 1674 et
1080 1659 1081 1670 1

215 1688 354 1715 arundines
374 1688 496 1722 (arbores
516 1699 568 1715 non
588 1689 655 1716 male
677 1689 820 1721 dicentur.)
842 1689 872 1716 fr.
891 1692 916 1716 3.
937 1691 958 1724 3.
980 1692 1002 1717 l.
1022 1701 1060 1717 ar·
1081 1689 1082 1697 ³

215 1730 272 1757 bor.
292 1730 352 1757 surt.
373 1742 439 1758 caes.
459 1733 501 1757 47.
522 1734 544 1758 7.

253 1775 415 1801 Helena.
477 1776 658 1809 Cognomen
692 1776 799 1811 filiae
839 1777 1060 1803 Constantini

214 1817 291 1850 Imp.
328 1816 371 1842 III.
386 1818 451 1844 Gn.
471 1816 584 1853 Propter
603 1817 694 1855 Crispi
713 1822 791 1854 atque
810 1817 926 1845 Helenae
945 1823 1058 1856 partum,

215 1859 350 1892 (omnibus
369 1859 558 1895 indulgemus.)
577 1860 627 1886 Th.
647 1860 678 1886 C.
698 1860 742 1887 IX.
762 1862 804 1887 38.
825 1871 846 1887 0.
863 1862 885 1887 l.
905 1860 939 1887 de
957 1861 1057 1898 indulg.

215 1912 287 1928 erim.

250 1946 550 1978 Helenopontus‚
577 1956 597 1972 s.
619 1947 935 1979 flellenopontus.
973 1950 1058 1974 Para

213 1994 303 2015 certa
322 1990 436 2020 Ponti,
454 1990 629 2022 provincia
649 1991 831 2023 imperiiR.
852 1989 894 2016 111.
907 1991 972 2017 Cn.
987 1990 1058 2017 Duo-

214 2040 271 2057 rum
290 2030 434 2057 Pontorum
454 2041 521 2057 unus
540 2032 576 2057 sit
594 2031 713 2060 Praeses.
735 2046 765 2050 —
787 2037 812 2058 et
832 2033 981 2059 nominetur
998 2044 1059 2070 pro-

214 2074 299 2099 vincia
318 2073 527 2110 Helenopontus.
552 2074 599 2101 Iul.
626 2085 666 2111 ep.
690 2085 750 2101 nov.
776 2086 797 2101 c.
816 2077 858 2102 27.
879 2076 916 2109 33.
937 2078 977 2103 98.
998 2086 1057 2113 sqq.

214 2115 365 2142 Moderator
384 2116 561 2154 Helenoponti
581 2122 606 2144 et
625 2117 703 2144 Ponti
721 2117 907 2145 Polemoniaci.
927 2118 964 2145 ΙΙ).
979 2129 1001 2145 0.
1014 2122 1056 2146 25.

216 2158 230 2191 3
252 2159 294 2184 96.
314 2169 335 2185 0.
351 2161 407 2186 120.
429 2160 450 2193 3.
464 2162 523 2187 525.
544 2160 585 2187 Cf.
606 2160 667 2186 lust.
688 2160 718 2187 C.
740 2171 761 2187 c.
782 2162 822 2187 10.
842 2161 875 2187 de
894 2161 970 2188 aedis.
989 2163 1056 2199 priv.

216 2204 239 2226 S.
262 2202 300 2226 10.
321 2211 342 2228 c.
363 2204 402 2228 10.
424 2202 456 2229 de
476 2203 581 2239 agricol.
602 2208 628 2229 et
647 2214 717 2229 cens.
740 2205 779 2230 ll.
799 2206 841 2230 47.

252 2243 551 2272 lleliocaminus.
588 2248 693 2272 Lot-us
712 2254 973 2280 connumeratus,
993 2251 1058 2275 soli

216 2287 397 2319 expositus.
426 2288 467 2314 111.
487 2289 554 2316 Un-
573 2288 621 2315 Sin
641 2299 704 2315 vero
723 2288 907 2319 heliocamino.
927 2290 969 2317 vel
989 2291 1057 2317 sola-

216 2329 264 2360 rio,
285 2328 334 2360 (sc.
353 2328 389 2360 id,
409 2331 476 2365 quod
497 2333 613 2368 ponitur,
634 2331 717 2358 solem
731 2331 851 2363 auferat.)
872 2349 900 2353 -
923 2334 983 2370 qnia
1004 2344 1057 2360 um-

217 2371 289 2396 bram
309 2370 370 2397 facit
389 2372 415 2397 111
433 2371 502 2405 loco,
521 2375 562 2400 eui
582 2374 623 2401 sol
640 2374 689 2401 suit
708 2376 874 2401 necessarius
894 2380 942 2402 etc.
963 2376 993 2403 fr.
1015 2378 1056 2403 18.

215 2423 254 2450 pr.
276 2413 308 2440 de
328 2413 356 2440 S.
377 2413 404 2440 P.
424 2414 456 2440 V.
475 2418 498 2442 8.
516 2419 540 2443 2.

252 2457 568 2490 Heliopolitanus.
609 2460 748 2493 (Adiect.)
794 2462 842 2487 Ad
864 2463 1056 2495 Heliopolin

216 2505 380 2532 spectans,
402 2502 547 2534 Aegypti
563 2504 744 2529 civitatem.
782 2503 824 2529 III.
848 2505 913 2531 Gn.
932 2503 1057 2542 Heliopo-

216 2541 294 2567 litana
315 2544 364 2573 (sc.
385 2542 510 2573 colonia.)
531 2553 597 2579 quae
616 2556 628 2570 a
648 2546 683 2572 D.
704 2546 803 2572 Severo
818 2546 968 2574 —Italicae
988 2547 1057 2574 colo-

217 2586 273 2610 niae
294 2594 374 2621 remp.
395 2587 503 2622 accepit.
524 2585 553 2611 [ι’.
570 2588 591 2612 1.
611 2587 632 2619 3.
646 2590 670 2614 2.
691 2588 723 2615 de
737 2590 836 2616 censib.
850 2591 891 2616 50.
906 2592 946 2616 15.
974 2590 1055 2628 Resp.

216 2626 479 2663 Heliopolitanorum.
500 2639 521 2654 c.
541 2630 565 2654 3.
586 2628 638 2664 Qu.
657 2632 753 2666 potior.
773 2633 797 2658 8.
820 2634 858 2659 18.

250 2671 564 2703 Hellenopontus.
602 2671 633 2697 ef.
653 2681 676 2698 v.
697 2672 906 2712 Helenopontus.

249 2714 531 2745 Hellespontus.
558 2715 660 2749 Regio
682 2717 781 2743 Asiae
800 2721 888 2745 eitra
908 2721 1054 2753 Propon-

216 2757 318 2781 tidem.
357 2755 399 2781 III.
414 2757 480 2782 Gn.
495 2755 650 2783 Consularis
670 2756 844 2795 Hellesponti.
864 2761 913 2788 Th.
934 2761 965 2788 C.
980 2761 998 2788 I.
1014 2764 1054 2789 12.

217 2807 238 2823 0.
255 2799 279 2824 5.
299 2797 404 2831 (ch.)
424 2798 457 2825 de
476 2798 519 2825 off.
540 2798 616 2827 Proe.
636 2805 661 2827 et
674 2799 736 2837 Leg.
755 2800 806 2829 Per
823 2803 984 2840 Bithyniam,
1003 2803 1054 2841 Ly-

1888 150 1951 179 413

1081 231 1083 235 ”
1104 229 1180 262 diam,
1200 229 1414 267 Hellespontum,
1439 230 1539 258 insulas
1564 232 1640 258 etiam
1666 236 1714 258 etc.
1742 231 1779 258 lb.
1800 230 1818 257 1.
1838 233 1862 257 6.
1884 242 1904 257 c.
1928 233 1947 257 1.

1105 273 1210 307 (Wek.)
1230 272 1263 300 de
1282 273 1399 300 off.·l'rs.
1420 273 1467 300 Vr.

1140 318 1415 344 Heracleanus.
1440 317 1570 350 (Adieet.)
1600 319 1648 344 Ad
1665 319 1862 344 Heracleam
1882 326 1948 350 spe—

1105 365 1204 385 ctans.
1240 358 1283 385 III.
1307 361 1373 387 (511.
1393 359 1462 386 Cum
1482 377 1512 381 —
1532 370 1580 397 per
1599 359 1785 387 Ileracleanain
1807 359 1849 393 [al.
1870 359 1948 386 Hera-

1105 454 1201 471 remus.
1221 443 1288 471 Nov.
1309 444 1358 472 Th.
1379 445 1408 471 II.
1429 445 1461 471 de
1481 445 1531 472 loc.
1552 447 1615 483 reip.
1636 446 1653 472 l.
1674 448 1716 473 23.
1737 456 1757 473 0.
1779 448 1801 472 1.
1821 456 1860 483 pr.

1142 489 1285 515 Herba.
1323 490 1458 515 Germen
1482 495 1589 515 terrae
1610 491 1719 516 viride
1737 500 1775 516 ar.-
1794 495 1947 516 tenerum.

1105 529 1148 556 ΠΙ.
1170 531 1236 557 Gn.
1265 530 1295 557 Si
1317 529 1402 557 adhuc
1425 531 1490 558 adeo
1514 536 1633 558 tenerum
1657 533 1704 561 sit.
1725 537 1753 558 ut
1772 531 1869 558 herbae
1888 531 1947 557 loco

1106 573 1149 604 sit,
1169 573 1234 605 (non
1254 573 1351 600 debere
1370 573 1472 601 arboris
1496 585 1605 601 numero
1628 575 1741 607 haberi.)
1766 575 1796 601 fr.
1816 576 1840 602 4.
1861 574 1947 601 arbor.

1107 615 1166 642 surt.
1187 626 1254 643 caes.
1268 618 1309 643 47.
1324 618 1347 643 7.
1385 616 1533 649 Frmnenta,
1553 628 1619 655 quae
1633 619 1659 644 in
1672 618 1762 644 herbis
1777 622 1857 649 erant,
1878 618 1949 650 (cum

1106 659 1295 691 vendidisses.)
1315 659 1345 686 fr.
1365 661 1406 686 78.
1426 660 1448 694 3.
1467 662 1492 687 3.
1512 660 1545 687 de
1565 666 1648 687 contr.
1670 666 1728 687 emt.
1746 662 1783 687 18.
1802 663 1824 687 1.
1850 660 1948 686 8111111-

1107 702 1145 728 cis
1164 707 1208 728 aut
1226 702 1316 729 herbis
1336 708 1440 739 segetes
1460 709 1601 741 corruptae
1624 705 1685 730 sint.
1711 704 1740 730 11.
1762 706 1801 730 15.
1826 704 1847 737 3.
1867 705 1892 730 2.
1912 702 1949 729 lo-

1107 750 1155 771 cat.
1177 746 1216 772 19.
1235 747 1260 772 2.
1298 745 1367 772 Sunt
1386 747 1500 783 sagmina
1520 746 1646 784 quaedam
1661 746 1765 778 herbae,
1786 756 1850 783 quas
1870 745 1948 781 legati

1107 787 1135 814 P.
1155 787 1186 814 R.
1206 787 1274 815 ferre
1293 789 1388 816 solent.
1409 789 1439 816 fr.
1460 791 1483 816 8.
1504 789 1569 823 3.1.
1590 789 1622 816 de
1640 789 1672 816 R.
1686 790 1720 816 D.
1743 791 1763 815 1.
1784 790 1808 815 8.

1143 833 1329 859 Herbula.
1367 835 1489 860 Planta
1509 835 1571 860 min
1580 835 1677 859 atio-r.
1714 832 1756 859 III.
1769 833 1835 860 Gn.
1854 831 1948 867 Ligno-

1107 884 1163 900 rum
1188 874 1364 911 adpellatione
1388 876 1415 902 in
1440 876 1597 913 quibusdam
1621 875 1774 913 regionibus
1794 889 1826 893 —
1847 879 1873 900 et
1891 874 1949 900 her-

1084 929 1085 936 *
1106 916 1184 943 bulae
1203 917 1342 953 quaedam,
1360 918 1403 944 vvl
1423 920 1527 956 spinae,
1551 918 1595 945 vel
1618 929 1713 956 vepres
1735 917 1948 945 continebuntur.

1108 959 1137 986 fr.
1157 961 1199 986 55.
1219 960 1241 993 3.
1261 962 1285 986 5.
1306 960 1338 987 de
1357 960 1432 997 legat.
1452 961 1495 988 III.
1516 963 1583 995 (32.)

1142 1003 1382 1031 Hereiscere.
1421 1003 1462 1030 Cf.
1482 1015 1506 1031 v.
1525 1005 1671 1031 Erciscere.

1142 1047 1342 1073 Hercules.
1380 1048 1484 1074 Heras
1512 1049 1694 1079 Thebanus,
1721 1049 1817 1074 cuius
1840 1049 1948 1073 cultus

1105 1091 1337 1116 celeberrimus
1355 1091 1431 1125 fuit
1453 1093 1538 1125 apud
1561 1093 1702 1117 Graecos
1725 1097 1754 1117 et
1778 1092 1947 1117 Romanos.

1105 1131 1148 1158 111.
1169 1133 1236 1159 Cn.
1259 1131 1333 1158 Deos
1357 1132 1469 1159 heredes
1494 1134 1644 1165 instituere,
1664 1149 1696 1152 —
1715 1133 1824 1160 Martem
1843 1133 1869 1158 in
1888 1131 1948 1158 Gal-

1105 1174 1148 1206 lia,
1168 1174 1311 1202 Minervam
1330 1175 1462 1208 Iliensem,
1480 1175 1621 1202 Herculem
1637 1175 1794 1202 Gaditanum
1814 1180 1863 1202 etc.
1883 1174 1945 1211 le.

1104 1217 1189 1244 XXII.
1209 1219 1233 1244 6.

1142 1262 1367 1288 Herculeus.
1399 1261 1529 1295 (Adiect.)
1561 1264 1602 1288 Ab
1622 1263 1763 1288 Hercule
1781 1263 1946 1296 cognomi-

1104 1310 1213 1330 natus.
1249 1303 1293 1330 III.
1318 1305 1384 1332 Gn.
1412 1304 1454 1331 Ad
1478 1305 1608 1331 curiarum
1633 1304 1803 1331 honorarium
1828 1308 1947 1340 patrona-

1104 1351 1168 1378 tum,
1188 1351 1232 1372 aut
1250 1346 1282 1373 ad
1301 1348 1454 1374 societatem
1473 1348 1688 1384 consortiumque
1708 1347 1881 1378 Laurentum,
1904 1352 1948 1373 aut

1102 1389 1135 1416 ad
1159 1389 1280 1416 decuriae
1304 1389 1447 1417 Herculeae
1471 1391 1623 1427 suffragium
1650 1390 1818 1427 (adspirare.)
1843 1389 1894 1416 Th.
1915 1389 1946 1416 C.

1138 1476 1419 1503 nereditarius.
1456 1476 1585 1510 (Adiect.)
1624 1477 1655 1509 §-
1676 1477 1711 1503 1.
1740 1478 1789 1503 Aa
1806 1479 1858 1503 ius
1877 1486 1946 1503 sue-

1101 1520 1233 1546 cedendi
1257 1521 1373 1546 mortis
1397 1530 1512 1551 eausa,
1538 1521 1584 1545 nel
1608 1522 1647 1546 ad
1666 1529 1840 1553 personam
1859 1521 1946 1546 here-

1103 1564 1164 1593 dis,
1184 1568 1343 1596 spectans.
1364 1562 1382 1588 I.
1396 1564 1458 1597 Sy.
1479 1562 1554 1597 Quae
1575 1563 1634 1598 quis
1654 1562 1714 1594 sibi,
1734 1562 1947 1598 haeredibusque

1103 1605 1168 1636 suis,
1188 1605 1335 1631 constituit.
1371 1604 1549 1636 Ilereditaria,
1570 1606 1619 1639 (sc.
1639 1605 1801 1642 sepulchra.)
1820 1605 1850 1632 l'r.
1870 1607 1893 1631 5.
1915 1604 1947 1632 de

1103 1647 1219 1683 religios.
1240 1649 1280 1674 11.
1304 1649 1326 1674 7.
1377 1647 1457 1683 Quod
1477 1649 1541 1674 citra
1560 1658 1656 1674 nomen
1678 1653 1704 1674 et
1723 1649 1763 1674 ius
1783 1647 1888 1674 heredis
1907 1658 1946 1674 ac-

1104 1691 1192 1727 cipere
1216 1700 1268 1716 non
1291 1695 1403 1727 poterat.
1432 1690 1635 1717 Hereditarium.
1660 1690 1690 1717 fr.
1710 1692 1751 1717 20.
1779 1691 1865 1725 331.
1886 1700 1945 1727 51111.

1104 1733 1136 1759 de
1155 1733 1187 1759 A.
1206 1743 1231 1759 v.
1251 1732 1285 1759 O.
1304 1732 1335 1759 H.
1355 1734 1397 1759 29.
1416 1735 1440 1759 2.
1477 1733 1508 1760 ΙΙ.
1535 1735 1602 1767 ΟΡ.
1632 1733 1739 1765 VirileS,
1759 1749 1791 1753 -
1810 1733 1946 1760 Heredita-

1103 1777 1157 1802 riae
1176 1776 1300 1812 (partes.)
1319 1775 1350 1802 fr.
1370 1777 1411 1802 59.
1432 1776 1453 1809 3.
1473 1777 1496 1802 3.
1518 1775 1551 1802 de
1569 1776 1659 1802 hei-ed.
1679 1777 1740 1803 inst.
1759 1778 1801 1803 28.
1816 1779 1839 1803 5.
1860 1776 1889 1803 fr.
1903 1778 1945 1803 32.

1103 1818 1135 1845 de
1154 1818 1224 1855 vulg.
1244 1823 1270 1845 et
1288 1829 1351 1856 pup.
1370 1819 1412 1845 28.
1431 1820 1456 1845 6.
1494 1818 1558 1851 Suo,
1578 1829 1599 1846 5.
1619 1819 1740 1856 Proprie,
1760 1836 1792 1839 -
1811 1819 1946 1846 Heredita-

1103 1862 1142 1888 rio
1162 1862 1239 1895 (iure,
1258 1872 1282 1888 v.
1303 1862 1429 1895 nomine.)
1449 1861 1480 1888 sr.
1501 1864 1541 1888 73.
1562 1862 1594 1888 de
1613 1864 1736 1889 eviction.
1755 1864 1797 1889 21.
1814 1865 1838 1889 2.
1859 1862 1889 1889 fr.
1904 1865 1944 1889 14.

1103 1915 1142 1941 pr.
1163 1904 1193 1931 fr.
1215 1906 1255 1931 15.
1275 1905 1297 1938 3.
1317 1907 1341 1931 3.
1362 1904 1392 1931 fr.
1412 1906 1454 1932 87.
1474 1905 1496 1938 3.
1519 1907 1540 1931 l.
1561 1905 1593 1931 ad
1612 1905 1641 1932 L.
1656 1905 1726 1932 Falc.
1746 1907 1787 1932 35.
1806 1908 1831 1932 2.
1852 1906 1882 1932 fr.
1902 1908 1944 1933 93.

1102 1957 1141 1984 pr.
1162 1946 1194 1973 de
1214 1947 1293 1974 solut.
1313 1948 1355 1974 46.
1374 1949 1398 1974 3.
1436 1947 1478 1974 ΙΠ.
1494 1949 1560 1975 Gn.
1581 1948 1702 1975 Feminae
1716 1948 1874 1975 hereditario
1888 1950 1945 1976 iure

1102 1990 1284 2017 succedentes.
1304 1989 1354 2016 Τ11.
1375 1990 1406 2016 C.
1427 1989 1470 2017 VI.
1491 1993 1514 2017 4.
1536 2001 1556 2017 0.
1578 1993 1618 2017 17.
1638 1990 1671 2017 de
1690 1991 1774 2018 Praet,
1796 1997 1821 2019 et
1841 1992 1893 2028 Qu.
1912 2008 1944 2012 —

1102 2034 1133 2067 ξ.
1148 2034 1184 2059 2.
1199 2035 1246 2059 Aa
1264 2035 1515 2060 universitatem
1535 2036 1686 2061 bonorum
1705 2036 1856 2071 defuncli
1872 2045 1944 2069 per-

1101 2078 1215 2102 tinens.
1252 2075 1271 2102 I.
1295 2077 1356 2110 Sy.
1377 2075 1535 2109 Testatoris,
1556 2087 1577 2103 s.
1593 2077 1729 2109 Defuncti,
1749 2077 1904 2110 (debitores,
1920 2088 1943 2104 v.

1102 2119 1170 2145 bona
1195 2119 1262 2152 etc.)
1294 2118 1351 2145 Gai.
1376 2118 1406 2145 ll.
1430 2121 1471 2146 35.
1498 2121 1555 2147 154.
1580 2130 1619 2156 sq.
1642 2121 1699 2146 163.
1730 2119 1791 2157 le.
1811 2121 1882 2148 XIX.
1903 2123 1942 2147 14.

1102 2162 1275 2193 Hereditatis,
1303 2172 1327 2188 v.
1353 2162 1428 2198 Quae
1451 2163 1477 2188 in
1506 2162 1653 2189 hereditate
1677 2167 1752 2195 sunt,
1780 2163 1943 2190 Hereditaria

1102 2205 1250 2238 (commoda
1271 2205 1333 2237 etc.)
1354 2205 1410 2231 Gai.
1431 2205 1461 2232 II.
1481 2207 1540 2231 226.
1559 2207 1618 2231 254.
1640 2215 1679 2241 sq.
1700 2205 1730 2232 fr.
1751 2208 1790 2232 18.
1812 2207 1862 2242 Qu.
1882 2211 1941 2232 met.

1103 2258 1124 2274 c.
1144 2250 1167 2275 4.
1188 2250 1212 2274 2.
1233 2247 1264 2274 fr.
1283 2250 1325 2274 21.
1345 2248 1410 2282 31.
1432 2248 1464 2275 de
1483 2248 1514 2274 N.
1535 2248 1566 2275 G.
1586 2249 1610 2274 3.
1630 2250 1654 2274 5.
1691 2248 1722 2276 II.
1748 2250 1815 2282 ⁰1²·
1846 2248 1943 2275 Princi-

1101 2290 1174 2328 pale.
1194 2307 1226 2310 -
1245 2290 1438 2317 Hereditarium
1457 2292 1672 2323 (iuramentum.)
1699 2302 1720 2318 c.
1743 2294 1781 2317 12.
1801 2302 1839 2328 pr.
1860 2291 1891 2317 de
1910 2291 1942 2317 R.

1103 2334 1133 2360 C.
1154 2335 1178 2360 4.
1200 2336 1223 2360 1.
1260 2334 1303 2360 111.
1328 2335 1394 2361 011.
1426 2334 1456 2360 Si
1478 2333 1556 2360 heres
1579 2344 1634 2360 rem
1653 2334 1777 2361 defuncto
1797 2333 1942 2360 commoda-

1102 2381 1163 2409 tam,
1183 2393 1215 2396 —
1235 2377 1388 2403 existimans
1415 2387 1470 2402 eam
1495 2387 1554 2403 esse
1574 2376 1770 2408 hereditariam,
1793 2376 1942 2402 vendiderit

1102 2424 1151 2446 etc.
1172 2419 1222 2446 Gai
1249 2419 1279 2446 II.
1300 2421 1342 2445 50.
1368 2418 1399 2445 cf.
1419 2421 1461 2445 52.
1503 2419 1562 2445 Non
1588 2425 1688 2446 tautum
1712 2418 1867 2445 hereditaria
1887 2429 1942 2445 cor·

1101 2472 1175 2500 pora,
1195 2461 1242 2488 sed
1262 2467 1287 2488 et
1307 2472 1373 2498 quae
1392 2472 1444 2488 11011
1464 2467 1526 2489 sunt
1539 2462 1703 2489 hereditaria.
1723 2471 1834 2497 quorum
1856 2466 1942 2488 tamen

1102 2505 1248 2542 periculum
1267 2505 1299 2531 ad
1320 2504 1442 2531 heredem
1468 2507 1589 2542 pertinet.
1615 2505 1644 2531 sr.
1671 2506 1709 2530 19.
1733 2514 1773 2540 pr.
1798 2503 1830 2530 de
1851 2504 1940 2531 hered.

1100 2553 1154 2585 pet.
1174 2550 1197 2574 5.
1217 2550 1241 2574 3.
1280 2547 1347 2574 Cum
1371 2547 1536 2575 debitoribus
1560 2547 1737 2577 hereditariis,
1761 2551 1805 2572 aut
1829 2548 1874 2583 qui
1898 2558 1941 2574 res

1105 2590 1277 2616 hereditarias
1301 2592 1501 2628 occupaverint.
1526 2591 1677 2617 consistere.
1703 2589 1732 2615 fr.
1752 2591 1794 2615 49.
1819 2589 1853 2616 ib.
1873 2592 1896 2616 5.
1915 2592 1940 2617 3.

1101 2633 1198 2659 Debita
1223 2638 1347 2670 pereunt,
1372 2644 1455 2670 eoque
1478 2633 1556 2659 modo
1580 2632 1714 2658 debitores
1735 2632 1885 2659 hereditarii
1904 2633 1940 2659 lu-

1102 2686 1174 2702 crum
1195 2676 1300 2702 faciunt.
1321 2676 1378 2702 Gai.
1399 2676 1485 2702 11.35.
1521 2675 1611 2701 Rebus
1632 2674 1797 2701 hereditariis
1810 2680 1941 2711 tamqnam

1100 2719 1176 2745 heres
1197 2720 1233 2752 (v.
1248 2724 1379 2756 tamquam
1393 2718 1526 2749 dominus)
1546 2718 1591 2744 uti.
1606 2717 1642 2744 Id.
1658 2717 1687 2744 II.
1704 2719 1760 2745 166.
1781 2717 1843 2755 le.
1856 2717 1938 2744 XXII.

1099 2763 1140 2788 26.
1161 2761 1233 2788 Paul.
1253 2761 1297 2788 IV.
1318 2763 1342 2788 8.
1362 2762 1383 2795 3.
1403 2763 1443 2786 25.
1487 2760 1540 2795 Qui
1564 2759 1703 2787 fundorum
1722 2761 1939 2788 hereditariornm

1100 2804 1215 2832 culturas
1234 2806 1403 2840 rationesque
1422 2802 1549 2840 disponit,
1569 2807 1594 2830 et
1614 2805 1658 2841 qui
1670 2805 1755 2831 servis
1774 2803 1937 2831 hereditariis
