2197 3121
276 183 362 214 looS

275 267 442 301 Effectua.
477 264 496 291 1.
517 265 579 298 Sy.
603 262 693 300 Vigor.
714 262 758 290 Cf.
777 262 802 290 h.
822 272 847 290 v.
866 263 888 297 5.
907 264 932 289 2.
951 261 1071 295 Effimtu,
1091 260 1125 288 Vi

275 309 342 345 ipsa.
363 307 392 334 fr.
412 309 454 334 27.
475 307 496 341 5.
516 310 540 333 4.
561 306 593 333 de
612 311 680 344 pact.
700 308 724 332 2.
747 308 786 332 14.
807 305 836 333 fr.
859 308 898 332 10.
919 315 958 343 pr.
978 304 1011 332 de
1031 314 1081 331 usn
1100 309 1125 330 et

276 350 358 377 habit.
379 353 400 377 7.
421 352 445 377 8,
470 350 499 376 fr.
520 351 560 376 45.
580 350 601 383 5.
625 352 645 376 l.
672 349 704 375 ad
723 348 753 376 L.
774 348 842 375 Fato.
861 350 903 375 35.
922 351 946 374 2.
984 348 1062 374 Vires
1082 346 1124 373 ba-

232 424 235 427 ·
277 394 347 420 bero.
367 393 469 420 Valere.
495 392 535 418 Cf.
556 392 581 418 11.
601 402 624 418 v.
645 392 666 426 5.
687 394 714 418 2.
751 391 782 418 II.
804 393 872 425 ΟΡ.
897 390 1059 418 conditione
1082 400 1125 416 ex—

232 461 234 463 .
277 447 379 475 pressa.
393 453 424 456 —
439 436 469 462 ti
488 437 553 472 ipsa.
566 435 604 462 'fr.
627 437 648 462 l.
668 435 725 468 5.1.
745 435 778 461 de
797 434 914 461 statulib.
934 435 1012 460 4117.
1035 432 1124 459 t'ideri
1146 424 1148 444 Ἰ

277 481 351 514 (esse
371 480 432 510 etc.)
453 495 483 499 —
510 478 541 504 Vi
561 479 618 515 ipsa
638 488 705 504 esse.
729 478 760 504 fr.
783 479 804 504 l.
824 477 846 511 5.
865 479 889 504 3.
910 477 942 503 de
967 476 1061 503 interd.
1081 478 1123 502 43.

278 525 302 550 l.
341 523 393 549 Sua
413 523 438 548 vi
463 532 492 547 ac
515 526 648 559 potestate
672 525 802 547 constant.
823 536 855 540 —
879 519 1027 546 Adhibetur
1052 520 1124 546 fictio

277 567 304 593 in
324 567 361 592 eis
381 570 430 591 etc.
456 564 513 590 Gai.
533 563 576 590 IV.
597 565 638 590 10.
663 574 684 591 c.
703 565 745 591 33.
781 563 824 590 III.
845 564 911 591 Cn.
936 562 984 589 Vis
1009 567 1035 589 et
1053 567 1127 600 pote-

278 614 340 636 stas.
361 608 402 635 Cf.
422 618 446 634 v.
467 607 596 634 Potestas.
617 607 654 641 55.
667 608 692 633 2.
706 608 730 632 5.
768 605 896 642 perquam
916 606 1065 632 necessaria
1085 609 1126 631 est

278 653 381 685 (aetio.)
402 656 427 678 et
446 652 486 677 vis
507 651 562 677 eius
582 652 608 677 in
629 660 677 676 usu
697 649 851 686 quotidiano
872 654 919 675 est.
940 648 970 675 fr.
992 651 1013 675 1.
1033 647 1066 674 ad
1085 658 1126 675 ex-

278 695 331 722 bib.
355 696 394 720 10.
412 695 437 720 4.
459 694 489 720 fr.
508 695 550 720 23.
571 693 603 720 de
622 697 690 730 pact.
710 692 763 719 dot.
782 694 824 719 23.
845 693 868 718 4.
907 691 977 718 Cum
996 692 1066 717 vires
1086 701 1127 717 ac·

279 739 344 775 cipit
363 738 477 771 (statuta
497 736 632 768 libertas.)
658 736 688 762 fr.
707 737 749 762 81.
773 736 793 769 5.
814 736 837 762 9.
863 735 895 762 de
915 734 991 771 legat.
1010 734 1029 760 I.
1050 734 1126 767 (30.)

279 781 309 807 Si
328 780 361 807 de
384 780 485 806 viribus
510 780 660 806 testamenti
679 793 713 798 —
733 778 842 805 dicatur.
869 778 899 805 fr.
921 780 961 805 13.
985 778 1023 812 55.
1043 780 1068 803 2.
1087 787 1126 813 sq.

279 823 312 850 ad
331 822 398 850 S.C.
420 822 499 849 Treb.
518 823 560 849 36.
583 824 604 848 1.
625 822 656 848 cf.
677 822 707 849 fr.
727 822 769 848 36.
790 822 811 855 5.
832 823 856 847 4.
877 820 910 847 de
929 820 1005 847 milit.
1025 825 1127 846 testam.

278 869 321 894 29.
342 868 364 892 l.
384 866 414 893 fr.
436 868 493 892 181.
513 865 545 891 de
564 865 594 891 R.
616 865 633 891 1.
653 867 695 891 50.
717 865 756 890 17.
798 863 855 890 Vim
869 864 991 901 aliquam,
1011 879 1043 883 —-
1063 862 1127 889 'Nul-

279 910 319 937 las
338 911 408 936 vires
429 908 558 942 (babere.)
579 907 636 934 Gai.
656 907 674 934 I.
690 908 748 934 192.
769 906 798 933 II.
816 909 872 934 144.
892 907 935 933 111.
951 908 1009 933 140.
1029 905 1128 933 1V.44.

280 952 331 980 Tb.
352 952 383 979 C.
404 952 433 978 lt.
456 954 478 978 1.
500 962 521 978 c.
543 953 564 977 1.
586 950 618 977 de
636 950 727 977 iurisd.
749 950 927 982 Concessum.
948 955 1058 987 propter
1076 950 1127 975 vim

280 996 392 1033 imperii.
413 995 442 1021 fr.
466 996 504 1021 12.
525 994 590 1028 5.1.
612 993 644 1020 de
663 993 741 1020 iudic.
761 995 824 1020 5.1.
863 992 971 1020 Viribus
991 997 1127 1030 praeturae

281 1038 413 1076 compelli.
443 1038 473 1064 fr.
497 1039 520 1064 ⁴2.
542 1047 581 1074 pr.
606 1037 641 1063 ib.
665 1040 689 1063 5.
710 1039 733 1063 l.
758 1052 789 1056 —
818 1037 850 1070 ξ.
871 1038 909 1063 ⁴.
938 1037 1041 1065 sires.
1066 1037 1083 1061 i.
1107 1045 1126 1061 e.

280 1083 456 1109 praesidia
477 1083 632 1115 caiusque
650 1082 705 1107 rei.
743 1079 786 1106 111.
801 1081 868 1107 Cn.
888 1078 928 1105 Ne
947 1094 979 1098 —
999 1077 1077 1104 simul
1092 1078 1128 1103 vi-

281 1126 318 1151 ris
345 1129 370 1150 et
393 1124 494 1150 viribus
520 1124 643 1161 (respub.
665 1123 868 1154 destituantur.)
892 1121 922 1148 fr.
942 1124 965 1148 3.
993 1122 1075 1155 §.15.
1096 1119 1128 1146 de

281 1177 351 1194 mun.
372 1172 397 1193 et
418 1167 477 1193 lion.
497 1169 539 1193 50.
559 1169 583 1193 4.
621 1166 833 1202 Quibuscunque
851 1164 952 1190 viribus
972 1164 1063 1195 fultus,
1084 1164 1128 1189 im-

282 1212 387 1238 mineat.
408 1210 457 1237 Tb.
479 1209 510 1236 C.
530 1208 600 1236 XIII.
623 1211 662 1236 10.
683 1219 704 1235 c.
724 1211 748 1235 5.
768 1208 801 1234 de
820 1217 900 1234 censu
920 1217 940 1234 s.
961 1207 1045 1233 adscr.
1076 1206 1128 1233 Pro

282 1264 368 1281 rerum
396 1253 498 1280 viribus
528 1270 557 1273 —
588 1257 804 1289 comparaturum.
833 1250 869 1277 lb.
888 1250 921 1276 X.
943 1252 981 1277 16.
1007 1260 1028 1277 c.
1051 1251 1071 1276 1.
1097 1249 1129 1276 de

282 1297 340 1324 fisci
360 1297 440 1323 debit.
461 1295 617 1327 Possessio,
643 1296 716 1322 cuius
737 1296 806 1321 vires
826 1293 970 1330 ignorabat.
995 1304 1016 1320 c.
1039 1295 1077 1320 ll.
1098 1292 1130 1319 de

282 1339 371 1378 praed.
393 1345 419 1366 et
438 1338 470 1366 al.
490 1339 546 1366 reb.
565 1340 626 1366 min.
647 1341 671 1364 5.
692 1339 732 1364 71.
754 1354 783 1358 -—
805 1338 836 1371 §.
858 1338 947 1364 4.sp
969 1338 1129 1364 Bonorum

280 1385 464 1418 praesidia.
497 1383 692 1408 Substantia
709 1382 920 1415 patrimonii.
956 1380 976 1406 I.
997 1381 1059 1414 Sy.
1083 1378 1130 1405 Fa-

283 1425 404 1453 cultates.
426 1425 503 1451 vires
523 1424 687 1461 (patrimonii
707 1426 768 1455 etc.)
789 1423 818 1450 fr.
840 1425 880 1449 ll.
901 1423 937 1457 55.
952 1425 975 1449 5.
995 1433 1035 1459 sq.
1056 1422 1087 1449 ad
1101 1422 1130 1449 L.

282 1468 354 1496 Falc.
373 1471 414 1495 35.
434 1470 458 1494 2.
479 1467 509 1493 fr.
528 1468 570 1493 36.
590 1466 622 1493 de
643 1466 704 1493 bon.
729 1466 816 1493 libert.
835 1468 877 1493 38.
897 1468 921 1492 2.
941 1465 971 1493 fr.
991 1468 1032 1492 21.
1053 1465 1085 1492 dc
1105 1475 1132 1492 re

283 1511 336 1538 iud.
356 1513 398 1537 42.
421 1512 442 1537 l.
462 1509 604 1541 Ytitnates.
626 1509 702 1535 Vires
722 1509 814 1542 (fisci.)
835 1509 885 1536 Th.
906 1509 937 1536 C.
953 1508 1019 1536 VIII.
1033 1510 1057 1535 ὃ.
1072 1519 1093 1536 e.
1107 1510 1131 1534 4.

283 1554 317 1581 de
335 1558 452 1581 exsecat.
489 1553 531 1579 111.
547 1554 613 1580 Gn.
633 1552 779 1579 Curiatium
798 1553 877 1584 vires,
898 1552 1019 1579 fortunae
1037 1553 1132 1578 civium

284 1603 333 1625 etc.
353 1597 390 1624 lb.
410 1596 469 1623 XV.
489 1597 512 1622 9.
534 1606 554 1622 c.
574 1597 598 1622 2.
623 1595 656 1622 de
679 1605 787 1632 expens.
808 1595 861 1622 lud.
882 1595 923 1622 Ex
943 1595 1044 1621 viribus
1066 1595 1130 1631 reip.

284 1641 408 1668 tribuere.
432 1639 469 1665 Ib.
489 1638 546 1665 ΧΠ.
566 1641 590 1665 2.
617 1649 637 1665 c.
659 1639 681 1664 1.
707 1638 740 1664 de
759 1638 847 1675 praeb.
869 1637 915 1664 sal.
935 1638 1033 1669 Arcae'²
1059 1642 1084 1664 et
1105 1638 1131 1663 S.

284 1683 465 1719 largitionum,
484 1682 586 1708 viribus
606 1682 745 1715 (sociari.)
770 1681 807 1708 lb.
827 1681 872 1707 XI.
892 1683 933 1707 20.
955 1691 975 1707 c.
996 1682 1019 1707 6.
1040 1691 1078 1718 pr.
1099 1680 1131 1706 de

286 1726 347 1753 coll.
367 1725 454 1751 donat.
471 1725 501 1751 cf.
524 1724 565 1751 VI.
586 1726 610 1751 4.
631 1735 651 1751 c.
674 1726 712 1751 13.
733 1725 754 1758 5.
775 1727 798 1750 4.
819 1723 851 1750 de
872 1723 956 1750 Praei.
977 1728 1002 1749 et
1022 1724 1073 1759 Qu.
1094 1722 1133 1749 Fi-

285 1770 325 1796 sci
344 1768 445 1795 viribus
466 1767 514 1802 [al.
535 1767 651 1802 iuribus]
673 1769 742 1794 necti
763 1772 811 1794 cte.
832 1767 869 1793 lb.
884 1766 938 1794 ΠΙ.
957 1768 995 1793 18.
1016 1776 1037 1792 c.
1059 1768 1080 1792 7.
1096 1776 1133 1802 pr.

285 1822 308 1838 c.
329 1813 369 1838 12.
389 1821 428 1848 pr.
448 1810 480 1836 de
500 1810 596 1837 desert.
617 1810 684 1837 Vlll.
699 1813 722 1837 5.
744 1821 757 1836 c
779 1812 820 1837 47.
840 1811 900 1844 5.1.
921 1809 953 1836 de
973 1819 1051 1836 cursu
1071 1809 1132 1846 pub.

286 1853 354 1881 VIII.
374 1857 398 1880 ὅ.
419 1864 440 1880 c.
461 1856 485 1879 4.
511 1852 543 1879 dc
567 1858 683 1880 exsecut.
722 1853 828 1880 Certum
854 1854 1025 1889 quantitatem
1050 1853 1135 1889 expri-

286 1907 372 1929 mere,
392 1906 439 1934 pro
459 1896 561 1923 viribus
581 1897 739 1933 patrimonii.
765 1896 794 1923 fr.
817 1898 837 1923 1.
862 1897 926 1930 5.1.
952 1895 984 1922 de
1009 1895 1084 1931 legat.
1104 1895 1133 1921 11.

287 1940 356 1973 (31.)
376 1939 408 1965 cf.
428 1938 457 1965 fr.
480 1941 519 1965 15.
539 1949 578 1976 pr.
599 1939 631 1966 de
651 1939 712 1966 don.
733 1940 778 1965 int.
800 1938 831 1966 V.
851 1942 892 1965 24.
915 1941 936 1965 1.
957 1938 987 1965 fr.
1008 1939 1049 1964 43.
1069 1938 1090 1971 5.
1112 1939 1133 1963 1.

288 1982 322 2009 de
347 1981 414 2008 adm.
440 1986 465 2008 et
490 1983 570 2018 peric.
595 1983 637 2008 26.
657 1983 680 2009 7.
718 1981 795 2009 Vires
820 1987 943 2008 excutere
963 1980 1134 2014 (hereditatis

288 2026 352 2057 etc.)
372 2024 402 2052 fr.
416 2026 458 2051 42.
478 2024 563 2051 mand.
580 2026 619 2051 17.
635 2026 657 2051 l.
678 2025 708 2052 fr.
721 2027 763 2052 27.
784 2025 806 2059 5.
821 2027 845 2051 2.
866 2024 898 2051 de
918 2024 1035 2050 fideiuss.
1055 2025 1096 2049 46.
1112 2025 1134 2049 1.

1035 178 1103 210 VIS
1117 197 1156 203 —
1171 178 1258 209 VIT.

1170 266 1210 288 est
1229 265 1278 287 etc.
1298 259 1359 297 Ylp.
1379 259 1422 287 III.
1441 262 1466 287 5.
1503 259 1571 287 Cum
1597 260 1708 288 libertus
1732 271 1762 288 se
1781 261 1844 288 dicit
1863 262 2009 298 ingenuum,

1169 309 1221 330 tam
1241 303 1273 330 de
1293 304 1380 340 operis
1401 303 1523 335 civiliter,
1544 314 1620 340 quam
1641 305 1718 331 etiam
1734 304 1790 340 lege
1803 304 1913 331 Visettia
1927 307 2011 333 crimi-

1172 346 1266 373 naliter
1285 347 1383 383 poterit
1402 348 1544 383 perurgeri.
1566 347 1616 374 Th.
1632 347 1662 374 C.
1677 347 1722 374 lx.
1741 349 1783 374 20.
1803 358 1824 374 c.
1841 349 1862 374 1.
1881 349 1943 374 vict.
1963 350 2010 375 civ.

1169 400 1206 426 ag.
1227 388 1269 416 Cf.
1289 389 1350 415 lust.
1372 388 1404 416 C.
1425 388 1468 416 IX.
1487 391 1530 416 21.
1550 400 1572 416 c.
1593 392 1615 417 1.

1203 432 1347 459 Visere.
1389 434 1504 459 Venire
1527 435 1567 460 ad
1588 435 1762 460 videndum.
1800 433 1843 460 111.
1865 435 1931 462 Cn.
1960 433 2013 460 Vbi

1169 477 1236 502 intra
1261 476 1399 501 secretaria
1425 491 1456 495 ——
1482 476 1575 502 subest
1598 477 1664 502 ratio
1689 475 1805 509 visendi,
1829 476 2013 514 salutandique

1169 518 1278 545 iudices.
1299 517 1350 545 Th.
1370 518 1401 545 C.
1422 517 1464 544 Vl.
1485 520 1506 545 7.
1528 529 1550 545 c.
1573 521 1592 545 1.
1615 518 1647 545 dc
1666 518 1718 546 Prf.
1739 519 1780 546 Pr.

1203 561 1318 588 Visio.
1337 563 1465 596 Species
1484 564 1705 589 tractationis
1723 564 1922 590 examinata.
1943 563 2013 590 Di·-

1169 607 1274 632 cussio
1293 615 1417 632 causae.
1454 603 1472 631 I.
1489 606 1551 639 Sy.
1572 604 1714 642 Inspectio,
1737 605 1905 643 Inspectatio.
1929 605 1959 632 fr.
1971 607 2014 633 25.

1170 648 1192 682 5.
1214 650 1254 674 15.
1274 647 1307 674 de
1326 647 1415 674 hei-ed.
1439 652 1492 684 pet.
1516 650 1540 674 5.
1559 649 1583 674 3.
1607 647 1638 674 fr.
1656 650 1698 674 21.
1723 649 1788 682 5.1.
1814 648 1905 685 depos.
1930 649 1970 675 16.
1989 649 2013 675 3.

1171 690 1201 717 fr.
1223 693 1262 717 12.
1282 690 1304 724 5.
1323 692 1347 718 9.
1368 690 1400 717 de
1420 691 1513 724 captiv.
1533 691 1574 717 49.
1596 692 1636 717 15.
1672 691 1716 718 III.
1737 693 1803 719 Cn.
1827 691 1855 718 In
1879 692 2016 729 proposita

1171 734 1325 770 quaestione
1344 733 1428 760 tribus
1448 733 1596 759 visionibus
1616 733 1714 761 relatis.
1740 734 1768 761 fr.
1788 736 1830 761 25.
1851 735 1934 768 §.15.
1954 734 1970 761 1.
1990 736 2014 761 5.

1171 779 1194 803 3.
1215 776 1366 803 Secundum
1385 775 1451 802 hanc
1465 786 1537 802 suam
1551 776 1757 809 distinctionem,
1777 778 1802 804 in
1817 778 1899 814 prima
1913 778 2016 804 visione

1173 824 1221 846 etc.
1246 819 1275 846 fr.
1295 821 1318 846 8.
1344 820 1366 854 5.
1385 821 1410 846 2.
1435 818 1467 845 ad
1492 819 1559 846 S.C.
1586 818 1654 846 vell.
1680 821 1719 846 16.
1746 821 1768 846 1.
1805 820 2016 847 perfectissimae

1171 863 1289 889 visiones
1308 868 1434 889 veterum.
1455 872 1477 888 c.
1495 863 1519 888 2.
1540 862 1561 896 5.
1580 864 1618 889 14.
1640 862 1672 889 de
1691 867 1742 889 vet.
1763 864 1818 889 iure
1838 862 1922 890 enucl.
1938 865 1960 889 l.
1977 865 2016 890 17.

1172 905 1232 932 Non
1252 907 1286 932 sit
1305 905 1397 932 venale
1416 905 1511 932 iudicis
1531 905 1628 938 velum,
1648 916 1700 932 non
1720 907 1788 932 visio
1807 907 1864 944 ipsa
1884 906 2016 933 Praesidis

1172 959 1230 976 cum
1251 950 1342 985 pretio.
1364 948 1414 976 Th.
1435 948 1465 975 C.
1481 947 1499 974 I.
1521 950 1543 974 7.
1564 959 1585 975 c.
1600 951 1622 975 7.
1643 948 1747 982 (ch.)
1767 949 1799 975 de
1818 950 1862 976 off.
1881 949 1956 976 Rect.
1974 949 2016 976 Pr.

1206 992 1383 1019 Visitare.
1427 993 1663 1024 Frequeneare,
1689 993 1840 1018 Invisere.
1882 992 1925 1019 Ill.
1950 994 2016 1021 Gn.

1149 1061 1150 1069 ἶ
1171 1034 1286 1071 Hospes,
1307 1039 1350 1060 aut
1370 1033 1496 1065 medicus,
1517 1034 1594 1070 quive
1612 1033 1643 1060 ad
1657 1034 1816 1061 visitandum
1828 1034 1962 1062 dominum
1975 1046 2018 1062 ve-

1149 1072 1150 1080 *
1172 1079 1216 1104 nit.
1238 1078 1267 1104 fr.
1287 1079 1329 1103 20.
1350 1076 1479 1113 Quemad.
1499 1077 1589 1102 servit.
1608 1077 1632 1103 8.
1652 1078 1674 1104 6.

1206 1121 1399 1153 Vispellio.
1437 1118 1479 1146 Cf.
1498 1129 1522 1145 v.
1542 1118 1672 1156 Vespillo.

1206 1164 1348 1190 Visum.
1369 1164 1551 1194 Placitum,
1571 1164 1786 1196 Propositum.
1807 1162 1850 1189 III.
1864 1166 1930 1192 Gn.
1950 1164 2018 1191 Cum

1175 1207 1306 1243 agentium
1324 1207 1389 1237 visa,
1410 1216 1442 1232 ex
1462 1206 1566 1241 ingenio
1581 1215 1610 1232 ac
1631 1204 1752 1231 facultate
1766 1205 1879 1238 dicendi.
1899 1213 1942 1234 aut
1961 1217 2019 1245 per—

1174 1250 1240 1276 fecta
1264 1249 1455 1281 deformarent,
1485 1253 1529 1275 aut
1553 1248 1674 1275 inchoata
1698 1248 1864 1285 perficerent.
1894 1249 1977 1277 Vatic.
1997 1251 2018 1284 5.

1172 1294 1233 1319 249.

1208 1336 1330 1362 Visus.
1351 1334 1478 1369 (Subst.)
1503 1337 1691 1370 Adspectua.
1728 1334 1770 1361 111.
1792 1335 1858 1362 Cn.
1878 1334 1957 1366 Visu,
1977 1335 2019 1362 vel

1174 1380 1262 1415 vagitu
1281 1388 1377 1404 novum
1398 1380 1447 1411 (sc.
1468 1377 1546 1404 edere
1566 1378 1690 1415 partum.)
1710 1377 1740 1404 fr.
1762 1379 1819 1404 1:35.
1839 1377 1872 1404 de
1891 1377 1922 1405 V.
1936 1378 1964 1405 S.
1978 1381 2019 1406 50.

1177 1423 1216 1448 16.
1255 1420 1332 1452 Visu.
1358 1427 1436 1458 atque
1456 1431 1505 1448 usu
1525 1422 1563 1448 rei
1582 1421 1766 1455 (aestimare.)
1791 1420 1822 1447 fr.
1841 1422 1883 1448 29.
1903 1421 1968 1455 5.1.
1988 1421 2020 1448 de

1176 1474 1239 1491 auro
1259 1474 1311 1500 arg.
1330 1466 1372 1490 31.
1391 1466 1416 1490 2.

1210 1507 1309 1534 Vita.
1348 1508 1378 1540 ξ.
1393 1508 1427 1534 1.
1449 1509 1547 1534 Actus
1569 1508 1705 1534 vivendi.
1743 1506 1785 1533 111.
1805 1508 1871 1534 Gn.
1890 1506 1934 1533 Ius
1952 1507 2022 1534 vitae

1176 1552 1202 1577 in
1221 1550 1334 1582 liberos,
1354 1552 1479 1587 necisque
1502 1555 1629 1588 potestas
1656 1549 1705 1576 Th.
1732 1549 1762 1576 C.
1782 1549 1825 1576 lV.
1845 1549 1868 1576 8.
1893 1560 1914 1576 c.
1934 1551 1958 1576 6.
1982 1559 2020 1588 pr.

1176 1593 1280 1627 (wok.)
1300 1593 1332 1620 de
1353 1593 1454 1620 liberali
1475 1604 1495 1620 c.
1516 1593 1558 1620 Cf.
1579 1592 1648 1620 Coll.
1671 1592 1722 1619 LL.
1742 1592 1775 1619 Μ.
1791 1592 1835 1619 IV.
1854 1594 1878 1619 8.
1915 1593 2022 1629 Quodsi

1177 1647 1208 1663 ex
1232 1636 1282 1663 hoe
1307 1638 1413 1673 corpori
1438 1636 1562 1668 alicuius⁷
1592 1637 1674 1668 vitae,
1704 1635 1862 1662 membrisve
1886 1641 2019 1663 noceatur.

1177 1679 1249 1706 Paul.
1271 1679 1301 1706 V.
1320 1682 1344 1706 3.
1366 1681 1387 1714 5.
1410 1681 1430 1705 I.
1469 1679 1545 1706 Alius
1566 1680 1658 1710 vitam,
1682 1674 1750 1705 alius
1775 1678 1901 1716 pudorem
1921 1678 2021 1712 (defen-

1154 1750 1156 1763 4
1179 1723 1237 1754 dit.)
1258 1722 1294 1749 Id.
1314 1722 1400 1749 5123.
1422 1723 1442 1756 5
1457 1726 1481 1748 δ.
1503 1723 1555 1758 Qui
1578 1722 1629 1748 fato
1650 1732 1697 1748 suo
1717 1723 1770 1748 vita
1791 1723 1943 1748 excesserit.
1963 1722 2020 1749 Gai.

1179 1766 1221 1793 lv.
1241 1768 1283 1792 sl.
1304 1765 1453 1792 cf.11.244.
1474 1782 1500 1785 -
1525 1766 1554 1798 §-
1570 1766 1604 1791 2.
1626 1767 1724 1791 Ratio
1746 1767 1886 1797 vivendi,
1909 1766 2019 1791 Mores.

1178 1809 1196 1835 l.
1218 1810 1279 1844 ›Sy-
1301 1809 1395 1835 Mores.
1417 1808 1458 1834 Cf.
1480 1818 1503 1834 v.
1524 1808 1589 1834 mos.
1609 1809 1630 1842 5
1653 1809 1674 1834 1.
1712 1807 1754 1834 ΙΙΙ.
1776 1809 1842 1835 Gn.
1861 1807 1889 1834 In
1909 1812 1977 1834 teste
1996 1812 2022 1834 et

1179 1853 1246 1878 vitae
1266 1851 1378 1887 qualitas
1398 1853 1510 1888 spectari
1531 1851 1622 1882 debet,
1649 1856 1673 1877 et
1693 1850 1813 1887 dignitas.
1838 1849 1908 1877 Paul.
1929 1849 1959 1877 V.
1981 1852 2021 1877 15.

1181 1894 1202 1927 5.
1225 1897 1247 1921 1.
1268 1895 1309 1921 Cf.
1330 1894 1376 1920 Iul.
1397 1904 1436 1931 ep.
1457 1904 1517 1921 nov.
1537 1905 1558 1920 c.
1579 1895 1618 1920 83.
1639 1894 1660 1928 5.
1680 1895 1739 1920 324.
1776 1894 1879 1925 Sciens,
1899 1903 1958 1920 euin
1976 1893 2022 1920 hu-

1178 1939 1218 1964 ius
1239 1948 1296 1964 esse
1315 1938 1429 1963 instituti
1450 1942 1474 1964 et
1490 1939 1566 1963 vitae.
1586 1936 1616 1963 fr.
1632 1939 1671 1964 12.
1691 1938 1712 1971 5.
1731 1938 1754 1963 4.
1775 1936 1807 1962 dc
1827 1946 1875 1963 usu
1896 1941 1922 1963 et
1941 1936 2020 1963 habit.

1179 1983 1200 2007 7.
1215 1982 1239 2007 8.
1260 1980 1433 2007 Personarum
1453 1979 1640 2017 contemplatio
1661 1979 1777 2006 habenda
1798 1985 1846 2011 est,
1866 1979 1890 2006 b.
1905 1990 1926 2006 e.
1947 1981 2021 2006 cuius

1178 2025 1246 2050 vitae
1266 2025 1326 2055 sint,
1349 2040 1377 2043 —
1399 2028 1485 2050 utrum
1506 2023 1571 2059 frugi
1592 2025 1668 2053 vitae.
1691 2040 1719 2043 -
1741 2033 1771 2049 an
1791 2023 1930 2059 sequioris.
1947 2022 1977 2049 fr.
1996 2024 2019 2048 8.

326 2068 494 2095 Viscera.
533 2068 563 2101 ξ.
584 2069 619 2094 l.
645 2070 810 2095 Intestina
834 2070 983 2102 corporis
1009 2069 1135 2093 anima·
1155 2067 1157 2081 ¹
1179 2068 1199 2101 5.
1224 2069 1261 2093 11.
1283 2067 1315 2093 de
1336 2071 1457 2092 transart.
1478 2068 1500 2092 2.
1523 2067 1561 2091 15.
1583 2067 1613 2093 cf.
1635 2067 1663 2092 fr.
1681 2068 1719 2092 17.
1739 2066 1776 2099 55.
1794 2068 1818 2092 2.
1839 2068 1861 2091 4.
1883 2065 1915 2092 de
1933 2065 2019 2101 adopt.

288 2114 375 2138 liam.
413 2111 454 2138 111.
471 2113 537 2139 Cn.
557 2110 659 2142 Partus,
680 2116 816 2146 antequam
832 2111 931 2142 edatur,
946 2109 1062 2136 mulieris
1077 2119 1136 2146 por·
1155 2111 1157 2117 ‘
1180 2112 1201 2137 1.
1223 2112 1245 2136 7.
1283 2109 1398 2146 liei-epta
1418 2110 1487 2136 vitae
1507 2111 1626 2141 sanitate.
1647 2109 1677 2135 ad
1693 2109 1777 2135 bonus
1791 2118 1878 2135 mores
1891 2117 2019 2134 reversus.

289 2156 326 2181 tio
347 2159 395 2185 est.
416 2154 457 2180 vel
478 2155 615 2180 viscerum.
637 2153 666 2179 fr.
683 2155 704 2180 1.
725 2154 784 2187 5.1.
805 2154 836 2179 de
851 2155 944 2190 inspic.
965 2158 1034 2178 vent.
1054 2155 1095 2179 25.
1110 2154 1132 2178 4.
1179 2152 1250 2179 Paul.
1271 2152 1312 2178 111.
1333 2153 1385 2178 4Α.
1407 2153 1427 2186 5.
1450 2154 1489 2179 12.
1510 2153 1538 2179 fr.
1559 2155 1600 2179 30.
1621 2162 1659 2189 pr.
1684 2152 1716 2178 de
1740 2152 1815 2178 adim.
1842 2150 1916 2186 legat.
1935 2151 1976 2175 34.
1996 2152 2019 2176 4.

290 2197 340 2224 Th.
361 2197 391 2223 (J.
412 2197 455 2223 11.
476 2201 499 2223 ὅ.
527 2208 547 2223 c.
568 2200 592 2222 4.
613 2196 727 2230 (ch.)
756 2195 787 2222 de
812 2195 912 2222 liberali
939 2207 959 2223 c.
981 2196 1134 2222 Yisceribus
1155 2197 1157 2220 .'
1179 2207 1200 2222 c.
1222 2198 1260 2222 19.
1282 2206 1313 2221 ex
1334 2205 1376 2231 qu.
1392 2206 1412 2221 c.
1433 2195 1476 2221 inf.
1495 2198 1518 2221 2.
1541 2197 1579 2221 1.).
1605 2195 1704 2221 Tenuis
1724 2197 1791 2221 vitae
1811 2194 1936 2220 homines».
1955 2193 1984 2219 fr.
1996 2195 2020 2228 6,

291 2242 346 2267 suis
366 2241 417 2266 vim
439 2240 574 2271 intulisse.
599 2249 650 2275 quo
677 2244 778 2276 partum
804 2239 927 2274 abigeri-t.
954 2240 983 2265 fr.
1004 2242 1028 2266 ὅ.
1054 2239 1133 2266 adt..
1156 2232 1157 2250 l
1180 2240 1200 2273 5.
1221 2241 1244 2264 ἴ).
1265 2238 1297 2264 de
1322 2239 1365 2264 off.
1392 2237 1480 2264 Praes.
1504 2240 1524 2264 l.
1549 2240 1585 2264 115¹.
1624 2238 1688 2264 Post
1711 2238 1859 2275 depositum
1881 2236 2021 2272 cingulum,

291 2284 372 2311 Corn.
402 2283 434 2309 de
464 2284 539 2309 sicar.
568 2284 608 2308 48.
628 2286 652 2308 ὅ.
682 2292 703 2308 c.
722 2284 746 2308 3.
775 2281 807 2308 de
832 2284 978 2318 quaestion.
998 2284 1021 2308 9.
1042 2284 1083 2308 41.
1105 2299 1134 2302 -
1182 2283 1296 2319 privatae
1316 2282 1383 2307 vitae
1403 2281 1530 2307 redditus.
1552 2292 1573 2307 c.
1588 2284 1611 2306 2.
1633 2281 1676 2307 ubi
1696 2280 1728 2307 dc
1747 2280 1864 2306 ratiocin.
1883 2281 1907 2305 3.
1926 2281 1968 2305 21.
1989 2295 2021 2300 —-

292 2342 324 2346 -—-
344 2327 375 2359 ξ.
388 2327 423 2352 2.
445 2328 617 2353 I’enitiora
637 2327 792 2359 cuiusque
811 2327 858 2351 rei
877 2327 1055 2359 praesidia.
1094 2325 1135 2351 111.
1158 2314 1159 2368 ἓ
1182 2326 1213 2358 §.
1233 2326 1269 2351 3.
1296 2327 1443 2358 Spatium
1469 2326 1640 2358 temporis,
1666 2322 1752 2360 (quoii
1775 2324 1890 2358 vigorem
1915 2324 2020 2358 negotii,

292 2370 358 2397 Cn.
379 2369 515 2399 Curialus,
541 2378 636 2394 nervos
662 2378 721 2393 esse
742 2369 804 2404 reip.
826 2378 854 2394 ac
874 2370 975 2395 viscera
996 2369 1137 2394 civitatum.
1159 2370 1160 2385 ἶ
1182 2368 1312 2394 iudiciive.
1333 2367 1546 2397 circumscribit)
1586 2367 1628 2393 111.
1651 2368 1716 2394 Cu.
1744 2365 1801 2402 Ipsa
1821 2369 1870 2398 (sc.
1890 2366 1976 2398 actio)
1994 2367 2020 2392 in

292 2412 362 2439 δον.
382 2412 470 2438 Maior.
492 2411 524 2437 de
544 2410 631 2437 curial.
654 2409 696 2436 IV.
718 2413 740 2437 7.
767 2421 786 2437 c.
810 2412 831 2436 1.
857 2421 893 2447 pr.
915 2410 1032 2437 Publicis
1057 2412 1139 2436 visce-
1159 2417 1160 2424 ³
1183 2411 1227 2436 tali
1247 2412 1314 2437 vitai·
1335 2420 1469 2442 nwnsura,
1496 2411 1521 2436 in
1549 2421 1597 2447 qua
1617 2419 1708 2434 omnes
1729 2407 1880 2445 personales
1903 2409 2020 2434 actiones

293 2455 366 2482 ribus
387 2456 529 2485 imminere.
550 2465 570 2480 s.
590 2453 705 2480 insideri*
725 2453 940 2489 (praedatorem)
961 2453 1138 2480 T11.C.Y111.
1183 2455 1283 2491 positae
1303 2458 1371 2479 sunt.
1398 2463 1418 2479 c.
1438 2456 1461 2479 2.
1483 2463 1521 2490 pr.
1542 2453 1573 2479 dc
1592 2462 1684 2489 pecun.
1706 2456 1789 2478 const.
1809 2453 1833 2477 4.
1854 2453 1894 2477 15.
1914 2461 1936 2477 c.
1957 2453 1978 2477 1.
1998 2452 2019 2485 5.

294 2500 318 2524 5.
339 2508 360 2524 c.
381 2500 421 2524 19.
442 2497 473 2523 de
493 2507 571 2523 cursu
591 2496 652 2534 pub.
673 2495 739 2522 1111.
760 2500 783 2522 ὅ.
804 2507 825 2522 c.
845 2499 869 2523 9.
894 2497 926 2523 de
946 2502 1062 2524 exsecut.
1082 2496 1137 2523 XII.
1159 2511 1161 2533 χ
1183 2499 1205 2522 l.
1226 2497 1257 2522 de
1277 2507 1334 2523 ann.
1355 2506 1409 2523 exe.
1431 2497 1453 2522 7.
1473 2498 1513 2521 40.

298 2543 317 2567 1.
339 2551 360 2567 c.
381 2543 421 2567 45.
443 2540 474 2567 de
495 2540 627 2567 decurion.
1159 2538 1161 2567 i

330 2584 554 2610 Vise-eratio-
602 2585 730 2617 Epulae
757 2584 915 2617 publicae.
962 2582 980 2609 I.
1007 2584 1068 2617 Sy.
1097 2581 1139 2608 Ad
1160 2572 1161 2599 l
1182 2582 1300 2614 clamare.
1321 2588 1347 2609 ut
1367 2583 1499 2608 vitaretur.
1527 2579 1597 2606 Paul.
1619 2579 1647 2606 Y.
1667 2583 1708 2606 253.
1729 2581 1749 2613 5.
1773 2581 1810 2606 12.
1848 2579 1965 2606 Fortuita
1984 2581 2021 2606 in-

297 2626 400 2662 epulum
421 2627 553 2658 (civitatis
573 2626 644 2663 plebi
665 2625 837 2662 relinquere)
863 2625 891 2651 fr.
914 2627 971 2652 122.
997 2636 1034 2663 pr.
1055 2625 1087 2652 de.
1106 2625 1140 2652 lc-
1160 2612 1162 2641 l
1183 2626 1286 2652 cendia.
1310 2642 1338 2646 —-
1365 2635 1422 2651 cum
1443 2625 1516 2650 vitari
1543 2624 1654 2659 possint.
1682 2624 1710 2649 fr.
1730 2627 1770 2649 2¹5.
1790 2623 1871 2656 5.1'.'.
1892 2622 1924 2649 dc
1943 2633 2020 2659 poen.

296 2672 345 2703 gat.
366 2668 383 2693 I.
404 2672 469 2700 (30.)
491 2669 520 2695 fr.
540 2671 580 2695 54.
602 2669 634 2695 de
655 2668 728 2705 legat.
750 2668 791 2695 111.
813 2670 878 2700 (32.)
1160 2644 1162 2698 l
1183 2670 1222 2694 45.
1251 2671 1288 2694 19.
1326 2667 1414 2694 Yitare
1439 2668 1595 2692 sententiam
1616 2667 1750 2703 (suspecti
1775 2665 1894 2698 iudicis.)
1920 2665 1968 2692 Th.
1990 2666 2019 2692 C.

1216 2540 1357 2567 Vitare.
1395 2541 1573 2575 Effugere,
1595 2538 1776 2564 Der-linare.
1813 2536 1854 2563 111.
1874 2537 1939 2564 Cn.
1960 2536 2020 2563 Pro-

334 2710 500 2738 !'iscssian
541 2714 656 2738 Nomen
676 2714 772 2747 legis,
795 2711 915 2744 (Tiberii
935 2711 999 2748 Imp.
1020 2712 1141 2748 tempori·
1161 2703 1162 2745 1
1183 2711 1228 2738 XI.
1248 2714 1289 2737 550.
1311 2721 1331 2737 c.
1351 2713 1391 2736 55.
1413 2720 1450 2746 pr.
1470 2709 1502 2735 de
1521 2709 1579 2746 adp.
1600 2714 1625 2735 et
1645 2719 1720 2745 poen.

298 2754 347 2780 bus
367 2752 454 2784 latae.)
492 2754 532 2780 Ill.
554 2757 619 2782 Cn.
645 2754 736 2781 Militia
757 2756 797 2781 ius
818 2755 961 2790 Quiritium
982 2755 1076 2791 accipit
1095 2754 1141 2780 La-
1162 2766 1163 2790 χ
1220 2754 1404 2780 vitellius.
1442 2753 1471 2786 §-
1493 2754 1527 2779 1.
1555 2754 1599 2778 Ad
1615 2758 1738 2787 grutem
1758 2752 2018 2786 antiquissimam

299 2798 384 2825 tinus.
409 2796 430 2822 si
451 2797 517 2821 imvi-
541 2797 633 2833 vigiles
653 2797 750 2824 Romae
775 2797 810 2824 VI
824 2799 897 2824 annis
922 2797 1084 2828 militaverit.
1110 2807 1141 2823 ex
1162 2797 1163 2836 J
1187 2799 1272 2823 urhis
1293 2799 1407 2823 Romae
1425 2798 1598 2829 pertinens.
1631 2794 1752 2822 111011.
1775 2794 1884 2825 Vindex,
1899 2793 1946 2828 [al.
1961 2792 2020 2820 Vin—

301 2838 328 2865 L.
350 2838 458 2865 Yiscllia
478 2838 521 2871 [al.
544 2839 670 2875 xistum]
693 2840 829 2868 Praeterea
851 2852 882 2867 ex
901 2841 967 2867 SC.
988 2850 1141 2866 concessum
1163 2859 1164 2881 χ
1187 2840 1290 2872 dicius]
1312 2838 1477 2866 Vitelliorum
1497 2848 1602 2869 servus,
1626 2838 1670 2873 qui
1689 2837 1847 2874 proditionis
1866 2836 2020 2863 coniuratio-

1963 2888 2020 2904 nem
