2197 3121
930 146 994 177 1311
1020 165 1058 170 —

202 231 222 257 1.
249 231 311 265 Sy.
336 230 474 257 Praeditus
498 229 597 263 (arte.)
623 239 643 256 e.
663 230 686 255 1.
711 229 732 262 5.
753 229 776 254 5.
797 227 829 254 de
849 238 940 255 comm.
960 239 1037 256 servo

199 283 265 299 man.
286 275 308 300 7.
330 275 353 300 7.
391 273 431 300 III.
444 275 509 301 Cn.
535 272 564 299 Si
584 281 675 298 servos
694 272 844 309 pigneratos
864 272 982 299 artificiis
1001 273 1038 299 in·
1060 296 1061 311 χ

201 317 299 342 struxit
319 316 441 348 creditor,
462 318 484 342 si
504 314 608 352 quidem
628 315 676 340 iam
695 314 810 340 imbutos
830 319 878 341 etc.
898 314 927 341 fr.
944 317 986 341 25.
1006 314 1039 341 de
1060 319 1061 349 ζ

199 359 268 395 pign.
289 364 338 385 act.
360 361 398 385 13.
420 361 442 385 7.
463 358 494 385 cf.
515 357 564 384 Th.
585 356 616 383 C.
636 357 680 383 IX.
700 359 742 383 42.
763 368 783 383 c.
804 359 826 383 7.
847 356 879 383 de
898 357 959 384 bon.
978 367 1039 394 pro·
1060 353 1062 363 ’

200 411 252 427 scr.
290 401 420 433 Colorati,
441 406 467 427 et
487 401 560 438 quasi
579 400 702 437 primitiis
722 401 836 426 omnium
856 400 956 426 imbuti.
978 410 998 426 c.
1014 402 1038 426 2.

200 445 223 478 5.
245 445 284 470 ll.
305 444 337 471 de
356 450 407 471 vet.
428 445 484 470 iure
502 443 586 470 enucl.
616 444 638 468 l.
659 444 698 469 17.
736 442 870 478 lIIysteriiS
889 442 1039 469 christianis

201 487 302 513 imbuti.
323 486 371 514 Th.
394 487 424 514 C.
443 486 512 513 XVI.
533 487 557 512 8.
578 496 598 512 c.
620 487 659 512 19.
680 485 712 512 de
732 485 787 511 Iud.

235 530 399 557 Imfitari.
453 531 647 563 Exemplum
678 529 820 555 alterius
850 529 898 554 rei
926 530 1039 562 expri-

200 582 294 605 mere,
324 583 343 599 s.
370 574 505 609 referre.
542 571 561 598 1.
586 572 646 605 Sy.
675 571 804 597 Obtinere
828 570 913 596 vicem
938 570 1038 607 (legis.)

200 614 298 641 Imitari
316 614 433 651 (legem.)
453 614 509 641 Gai.
528 614 546 640 I.
569 616 592 640 7.
613 614 644 640 cI'.
669 615 706 648 55.
727 615 750 640 9.
771 622 810 649 sq.
830 612 849 639 I.
869 613 901 639 de
920 613 939 639 I.
958 612 990 640 N.
1012 615 1035 639 1.

199 660 224 684 2.
261 658 303 684 III.
324 659 389 686 Cn.
415 657 443 683 Si
468 658 527 694 quis
553 656 664 683 alienum
689 655 889 692 chirographum
914 657 1038 687 imitetur,

200 705 244 727 aut
262 700 388 727 libellum.
408 700 451 727 vel
469 702 584 727 rationes
609 698 760 730 intercidat,
784 698 826 724 vel
846 698 986 725 describat.
1007 698 1038 725 fr.

199 744 241 769 23.
262 743 294 770 (16
312 742 342 769 L.
363 743 442 770 Corn.
464 743 495 770 de
514 743 572 769 sals.
592 743 632 768 48.
653 744 692 769 10.
730 741 767 768 Vt
786 758 818 761 —
838 741 964 779 Princeps
984 743 1038 768 imi-

200 790 269 812 tatus
288 787 324 812 sit
343 787 383 812 ius
403 787 428 812 in
449 796 488 818 eo,
509 787 566 823 (qui
586 790 695 823 propter
714 784 891 811 infirmitatem
911 794 963 810 non
982 789 1039 821 pot-

200 833 241 855 est
259 830 372 861 testari.)
393 829 422 856 sr.
442 831 484 855 43.
504 839 543 866 pr.
564 829 596 855 (16
615 827 684 864 vulg.
705 832 730 854 et
749 838 811 865 pup.
831 828 872 853 48.
888 828 912 853 6,
934 826 965 853 cf.
980 827 1037 853 Gai.

198 870 243 897 lV.
265 873 322 898 111.
360 871 396 898 Vt
415 873 531 898 imitetur
550 873 602 905 (sc.
627 870 752 904 Praetor)
778 870 892 897 edictum
917 880 992 897 suum
1010 870 1040 896 il-

199 913 255 945 lud,
275 924 326 951 quo
347 920 395 941 etc.
416 915 448 941 sr.
467 916 508 941 23.
528 914 550 948 5.
571 916 593 940 1.
614 913 646 940 de
665 912 754 939 hercd.
774 914 834 939 inst.
854 914 896 940 28.
917 915 941 939 5.

234 957 419 985 Imitatio.
456 961 555 985 Actus
574 958 741 983 imitandi.
768 955 810 983 III.
831 957 897 983 Gn.
917 955 1040 982 Adfectio

199 1004 309 1038 paterna
329 1005 355 1027 et
373 1002 490 1027 imitatio.
511 1010 531 1027 c.
551 1001 593 1026 34.
613 999 645 1025 (16
673 998 746 1025 inoff.
766 1003 867 1025 testam.
887 1000 911 1025 3.
930 1000 972 1025 28.
1011 998 1040 1025 Si

200 1043 346 1069 imitatione
365 1053 552 1070 conservorum
571 1041 640 1079 apud
665 1047 789 1068 emtorem
809 1041 869 1068 talis
889 1042 971 1068 sactus
991 1047 1039 1068 est.

200 1085 231 1111 fr.
251 1087 292 1112 25.
313 1086 335 1120 5.
354 1087 378 1113 6.
398 1086 430 1112 de
449 1085 535 1113 Aedil.
556 1085 633 1111 edict.
653 1087 694 1111 21.
716 1086 739 1111 l.
776 1084 853 1111 Dicis
873 1086 962 1121 gratia,
981 1095 1041 1122 pro-

199 1171 263 1204 tur.)
283 1170 339 1197 Gai.
360 1171 390 1197 II.
417 1174 474 1198 103.
501 1173 558 1198 105.
602 1170 644 1197 Ad
668 1171 723 1197 eius
748 1171 797 1204 (sc.
818 1169 909 1203 edicti)
928 1170 1041 1207 regulas,

200 1214 310 1250 eiusque
329 1215 493 1240 coniecturas
513 1219 539 1240 et
558 1214 727 1240 imitationes.
749 1223 769 1239 c.
789 1215 813 1240 2.
833 1213 855 1247 5.
877 1214 916 1240 18.
937 1213 970 1240 de
988 1218 1039 1240 vet.

199 1257 255 1283 Iure
275 1256 359 1283 enucl.
380 1259 403 1283 1.
416 1258 455 1283 17.
493 1256 645 1283 Secundum
659 1257 830 1282 imitationem
844 1256 911 1288 fisci,
929 1256 1042 1282 habeant

199 1315 232 1319 —
252 1301 377 1326 actiones.
397 1310 418 1326 c.
438 1301 462 1326 3.
482 1299 515 1326 de
535 1299 626 1336 quadr.
653 1309 767 1336 praescr.
794 1300 816 1325 7.
835 1300 876 1324 37.
914 1298 1041 1325 Adultera

198 1343 344 1369 imitatione
367 1343 394 1368 in
417 1342 557 1368 vendendo
583 1341 715 1368 subiicere
735 1342 885 1377 (figuratum
904 1341 1040 1375 solidum.)

199 1383 251 1411 Th.
271 1384 302 1411 C.
322 1384 366 1411 IX.
385 1387 428 1411 22.
449 1395 470 1411 c.
492 1387 513 1411 l.
534 1386 557 1411 si
577 1395 618 1421 qu.
638 1384 718 1411 solidi
738 1386 798 1411 circ.

234 1428 424 1455 Imitator.
444 1423 638 1459 Falsarius‘,
658 1429 890 1455 Adulteratur.
910 1427 953 1454 III.
974 1429 1040 1456 Gn.

199 1469 275 1497 Sacri
299 1471 352 1497 oris
378 1471 505 1501 imitator,
530 1475 555 1497 et
579 1469 727 1497 divinorum
750 1470 870 1497 vultuum
898 1471 1040 1508 adpetitor.

199 1512 236 1540 lb.
257 1513 301 1540 lx.
321 1514 363 1539 38.
384 1524 405 1540 c.
425 1515 448 1540 6.
470 1513 502 1540 de
520 1513 618 1549 indulg.
639 1515 710 1540 crim.

236 1557 434 1583 Immanis.
473 1556 602 1590 (Adiect.)
640 1557 670 1590 §.
686 1558 720 1584 1.
741 1559 858 1588 Ferus,
878 1558 1040 1584 Crudelis.

200 1598 243 1625 III.
269 1600 334 1627 Cn.
360 1598 474 1625 Saevitia
499 1600 649 1626 immanium
674 1599 853 1626 barbarorum.
874 1599 923 1626 Th.
944 1599 975 1627 C.
994 1600 1040 1626 IX.

202 1643 242 1667 12.
262 1652 283 1668 c.
303 1644 326 1668 1.
348 1642 380 1668 (16
400 1641 500 1668 emend.
520 1652 588 1668 serv.
614 1658 646 1661 —
672 1643 703 1676 ᾖ.
729 1644 765 1669 2.
787 1645 919 1678 Ingens,
938 1645 1041 1670 Enor-

201 1686 268 1710 mis.
305 1684 347 1711 III.
368 1686 435 1712 Cn.
455 1684 576 1711 Immania
595 1684 666 1711 lucra
687 1687 789 1712 sectari.
810 1696 832 1712 c.
852 1687 876 1712 9.
898 1685 930 1712 de
949 1685 1041 1712 cohor-

201 1726 245 1752 tal.
266 1728 305 1753 12.
324 1728 365 1753 58.
386 1727 417 1753 cf.
439 1727 487 1754 Th.
508 1726 539 1754 C.
559 1726 616 1754 VII.
638 1729 678 1754 13.
699 1738 719 1754 c.
740 1730 763 1754 7.
783 1738 822 1765 pr.
843 1727 875 1754 de
894 1729 972 1754 tiron.
992 1728 1041 1754 Im-

201 1770 350 1795 manissima
369 1771 483 1807 opprimi
501 1769 570 1796 mole
589 1770 760 1807 reliquorum.
787 1770 824 1797 lb.
844 1770 875 1797 V.
897 1773 938 1797 13.
958 1782 979 1797 6.
999 1773 1040 1797 31.

201 1811 306 1845 (ch.)
326 1811 468 1848 Sacrilegia
491 1814 685 1839 immanissima.
711 1824 731 1840 c.
751 1815 776 1840 8.
801 1814 823 1847 5.
843 1816 867 1840 5.
891 1813 923 1840 de
942 1813 1040 1840 haeret.

203 1855 226 1881 l.
250 1856 273 1880 5.

238 1897 477 1924 Immanstas.
513 1900 664 1933 Eeritax,
694 1898 859 1926 Saevitia.
902 1898 944 1925 III.
974 1900 1040 1928 Gn.

201 1939 358 1966 Barbaricae
382 1941 548 1967 immanitatis
573 1942 631 1967 ritu.
659 1941 728 1968 Coll.
756 1940 808 1968 LL.
828 1941 862 1968 M.
882 1941 925 1969 VI.
944 1945 968 1969 4.
1006 1942 1042 1970 Vt

202 1982 294 2019 flagitii
312 1984 400 2019 poscit
419 1984 572 2010 immanitas
601 1984 638 2010 lb.
659 1984 690 2011 V.
709 1987 733 2011 3.
771 1984 822 2011 Pro
842 1985 978 2012 criminum
996 1987 1042 2013 im-

202 2026 325 2052 manitate
344 2025 467 2052 damnari.
492 2026 542 2053 Th.
568 2026 599 2053 C.
619 2026 664 2053 IX.
685 2029 726 2053 40.
752 2037 772 2054 c.
794 2028 833 2054 16.
853 2038 892 2064 pr.
912 2028 944 2055 de
963 2039 1040 2066 poen.

204 2067 235 2094 cf.
255 2067 285 2095 fr.
306 2069 346 2094 13.
367 2078 407 2104 sq.
432 2068 464 2095 de
489 2069 532 2095 off.
555 2068 643 2096 Praes.
666 2071 688 2096 l.
711 2071 752 2097 18.
788 2069 849 2097 Pari
868 2070 977 2098 sceleris
996 2073 1041 2098 im-

203 2112 325 2138 manitate
349 2111 479 2138 damnare.
510 2111 559 2139 Th.
584 2112 615 2139 C.
640 2112 684 2139 XI.
708 2114 750 2140 36.
775 2124 796 2140 c.
816 2115 839 2139 4.
866 2111 961 2150 'Quon
981 2125 1039 2152 app.

204 2162 230 2179 n.
248 2163 298 2180 rec.

240 2197 484 2225 Immaturus.
527 2197 664 2231 (Adiect.)
712 2200 855 2226 Nondum
878 2206 1040 2232 maturus,

206 2239 463 2273 Intempestivus.
490 2240 508 2267 I.
524 2242 586 2275 Sy.
606 2240 800 2278 Intempestive,
819 2242 956 2268 Immatura
975 2244 1042 2275 (cae-

206 2290 243 2310 sa,
263 2291 299 2307 sc.
320 2281 405 2315 silva.)
431 2283 461 2310 fr.
481 2285 522 2310 48.
547 2285 569 2318 5.
591 2285 613 2310 l.
639 2283 671 2310 (16
695 2284 775 2311 usufr.
802 2286 824 2311 7.
846 2287 867 2311 1.
892 2284 922 2311 fr.
943 2286 983 2312 18.
1002 2296 1041 2323 pr.
1063 2279 1065 2310 l

207 2323 259 2358 Qu.
280 2325 305 2349 vi
325 2329 368 2350 aut
387 2325 418 2351 cl.
437 2327 478 2352 43.
496 2328 537 2353 24.
576 2326 699 2353 Nondum
716 2328 870 2364 viripotenS.
889 2328 959 2355 Ante
977 2334 1042 2355 aeta-

207 2371 260 2392 tem
279 2371 367 2402 nupta.
387 2366 522 2395 Immatura
542 2370 648 2405 (virgo.)
674 2370 704 2396 fr.
724 2371 764 2397 32.
790 2371 811 2403 5.
834 2372 874 2396 27.
899 2370 930 2397 sr.
949 2372 989 2398 65.
1010 2372 1042 2398 de.

208 2408 268 2435 (lon.
287 2410 333 2435 int.
353 2408 385 2435 V.
404 2411 445 2436 24.
467 2413 488 2437 1.
507 2412 537 2438 fr.
558 2414 597 2438 13.
618 2413 639 2445 5.
654 2414 677 2439 8.
699 2413 730 2439 ad
743 2412 772 2439 L.
787 2412 833 2439 lul.
854 2413 886 2439 dc
905 2413 985 2440 adult.
1000 2416 1040 2440 48.

207 2454 231 2477 5.
252 2450 281 2477 fr.
301 2453 342 2477 38.
367 2452 389 2485 5.
409 2453 431 2478 3.
453 2452 484 2479 (16
505 2464 582 2490 poen.
606 2457 645 2481 48.
672 2457 711 2482 19.
748 2455 790 2482 IIJ.
816 2457 881 2483 (7η.
906 2456 973 2483 Olea
996 2458 1041 2484 im-

208 2500 306 2520 matura
326 2494 400 2522 lecta.
420 2495 482 2520 item
501 2495 604 2523 foenum
627 2499 791 2525 immaturum
818 2509 929 2525 caesum.
949 2499 979 2525 fr.
999 2502 1040 2527 48.
1063 2496 1064 2506 ¹

208 2538 230 2571 5.
252 2539 273 2562 1.
294 2536 326 2562 ef.
346 2536 375 2563 sr.
395 2539 436 2563 27.
456 2547 495 2574 pr.
519 2538 551 2564 de
574 2540 654 2567 ususr.
679 2543 701 2567 7.
724 2543 744 2567 l.
769 2541 800 2567 fr.
826 2543 867 2567 42.
893 2541 924 2568 de
948 2552 997 2569 usu
1017 2548 1042 2569 et

209 2580 288 2606 usul'r.
310 2579 358 2615 leg.
377 2581 418 2606 33.
438 2582 461 2606 2.
499 2580 552 2616 Qui
572 2582 690 2610 ancillam
709 2584 831 2613 alienam.
851 2586 977 2620 virginem
996 2587 1041 2612 im-

208 2627 342 2649 maturam.
363 2625 516 2660 corruperit.
536 2623 608 2650 Paul.
625 2624 643 2651 I.
664 2627 702 2652 13.
722 2628 754 2654 A.
773 2628 794 2661 5.
809 2628 832 2653 6.
853 2627 884 2654 cl'.
904 2627 934 2654 fr.
954 2630 994 2654 25.
1010 2628 1042 2655 de

210 2666 286 2691 iniur.
307 2666 347 2690 47.
370 2667 409 2691 10.

244 2710 462 2735 Immemor.
499 2709 627 2742 (Adiect.)
667 2711 730 2742 Qui
747 2722 807 2740 non
827 2716 980 2740 meminit.
998 2713 1041 2739 III.
1064 2725 1065 2733 2

211 2751 277 2778 Cn.
297 2750 434 2777 Immemor
459 2751 587 2777 libertatis
607 2756 631 2777 et
650 2754 765 2787 ἕψω-15,
789 2756 984 2782 infamissimam
1003 2767 1044 2783 su-
1065 2757 1067 2791 ζ

212 2794 328 2830 scipiens
348 2793 481 2820 vilitatem.
506 2793 555 2820 Th.
576 2794 606 2821 C.
626 2794 682 2820 XII.
704 2796 726 2820 1.
752 2806 773 2822 c.
798 2799 838 2824 9-2,
860 2798 892 2824 de
911 2798 1044 2826 decurion,

1084 147 1179 177 IMM.
1856 153 1919 184 433

1083 229 1160 256 Vitae
1179 239 1241 256 suae
1260 230 1337 256 etiam
1356 235 1382 257 et
1395 232 1459 257 iuris
1472 232 1645 263 immemores,
1665 231 1810 259 adtrectare
1823 233 1857 259 ita
1877 244 1917 260 au-

1083 272 1153 299 dent.
1191 272 1228 299 Ib.
1251 272 1322 300 XVI.
1348 274 1372 300 8.
1397 284 1418 300 c.
1445 276 1484 301 19.
1508 275 1540 301 de
1563 274 1618 301 Iud.
1642 274 1779 301 Immemor
1796 275 1917 302 honesta-

1083 317 1124 342 tis.
1144 315 1181 342 lb.
1206 315 1250 343 IV.
1275 317 1298 342 9.
1326 326 1347 343 6.
1373 318 1395 343 1.
1420 317 1452 343 ad
1476 316 1502 344 S.
1512 316 1542 344 C.
1563 317 1656 344 Claud.
1675 317 1734 344 XV.
1759 320 1781 345 7.
1802 329 1823 345 c.
1842 321 1866 345 5.
1886 319 1919 346 de

1083 360 1195 386 scaenic.

1119 401 1376 429 Immemoria.
1416 403 1554 430 Oblivio.
1592 403 1610 429 1.
1629 404 1691 437 Sy.
1709 403 1850 436 Infirmitas
1868 415 1919 432 me-

1082 446 1188 471 moriae.
1209 444 1238 471 fr.
1259 446 1300 471 44.
1320 455 1359 482 pr.
1380 444 1413 471 de
1430 445 1461 471 A.
1481 455 1504 471 v.
1524 445 1555 471 A.
1575 445 1603 472 P.
1623 447 1664 472 41.
1684 448 1708 472 2.

1119 487 1374 514 lmmensitas.
1411 489 1611 515 Eum-ntitas.
1632 488 1674 515 III.
1694 489 1761 516 Cn·
1780 488 1821 518 Ne
1840 500 1920 527 super

1082 530 1257 557 immensitate
1276 531 1420 567 pretiorum
1434 532 1577 557 necessitas
1592 531 1771 568 conquerendi
1789 538 1920 569 exsurgat.

1083 571 1132 598 Th.
1154 572 1184 598 C.
1204 572 1272 599 VIII.
1292 575 1316 600 4.
1337 583 1357 600 c.
1377 575 1400 599 6.
1421 573 1454 600 (16
1474 574 1600 600 cohortal.

1118 616 1344 643 Immensus.
1381 618 1590 648 Immodicas,
1610 618 1784 653 Infinitum
1820 618 1838 645 I.
1858 620 1920 654 Sy.

1082 657 1267 687 Immoderata.
1288 659 1441 691 Immodica,
1461 659 1588 686 Immensa
1609 659 1779 692 (liberalitas.
1798 671 1821 688 v.
1841 661 1920 688 dona-

1083 701 1141 733 tio.)
1161 711 1182 727 c.
1201 703 1226 727 2.
1247 712 1305 738 sqq.
1326 702 1358 729 de
1378 703 1450 729 inoss'.
1475 702 1562 728 donat.
1586 704 1610 728 3.
1636 704 1677 730 29.
1715 703 1744 729 II.
1765 706 1832 738 011.
1851 705 1920 732 Intra

1083 748 1180 770 certam
1200 747 1379 780 quantitatem.
1400 761 1432 765 —
1451 744 1480 771 In
1499 746 1654 771 immensum
1674 746 1791 778 (iurare.)
1811 746 1840 773 sr.
1854 749 1878 774 4.
1898 748 1919 782 5.

1082 788 1106 812 2.
1126 786 1159 813 de
1179 788 1205 814 in
1225 787 1262 813 lit.
1286 788 1335 814 iur.
1360 790 1400 814 12.
1427 789 1451 815 3.
1488 788 1531 814 III.
1553 789 1620 815 Gn.
1650 787 1764 825 Propter
1781 789 1921 817 immensas

1084 831 1275 856 contentiones.
1295 830 1326 857 fr.
1346 832 1387 857 26.
1408 831 1440 858 de
1458 831 1484 858 S.
1504 830 1532 857 P.
1544 830 1575 858 V.
1589 832 1613 857 8.
1632 833 1657 857 2.
1694 831 1851 859 Immensum
1864 843 1921 870 pre-

1083 873 1147 898 tium
1167 873 1223 899 eius
1243 874 1280 899 rei
1299 879 1397 910 petere.
1418 874 1447 900 fr.
1468 875 1508 900 71.
1529 874 1550 907 5.
1569 875 1593 900 3.
1614 873 1647 900 de
1665 873 1741 910 legat.
1760 874 1780 901 I.
1800 876 1867 909 (30.)

1119 916 1344 943 Immerens.
1359 916 1486 949 (Adiect.)
1502 918 1565 950 Qui
1583 927 1642 944 non
1662 919 1789 944 meruit.
1804 918 1845 945 111.
1855 921 1920 947 Gn.

1083 957 1188 984 Docere
1206 959 1385 985 immerentem
1404 969 1441 991 se,
1461 964 1487 985 et
1506 959 1566 986 ideo
1586 964 1612 986 et
1625 958 1730 995 indigue
1744 963 1920 997 praeteritum.

1084 1000 1114 1027 I'r.
1134 1002 1157 1028 5.
1178 1000 1210 1027 (16
1230 1002 1301 1028 inoff.
1322 1006 1423 1028 testam.
1443 1004 1466 1028 5.
1485 1004 1507 1028 2.

1118 1045 1366 1079 Immergere.
1392 1047 1563 1080 Ingerere,
1584 1046 1728 1072 Miscere.
1754 1046 1772 1073 I.
1794 1048 1855 1082 Sy.
1874 1048 1922 1075 Im-

1084 1088 1194 1113 miscere
1214 1090 1264 1119 (se,
1283 1097 1319 1114 sc.
1339 1087 1417 1113 bonis
1437 1088 1505 1120 etc.)
1528 1087 1558 1114 sr.
1577 1090 1619 1114 20.
1644 1089 1680 1122 55.
1704 1091 1728 1115 2.
1748 1091 1771 1116 5.
1796 1090 1828 1117 de.
1847 1091 1877 1118 A.
1897 1101 1921 1118 v.

1085 1130 1118 1156 Ο.
1138 1129 1168 1156 Η.
1187 1132 1229 1157 29.
1249 1132 1273 1156 2.
1310 1129 1430 1156 Inserere
1454 1130 1513 1164 (se,
1532 1140 1556 1156 v.
1582 1140 1676 1157 nomen
1700 1134 1800 1167 suum.)
1822 1133 1870 1161 Th.
1891 1134 1922 1161 C.

1084 1172 1155 1200 XIV.
1177 1175 1216 1200 17.
1238 1184 1258 1200 c.
1279 1175 1302 1199 5.
1323 1173 1355 1200 (16
1374 1183 1468 1199 annon.
1489 1174 1536 1199 civ.

1120 1216 1331 1244 Immerito.
1352 1215 1465 1249 (Advb.)
1491 1218 1588 1243 Citra
1608 1218 1774 1244 rationem.
1794 1219 1836 1245 III.
1856 1221 1922 1248 (7η.

1086 1258 1251 1295 Quamquam
1269 1269 1322 1285 non
1342 1260 1410 1285 imm.
1431 1258 1588 1295 quibusdam
1606 1260 1715 1297 placeat.
1740 1260 1795 1288 Gai.
1815 1262 1846 1288 II.
1863 1265 1922 1290 243.

1085 1300 1145 1327 Non
1164 1302 1233 1328 imm.
1254 1302 1346 1339 culpae
1365 1312 1454 1329 eorum
1477 1302 1680 1329 adscribendum
1704 1308 1751 1329 est.
1775 1304 1805 1330 sr.
1832 1306 1871 1331 14.
1891 1305 1924 1332 de

1085 1344 1128 1371 off,
1148 1343 1235 1371 Praes.
1258 1346 1279 1371 l.
1295 1346 1334 1371 18.
1371 1345 1458 1371 Datur
1476 1355 1529 1371 non
1549 1346 1692 1377 immerito;
1711 1345 1773 1373 licet
1792 1349 1860 1374 enim
1874 1353 1923 1375 etc.

1086 1387 1115 1413 fr.
1137 1389 1176 1414 16.
1203 1388 1224 1421 5.
1243 1389 1267 1414 2.
1299 1387 1350 1423 Qu.
1376 1392 1437 1415 met.
1461 1398 1482 1414 c.
1507 1389 1532 1414 4.
1555 1390 1579 1414 2.
1616 1387 1676 1415 Non
1695 1390 1777 1423 imm„
1801 1392 1925 1427 quoniam

1086 1435 1134 1457 etc.
1155 1430 1240 1457 Vatie.
1260 1431 1281 1464 5.
1301 1432 1342 1457 85.

1120 1474 1353 1501 Innuet-itus.
1390 1473 1519 1507 (Adiect.)
1556 1475 1732 1509 Indignus,
1758 1478 1825 1503 Non
1844 1487 1923 1504 com-

1085 1523 1202 1550 petens.
1239 1516 1282 1542 111.
1306 1517 1371 1544 Cn.
1390 1516 1513 1543 Immeriti
1532 1516 1640 1543 honoris
1659 1517 1802 1554 splendore
1820 1521 1923 1556 privati.

1085 1558 1134 1586 Th.
1156 1559 1186 1585 C.
1206 1558 1263 1586 XII.
1289 1560 1311 1585 l.
1337 1569 1358 1585 c.
1377 1561 1419 1586 25.
1444 1559 1476 1586 (16
1500 1559 1632 1586 decurion.
1675 1559 1807 1588 Proiieere
1827 1562 1860 1588 ob
1879 1564 1924 1590 im-

1085 1603 1191 1629 meritas
1212 1612 1311 1628 causaS.
1331 1601 1368 1628 lb.
1388 1602 1419 1628 II.
1438 1604 1480 1629 29.
1502 1613 1522 1629 c.
1543 1604 1565 1629 l.
1586 1604 1608 1629 si
1629 1608 1690 1631 cert.
1709 1609 1761 1641 pet.
1782 1604 1814 1631 de
1832 1606 1906 1632 suffr.

1121 1645 1344 1672 Imminens.
1382 1644 1423 1672 Cf.
1443 1655 1467 1672 v.
1486 1645 1631 1672 Imminere.
1651 1646 1673 1679 5.
1692 1649 1716 1673 2.

1121 1688 1343 1714 Imminere.
1372 1689 1403 1721 δ.
1424 1689 1458 1715 1.
1479 1690 1674 1722 Impeuds-re.
1704 1689 1721 1716 I.
1742 1691 1804 1724 Sy.
1824 1689 1924 1728 Impen-

1086 1729 1147 1755 dere
1168 1731 1206 1762 (in
1226 1728 1303 1756 aedes
1323 1734 1372 1756 etc.
1392 1740 1429 1756 sc.
1449 1730 1590 1763 arborem.)
1610 1730 1682 1758 Paul.
1702 1731 1734 1758 V.
1754 1734 1778 1759 6.
1797 1733 1818 1766 5.
1833 1735 1872 1760 13.
1892 1733 1923 1760 fr.

1087 1773 1109 1798 1.
1127 1782 1167 1810 pr.
1187 1772 1225 1806 55.
1244 1774 1268 1798 2.
1288 1774 1312 1798 5.
1333 1774 1356 1798 7.
1376 1774 1399 1799 9.
1420 1772 1452 1799 dc
1471 1773 1556 1800 arbor.
1576 1773 1647 1800 caed.
1667 1775 1708 1801 43.
1727 1776 1769 1801 27.
1794 1775 1836 1802 III.
1857 1777 1924 1804 Cn.

1087 1814 1162 1850 Quae
1175 1814 1224 1848 (sc.
1244 1814 1335 1848 aedes)
1347 1815 1472 1842 damnose
1493 1816 1536 1849 [al.
1556 1816 1707 1850 damnosae]
1730 1818 1872 1845 imminent.
1892 1819 1923 1846 [ι’.

1086 1859 1127 1884 40.
1147 1858 1168 1891 5.
1188 1859 1212 1884 3.
1233 1857 1265 1884 de
1284 1857 1368 1885 damn.
1388 1858 1432 1885 ins.
1451 1860 1492 1885 39.
1511 1861 1536 1885 2.
1567 1875 1599 1879 ——
1629 1860 1661 1893 §.
1689 1861 1724 1886 2.
1760 1861 1923 1895 Vicinum,

1085 1910 1108 1926 v.
1128 1902 1281 1931 Praesto.
1300 1911 1377 1928 esse.
1415 1903 1621 1938 Coutingere.
1659 1901 1678 1929 I.
1696 1904 1758 1937 Sy.
1778 1903 1807 1930 Si
1826 1910 1922 1940 urgeat,

1086 1942 1115 1969 Si
1133 1943 1266 1969 immineat
1285 1944 1346 1976 (aes
1365 1943 1504 1977 alienum.)
1528 1945 1558 1971 fr.
1579 1947 1602 1972 5.
1627 1945 1715 1979 §.14.
1740 1945 1773 1972 de
1794 1947 1849 1973 reb.
1869 1958 1922 1975 eor.

1086 1996 1129 2023 qu.
1148 1996 1169 2013 s.
1189 1991 1237 2013 tut.
1256 1988 1298 2012 27.
1318 1988 1341 2013 9.
1378 1986 1515 2017 Praesens.
1534 1987 1674 2014 Imminens
1694 1989 1873 2026 (periculum.)
1891 1990 1921 2017 fr.

1085 2032 1108 2056 2.
1130 2029 1162 2056 de
1182 2040 1215 2056 m.
1236 2040 1257 2056 c.
1277 2029 1364 2056 donat.
1383 2031 1424 2056 39.
1444 2031 1468 2056 6.
1504 2030 1547 2057 IH.
1568 2032 1635 2059 Gn.
1659 2030 1742 2058 Cuius
1767 2031 1923 2069 lapidicinae

1086 2071 1166 2099 fundo
1191 2077 1235 2099 tuo
1261 2073 1418 2099 immineant.
1448 2072 1476 2100 fr.
1496 2075 1520 2099 3.
1549 2074 1571 2108 5.
1591 2076 1615 2100 2.
1641 2073 1673 2100 de
1697 2074 1725 2100 S.
1750 2074 1778 2101 P.
1798 2075 1828 2102 R.
1852 2078 1876 2102 8.
1895 2078 1920 2103 3.

1085 2114 1231 2147 Imminere,
1251 2115 1293 2142 vel
1312 2116 1339 2142 in
1359 2115 1463 2142 occulto
1488 2126 1555 2148 esse,
1574 2116 1764 2150 (conditionale
1783 2117 1922 2152 debitum.)

1086 2157 1116 2184 fr.
1141 2159 1164 2184 7.
1188 2168 1227 2196 pr.
1253 2158 1286 2184 de
1308 2158 1399 2185 tribut.
1423 2164 1471 2185 act.
1498 2161 1537 2186 14.
1562 2160 1586 2186 4.
1623 2159 1659 2186 Vt
1682 2161 1791 2198 incipiat
1815 2161 1921 2197 quidem

1087 2205 1176 2227 contra
1196 2202 1350 2228 morientem
1369 2201 1507 2237 obligatio,
1527 2203 1658 2229 immineat
1676 2207 1761 2230 autem
1780 2203 1920 2230 heredibus

1087 2245 1150 2270 eius.
1171 2254 1185 2270 6
1214 2246 1253 2270 15.
1273 2254 1312 2281 pr.
1332 2244 1364 2271 de
1383 2250 1466 2271 contr.
1491 2250 1515 2271 et
1535 2255 1625 2271 comm.
1646 2246 1707 2283 stip.
1726 2247 1750 2272 8.
1768 2248 1809 2273 38.
1847 2246 1920 2272 Prae-

1088 2291 1166 2317 (οι-65.
1186 2292 1211 2313 et
1231 2287 1326 2323 quibus
1346 2289 1462 2314 imminet
1475 2289 1618 2314 necessitas
1632 2288 1777 2320 (iudicandi
1790 2292 1850 2319 etc.)
1870 2288 1918 2315 Th.

1088 2329 1119 2356 C.
1138 2329 1182 2356 VI.
1202 2331 1225 2356 4.
1246 2340 1266 2356 c.
1285 2332 1309 2356 3.
1330 2330 1362 2356 (16
1381 2330 1465 2357 Praet.
1486 2335 1511 2356 et
1530 2330 1581 2366 Qu.
1624 2330 1692 2357 Cum
1710 2332 1735 2357 in
1754 2333 1812 2368 ipso
1831 2331 1919 2357 limine

1087 2377 1237 2399 contractus
1257 2374 1389 2398 immineat
1408 2374 1510 2399 evictio.
1530 2372 1614 2400 Vatia.
1634 2374 1715 2407 §.12.
1752 2373 1820 2410 Spes
1839 2374 1919 2399 immi-

1086 2417 1172 2442 nentis
1193 2415 1330 2442 libertatis.
1353 2415 1383 2441 fr.
1405 2417 1427 2441 1.
1453 2416 1474 2449 5.
1496 2418 1518 2442 l.
1543 2417 1565 2442 si
1589 2417 1611 2442 is
1632 2427 1673 2452 qu.
1694 2420 1793 2442 testam.
1813 2414 1857 2441 lib.
1876 2417 1917 2442 47.

1063 2491 1064 2494 Ἴ
1085 2461 1108 2485 4.
1146 2458 1220 2485 Licet
1233 2457 1377 2495 periculum
1392 2459 1523 2485 immineat
1536 2459 1693 2495 (naufragii.)
1718 2458 1747 2484 fr.
1762 2460 1800 2484 12.
1815 2458 1836 2491 5.
1851 2459 1871 2484 l.
1886 2458 1918 2485 de

1086 2501 1167 2528 usufr.
1182 2503 1203 2527 7.
1218 2503 1238 2527 l.
1251 2502 1324 2534 ——§.
1338 2502 1555 2533 3·1nsistcre,
1576 2503 1782 2528 Imm-redere.
1802 2500 1917 2529 Iltcn.

1087 2543 1258 2573 Consentire.
1283 2544 1326 2570 vel
1345 2554 1391 2571 sua
1410 2550 1517 2582 sponte.
1541 2544 1582 2569 vel
1606 2543 1691 2569 iudice
1711 2543 1867 2570 imminente.
1887 2543 1917 2570 fr.

1086 2588 1126 2612 84.
1151 2587 1172 2620 5
1199 2588 1238 2612 13.
1264 2586 1296 2613 (16
1319 2587 1394 2623 legat,
1419 2588 1437 2614 Ι,
1462 2588 1528 2620 (30.)
1574 2585 1609 2612 Vt
1631 2585 1778 2612 rectoribus
1802 2586 1917 2622 vigilent,

1086 2630 1235 2656 immineant
1256 2630 1308 2663 (sc.
1328 2631 1460 2667 palatini.)
1486 2629 1533 2655 Th.
1559 2627 1588 2654 C.
1613 2627 1631 2653 I.
1658 2629 1697 2653 10.
1722 2638 1742 2654 c.
1767 2629 1790 2655 6.
1812 2624 1917 2661 '(ch.)

1064 2693 1065 2699 .
1087 2672 1119 2698 (16
1139 2672 1182 2698 off.
1203 2671 1276 2698 Com.
1297 2672 1324 2698 S.
1344 2673 1421 2709 larg-g.
1442 2672 1482 2698 Cf.
1502 2671 1564 2696 Iust.
1585 2669 1616 2696 C.
1637 2680 1656 2696 c.
1673 2672 1711 2696 10.
1731 2670 1763 2697 de
1782 2671 1824 2697 osl'.
1845 2671 1915 2698 Rect.

1087 2714 1128 2741 Pr.
1149 2716 1171 2740 1.
1192 2716 1232 2741 40.
1270 2715 1317 2742 His
1337 2714 1501 2741 senatoribus
1523 2729 1552 2733 —
1573 2714 1722 2739 immineant
1744 2714 1793 2746 (sc.
1814 2724 1918 2740 censua—

1088 2757 1150 2790 les.)
1171 2767 1222 2793 quo
1243 2763 1400 2793 cognoscant
1420 2762 1468 2783 etc.
1486 2755 1523 2782 lb.
1544 2755 1587 2782 VI.
1606 2758 1630 2782 2.
1651 2766 1671 2782 c.
1691 2758 1715 2782 5.
1736 2756 1768 2783 de
1787 2756 1873 2782 Senat.
1894 2761 1918 2782 et

1090 2800 1123 2826 de
1143 2799 1212 2836 gleb.
1234 2800 1264 2826 cf.
1285 2800 1354 2827 XIV.
1375 2802 1398 2827 9.
1419 2811 1441 2826 c.
1461 2802 1482 2826 l.
1504 2798 1536 2825 de
1555 2798 1623 2825 stud.
1643 2798 1742 2825 liberal.
1763 2800 1818 2826 urb.
1839 2799 1868 2825 lt

1449 2845 1482 2869 55
