2197 3121
939 151 1014 183 DEI
1039 170 1078 177 —
1102 153 1198 184 DEL.

210 233 253 260 Ius
272 233 427 270 deportandi
447 244 499 260 non
517 233 622 260 habent.
647 248 679 252 —
703 232 807 259 Deinde
830 243 916 270 neque
935 249 967 253 --
986 243 1048 271 pos-

209 281 279 303 sunt.
307 276 338 303 fr.
358 278 382 302 3.
404 276 425 310 5.
445 279 468 302 2.
489 276 521 302 de
540 275 678 302 offl'Proc.
700 275 776 302 Caes.
798 277 819 302 1.
841 277 881 302 19.

244 319 388 345 Deitas.
420 320 605 350 Divinitas,
627 319 746 344 Numen
764 320 918 345 diuinum.
950 318 970 345 I.
985 319 1047 352 Sy·

208 361 283 388 Deus
302 363 477 398 omnipotens.
520 360 655 387 Summum
679 370 782 387 numen.
814 372 835 388 c.
855 363 879 388 2.
899 371 938 398 pr.
964 362 986 395 5.
1008 363 1047 387 12.

209 403 242 430 de.
261 410 311 430 vet.
331 405 387 430 iure
401 403 483 430 enucl.
505 405 527 429 l.
544 405 582 429 17.
615 403 755 430 Divinitas.
776 403 816 430 Cf.
832 403 856 429 h.
868 413 891 429 v.
924 403 966 429 III.
982 404 1048 431 Cn.

208 445 294 473 Patris
314 452 339 473 et
358 446 405 473 filii
425 451 451 473 et
469 447 578 483 spiritus
598 447 682 472 sancti
702 456 778 472 unam
797 445 920 472 deitatem
943 461 975 465 —
995 456 1049 472 cre-

208 489 308 515 damus.
335 489 384 515 Th.
408 489 439 515 C.
457 488 528 515 XVI.
552 491 572 515 Ι.
594 499 614 515 c.
634 491 658 514 2.
678 498 717 525 pr.
737 488 769 514 dc
787 487 839 514 fide
859 488 926 514 cath.

242 533 443 559 lle-iurare.
482 531 522 558 Cl'.
542 541 567 557 v.
587 531 721 558 Deierare.

242 575 392 602 Delabi.
428 575 459 608 §.
480 576 514 601 1.
545 575 715 605 Det-idere,
739 574 876 599 Irrnere.
914 572 957 599 ΙΙΙ.
981 574 1046 601 Cn.

208 617 238 644 Si
262 627 327 654 quas
352 617 406 650 (sc.
427 617 511 649 seras)
535 617 609 642 initio
634 616 771 643 incluserit
793 616 882 652 operis
907 617 976 648 suis,
1004 616 1046 642 vel

207 665 270 697 post
288 659 393 686 sibimet
412 660 485 696 ipsae.
498 659 647 691 inciderint,
668 658 824 695 delapsaeve
838 658 942 685 fuerint.
962 658 992 685 fr.
1004 661 1046 685 (52.

207 704 230 737 5.
252 705 274 729 1.
295 703 326 729 de
347 702 414 728 usut'.
435 704 457 728 7.
480 704 502 728 l.
528 718 559 721 —
589 703 619 735 §-
646 703 680 728 20
712 702 858 737 Deserri‚
879 703 1045 738 Conferri.
1068 697 1069 724 l

1067 746 1069 784 ᾗ
1090 748 1121 774 fr.
1140 750 1164 775 3.
1185 749 1221 783 55.
1243 751 1265 776 l.
1285 751 1309 776 -3.
1330 749 1362 776 de
1381 750 1448 776 adm.
1469 754 1494 776 et
1513 760 1567 787 per.
1586 751 1628 776 26.
1650 752 1672 776 7.
1709 750 1845 779 Praebere.
1866 749 1928 776 Tra-

206 745 249 772 III.
274 747 340 773 011·
378 746 452 780 Quae
476 745 642 776 hereditatis,
666 744 759 780 legati,
784 760 817 763 —
844 743 886 770 vel
905 744 1047 771 cuiuslibet

206 793 355 826 postremae
374 787 519 814 voluntatis
541 788 648 814 arbitrio
668 787 700 813 ad
720 787 866 823 quempiam
880 786 1045 814 delabuntur.

205 831 273 858 Nov.
294 830 343 857 Th.
363 830 393 857 II.
414 830 446 857 de
464 830 489 856 h.
510 841 553 867 qu.
573 841 612 867 sp.
632 840 702 856 mun.
721 830 739 856 l.
759 831 801 856 22.
823 840 844 856 e.
863 832 887 856 2.
909 830 991 863 5.14.

239 874 403 901 Delatio-
441 874 471 907 §.
496 875 530 899 1.
562 874 710 904 oblatio,
736 874 842 906 Copia
856 874 963 909 facta.
1001 872 1044 899 III.

205 918 272 944 Gn.
304 917 357 952 Qui
377 917 508 953 processit
527 915 558 941 ad
579 914 737 941 delationem
756 915 933 941 iurisiurandi.
953 915 983 941 fr.
1003 917 1044 942 37,

205 960 238 987 de
256 961 361 986 iureiur.
383 961 422 985 12.
442 960 466 985 2.
491 973 523 977 —
556 958 587 990 ς’.
611 959 646 984 2.
676 959 911 990 Denunciatio,
930 961 1045 985 Prodi·
1066 979 1067 986 ³

204 1005 259 1030 tio.
296 1003 313 1029 Ι.
332 1004 394 1036 Sy.
423 1001 507 1038 Copia
526 1000 674 1027 accusandi.
704 1000 754 1027 Th.
768 1000 799 1027 C.
818 1000 864 1027 IX.
884 1003 907 1027 7.
928 1012 949 1027 c.
968 1003 992 1027 2.
1012 1001 1045 1028 ad

204 1045 234 1072 L.
254 1045 301 1071 lul.
323 1045 355 1071 de
374 1043 453 1070 adult.
492 1043 611 1070 Proditio
632 1044 783 1076 (criminis).
812 1043 849 1070 lb.
869 1044 914 1070 IX.
934 1047 957 1071 6.
978 1055 999 1071 c.
1021 1047 1042 1071 l.

203 1098 244 1125 sq.
265 1098 296 1114 ne
314 1092 396 1125 praet.
417 1088 488 1113 crim.
509 1087 566 1112 mai.

203 1132 275 1162 titio,
294 1130 461 1166 nominisque
480 1129 577 1156 delatio
596 1134 668 1161 esto,
688 1129 730 1155 Pr.
751 1131 870 1166 quaestio
891 1135 956 1162 esto,
977 1131 1043 1157 iudi-

203 1174 283 1204 cium,
303 1172 436 1203 iudicatio,
455 1171 564 1208 litisque
583 1173 738 1198 aestimatio.
767 1172 808 1198 Fr.
823 1172 853 1199 L.
868 1173 962 1200 Servil.
982 1184 1003 1200 c.
1020 1176 1042 1200 1.

201 1259 270 1285 niam
289 1259 428 1295 acceperit,
449 1262 577 1295 pactusve
596 1257 682 1289 fuerit,
701 1259 854 1285 societatem
874 1260 979 1291 coierit,
998 1264 1042 1286 aut

201 1300 315 1338 aliquam
338 1301 497 1327 delationem
520 1301 718 1337 interposuerit.
753 1301 823 1328 coll.
842 1301 895 1328 LL.
915 1302 948 1329 M.
972 1302 1040 1329 VIII.

201 1346 225 1370 7.
263 1344 421 1381 Capitulium
441 1344 577 1369 criminum
596 1343 722 1375 tumultu,
748 1349 773 1370 et
797 1344 910 1371 nefariae.
933 1345 1041 1372 delatio-

201 1388 242 1414 nis
260 1387 365 1413 indiciis
384 1388 518 1412 incessere
537 1386 670 1419 (auctores
689 1386 842 1420 libertatis).
871 1387 921 1414 Th.
942 1387 973 1414 C.
994 1388 1039 1415 IX.

200 1432 224 1457 6.
246 1441 267 1457 c.
289 1432 311 1456 l.
338 1429 354 1456 l.
396 1429 545 1455 Delationis
569 1428 702 1456 auxilium.
745 1429 862 1457 Fiscales
886 1430 1040 1458 delationes.

201 1472 232 1499 sr.
252 1475 292 1499 ls.
312 1483 351 1509 pr.
376 1472 413 1506 55.
436 1473 457 1498 l.
477 1473 501 1498 3.
526 1471 556 1498 fr.
576 1474 618 1498 25.
643 1472 675 1499 de
695 1473 751 1499 iure
769 1473 836 1500 fisci.
861 1476 902 1501 49.
926 1476 963 1501 14.
997 1474 1039 1501 Fr.

201 1515 234 1542 de
252 1515 270 1541 I.
291 1514 319 1541 F.
339 1515 361 1548 5.
381 1517 405 1541 2.

235 1560 404 1585 Delator·
444 1559 506 1590 Qui
525 1560 650 1584 occulte
673 1561 862 1592 denunciat,
883 1562 930 1586 vel
947 1571 1040 1588 accu-

200 1607 265 1633 sat,
289 1607 443 1635 quaestus
464 1602 589 1635 gratia.
626 1600 645 1627 I.
666 1602 727 1635 Sy.
757 1603 810 1637 Qui
830 1602 933 1635 detulit,
953 1613 976 1630 v.
997 1603 1040 1630 de-

200 1643 251 1670 fert
270 1644 369 1677 (fisco).
412 1643 551 1669 Del'erenS.
586 1643 615 1669 sr.
638 1645 659 1670 l.
684 1644 715 1670 fr.
735 1647 759 1670 5.
784 1645 814 1671 t'r.
834 1647 874 1672 13.
900 1646 931 1673 de
951 1647 975 1673 h.
996 1657 1038 1683 qu.

201 1691 230 1712 ut
248 1686 345 1722 indign.
365 1687 406 1712 34.
427 1688 450 1712 9.
481 1696 502 1712 c.
522 1687 546 1712 4.
573 1685 605 1712 de
624 1686 733 1713 delator.
755 1689 794 1714 10.
815 1690 855 1714 ll.
884 1688 934 1716 Th.
955 1690 985 1716 C.
1005 1690 1038 1716 X.

202 1730 242 1754 10.
263 1739 284 1754 c.
303 1732 327 1755 2.
352 1728 384 1755 de
407 1730 481 1765 petit.
506 1734 531 1755 et
550 1729 618 1755 ultro
639 1729 690 1756 dat.
732 1732 786 1765 Qui
810 1733 916 1758 nunciat
939 1732 1038 1769 aliquid

201 1771 233 1797 ad
256 1771 357 1798 fiscum.
393 1771 423 1798 fr.
443 1773 485 1798 44.
513 1771 546 1798 de
569 1773 625 1798 iure
648 1773 714 1799 fisci.
743 1775 785 1800 49.
812 1776 853 1801 14.
902 1775 945 1801 III.
971 1778 1037 1803 Gn.

199 1813 313 1840 Perinde
333 1814 534 1846 subornatores,
558 1825 587 1841 ac
611 1815 757 1848 delatores,
781 1818 933 1853 puniuntur.
965 1817 1037 1844 Paul.

199 1856 232 1883 V.
254 1858 293 1882 13.
314 1857 335 1889 5.
355 1859 380 1882 2.
417 1857 567 1889 Subiicere,
588 1857 774 1895 Corrumpere,
794 1869 817 1885 v.
837 1859 976 1886 Redimerc
995 1860 1038 1887 de-

199 1899 316 1926 latorem.
354 1899 490 1926 mandator
509 1899 642 1926 delatoris.
672 1901 702 1927 sr.
726 1903 747 1927 l.
773 1901 803 1927 fr.
823 1904 846 1928 5.
867 1912 905 1939 pr.
930 1902 963 1929 de
981 1904 1037 1929 iure

198 1947 303 1979 patron.
323 1944 365 1968 37.
387 1943 426 1968 14.
453 1942 483 1968 fr.
503 1945 527 1968 2.
548 1943 569 1976 5.
590 1945 612 1968 5.
634 1942 663 1969 fr.
684 1945 724 1970 15.
745 1944 766 1977 5.
788 1946 810 1970 1.
835 1944 865 1971 fr.
885 1947 925 1971 23.
946 1956 985 1982 sq.
1006 1946 1036 1972 fr.

197 1987 240 2012 29.
259 1994 299 2022 pr.
324 1984 356 2010 de
382 1985 437 2011 iure
461 1986 526 2011 fisci.
552 1987 593 2011 49.
614 1987 653 2011 14.
703 1986 891 2024 Cuiuscunque
920 1990 1036 2015 criminis

198 2027 300 2055 delator
324 2033 402 2064 atque
427 2032 570 2054 accusator.
608 2027 656 2054 Th.
681 2028 711 2054 C.
737 2029 781 2056 IX.
801 2031 825 2056 6.
850 2041 870 2057 c.
891 2032 915 2057 3.
940 2041 973 2058 ne
996 2042 1035 2069 pr.

199 2072 270 2097 crim.
290 2072 348 2097 mai.
379 2070 410 2096 ci'.
430 2070 474 2097 IV.
496 2073 535 2097 10.
556 2081 577 2097 c.
597 2073 621 2096 2.
643 2070 757 2105 (ch.)
781 2073 813 2099 de
832 2073 918 2100 libert.
939 2079 965 2100 et
984 2085 1036 2102 eor.

198 2113 243 2139 lib.
263 2113 307 2140 IX.
330 2115 368 2139 16.
389 2124 410 2140 c.
432 2115 454 2140 l.
474 2113 506 2139 de
525 2113 634 2140 malefic.

198 2155 289 2182 latoris
308 2156 437 2193 adspergi.
474 2156 629 2183 Delatorum
643 2158 802 2184 exsecranda
816 2160 956 2196 pernicies,
976 2171 996 2187 c.
1011 2163 1036 2187 3.

199 2207 239 2234 sq.
260 2198 291 2225 dc
310 2199 418 2225 delator.
440 2201 480 2225 10.
501 2201 541 2225 11.
575 2200 624 2226 Th.
646 2201 675 2227 C.
695 2201 728 2228 X.
750 2203 790 2227 10.
810 2212 831 2228 c.
850 2205 874 2228 2.
901 2202 932 2229 cf.
953 2214 973 2230 c.
995 2206 1035 2231 10.

201 2251 222 2266 c.
241 2242 282 2267 24.
307 2241 338 2267 dc
356 2243 430 2278 petit.
451 2247 476 2268 et
496 2242 564 2268 ulti-0
585 2243 636 2269 dat.
678 2243 747 2270 Intra
772 2244 815 2271 IV.
840 2255 922 2271 annos
945 2257 1036 2273 vacan-

195 2282 264 2309 tium
284 2283 409 2310 bonorum
429 2285 530 2311 delator
548 2285 614 2311 sacta
639 2286 840 2314 denunciatione
864 2288 974 2316 destitit.
1003 2290 1034 2317 fr.

671 2114 785 2145 Macula.
804 2126 827 2141 v.
849 2117 969 2150 crimine,
994 2117 1037 2144 de-

201 2327 241 2351 10.
260 2335 299 2362 pr.
320 2325 352 2351 de
371 2326 420 2353 div.
440 2333 518 2364 temp.
538 2338 576 2364 pr.
596 2330 638 2355 44.
657 2331 682 2355 3.
719 2329 873 2356 Advocatus
892 2332 966 2364 fisci,
991 2335 1036 2369 qni
1057 2345 1058 2351 ¹

199 2369 370 2394 intentionem
389 2369 511 2397 delatoris
532 2373 693 2408 exsequitur.
713 2372 743 2399 fr.
759 2375 781 2399 5.
803 2373 824 2406 5.
840 2375 879 2400 13.
901 2374 933 2401 de
952 2375 977 2402 h.
992 2386 1034 2413 qu.

200 2416 228 2437 ut
247 2411 343 2446 indign.
363 2412 404 2436 34.
423 2413 446 2438 9.

234 2454 462 2480 monatarius.
494 2456 633 2491 (Adiect.)
670 2461 719 2484 Ad
745 2460 938 2487 delationem
966 2472 1034 2496 spe-

198 2503 297 2523 ctans.
338 2495 357 2522 I.
382 2497 443 2529 Sy·
478 2496 638 2535 Scrupulosa
657 2501 801 2537 inquisitio.
838 2502 973 2530 Delatoria
993 2515 1035 2531 cu-

198 2540 312 2565 riositas.
346 2538 376 2565 fr.
396 2541 420 2564 6.
445 2538 477 2565 de
501 2541 547 2567 iur.
574 2547 598 2568 et
622 2542 681 2569 facti
701 2545 752 2580 ign.
777 2546 818 2571 22.
838 2546 862 2571 6.
900 2546 942 2572 Ill.
967 2548 1033 2575 Gn.

197 2581 272 2608 Nulli
291 2581 406 2618 palatino
427 2582 567 2609 delatorios
582 2584 687 2612 libellos
701 2603 733 2606 —
748 2589 866 2624 accipere
879 2588 964 2619 liceat,
985 2600 1033 2616 nec

198 2624 309 2650 delatori
329 2640 360 2643 -
384 2629 471 2661 pateat
495 2635 616 2652 accessus
638 2629 712 2664 prius
737 2635 785 2657 etc.
819 2630 868 2657 Th.
887 2631 918 2658 C.
937 2633 971 2658 X.
991 2635 1031 2659 10.

199 2677 220 2693 c.
241 2669 264 2693 7.
285 2667 316 2693 de
336 2668 409 2703 petit.
429 2672 455 2693 et
474 2667 543 2693 ultro
563 2667 613 2694 dat.

231 2711 445 2737 melec-tare.
491 2712 669 2745 Voluptate
700 2717 852 2750 adficere.
895 2717 937 2744 ΠΙ,
965 2719 1031 2745 Gn·

196 2752 346 2789 Rescripsit
372 2754 408 2779 eis
433 2752 607 2791 (Princeps),
632 2770 664 2774 —
688 2755 810 2785 delectari
829 2769 858 2785 se
877 2764 925 2786 etc.
956 2760 987 2787 fr.
1006 2763 1030 2787 2.

197 2795 219 2828 5.
238 2797 279 2821 47.
309 2795 341 2822 de
367 2795 398 2822 O.
424 2795 441 2822 I.
467 2797 489 2822 l.
508 2798 532 2823 2.
579 2796 615 2824 Vt
641 2799 729 2825 vivere
756 2800 869 2828 delectet
895 2803 1030 2839 Augustos

1066 1070 1067 1074 .
1089 1058 1149 1074 nov.
1171 1058 1191 1074 c.
1211 1050 1252 1074 95.
1273 1049 1294 1082 5.
1315 1050 1374 1075 356.

610 1086 653 1113 111.
674 1088 740 1114 Cn.
769 1086 810 1113 De
830 1097 858 1113 ea
878 1097 905 1114 re
925 1088 981 1114 eius
1000 1098 1044 1125 pe-
1065 1093 1066 1103 ¹

1064 1130 1066 1166 ,¹
1088 1133 1120 1160 de
1140 1133 1213 1170 relig.
1234 1136 1274 1159 11.
1295 1135 1317 1160 7.

1064 1175 1065 1182 ’
1087 1178 1124 1203 tio
1145 1177 1316 1213 delegaveris.
1340 1176 1371 1204 fr.
1385 1180 1408 1204 2.
1429 1179 1450 1212 5'.
1467 1180 1490 1204 1.
1510 1179 1532 1204 si
1551 1189 1664 1205 mensor.
1686 1181 1724 1205 ll.
1744 1180 1767 1205 6.
1803 1179 1827 1205 A
1840 1177 1926 1204 iudice

202 1216 256 1251 Qui
276 1216 308 1242 ob
328 1215 508 1242 instruendam
527 1214 735 1247 advocationem,
755 1216 946 1245 testimoniave.
964 1227 1042 1254 pecn-
1063 1212 1065 1235 ,³

1870 155 1933 185 261

1367 235 1447 262 Gesta
1467 237 1493 263 in
1513 235 1574 263 Sen.
1594 235 1627 262 dc
1646 245 1696 262 rec.
1726 234 1775 262 Th.
1791 235 1821 262 C.
1842 235 1932 269 (wok.

1093 240 1199 261 BOStl'OS
1218 245 1329 272 Ssslnllel'.

1113 299 1118 304 .
1138 280 1161 304 5.

1092 288 1109 314 p
1127 279 1318 348 nglectus.
1338 321 1455 355 (Subst.)
1476 323 1506 355 ᾖ.
1521 323 1555 349 l.
1580 323 1718 353 Eleclio,
1739 322 1931 348 Distinctio.

1070 378 1071 382 =
1093 362 1135 389 III.
1156 364 1221 390 011.
1258 362 1373 395 Passim,
1400 366 1456 390 sine
1481 365 1593 391 delectu.
1622 364 1652 390 fr.
1674 366 1696 390 1.
1716 374 1755 401 pr.
1780 363 1813 390 de
1831 364 1930 401 postul.

1092 407 1116 432 3.
1138 408 1160 432 1.
1187 405 1218 432 cf.
1238 405 1268 432 sr.
1288 408 1329 432 43.
1349 406 1371 440 5.
1393 409 1415 433 l.
1440 407 1472 434 de
1492 407 1522 434 Ιί.
1544 407 1574 434 N.
1599 409 1640 434 23.
1659 409 1684 434 2.

1093 448 1206 475 arbitros
1231 453 1256 475 et
1278 454 1404 486 patronos
1434 455 1539 487 oportet
1568 460 1627 476 esse
1652 450 1789 477 delectum.
1824 449 1874 476 Th.
1899 449 1930 476 C.

1093 491 1123 517 II.
1144 493 1184 518 10.
1204 502 1225 518 c.
1245 494 1269 518 2.
1290 491 1322 518 de
1341 492 1440 529 postul.
1468 509 1500 512 —
1529 494 1560 527 ξ.
1584 494 1619 519 2.
1650 494 1823 528 I’rofessio
1843 495 1930 519 mili-

1720 407 1843 443 Aliquem
1862 407 1931 434 inter

1070 526 1071 536 ¹
1092 540 1164 560 tum.
1194 533 1234 561 Cf.
1255 545 1279 561 v.
1299 535 1430 562 Dilectus.

1125 578 1316 605 Dolet-tun.
1345 578 1473 611 (Partic.)
1511 577 1551 604 Cf.
1571 589 1595 605 v.
1614 578 1745 614 Deligerc.

1125 621 1325 654 Belegare.
1372 622 1403 654 ξ.
1429 622 1464 647 1.
1503 622 1730 654 committere,
1764 623 1927 649 Mandare.

1092 662 1110 688 1.
1136 664 1198 697 Sy.
1233 662 1376 696 Tribuere,
1396 664 1474 690 Dare.
1503 663 1533 689 fr.
1555 665 1576 690 l.
1597 674 1637 700 pr.
1657 664 1722 697 5.1.
1748 664 1781 691 de
1800 665 1843 691 oss.
1864 665 1927 690 eius.

1092 707 1114 731 1.
1133 707 1175 732 21.
1213 705 1394 739 Committere,
1414 707 1556 733 Destinare
1576 707 1665 740 (alicui
1679 718 1741 739 rem,
1760 718 1784 733 v.
1798 706 1927 740 tutelam).

1091 791 1160 817 dere.
1190 791 1239 817 Th.
1261 791 1291 818 C.
1312 791 1368 818 VII.
1387 794 1411 818 4.
1436 803 1458 819 c.
1476 794 1518 819 35.
1543 793 1575 819 de
1594 803 1663 829 erog.
1683 793 1736 819 mil.
1756 803 1813 819 ann.
1837 792 1882 818 XI.
1903 793 1926 818 7.

1090 844 1111 860 c.
1132 835 1172 860 16.
1193 834 1225 860 dc
1245 836 1374 861 exactiori.
1412 835 1454 861 111.
1478 837 1544 863 Cn·
1572 837 1624 871 Qui
1638 836 1769 872 publicam
1782 837 1927 872 pecuniam,

1089 876 1233 913 delegatam
1253 878 1279 903 in
1298 888 1373 904 usum
1393 878 1514 914 aliquem,
1534 880 1642 905 retinuit
1658 889 1743 915 neque
1756 880 1782 905 in
1797 888 1855 904 eum
1868 888 1927 904 con-

1089 921 1191 946 sumsit.
1211 919 1241 946 fr.
1252 921 1277 946 2.
1298 920 1329 946 ad
1343 920 1372 946 L.
1386 920 1433 947 Iul.
1448 920 1533 957 pecul.
1553 923 1594 948 48.
1611 923 1649 948 13.
1686 922 1814 948 Annouae
1827 930 1927 953 omnes,

1089 972 1155 999 quae
1175 963 1307 988 universis
1327 963 1422 989 officiis
1442 969 1520 1000 atque
1543 964 1570 990 S.
1590 964 1680 1001 palatii
1703 965 1870 995 ministeriis,
1894 979 1927 983 —

1066 1020 1067 1031 i
1089 1005 1211 1031 adsolent
1229 1005 1352 1041 delegari.
1381 1005 1432 1032 Th.
1453 1006 1483 1033 C.
1504 1006 1558 1033 Vll.
1579 1009 1601 1033 4.
1627 1018 1648 1034 c.
1667 1010 1709 1033 35.
1729 1007 1745 1033 l.
1774 1007 1866 1033 Iuliani
1885 1016 1926 1043 ep.

1418 1048 1465 1075 Sin
1490 1049 1522 1076 de
1545 1050 1592 1076 hac
1611 1061 1639 1077 re
1659 1050 1798 1077 defunctus
1816 1060 1869 1076 non
1888 1059 1927 1075 ca-

1089 1092 1136 1123 vit,
1157 1101 1205 1117 nec
1224 1091 1272 1117 ulli
1292 1091 1438 1128 delegatum
1457 1092 1483 1118 id
1503 1103 1597 1119 munus
1617 1098 1657 1119 est
1676 1098 1724 1119 etc.
1754 1093 1783 1119 sr.
1806 1095 1845 1119 12.
1865 1093 1886 1126 5.
1901 1093 1925 1118 4.

1355 1135 1384 1161 Si
1405 1145 1451 1171 ego
1472 1135 1519 1161 tibi
1539 1136 1726 1167 mandaverim,
1747 1141 1772 1162 et
1790 1141 1818 1162 tu
1838 1135 1864 1161 id
1883 1134 1926 1161 Ti-

1087 1220 1166 1246 iudex
1186 1220 1334 1256 delegatus,
1358 1221 1453 1247 iudicis
1479 1221 1557 1247 dandi
1582 1226 1739 1258 potestatem
1764 1231 1815 1247 non
1838 1220 1924 1246 habet.

1087 1274 1108 1289 c.
1128 1265 1152 1289 5.
1177 1262 1210 1289 de
1234 1263 1312 1289 iudic.
1337 1265 1362 1290 3.
1383 1266 1405 1290 1.
1436 1263 1467 1290 cf.
1488 1275 1510 1291 c.
1532 1266 1553 1291 l.
1579 1266 1632 1300 Qui
1655 1274 1704 1302 pro
1724 1274 1770 1290 sua
1789 1263 1880 1290 iurisd.
1899 1265 1924 1289 3.

1085 1307 1109 1332 4.
1129 1321 1162 1325 —
1188 1306 1218 1339 §.
1239 1307 1274 1332 2.
1304 1308 1513 1334 Substituere
1536 1309 1568 1333 in
1591 1310 1693 1334 locam
1712 1313 1857 1343 nostram
1876 1309 1925 1332 tle-

1084 1351 1234 1380 hitorem,
1264 1351 1378 1383 quiex
1400 1352 1469 1377 alia
1494 1360 1593 1377 caasa
1617 1353 1696 1377 idem
1720 1352 1810 1377 nobis
1830 1351 1924 1376 debet.

1084 1392 1102 1418 Ι.
1123 1393 1186 1426 Sy.
1215 1391 1281 1418 Vice
1304 1402 1350 1419 sua
1375 1392 1453 1419 alium
1476 1403 1549 1419 reum
1573 1393 1635 1419 dare
1659 1393 1798 1425 creditori,
1822 1392 1864 1420 vel
1884 1393 1926 1418 cui

1085 1435 1199 1461 iusserit.
1228 1434 1259 1461 sr.
1280 1437 1320 1461 ll.
1340 1446 1379 1472 pr.
1399 1436 1431 1462 de
1450 1441 1537 1462 novat.
1558 1437 1598 1463 46.
1613 1438 1637 1463 2.
1675 1436 1760 1462 Alteri
1781 1445 1926 1473 expensum

1085 1477 1167 1509 ferre,
1187 1477 1258 1514 quod
1278 1480 1372 1505 tertius
1391 1479 1453 1505 mihi
1473 1479 1560 1505 debet.
1586 1479 1642 1506 Gai.
1657 1479 1699 1506 III.
1715 1481 1772 1505 130.
1801 1478 1843 1505 III.
1859 1479 1926 1506 Gn.

1085 1520 1115 1547 Si
1134 1521 1209 1547 amici
1228 1521 1366 1553 beneficio,
1386 1521 1428 1548 vel
1447 1522 1619 1554 liberalitate,
1634 1522 1688 1548 ,vel
1707 1526 1865 1559 prorogante
1884 1530 1924 1553 eo,

1085 1563 1127 1590 vel
1146 1565 1354 1601 repromittente,
1374 1564 1416 1590 vel
1435 1574 1464 1591 se
1478 1564 1622 1601 delegante,
1642 1565 1684 1592 vel
1698 1567 1724 1591 in
1738 1576 1767 1591 se
1780 1565 1924 1601 recipiente

1084 1606 1214 1639 debitum,
1244 1607 1377 1633 redemtus
1397 1609 1440 1634 sit.
1473 1607 1503 1634 sr.
1524 1610 1546 1634 4.
1567 1609 1632 1642 5.1.
1658 1608 1689 1635 de
1708 1618 1819 1634 manum.
1838 1608 1879 1633 40.
1900 1609 1922 1633 l.

1084 1649 1152 1676 Cum
1171 1654 1243 1676 tutor
1262 1650 1341 1676 debet
1358 1650 1474 1687 pupillo,
1502 1667 1534 1670 ——-
1554 1662 1638 1688 neque
1657 1651 1770 1687 delegari
1789 1661 1861 1683 eum,
1881 1661 1924 1677 ne-

1084 1703 1134 1729 que
1156 1697 1355 1729 procuratorem
1379 1693 1505 1720 adversus
1532 1699 1644 1720 tutorem
1668 1694 1723 1720 dari
1748 1696 1807 1731 ipso
1836 1699 1924 1720 tutore

1083 1740 1189 1761 auctore
1208 1745 1298 1771 posse.
1328 1735 1357 1761 fr.
1374 1737 1413 1762 13.
1434 1736 1467 1762 de
1486 1742 1552 1763 auct.
1573 1742 1598 1763 et
1611 1747 1683 1763 cons.
1703 1738 1744 1763 26.
1759 1738 1782 1763 8.
1820 1736 1849 1763 Si
1862 1746 1923 1763 ven-

1083 1777 1180 1803 diderit
1198 1787 1251 1803 rem
1272 1788 1357 1809 suam,
1377 1779 1433 1805 sive
1452 1781 1564 1816 pretium
1584 1785 1719 1817 acceptum
1738 1790 1787 1817 pro
1806 1779 1857 1805 alio
1871 1778 1923 1805 sol-

1083 1821 1134 1852 vit,
1154 1821 1210 1846 sive
1230 1826 1355 1847 emtorem
1376 1821 1505 1856 delegavit
1524 1823 1649 1849 creditori
1668 1823 1761 1849 alieno.
1795 1822 1825 1849 fr.
1845 1825 1868 1849 5.
1889 1821 1920 1848 οἳ.

1083 1862 1112 1889 fr.
1133 1864 1157 1889 8.
1177 1863 1199 1896 5.
1219 1865 1243 1889 2.
1268 1863 1300 1889 ad
1319 1863 1346 1889 S.
1367 1863 1398 1890 C.
1419 1864 1487 1891 Vell.
1509 1867 1548 1891 16.
1570 1867 1592 1892 l.
1620 1866 1650 1892 cf.
1675 1866 1705 1892 fr.
1726 1867 1767 1893 66.
1787 1866 1808 1899 5.
1827 1867 1852 1891 2.
1872 1864 1920 1891 sol.

1082 1907 1192 1932 matrim.
1211 1907 1253 1932 24.
1273 1907 1297 1932 3.
1336 1906 1378 1932 Ob
1404 1918 1459 1933 eam
1479 1918 1582 1935 causam
1602 1914 1708 1946 accepto
1728 1908 1868 1940 liberatus,
1893 1912 1922 1933 ut

1083 1959 1177 1975 nomen
1197 1948 1261 1975 Titii
1280 1948 1409 1975 debitoris
1430 1950 1569 1987 delegaret.
1599 1952 1628 1978 fr.
1649 1954 1672 1978 9.
1693 1952 1725 1978 de
1744 1961 1858 1989 praescr.
1877 1960 1919 1977 vv.

1084 1993 1122 2018 19.
1142 1994 1165 2017 5.
1203 1991 1233 2018 Si
1252 2002 1305 2018 uon
1324 1991 1478 2025 debitorem,
1498 1995 1573 2030 quasi
1592 1994 1745 2027 debitorem,
1766 1994 1920 2031 delegavero

1082 2034 1206 2061 creditori
1225 2045 1291 2061 meo.
1323 2035 1353 2061 fr.
1375 2037 1414 2062 13.
1439 2036 1471 2062 de
1491 2042 1577 2063 novat.
1598 2039 1638 2064 46.
1658 2040 1682 2064 2.
1720 2038 1750 2064 Si
1769 2037 1856 2063 Titius
1875 2036 1920 2063 do-

1058 2109 1059 2116 *
1082 2088 1143 2103 nare
1162 2077 1225 2104 mihi
1244 2077 1346 2110 volens,
1367 2078 1501 2115 delegatus
1521 2091 1533 2106 a
1553 2091 1594 2107 me
1613 2080 1737 2107 creditori
1752 2090 1818 2112 meo,
1837 2081 1920 2117 stipu-

1082 2120 1145 2146 lanti
1169 2120 1321 2157 spopondit.
1354 2121 1383 2148 fr.
1408 2124 1449 2148 33.
1474 2123 1508 2149 ib.
1529 2125 1569 2149 46.
1589 2125 1613 2149 2.
1643 2124 1675 2150 cf.
1699 2124 1729 2150 fr.
1753 2125 1794 2149 41.
1818 2133 1856 2160 pr.
1885 2123 1918 2149 de

1081 2174 1109 2189 re
1128 2163 1180 2190 iud.
1200 2166 1242 2190 42.
1263 2166 1285 2190 l.
1323 2164 1352 2191 Si
1373 2166 1398 2190 in
1422 2165 1462 2197 id,
1489 2166 1559 2202 quod
1582 2172 1693 2203 patrono
1716 2167 1850 2203 promisit,
1874 2166 1918 2192 atii

1081 2211 1174 2243 postea
1194 2206 1328 2243 delegatus
1348 2209 1390 2234 sit.
1424 2208 1454 2234 fr.
1474 2210 1516 2235 37.
1537 2210 1558 2243 5
1578 2211 1601 2236 4.
1627 2209 1659 2236 de
1678 2220 1749 2246 oper.
1769 2209 1855 2236 libert.
1874 2211 1915 2235 38.

1057 2277 1058 2281 Ἰ
1082 2252 1103 2275 l.
1141 2249 1169 2275 Si
1190 2249 1323 2276 filiusfam.
1344 2255 1487 2283 mutuatus,
1507 2252 1663 2278 creditorem
1681 2252 1810 2289 delegavit
1829 2257 1856 2278 ut
1875 2252 1917 2278 da-

1080 2297 1120 2319 ret
1138 2302 1186 2329 pro
1207 2292 1260 2319 tilia
1280 2293 1375 2320 dotem.
1404 2294 1434 2320 sr.
1454 2296 1477 2319 5.
1498 2294 1519 2327 5.
1539 2298 1562 2321 ὅ.
1583 2295 1615 2321 de
1634 2296 1690 2322 iure
1710 2296 1762 2322 dot.
1781 2298 1822 2322 23.
1841 2297 1864 2321 3.
1882 2310 1915 2314 —

1081 2336 1111 2368 §0
1132 2336 1169 2361 3.
1199 2337 1374 2371 Ablegare,
1397 2338 1558 2371 Dirigere.
1595 2338 1637 2364 III.
1659 2340 1724 2366 Gn.
1754 2338 1836 2364 Nemo
1854 2348 1915 2374 pos-

1080 2387 1213 2404 sessorum
1233 2378 1265 2404 ad
1284 2379 1450 2405 instruendas
1469 2381 1618 2407 mansiones
1637 2397 1668 2400 -
1688 2381 1789 2417 longius
1814 2381 1914 2417 delege-

1081 2425 1129 2446 tur.
1158 2420 1207 2447 Th.
1229 2421 1259 2447 C.
1278 2421 1323 2448 XI.
1344 2424 1366 2448 l.
1388 2432 1408 2448 c.
1428 2424 1469 2449 21.
1490 2423 1521 2449 de
1541 2434 1634 2450 annon.
1655 2429 1680 2450 et
1699 2424 1787 2450 tribut.

1114 2465 1324 2498 Delegatio.
1356 2466 1386 2498 ξ.
1408 2466 1442 2492 l·
1468 2468 1670 2494 Substitutio
1690 2469 1845 2493 debitoris
1864 2477 1913 2494 ua-

1078 2508 1143 2532 stri
1171 2508 1203 2533 in
1230 2509 1331 2533 locum
1355 2514 1505 2535 nostrum.
1543 2509 1585 2536 ΙΙΙ.
1608 2511 1672 2537 011.
1701 2509 1729 2535 Si
1749 2520 1834 2546 neque
1852 2520 1912 2547 pos-

1078 2550 1224 2576 sessionem
1243 2550 1403 2586 singularum
1422 2562 1507 2578 rerum
1528 2552 1645 2581 tradidit.
1670 2562 1754 2588 neque
1777 2563 1825 2590 per
1843 2563 1911 2580 man-

1078 2592 1236 2628 cipationem
1255 2593 1421 2629 praediorum
1440 2594 1581 2621 dominium
1600 2595 1745 2627 transtulit,
1767 2606 1815 2622 nec
1833 2597 1911 2623 inter—

1076 2636 1172 2671 positis
1193 2635 1409 2671 delegationibus,
1429 2642 1473 2663 aut
1491 2637 1618 2663 inchoatis
1632 2637 1722 2664 litibus
1736 2640 1852 2666 actiones
1866 2650 1910 2667 no-

1076 2678 1154 2703 vavit.
1183 2677 1267 2704 Vatic.
1287 2679 1308 2712 5.
1328 2680 1386 2705 263.
1412 2679 1443 2705 cf.
1463 2680 1484 2712 5.
1504 2681 1561 2705 260.
1606 2679 1732 2715 Quamvis
1751 2682 1822 2709 nulla
1841 2683 1910 2710 delc-

1076 2720 1144 2754 gatio
1164 2719 1244 2753 sacta,
1268 2732 1354 2758 neque
1378 2721 1497 2747 liberatio
1517 2726 1606 2748 secuta
1626 2728 1704 2750 esset.
1733 2724 1762 2751 t'r.
1782 2727 1822 2752 96.
1843 2727 1864 2760 5.
1883 2728 1907 2752 2.

1052 2785 1053 2791 ,
1075 2762 1108 2788 de
1127 2762 1205 2789 solut.
1230 2765 1270 2790 46.
1290 2766 1314 2790 3.
1352 2764 1497 2790 Solutionis
1521 2765 1604 2791 vicem
1623 2768 1739 2794 continet
1758 2768 1821 2795 haec
1840 2768 1907 2795 dele-

1074 2806 1150 2841 gatio.
1180 2806 1210 2832 sr.
1229 2808 1270 2833 37.
1291 2808 1312 2841 5.
1332 2808 1355 2832 4.
1376 2806 1408 2832 de
1427 2816 1497 2843 oper.
1518 2806 1603 2835 libert.
1620 2810 1662 2837 38.
1683 2812 1706 2837 1.
1748 2810 1820 2838 Citra
1839 2810 1907 2837 dele-
