2197 3121
267 182 333 212 ’296

272 265 406 291 cietatem.
433 272 456 287 v.
481 260 646 292 emtionmn.)
672 259 703 286 fr.
723 260 765 285 27.
790 257 820 285 Τι·.
840 258 881 284 63.
907 257 946 292 55.
967 259 1007 283 10.
1027 266 1068 293 sq.
1088 256 1119 283 Τι’.

271 308 313 334 64.
334 316 372 342 sq.
393 314 440 342 pro
460 314 514 330 soe.
537 306 575 330 17.
595 306 619 328 2.
647 302 677 328 Τι’.
698 303 738 328 11.
764 301 802 335 55.
823 303 847 327 5.
868 310 908 337 sq.
933 300 965 327 de
985 300 1016 326 A.
1035 300 1065 326 E.
1086 299 1118 326 V.

272 351 313 376 19.
336 351 356 374 1.
395 347 539 374 Discedere
559 351 588 379 (a
608 345 817 375 communione.)
842 344 926 370 Distr.
952 342 1118 379 (negotium.)

273 393 304 419 Τι·.
324 394 364 417 51.
385 391 451 425 5.1.
472 389 550 416 l'amil.
571 389 663 415 ercisc.
684 390 724 414 10.
743 390 767 414 2.
805 387 836 413 11.
858 389 925 421 Op.
945 385 1118 412 Contrahere.

273 435 315 462 Cf.
336 435 360 461 h.
380 444 404 460 v.
425 433 447 467 5.
467 435 491 459 3.
511 448 544 452 -
563 433 594 465 ξ.
619 432 657 458 3.
678 432 859 465 Expedire,
880 432 1039 464 Purgare.
1076 427 1119 454 III.

274 480 340 507 Cu.
375 476 413 503 Ne
438 475 497 513 plus
523 476 668 512 accipiatur
695 473 744 500 sub
769 473 930 509 obligatione
953 471 1119 509 praediorum

274 522 399 549 foenoris.
421 529 496 555 quam
517 517 614 555 (quod)
635 527 702 554 opus
723 518 756 543 sit
777 516 809 543 ad
826 514 984 542 solvendum
1004 524 1047 541 aes
1061 513 1121 540 alie-

272 575 343 593 num.
363 568 406 590 aut
419 561 627 592 distrahendum,
642 560 819 587 arbitrabitur.
840 559 870 585 Τι·.
885 561 908 585 5.
921 559 942 592 5.
959 560 999 584 10.
1020 557 1053 584 de
1065 556 1119 583 reb.

274 619 327 635 eor.
349 617 391 643 qu.
415 616 436 632 s.
456 610 504 631 tut.
528 606 570 630 27.
595 606 619 630 9,
658 603 816 630 Rationibus
842 600 1022 628 distrahendis
1045 601 1120 627 actio.

274 652 305 679 Τι’.
333 652 353 676 l.
379 649 484 683 5519.
509 649 551 673 21.
577 646 606 673 fr.
627 648 651 672 2.
670 657 710 683 pr.
735 646 767 672 de
791 650 839 672 tnt.
865 650 891 672 et
916 649 963 671 rat.
983 645 1025 670 27.
1044 645 1068 670 3.
1089 659 1120 662 —

274 695 305 728 ξ.
327 695 364 720 -l-
386 694 556 722 Alienare,
580 691 729 717 Tendere.
767 688 785 714 Ι.
800 690 862 723 Sy.
881 687 1069 714 Venditionem
1088 685 1122 712 fa-
1143 721 1144 725 Ἰ

275 747 343 764 cere.
363 734 493 762 Vendere.
524 732 607 759 Yatic.
627 732 649 766 5.
670 733 694 758 6.
715 730 789 758 Paul.
809 730 840 757 11.
859 732 883 757 4.
903 731 925 764 5
945 732 968 756 4.
990 730 1019 756 Τι·.
1040 731 1062 756 7.
1082 739 1122 766 pr.
1143 762 1144 765 Ἴ

275 780 306 807 Τι’.
325 783 349 805 ὅ.
375 778 405 805 Τι’.
428 778 467 804 153.
492 776 525 803 de
548 775 623 802 distr.
647 776 718 812 pigu.
742 776 784 800 20.
804 776 829 800 5.
867 773 973 805 Venire,
993 772 1121 799 Distrahi.

275 822 307 850 Τι·.
326 823 368 848 29.
394 821 427 848 de
453 824 535 847 contr.
562 823 621 845 emt.
649 820 688 844 11³.
711 819 731 843 l.
756 817 787 844 Τι·.
814 819 836 843 l.
856 826 914 853 sqq.
940 816 973 843 de
992 826 1060 842 serv.
1081 825 1123 841 ex·
1144 849 1146 857 y

275 871 345 904 port.
367 867 406 891 18.
427 866 450 890 7.
488 862 530 888 III.
553 862 619 889 Cn.
640 860 669 887 Si
694 861 803 886 minoris
828 859 982 886 distractum
1002 863 1055 886 est.
1081 857 1122 884 vel
1144 878 1146 895 ¹.

276 909 399 936 locatum.
418 906 449 933 Τι·.
469 908 492 933 8.
512 905 536 938 5.
555 905 577 930 1.
600 903 632 930 de
653 903 707 930 reb.
727 908 795 930 auct.
810 902 863 929 iud.
877 905 919 929 42.
933 904 957 929 5.
994 901 1122 932 Distrahi.
1145 919 1146 938 ι

277 957 321 978 aut
339 950 473 988 pignorari
494 947 600 975 iubere.
623 951 651 972 ut
674 947 785 983 pecunia
805 945 968 983 expediatur.
989 945 1019 972 Τι’.
1041 947 1080 971 12.
1101 945 1123 978 5.
1144 949 1146 963 ³

276 996 301 1022 6.
321 994 354 1021 ὼ·
373 993 445 1027 relig.
467 993 506 1018 11.
528 993 550 1017 7.
589 990 619 1016 Si
639 1000 690 1026 quo
711 990 839 1021 constitit.
859 1004 892 1009 -—
912 988 1045 1015 officinam
1065 998 1124 1014 con-

277 1038 366 1066 duxit.
391 1036 480 1072 ibique
506 1033 644 1065 distraxit.
669 1034 729 1069 egit.
750 1032 780 1059 Τι’.
802 1034 841 1059 19.
865 1032 886 1065 5.
905 1034 930 1058 2.
951 1031 983 1058 de
1002 1031 1079 1058 indic.
1100 1033 1123 1057 5.
1144 1047 1146 1065 ‚

281 1083 301 1107 l.
340 1079 445 1115 Quibus
464 1092 498 1097 —-
518 1077 581 1104 dant
600 1081 701 1103 vestem
718 1074 959 1106 cirmmferendmn.
979 1074 1125 1100 distrahen-
1144 1072 1146 1113 ’.ι

278 1124 344 1151 dam.
366 1122 396 1149 fr.
417 1124 441 1148 5.
461 1122 483 1156 5.
502 1123 527 1147 4.
548 1120 580 1147 de
600 1121 661 1146 inst.
682 1123 731 1145 act.
759 1120 797 1144 14.
817 1120 842 1144 3.
863 1117 894 1144 cl'.
914 1117 986 1144 Paul.
1007 1117 1037 1144 11.
1058 1119 1081 1143 4.
1102 1117 1123 1150 5.
1144 1120 1146 1139 ἲ

277 1168 302 1193 4.
340 1166 380 1192 Ex
401 1175 478 1191 causa
497 1163 605 1190 iudicati
627 1167 701 1199 capta
722 1166 748 1187 et
767 1161 892 1187 distracta
911 1161 1028 1197 pignora.
1049 1160 1079 1186 fr.
1099 1162 1123 1186 9.
1145 1151 1147 1197 l

278 1220 318 1248 pr.
339 1209 372 1236 de.
391 1209 483 1235 minor.
504 1208 527 1233 4.
548 1208 571 1233 4.
608 1205 682 1233 Paul.
702 1204 733 1231 V.
754 1207 769 1230 5
789 1204 820 1230 A.
846 1204 868 1238 5.
889 1205 912 1230 4.
951 1203 980 1230 Si
1000 1203 1124 1230 distracta
1146 1220 1147 1248 ἶ

278 1254 388 1291 pignora
407 1255 481 1282 sunt.
507 1249 549 1276 vel
575 1259 660 1286 poena
680 1248 819 1274 commissa
845 1257 916 1273 mora
936 1251 988 1273 tua.
1008 1246 1039 1273 fr.
1058 1249 1083 1272 2.
1103 1246 1148 1280 5.

279 1298 303 1323 8.
324 1295 356 1322 de
376 1305 406 1321 eo
427 1304 470 1330 qu.
491 1303 512 1319 c.
532 1292 654 1319 loco.13.
674 1293 698 1317 4.
730 1291 800 1317 Dato
821 1295 942 1316 curatore
962 1289 1074 1316 distrahi
1090 1290 1127 1315 iu-

279 1339 384 1369 bentur,
404 1338 490 1373 (quae
508 1345 580 1361 mora
600 1335 731 1361 deteriora
751 1333 837 1360 futura
856 1334 944 1365 sunt.)
969 1333 992 1367 5.
1011 1334 1035 1359 9,
1055 1332 1074 1359 1.
1095 1332 1127 1359 de

280 1391 353 1418 susp.
374 1385 422 1406 tut.
444 1381 466 1405 1.
486 1380 527 1404 26.
549 1378 580 1404 cs.
601 1378 631 1405 Τι’.
651 1380 674 1403 5.
696 1387 735 1414 pr.
756 1376 789 1403 de
808 1376 897 1403 hered.
917 1381 970 1413 pet.
990 1377 1014 1402 5.
1032 1377 1056 1402 3.
1147 1405 1149 1418 i

314 1423 568 1451 DistrIbuere.
606 1423 752 1453 Partiri,
772 1421 931 1454 Erogare.
950 1418 969 1445 1.
985 1420 1047 1453 Sy.
1067 1417 1124 1445 Tri·
1147 1427 1149 1485 ἱ

280 1468 370 1498 buere,
391 1466 468 1492 Dare.
501 1464 558 1491 Gai.
579 1464 622 1491 IV.
644 1465 684 1490 72.
704 1462 735 1490 Τι’.
755 1464 778 1489 5.
798 1463 820 1497 5.
842 1464 864 1489 1.
885 1461 918 1489 de
936 1462 961 1489 h.
982 1472 1025 1498 qu.
1045 1461 1127 1489 deiec.
1148 1487 1150 1508 ι

280 1512 305 1537 9.
323 1511 347 1536 3.
386 1507 489 1539 Partiri,
509 1506 637 1534 Dividere
657 1505 852 1541 (hereditatem,
865 1515 890 1532 v.
905 1505 1034 1538 tutelam.)
1054 1504 1127 1532 Paul.
1148 1509 1150 1519 ¹

280 1552 325 1580 IV.
345 1555 369 1578 8.
389 1551 427 1585 55.
447 1552 471 1577 9.
493 1552 532 1576 19.
559 1549 589 1577 Τι’.
616 1552 638 1576 l.
658 1560 697 1587 pr.
723 1549 753 1576 Τι’.
778 1550 820 1575 30.
846 1548 903 1575 fam.
931 1550 1023 1575 ercisc.
1044 1550 1084 1574 10.
1103 1550 1127 1574 2.
1148 1555 1150 1582 ξ

282 1596 313 1623 Τι’.
331 1597 356 1622 3,
375 1595 397 1628 5.
417 1595 440 1620 9.
461 1592 493 1620 de
512 1592 571 1619 adm
600 1598 625 1619 et
643 1603 697 1630 per.
717 1594 760 1618 26.
782 1594 805 1618 7.
843 1591 884 1618 III.
897 1593 963 1619 Cn.
983 1591 1058 1627 Quae
1078 1592 1127 1624 (sc.
1149 1589 1150 1598 ¹

281 1639 337 1672 res)
357 1637 455 1664 viritim
475 1635 657 1662 distribuenda
677 1635 764 1666 suerit.
785 1639 810 1661 et
832 1639 929 1661 coacta.
949 1633 1000 1660 Th.
1015 1633 1045 1660 C.
1060 1633 1126 1660 VIII.

283 1683 324 1708 ll.
343 1681 365 1715 5.
386 1682 409 1706 3.
430 1689 462 1705 ne
481 1689 523 1715 qu.
543 1679 607 1716 pub.
626 1678 685 1705 laet.
724 1678 753 1704 Si
769 1678 886 1714 scriptus
907 1687 938 1703 ex
958 1681 1032 1714 parte
1051 1677 1127 1703 heres

282 1728 389 1761 rogatus
413 1723 448 1749 sit
474 1722 627 1759 praecipere
652 1721 803 1759 pecuniam,
824 1725 849 1746 et
869 1720 915 1751 υἷε,
935 1719 1032 1756 quibus
1051 1725 1129 1746 testa-

283 1771 371 1794 mento
392 1765 505 1802 legatum
524 1769 587 1793 erat.
608 1764 776 1791 distribuere.
801 1762 830 1789 fr.
852 1764 892 1789 96.
917 1763 938 1796 5.
958 1765 980 1789 3.
1002 1763 1035 1789 de
1053 1763 1127 1799 legat.

284 1810 303 1837 I.
322 1810 390 1843 (30.)
409 1808 438 1835 ln
457 1807 553 1834 multas
575 1807 761 1844 legatariorum
780 1815 909 1843 personas
929 1805 1072 1832 distributo
1087 1816 1130 1843 pa-

285 1853 418 1883 trimonio⁷
438 1855 542 1887 poterat
561 1850 626 1877 adeo
640 1849 731 1876 heredi
747 1849 882 1875 minimum
895 1848 1053 1885 relinquere.
1073 1848 1129 1876 Gai.

287 1895 315 1921 ll.
335 1896 394 1920 226.
420 1894 451 1920 cl'.
476 1893 507 1919 Τι·.
528 1895 568 1919 73.
594 1894 615 1927 5
636 1895 658 1919 5.
684 1893 717 1919 ad
741 1891 770 1918 L.
794 1891 863 1918 Falc.
887 1894 928 1918 35.
952 1894 976 1918 2.
1014 1892 1130 1918 Iacturae

286 1947 414 1965 summam
432 1946 480 1973 pro
501 1945 587 1961 rerum
607 1937 692 1973 pretio
711 1935 835 1962 distribui
849 1940 963 1972 oportet.
983 1935 1012 1962 Τι·.
1028 1938 1051 1962 2.
1066 1935 1087 1969 5.
1102 1937 1129 1961 2.

287 1981 320 2009 de
339 1980 368 2008 L.
389 1979 475 2007 Rhod.
498 1980 537 2004 14.
556 1981 581 2004 2.

324 2021 563 2052 Distributio.
602 2021 631 2054 ᾖ.
660 2022 695 2048 l.
738 2022 889 2050 Diuisio.
917 2022 1075 2049 Partitio.
1111 2020 1130 2047 I.

289 2069 351 2102 Sy.
371 2065 550 2092 Contributio.
579 2063 629 2090 Th.
650 2064 680 2090 C.
700 2064 768 2090 XIII.
793 2067 813 2091 1.
841 2074 861 2091 c.
885 2066 922 2090 17.
942 2075 963 2091 c.
982 2066 1023 2090 20.
1044 2063 1076 2090 de
1094 2063 1132 2090 lu-

289 2115 335 2137 str.
356 2108 415 2135 coll.
432 2125 456 2129 -—
475 2108 506 2141 ξ.
526 2108 561 2133 2.
581 2109 755 2142 Largitio,
776 2109 941 2142 Erogatio
963 2108 1154 2141 (publica.)¹

290 2152 331 2179 111.
353 2154 419 2180 cn.
457 2151 486 2177 si
512 2150 575 2187 quid
599 2149 720 2176 relictum
746 2151 781 2176 sit
800 2150 960 2182 civitatibus.
981 2163 1010 2167 -
1032 2150 1088 2176 sive
1106 2150 1132 2175 in
1153 2143 1155 2148 '

291 2194 504 2222 distributionem
530 2193 706 2230 relinquatur.
732 2194 788 2219 sive
813 2194 838 2219 in
863 2203 930 2230 opus
956 2197 1004 2219 etc.
1024 2192 1054 2219 Τι’.
1075 2194 1132 2219 117.

291 2238 324 2265 de
344 2237 419 2273 legat.
440 2236 456 2263 Ι.
478 2237 544 2269 (30.)
566 2236 644 2262 Coss.
659 2236 845 2273 sportularum,
865 2241 891 2262 et
909 2235 1133 2267 distributionum,
1154 2234 1156 2248 ⁴

292 2281 452 2315 aliarumque
472 2280 648 2316 impensarum
672 2280 777 2306 nomine
796 2295 828 2298 —
849 2283 1003 2305 consumant
1022 2283 1070 2305 etc.
1096 2278 1134 2304 Iu-

293 2323 355 2350 liani
374 2333 414 2359 ep.
435 2332 494 2348 nov.
516 2333 536 2348 c.
557 2324 597 2349 9³5.
624 2323 646 2356 5.
665 2324 724 2349 359.
745 2322 777 2349 cf.
798 2321 847 2349 Th.
869 2322 899 2349 C.
920 2321 988 2348 Vlll.
1010 2323 1049 2349 15.
1070 2332 1090 2348 c.
1110 2323 1134 2347 5.
1155 2321 1156 2330 ³

293 2367 315 2401 5.
337 2368 358 2392 1.
379 2365 411 2391 de
431 2366 463 2391 iis
483 2375 525 2401 qu.
546 2365 639 2391 admin.

327 2408 522 2436 Βίεῐτὶοῐυ.
561 2407 602 2434 Cs.
622 2418 645 2433 v.
666 2408 810 2435 Destricte.

329 2450 538 2478 nisu-ictio.
576 2452 820 2478 Incommodum.
858 2451 900 2477 Ill.
917 2451 983 2478 Cn.
1004 2449 1071 2476 Cum
1090 2460 1136 2487 po·
1156 2452 1158 2470 Ἀ

296 2500 348 2522 test
372 2493 490 2531 proferre
514 2494 568 2526 (sc.
588 2492 656 2519 dicun
677 2494 892 2531 compromissi.)
917 2492 989 2530 quod
1008 2494 1064 2520 sine
1083 2493 1135 2519 nlla
1157 2510 1159 2526 s

296 2538 461 2564 districtione
482 2535 528 2569 [al.
549 2535 735 2569 distinctione]
760 2537 845 2573 ipsius
871 2536 1002 2563 interdum
1021 2536 1136 2563 futurum
1157 2532 1159 2551 Τ

298 2586 345 2607 est.
365 2580 395 2607 Τι·.
418 2580 456 2605 16.
477 2578 542 2612 5.1.
563 2577 595 2604 de
614 2588 665 2604 rec.
687 2588 730 2614 qu.
750 2580 804 2606 arb.
824 2582 847 2606 4.
868 2582 891 2605 8.

332 2622 546 2649 Βίειῐῑίοῑιιε.
568 2620 698 2654 (Partic.)
725 2622 926 2656 Oct-inpetus,
949 2622 1135 2657 Obligatus.
1158 2638 1160 2645 ι

300 2664 318 2690 1.
339 2666 399 2698 Sy.
420 2664 569 2690 obnoxius.
591 2663 641 2690 Th.
663 2662 693 2690 C.
713 2663 784 2690 XlV.
805 2667 828 2690 4.
853 2675 874 2690 c.
896 2667 917 2690 l.
939 2664 971 2691 de
990 2674 1057 2691 suar.
1093 2663 1136 2690 111.

300 2708 366 2734 Cn.
386 2707 487 2733 Cursus
502 2706 602 2744 publici
616 2706 800 2733 observatione.
814 2706 927 2733 districti
943 2707 986 2741 [al.
998 2707 1136 2740 destricti]

301 2748 338 2774 lb.
358 2747 424 2773 1111Δ
444 2751 467 2775 5.
488 2760 508 2775 c.
529 2750 552 2775 4.
574 2748 606 2775 de.
630 2759 709 2776 cursu
732 2749 795 2786 pub.
820 2749 851 2775 cl'.
876 2749 945 2776 Xlll.
969 2752 993 2777 9.
1014 2760 1035 2776 c.
1053 2752 1078 2777 3.
1097 2759 1136 2787 pr.

302 2790 334 2817 de
354 2790 467 2825 naul'rag.

336 2833 583 2867 nisu-ingere.
623 2836 808 2868 Discinere,
830 2836 995 2870 Impedire.
1014 2834 1056 2862 Ill.
1073 2836 1138 2863 οη.

1008 174 1108 205 DIST
1133 191 1175 196 —
1198 173 1286 204 D1V.

1164 255 1214 282 Vel
1234 255 1332 283 iudicio
1351 255 1460 292 publico
1478 257 1629 294 privatove,
1648 256 1691 283 vel
1709 257 1873 291 valetudine,
1898 258 1941 286 vel
1959 269 2010 285 ma-

1164 300 1218 325 iore
1239 310 1266 326 re
1286 308 1333 324 sua
1352 298 1482 335 distringi.
1502 299 1532 326 fr.
1550 302 1592 326 20.
1612 299 1645 327 de
1664 310 1768 337 procur.
1787 303 1812 328 3.
1825 303 1849 328 3.
1870 301 1902 329 cl'.
1922 301 1953 328 Τι’.
1968 303 2008 328 15.

1164 342 1185 376 5.
1206 343 1229 368 5.
1250 341 1282 368 ad
1302 341 1329 367 S.
1350 340 1382 368 C.
1403 341 1485 379 Turp.
1506 344 1548 369 48.
1570 344 1609 369 16.
1647 342 1796 380 Numquam
1815 345 1939 371 accedere
1959 345 2008 377 (sc.

1164 384 1195 411 ad
1216 395 1274 411 eum
1294 384 1403 417 locum.)
1425 385 1496 421 quod
1515 385 1557 412 vel
1577 385 1635 412 data
1655 395 1735 423 opera
1755 386 1864 415 faceret.
1883 387 1926 414 vel
1947 388 2009 424 quia

1164 427 1222 454 aliis
1242 427 1308 454 locis
1329 429 1480 454 necessario
1500 427 1710 464 distringeretur.
1730 428 1761 455 Τι’.
1778 431 1799 456 l.
1819 429 1852 456 de
1872 440 1902 456 eo
1923 440 1966 466 qu.
1987 441 2008 457 c.

1163 470 1223 497 loco
1244 472 1284 497 13.
1303 472 1328 497 4.
1366 469 1425 496 Non
1445 480 1504 497 esse
1518 481 1575 497 eum
1589 471 1808 508 distringendum,
1828 472 1876 499 sed
1890 473 1916 498 in
1930 483 2009 500 unum

1164 513 1276 540 dandam
1295 515 1432 540 actionem.
1452 513 1483 540 Τι·.
1505 516 1545 540 12.
1565 525 1626 541 rein.
1651 525 1714 552 pnp.
1735 515 1799 542 salv.
1819 516 1862 542 46.
1883 517 1906 542 6.
1927 515 1959 542 cf.
1978 515 2008 542 Τι’.

1164 558 1206 583 27.
1225 557 1247 591 5.
1267 558 1291 583 8.
1311 556 1343 583 de
1362 556 1448 594 pecul.
1469 558 1509 583 15.
1530 559 1553 584 1.
1574 557 1604 584 fr.
1623 559 1647 584 3.
1668 558 1700 584 de
1720 557 1789 585 alim.
1810 558 1860 595 leg.
1879 560 1922 585 34.
1943 560 1965 585 l.

1199 600 1440 627 „istut-hare.
1465 601 1622 633 Turbare,
1643 603 1858 637 confundere.
1879 601 1921 628 111.
1943 603 2009 632 Cu.

1165 642 1340 669 Disturhasse
1363 643 1400 669 rei
1423 643 1530 674 merita,
1555 653 1584 669 ac
1606 643 1774 671 multitudine
1798 644 1958 681 divulgasse.
1987 654 2009 671 c.

1168 687 1207 712 13.
1227 695 1267 722 pr.
1288 685 1320 712 de
1338 695 1415 722 prox.
1436 685 1463 711 S.
1484 686 1563 713 scrin.
1584 688 1625 712 12.
1646 688 1686 713 19.

1200 729 1347 756 Diffare.
1386 731 1525 764 Augere,
1545 730 1849 767 Ditioremfacere.
1882 731 1925 758 III.
1945 731 2012 759 Cn.

1144 801 1145 809 ἵ
1167 771 1221 806 Qui
1240 771 1317 808 plena
1337 773 1402 798 iuris
1427 772 1513 799 civilis
1539 773 1647 799 scientia
1671 772 1825 800 ditarentur.
1846 773 1940 800 Const.
1961 773 2011 800 Th.

1167 814 1197 841 ll.
1223 814 1255 841 de
1280 814 1330 841 Th.
1356 815 1386 841 C.
1407 820 1505 842 auctor.
1531 815 1626 849 (Wek.
1646 825 1672 852 p.
1693 817 1734 849 9.)
1762 817 1867 852 Quibus
1887 818 1936 850 (sc.
1957 818 2013 854 opi-

1167 857 1230 891 bus)
1255 857 1301 884 ille
1326 868 1389 885 usus
1414 863 1454 885 est
1478 858 1510 885 ad
1530 868 1633 885 omnem
1653 858 1786 885 ditandam
1806 860 2013 896 inquietandam-

1168 911 1219 937 que
1239 901 1393 928 barbariem.
1431 901 1481 929 Th.
1494 902 1526 928 C.
1545 901 1590 928 lx.
1610 903 1652 928 42.
1673 912 1694 928 c.
1714 903 1756 928 22.
1777 902 1809 929 dc
1828 903 1890 930 bon.
1909 913 2011 941 proscr.

1167 944 1275 970 Ditatus
1294 944 1389 981 spoliis
1409 945 1618 982 provincialium.
1638 944 1675 971 lb.
1690 944 1757 972 VIII.
1778 947 1802 972 4.
1823 956 1844 972 c.
1863 948 1905 973 22.
1925 945 1958 973 de
1972 956 2013 973 co-

1168 986 1261 1013 hortal.
1300 986 1340 1013 'Ne
1359 987 1444 1014 alieno
1463 987 1564 1015 scelere
1583 987 1708 1015 ditentur.
1730 998 1752 1015 c.
1767 990 1789 1015 1.
1810 999 1842 1016 ex
1862 989 1950 1016 delict.
1970 989 2013 1016 de-

1167 1029 1249 1056 funct.
1268 1032 1292 1056 4.
1314 1032 1354 1057 17.

1204 1073 1320 1100 nitio.
1340 1074 1371 1107 ξ.
1391 1075 1426 1100 l.
1447 1074 1658 1105 Dominatn'o,
1677 1076 1862 1108 Imperium.
1883 1073 1926 1100 III.
1947 1075 2013 1102 Cn.

1169 1115 1351 1149 (No)minisve
1370 1115 1460 1148 latini,
1486 1121 1667 1143 exterarumve
1696 1119 1844 1149 nationum,
1868 1118 1964 1154 quoive
1988 1119 2015 1144 in

1169 1160 1310 1191 arbitratu,
1336 1159 1452 1189 dicione,
1477 1164 1623 1196 potestate,
1648 1161 1768 1187 amicitia.
1805 1160 1848 1187 Fr.
1867 1160 1897 1187 L.
1918 1160 2014 1187 Servil.

1170 1213 1191 1229 c.
1214 1205 1236 1228 1.
1274 1202 1328 1238 Qui
1347 1202 1396 1229 sub
1417 1202 1518 1228 ditione
1536 1203 1572 1228 sit
1590 1204 1691 1230 romani
1704 1205 1826 1230 nominis.
1847 1214 1868 1230 c.
1882 1205 1906 1230 2.
1927 1203 1959 1230 de
1978 1204 2015 1230 in-

1171 1250 1234 1272 eest.
1255 1250 1329 1283 nupt.
1348 1247 1373 1272 5.
1393 1247 1417 1271 5.
1457 1245 1479 1281 Q
1496 1256 1533 1272 ·ae
1552 1246 1602 1279 (sc.
1622 1248 1702 1275 terra)
1726 1256 1790 1272 rom.
1809 1246 1904 1273 ditioni
1917 1256 2016 1284 suppo-

1147 1318 1149 1325 γ
1170 1290 1220 1315 sita
1239 1294 1288 1315 est.
1309 1299 1330 1315 c.
1350 1290 1374 1314 3.
1395 1288 1429 1314 de
1449 1288 1539 1315 infant.
1560 1299 1653 1326 expoS.
1676 1290 1701 1316 8.
1721 1291 1763 1315 52.
1788 1304 1820 1308 ——
1845 1289 1877 1322 §-
1901 1291 1936 1316 ᾖ.
1956 1291 2016 1316 Ar·

1170 1334 1318 1364 binium,
1338 1334 1419 1358 Pote
1428 1337 1505 1358 stas.
1542 1331 1585 1358 III.
1610 1333 1676 1360 Gn.
1712 1331 1798 1358 Patris
1822 1331 1917 1358 ditioni
1944 1337 2016 1359 natu-

1148 1378 1149 1398 ἰ
1171 1385 1266 1412 raeque
1285 1375 1336 1401 iuri
1355 1374 1510 1411 subiugatis,
1530 1376 1630 1412 patriae
1640 1375 1740 1402 recidat
1759 1376 1894 1412 potestati.
1930 1374 2016 1402 Vatic.

1171 1419 1192 1452 5.
1211 1420 1272 1445 248.
1293 1418 1325 1445 cf.
1345 1417 1395 1444 Th.
1417 1417 1448 1444 C.
1468 1417 1512 1444 IV.
1534 1420 1574 1444 10.
1601 1428 1622 1445 c.
1644 1420 1666 1445 l.
1687 1418 1802 1452 (ch.)
1827 1417 1860 1445 de
1884 1417 1971 1445 libert.
1991 1422 2018 1444 et

1172 1472 1224 1488 eor.
1245 1461 1290 1488 lib.
1310 1461 1478 1493 Revertatur,
1503 1462 1530 1487 in
1555 1461 1673 1488 eiusdem
1693 1461 1830 1488 donatoris
1855 1461 1964 1488 arbitrio
1987 1471 2017 1488 ac

1148 1525 1150 1535 ,
1172 1505 1272 1532 ditione
1291 1514 1449 1531 mansurum.
1469 1504 1507 1531 1b.
1528 1503 1597 1531 VIII.
1618 1506 1658 1531 13.
1678 1515 1700 1531 c.
1719 1506 1744 1531 3.
1764 1504 1796 1530 de
1815 1514 1903 1530 revoc.
1916 1503 2005 1530 donat.

1206 1548 1342 1575 Ditior.
1380 1549 1597 1579 Pecuniosus,
1618 1549 1789 1582 Locuples.
1826 1546 1844 1573 I.
1869 1547 1931 1581 Sy.
1968 1545 2018 1573 Po-

1149 1612 1150 1617 .
1173 1593 1230 1618 tior.
1251 1590 1301 1617 Th.
1316 1589 1347 1617 C.
1367 1589 1412 1617 XI.
1434 1592 1474 1617 16.
1495 1600 1517 1617 c.
1536 1591 1561 1617 3.
1581 1600 1622 1627 sq.
1643 1590 1676 1617 de
1695 1595 1762 1617 extr.
1776 1600 1798 1617 s.
1813 1589 1884 1616 sord.
1904 1589 1935 1616 11.
1949 1591 2017 1624 01).

1149 1640 1150 1670 ξ
1172 1635 1201 1661 ln
1221 1638 1401 1671 paupertatem
1420 1633 1545 1659 incidere.
1570 1649 1603 1653 —
1626 1633 1716 1660 Ditior
1740 1633 1807 1660 fieri.
1831 1632 1861 1659 Τι’.
1880 1634 1905 1659 3.
1925 1643 1965 1670 pr.
1985 1632 2018 1659 de

1150 1675 1151 1704 J
1173 1678 1233 1704 don.
1254 1678 1300 1703 int.
1321 1675 1353 1702 V.
1372 1677 1415 1702 24.
1436 1678 1458 1702 l.
1496 1676 1594 1707 Ditior,
1614 1691 1647 1695 —
1667 1675 1819 1713 Pauperior.
1839 1674 1869 1701 fr.
1890 1677 1931 1702 17.
1950 1676 1973 1710 5.
1992 1677 2017 1702 4.

1174 1720 1206 1747 de
1225 1719 1314 1757 adopt.
1335 1721 1358 1746 l.
1374 1720 1398 1746 7.
1435 1718 1564 1751 Ditiores,
1584 1735 1616 1738 —
1636 1718 1792 1751 Mediocres,
1807 1735 1839 1738 —
1852 1718 1946 1746 Intimi.
1967 1717 2017 1746 Th.

1174 1763 1456 1839 C'lkiii.c·(4t'1dvb.)
1495 1806 1606 1841 Longo
1634 1812 1784 1840 tempore.
1825 1805 1844 1833 I.
1870 1806 1932 1840 Sy.
1968 1804 2019 1832 Per

1175 1849 1308 1886 prolixum
1331 1852 1445 1885 teinpus.
1469 1847 1500 1874 Τι·.
1523 1849 1548 1875 3.
1571 1849 1610 1882 55.
1630 1851 1654 1875 2.
1674 1858 1714 1885 sq.
1739 1848 1772 1875 de
1794 1849 1825 1876 R.
1850 1848 1884 1876 Μ.
1909 1849 1951 1875 49.
1977 1848 2017 1874 16.

1174 1892 1205 1919 II.
1226 1894 1294 1926 ⁰1).
1325 1890 1385 1918 Vno
1404 1896 1546 1918 momento.
1566 1890 1624 1918 Gai.
1644 1891 1662 1917 1.
1683 1892 1741 1918 141.
1779 1892 1882 1918 Statim.
1902 1907 1935 1911 —
1954 1890 2019 1918 Diu·

1176 1937 1228 1962 tius
1247 1935 1278 1961 fr.
1298 1936 1322 1961 5.
1341 1945 1381 1972 pr.
1401 1933 1435 1960 de
1454 1934 1486 1961 O.
1506 1939 1533 1961 et
1551 1934 1582 1961 Α.
1602 1936 1644 1961 44.
1665 1936 1687 1961 7.
1725 1933 1768 1961 111.
1792 1936 1857 1962 οη.
1886 1933 1954 1960 Cum
1973 1933 2018 1960 diu

1152 2006 1153 2015 ἵ
1175 1978 1339 2014 multumque
1357 1978 1488 2009 tractavit.
1508 1993 1541 1997 —-
1560 1979 1705 2004 novissime
1723 1978 1766 2003 ait.
1786 1977 1816 2003 Τι’.
1829 1978 1871 2003 33.
1892 1976 1924 2003 ad
1944 1976 1971 2003 S.
1986 1976 2018 2003 C.

1153 2051 1154 2054 Ἴ
1175 2021 1256 2048 Treb.
1275 2023 1316 2047 36.
1339 2022 1360 2046 l.
1399 2019 1439 2046 Ne
1464 2019 1522 2052 diu.
1547 2025 1573 2046 et
1591 2019 1645 2046 fere
1663 2029 1781 2056 semper,
1806 2020 1918 2052 (incerta
1937 2020 2019 2046 domi-

1176 2066 1217 2091 nia
1237 2064 1348 2096 essent.)
1370 2062 1400 2089 Τι’.
1422 2064 1443 2088 l.
1465 2062 1498 2089 de
1516 2072 1606 2099 usurp.
1631 2064 1672 2088 41.
1692 2064 1716 2088 3.
1759 2062 1788 2088 Si
1807 2072 1860 2088 non
1880 2062 1925 2089 diu
1944 2063 1970 2089 in
1990 2062 2020 2089 li-

1153 2122 1155 2129 *
1176 2108 1277 2134 bertate
1296 2106 1402 2137 fuisset,
1425 2106 1441 2131 i.
1462 2115 1484 2131 e.
1505 2115 1558 2131 non
1577 2106 1663 2132 minus
1683 2104 1820 2132 decennio.
1842 2105 1871 2132 fr.
1894 2107 1932 2132 16.
1953 2106 1975 2140 5.
1994 2108 2018 2133 3.

1177 2151 1231 2187 Qui
1250 2154 1276 2176 et
1295 2160 1308 2175 a
1328 2158 1370 2185 qu.
1390 2158 1457 2174 man.
1477 2149 1519 2174 40.
1539 2149 1563 2174 9.
1584 2147 1615 2174 cs.
1635 2147 1666 2174 fr.
1686 2150 1710 2174 3.
1730 2148 1814 2182 5.10.
1840 2148 1872 2175 de
1891 2148 1923 2175 A.
1942 2159 1967 2176 v.
1987 2149 2018 2175 Α.

1154 2218 1156 2224 χ
1177 2193 1204 2220 P.
1226 2195 1267 2218 41.
1285 2194 1310 2218 2.
1347 2191 1384 2218 Ita
1403 2190 1538 2218 moderate
1557 2191 1611 2224 (sc.
1630 2192 1769 2228 praestitui
1788 2192 1910 2224 annum)
1930 2196 1958 2218 ut
1977 2202 2021 2219 ne-

1154 2249 1156 2271 ]
1178 2246 1228 2273 qne
1246 2236 1298 2273 ipsi
1317 2239 1481 2271 urgerentur,
1501 2250 1534 2254 --
1553 2244 1638 2271 neque
1656 2234 1725 2260 bona
1745 2234 1788 2261 diu
1808 2236 1930 2261 iacerent.
1950 2233 1981 2261 Τι’.
1997 2236 2019 2261 l.

1178 2280 1200 2313 5.
1222 2280 1261 2304 12.
1282 2277 1314 2305 de
1333 2288 1404 2304 succ.
1425 2277 1501 2304 edict.
1517 2278 1559 2303 38.
1573 2278 1597 2304 9.
1635 2277 1688 2303 Diu
1709 2278 1735 2304 in
1755 2277 1889 2304 solutione
1907 2287 2020 2310 cessare,

1156 2332 1157 2362 j
1179 2333 1203 2349 v.
1222 2322 1355 2358 negotium
1374 2320 1485 2347 trahere.
1510 2319 1540 2346 Τι’.
1559 2321 1601 2347 38,
1626 2320 1647 2354 5.
1672 2322 1692 2347 l.
1712 2321 1797 2347 mand.
1820 2323 1859 2348 17.
1881 2322 1902 2347 1.
1927 2320 1958 2347 fr.
1977 2322 2020 2347 64.

1179 2366 1211 2392 de
1230 2375 1258 2391 re
1277 2364 1330 2391 iud.
1349 2366 1390 2390 42.
1413 2365 1434 2389 1.
1473 2363 1526 2398 Qui
1550 2362 1595 2389 diu
1620 2373 1683 2389 usus
1704 2368 1745 2389 est
1764 2364 1925 2397 (servitute.)
1945 2363 1976 2390 Τι·.
1998 2366 2019 2390 l.

1156 2421 1158 2446 ζ
1180 2409 1201 2443 5.
1220 2410 1262 2434 23.
1283 2407 1315 2433 de
1335 2417 1401 2443 aqua
1421 2411 1447 2432 et
1465 2415 1523 2442 aqu.
1549 2405 1586 2442 pl.
1611 2407 1652 2432 39.
1672 2407 1696 2433 3.
1721 2406 1752 2433 Τι’.
1771 2409 1794 2434 5.
1818 2407 1840 2441 5.
1860 2409 1884 2434 3.
1911 2406 1944 2433 de
1963 2408 2018 2433 itin.

1180 2456 1266 2487 actuq.
1286 2451 1352 2487 priv.
1372 2451 1413 2476 43.
1436 2450 1474 2475 19.
1511 2448 1615 2480 Postea,
1635 2459 1668 2475 ne
1687 2448 1786 2476 diutius
1801 2449 1852 2476 hoc
1864 2450 1948 2482 fieret,
1967 2450 2020 2487 pla-

1181 2495 1234 2521 cuit
1254 2498 1302 2519 etc.
1323 2492 1352 2519 Τι·.
1372 2494 1396 2518 2.
1416 2492 1454 2526 55.
1473 2493 1497 2518 3.
1519 2502 1558 2528 sq.
1579 2492 1611 2518 de
1625 2491 1658 2518 Ο.
1672 2491 1690 2518 I.
1713 2494 1734 2518 l.
1754 2494 1778 2518 2.
1815 2491 1856 2519 Ne
1875 2503 1961 2520 rerum
1976 2492 2019 2520 do-

1181 2538 1259 2564 minia
1279 2536 1379 2563 diutius
1399 2536 1425 2560 in
1444 2536 1545 2561 incerto
1565 2540 1663 2562 essent.
1683 2534 1740 2561 Gai.
1760 2534 1790 2561 Π.
1810 2536 1851 2562 44.
1873 2536 1948 2572 Quae
1966 2533 2020 2562 diu-

1181 2580 1283 2606 tissime
1301 2578 1350 2604 suit
1369 2587 1426 2603 cum
1446 2579 1547 2604 marita.
1568 2588 1589 2604 c.
1608 2580 1633 2604 2.
1653 2577 1685 2604 de
1704 2588 1779 2604 uxor.
1798 2578 1851 2605 mit.
1871 2581 1895 2606 2.
1914 2581 1956 2605 52.

1215 2620 1412 2655 Divagari.
1449 2622 1581 2656 Vagari.
1610 2621 1628 2647 I.
1652 2622 1714 2655 Sy.
1742 2621 1886 2654 Aberrare,
1905 2621 2017 2649 Abesse.

1182 2665 1293 2691 Deessc.
1319 2673 1340 2689 c.
1360 2665 1401 2689 52.
1426 2663 1447 2696 5.
1470 2665 1491 2690 l.
1516 2663 1549 2691 de
1569 2665 1649 2701 episc.
1675 2668 1701 2690 et
1720 2663 1781 2690 cler.
1807 2666 1829 2690 1.
1854 2665 1878 2690 3.
1903 2673 1922 2690 c.
1942 2665 1966 2690 3.
1987 2664 2019 2691 de

1182 2707 1292 2734 domest.
1313 2710 1338 2732 ct
1357 2711 1468 2743 protect.
1490 2708 1529 2733 12.
1550 2708 1590 2734 17.

1216 2749 1374 2777 Rivalis.
1406 2749 1535 2784 (Adiect.)
1566 2751 1824 2784 Ιηιρεναῖονίιιε,
1843 2750 2020 2784 Principa-

1182 2795 1231 2819 lis.
1269 2792 1311 2818 111.
1330 2793 1396 2820 Cn.
1434 2792 1509 2828 Quae
1528 2792 1608 2819 divali
1627 2792 1686 2829 lege
1703 2796 1855 2830 praecepta,
1875 2801 1896 2817 s.
1916 2791 2020 2820 decreta

1183 2840 1251 2862 sunt.
1273 2834 1323 2862 Th.
1343 2835 1374 2862 C.
1394 2835 1437 2862 XI.
1459 2836 1499 2862 16.
1521 2845 1542 2862 c.
1563 2837 1603 2863 17.
1623 2835 1656 2862 de
1669 2840 1734 2863 extr.
1753 2844 1774 2861 s.
1794 2833 1865 2860 sord.
1884 2834 1941 2862 XII.
1962 2837 1984 2862 1.
1999 2846 2020 2864 c.

1981 2881 2021 2906 74.
