2197 3121
956 151 1027 181 ETI
1053 170 1091 175 —
1118 150 1216 182 EVC.

224 239 335 264 steriore
355 237 480 273 (legatum
500 236 555 270 sit.)
575 236 606 262 fr.
628 237 667 260 12.
688 234 719 260 de
740 239 862 260 transact.
883 236 907 260 2.
929 234 968 259 15.
1002 232 1067 259 Cae-
1087 240 1089 271 j

224 323 242 349 1.
272 325 294 349 1.
323 326 344 350 1.

224 366 337 392 fructum
361 370 463 402 augent.
489 365 518 391 sr.
546 365 585 390 19.
610 364 631 397 5.
651 365 674 389 2.

388 323 462 358 Quae
487 323 601 359 speciem
628 320 761 346 dumtaxat
785 325 891 351 ornant,
918 329 970 345 non
989 320 1066 346 etiam

701 363 733 389 de
753 362 784 389 V.
804 362 831 389 S.
851 365 892 389 50.
914 364 953 389 16.
991 362 1066 389 Scire

225 413 322 437 autem.
348 419 400 435 non
426 409 502 435 etiam
526 406 595 433 velle
619 408 641 432 is
667 405 752 432 debet.
773 405 803 432 fr.
823 406 882 432 209.
908 405 943 431 ib.
963 407 1004 432 50.
1027 406 1065 432 16.
1088 424 1089 438 ἢ

225 452 248 478 Α
267 462 307 478 me
328 451 434 488 quidem
453 450 519 478 solo.
540 460 592 476 non
612 450 689 475 etiam
708 460 720 475 a
741 454 766 475 te
791 448 983 481 (manumissa.)
1008 447 1065 474 Gai.

225 494 243 520 1.
265 496 322 520 167.
342 510 374 514 -—
394 495 424 528 ξ.
448 495 483 520 2.
504 495 583 520 Imo.
608 494 675 523 Vel.
695 494 796 518 Licet.
816 490 922 524 1101».
942 490 1066 516 Omnino.

226 547 247 563 c.
268 538 292 563 1.
311 535 452 572 Quomodo
473 540 497 562 et
517 546 560 572 qu.
581 537 603 561 7.
624 537 664 561 43.
685 534 727 561 111.
743 536 808 562 Cn.
823 533 973 560 Convenire
986 543 1067 570 posse

226 579 268 605 vel
287 590 323 611 re,
342 579 383 606 vel
403 589 450 616 per
470 578 621 615 epistolam.
643 577 684 604 vel
703 587 751 614 per
774 577 910 607 nuncium;
933 577 1001 602 inter
1025 576 1067 602 ab-

226 627 316 648 sentes
337 632 441 659 quoque
460 631 556 658 posse:
577 621 623 647 sed
650 621 726 647 etiam
750 620 827 645 tacite
852 629 983 645 consensu
1008 629 1067 645 con-

225 666 317 691 venire
335 664 498 700 intelligitur.
518 664 548 691 fr.
568 666 592 690 2.
613 674 654 701 pr.
675 663 707 690 de
720 667 788 700 pact.
801 664 826 688 2.
843 664 881 688 14.
920 662 949 688 Si
969 663 1067 688 interea

226 707 344 745 pupillus
365 706 518 733 adoleverit.
539 712 582 733 aut
601 711 710 733 mortem
729 705 832 733 obierit.
853 710 896 731 aut
915 706 992 731 etiam
1011 704 1069 730 abs-

226 755 315 777 tentus
344 751 379 776 sit
402 749 555 776 hereditate.
582 749 612 776 fr.
634 751 672 775 15.
693 749 715 774 si
735 758 778 785 qu.
802 753 879 775 cautt.
898 750 922 774 2.
945 749 985 773 11.
1023 746 1068 773 Se-

226 792 277 819 mel
297 797 382 818 autem
402 792 465 819 aede
486 803 559 819 sacra
579 792 659 823 facta.
685 792 761 818 etiam
785 790 872 817 diruto
892 789 1012 817 aedificio
1031 789 1067 816 lo-

227 845 273 861 cus
293 845 367 861 sacer
386 841 480 862 manet.
500 835 531 861 fr.
551 837 575 862 6.
595 836 616 869 5.
636 836 660 861 3.
684 834 716 860 de
734 833 766 860 R.
786 834 819 861 D.
841 836 864 860 1.
884 834 907 860 8.
945 833 1068 859 Attamen

226 878 378 914 diligentius
399 878 589 905 custodiendus
615 879 676 909 erit,
702 887 731 903 ac
750 878 772 903 si
792 877 898 914 putabis
919 877 996 902 etiam
1014 877 1069 902 vin-

227 921 286 947 culo
307 922 477 948 coercendus.
502 921 532 947 fr.
554 922 594 946 14.
620 920 651 946 de
677 920 720 946 off.
746 919 834 946 Praes.
862 922 883 946 1.
906 920 945 946 18.
983 919 1068 945 Etiam

227 964 394 1001 compotibus
418 965 512 990 mentis
532 962 686 1000 personales
712 964 829 989 actiones
850 963 927 988 etiam
948 961 991 995 [al.
1013 961 1068 995 vel]

227 1007 408 1043 ignorantibus
428 1007 607 1043 adquiruntur.
629 1005 659 1032 l'r.
677 1007 716 1031 16.
737 1006 804 1039 5.1.
825 1005 876 1041 Qu.
898 1010 999 1031 testam.
1020 1004 1067 1031 fac.

227 1060 252 1087 p.
277 1051 318 1076 28.
345 1052 366 1076 1.
408 1049 542 1087 Interdum
572 1054 657 1075 autem
683 1050 766 1075 etiam.
809 1048 960 1084 Aliquando
983 1049 1068 1074 etiam.

229 1092 285 1118 Gai.
305 1092 346 1118 III.
368 1094 425 1119 199.
446 1102 485 1129 sq.
523 1092 609 1118 Etiam
629 1101 694 1118 cum.
715 1091 745 1117 fr.
766 1092 806 1117 11.
827 1090 859 1117 de
878 1090 896 1118 1.
918 1096 943 1117 et
961 1090 980 1117 1.
1001 1092 1024 1117 l.
1046 1092 1068 1116 1.

228 1134 259 1161 t'r.
278 1137 319 1160 25.
340 1145 379 1172 pr.
400 1134 432 1161 de
451 1134 482 1161 V.
504 1134 531 1161 S.
552 1136 592 1161 50.
614 1135 653 1161 16,
670 1151 701 1155 -
717 1135 747 1167 ξ.
762 1136 799 1161 3.
820 1136 936 1162 Adhuc.
956 1133 986 1160 Π.
1002 1135 1069 1167 Op.

228 1177 297 1204 Cum
317 1178 398 1204 cretio
417 1177 491 1203 finita
511 1178 553 1204 sit.
572 1193 601 1196 ——
617 1177 703 1204 Etiam
717 1182 858 1214 superante
872 1178 995 1203 cretione.
1012 1176 1068 1203 Gai.

227 1220 257 1247 11.
279 1222 336 1247 178.
358 1237 389 1240 —
409 1221 439 1254 §-
456 1222 494 1247 4.
515 1222 590 1247 Iam.
629 1220 672 1246 III.
686 1221 751 1248 Gn.
766 1220 795 1246 Si
809 1221 938 1247 moriente
959 1229 1007 1245 avo
1026 1229 1070 1256 pa-

226 1269 268 1290 ter
287 1274 377 1290 eorum
401 1268 444 1290 aut
470 1264 547 1290 etiam
568 1262 615 1296 [al.
641 1263 706 1296 iam]
731 1263 859 1293 decessit,
884 1268 927 1289 aut
946 1262 978 1289 de
997 1267 1071 1300 pote-

227 1311 296 1332 state
320 1306 445 1332 dimissus
466 1311 513 1332 est.
534 1305 595 1343 le.
615 1306 649 1332 X.
668 1309 692 1332 2.
731 1306 815 1332 Cuius
841 1307 918 1332 etiam
943 1310 1001 1332 ante
1020 1315 1071 1332 ma-

227 1350 417 1376 numissionem
441 1359 473 1375 ex
496 1350 553 1375 iure
574 1349 649 1384 Quir.
674 1349 730 1375 suit.
751 1348 788 1374 lb.
807 1348 853 1375 XI.
874 1350 913 1375 19.
951 1348 989 1374 Ita
1009 1348 1071 1375 infa-

227 1393 277 1419 mis
297 1397 345 1423 est,
365 1396 394 1418 ut
413 1393 490 1418 etiam
509 1393 566 1428 ipsa
586 1393 715 1418 sententia
741 1402 799 1418 eum
819 1396 981 1418 sacramento
1001 1392 1072 1427 igno-

228 1436 322 1462 miniae
341 1445 417 1461 causa
438 1433 532 1461 solvat.
552 1434 583 1461 fr.
602 1436 625 1460 2.
646 1435 668 1469 5.
682 1437 706 1461 3.
727 1434 758 1461 ct.
779 1434 809 1460 sr.
823 1436 847 1460 3.
868 1434 900 1461 de
912 1434 937 1461 h.
958 1444 1001 1471 qu.
1017 1439 1071 1460 not.

229 1478 316 1504 insani.
336 1480 360 1504 3.
380 1480 405 1504 3.
426 1494 458 1498 —
478 1478 508 1510 §.
525 1479 562 1504 5.
584 1479 712 1504 Iterum.
741 1477 783 1504 Ill.
805 1479 870 1505 Gn.
889 1477 975 1504 Etiam
994 1482 1072 1513 atque

229 1522 307 1547 etiam
326 1522 426 1554 (tecum
445 1520 591 1547 deliberare
611 1520 761 1553 debueras.)
786 1531 806 1547 c.
828 1521 868 1547 19.
888 1520 920 1546 ad
939 1519 968 1546 L.
990 1520 1070 1547 Corn.

230 1563 263 1589 de
282 1563 339 1589 fals.
360 1564 383 1590 9.
404 1565 445 1590 22,

264 1606 499 1633 Etiamnum.
536 1608 653 1633 Adhuc.
691 1606 733 1632 111.
749 1608 815 1634 (7η.
835 1606 909 1633 Sicut
928 1607 979 1633 iam
998 1616 1071 1643 prae-

233 1653 335 1685 ceptum
354 1654 403 1679 est,
423 1663 455 1667 -—
476 1650 615 1675 etiamnum
634 1649 762 1676 iubemus.
788 1660 809 1676 c.
832 1652 856 1676 2.
877 1649 928 1685 Qu.
949 1658 992 1675 res
1011 1659 1069 1675 ven.

232 1701 256 1716 n.
276 1701 348 1728 poss.
368 1693 393 1717 4.
412 1693 453 1717 40.
491 1691 606 1728 Ideoque
627 1693 765 1718 etiamnum
786 1692 829 1725 [al.
843 1693 921 1719 etiam
934 1692 1014 1724 nunc]
1035 1692 1072 1717 iu-

232 1734 333 1765 bemus,
353 1738 381 1760 ut
400 1739 449 1760 etc.
470 1733 519 1760 Th.
540 1734 570 1761 C.
590 1734 657 1761 VIII.
678 1737 701 1761 4.
722 1746 743 1761 c.
764 1737 787 1762 4.
807 1735 840 1762 de
859 1733 989 1761 cohortal.

268 1776 441 1803 Etiamsi.
482 1779 693 1811 Quamquam,
714 1780 813 1804 Licet.
838 1778 881 1804 III.
896 1778 962 1804 (711.
983 1776 1072 1802 Omni-

232 1863 302 1889 xime
321 1868 368 1888 etc.
390 1861 425 1887 Ib.
440 1861 470 1887 II.
490 1863 530 1888 45.
546 1862 575 1888 fr.
589 1863 631 1888 28.
652 1863 673 1896 5.
684 1865 708 1889 2.
723 1863 755 1889 (le
768 1868 840 1899 pact.
854 1865 879 1888 2.
895 1864 934 1888 14.
963 1862 1073 1888 Etiamsi

233 1915 346 1941 quoque.
372 1904 401 1930 fr.
423 1907 446 1929 ὅ.
471 1914 509 1941 pr.
537 1904 568 1931 de
594 1905 696 1931 liberali
721 1916 741 1932 c.
762 1909 803 1932 40.
827 1908 864 1931 12.
902 1905 1020 1932 Etiamsi.
1041 1920 1073 1924 —-

234 1948 404 1974 nibilominus
425 1952 473 1972 etc.
494 1947 524 1972 t'r.
547 1950 567 1973 1.
589 1948 639 1983 Qu.
662 1958 682 1973 c.
703 1942 797 1985 υοήιιὶ
816 1950 843 1974 in
862 1948 894 1974 al.
914 1953 967 1985 pot.
990 1949 1029 1974 14.
1049 1949 1072 1973 5.
1095 1958 1097 1966 ι

1095 2000 1097 2027 j
1118 1993 1141 2017 6.
1179 1991 1209 2017 II.
1231 1992 1297 2024 Op.
1323 1989 1454 2016 Effectum
1478 1989 1587 2020 habere.
1612 1988 1723 2015 Durare.
1744 1988 1774 2015 fr.
1795 1990 1818 2014 7.
1839 1989 1860 2022 5.
1881 1990 1904 2014 4.
1925 1987 1957 2014 de

233 1991 264 2017 sr.
287 1992 325 2017 19.
346 1990 378 2016 di:
398 1991 453 2015 iure
473 1989 527 2015 dot.
548 1992 588 2016 23.
609 1993 632 2016 3.
671 1990 740 2017 Haec
759 1993 836 2020 actio.
857 1992 959 2017 etiamsi
978 2001 1074 2028 poena-

233 2033 266 2060 lis
285 2035 328 2063 sit,
348 2037 475 2070 perpetua
495 2038 543 2058 est.
568 2032 598 2059 fr.
620 2035 641 2059 7.
666 2034 687 2067 5.
708 2036 731 2060 6.
757 2034 842 2060 arbor.
865 2033 925 2060 furt.
946 2044 1013 2060 caes.
1032 2035 1072 2059 47.

234 2078 257 2103 7.
282 2076 311 2103 sr.
333 2078 372 2102 19.
398 2076 419 2109 5.
440 2078 462 2101 5.
489 2075 522 2101 de
549 2075 579 2102 N.
601 2076 631 2102 G.
657 2078 681 2102 3.
701 2079 725 2102 5.
763 2077 881 2107 Etiamsi,
902 2093 933 2096 -—
954 2078 976 2103 si
995 2076 1073 2103 modo
1096 2092 1097 2108 ;
1118 2077 1261 2107 valescere,
1281 2075 1384 2102 Valere.
1405 2075 1436 2101 fr.
1450 2077 1473 2101 2.
1494 2085 1532 2112 pr.
1553 2076 1590 2109 55.
1606 2077 1629 2101 1.
1650 2084 1689 2111 sq.
1710 2074 1742 2100 de
1762 2073 1830 2110 vulg.
1850 2078 1875 2100 et
1895 2084 1956 2111 pup.

1096 2118 1097 2123 ’
1118 2122 1159 2146 28.
1180 2122 1203 2146 6.
1228 2119 1258 2146 fr.
1278 2120 1319 2145 29.
1343 2119 1365 2152 5.
1387 2120 1408 2144 1.
1434 2118 1466 2144 de
1485 2117 1516 2144 V.
1538 2117 1570 2144 Ο.
1595 2119 1636 2143 45.
1663 2119 1684 2143 1.
1722 2116 1764 2143 111.
1785 2118 1850 2144 Cn.
1876 2116 1957 2142 Recte

235 2124 283 2145 etc.
303 2119 332 2145 fr.
354 2119 411 2144 156.
431 2118 466 2144 de>
482 2118 513 2144 V.
535 2118 561 2145 S.
581 2121 621 2144 50.
644 2120 683 2145 16.

270 2162 363 2188 Etsi.
403 2164 570 2194 Quamvis,
591 2163 743 2189 Etiamsi.
781 2162 823 2189 111.
851 2163 916 2190 Gn.
953 2163 1011 2190 Etsi
1031 2165 1096 2189 res'

237 2203 303 2229 male
321 2209 392 2239 gesta
413 2198 460 2230 est.
481 2220 513 2223 --
534 2203 562 2230 Si
587 2204 620 2230 ob
646 2205 672 2231 id
691 2215 733 2231 res
753 2205 820 2232 male
839 2211 911 2242 gesta
931 2211 978 2232 est.
998 2205 1028 2232 fr.
1049 2208 1073 2233 4.
1096 2198 1098 2231 l
1120 2215 1278 2243 quocunque
1298 2210 1417 2242 tempore.
1436 2204 1571 2230 retractari
1590 2204 1639 2236 (sc.
1656 2203 1721 2229 ratio
1735 2201 1849 2236 calculi)
1870 2203 1957 2228 sinon

238 2246 271 2272 de
294 2247 355 2283 imp.
379 2248 405 2273 in
429 2256 471 2273 res
496 2246 548 2273 dot.
573 2249 613 2273 25.
641 2250 662 2274 1.
701 2248 825 2285 Semper,
845 2250 895 2275 etsi
915 2254 962 2275 etc.
982 2248 1012 2275 fr.
1034 2251 1073 2274 10.

238 2341 290 2357 nou
310 2332 344 2356 sit
363 2337 550 2358 consecratum.
570 2332 600 2359 fr.
621 2334 645 2359 9.
665 2334 685 2367 5.
706 2335 730 2359 3.
751 2333 783 2360 de
803 2334 835 2360 D.
850 2334 881 2361 R.
904 2336 926 2360 l.
946 2336 968 2361 S.
1007 2335 1076 2366 Etsi,

239 2390 271 2393 —
290 2379 376 2399 tamen
395 2378 443 2399 etc.
470 2374 500 2401 sr.
522 2377 561 2402 17.
591 2376 621 2402 fr.
641 2378 682 2402 21.
708 2376 740 2403 de
764 2378 790 2403 in
815 2378 856 2404 ius
879 2388 936 2404 voc.
955 2380 980 2404 2.
1000 2380 1023 2404 4.
1044 2378 1074 2404 sr.

241 2418 280 2442 14.
300 2416 337 2450 55.
357 2417 381 2442 3.
401 2418 424 2441 5.
445 2416 496 2451 Qu.
515 2424 574 2445 met.
596 2430 616 2446 c.
636 2422 660 2445 4.
679 2422 702 2445 2.

273 2460 487 2485 Evacuare.
524 2461 554 2493 ἓ.
577 2464 611 2489 1.
640 2463 780 2489 vacuum
799 2464 950 2499 efficere.
975 2463 993 2489 I.
1014 2464 1075 2498 Sy.

240 2500 389 2527 Effundere.
409 2500 439 2526 fr.
461 2503 482 2527 1.
503 2503 539 2536 55.
562 2506 585 2530 3.
606 2514 645 2540 sq.
670 2504 702 2531 de
726 2506 805 2542 peric.
831 2511 856 2531 et
879 2516 970 2532 comm.
991 2507 1030 2532 18.
1051 2508 1075 2533 6.

240 2544 380 2572 Evacuata.
400 2543 487 2570 luania
507 2546 601 2579 (vasa.)
620 2547 656 2574 lb.
676 2548 692 2574 l.
713 2548 729 2574 l.
754 2564 786 2567 —
811 2549 841 2581 ἓ.
861 2550 897 2576 2.
921 2551 1074 2582 Privare,

241 2588 431 2622 Infirmare.
467 2586 484 2613 I.
507 2589 567 2621 Sy.
604 2588 733 2623 vacuare,
759 2591 865 2618 Eruere.
891 2602 911 2618 c.
937 2593 960 2617 4.
984 2602 1023 2628 sq.
1044 2592 1076 2618 dc

242 2630 320 2656 solut.
341 2630 364 2654 8.
385 2630 424 2655 43.
446 2639 466 2655 c.
488 2632 508 2655 1.
531 2631 566 2664 55
587 2633 611 2657 3.
633 2634 671 2658 10.
692 2633 724 2659 de
743 2634 831 2661 caduc.
850 2634 907 2660 toll.
922 2636 945 2661 6.
959 2636 1000 2661 51.
1028 2635 1075 2661 Iul.

243 2683 283 2710 ep.
303 2682 362 2698 nov.
383 2682 403 2698 c.
426 2674 483 2698 111.
503 2674 523 2706 5.
544 2675 602 2700 418.
640 2674 681 2700 ΠΙ.
706 2677 772 2703 Gn.
792 2676 972 2707 firmitudine.
992 2687 1013 2704 S.
1033 2677 1077 2705 Vi-

243 2715 325 2742 ribus.
345 2716 472 2741 evacuari.
492 2715 575 2742 Vatic.
596 2717 617 2750 5.
637 2718 696 2743 248.
717 2728 738 2744 c.
758 2721 798 2746 13.
818 2721 840 2753 5.
859 2722 883 2746 2.
903 2720 936 2747 de
954 2720 1032 2748 iudic.
1051 2722 1075 2748 3.

245 2759 266 2783 1.
304 2758 450 2784 Evacuatae
471 2757 637 2793 obligationis
658 2761 726 2785 vires
753 2764 867 2798 reparari
886 2769 992 2799 queunt.
1013 2774 1033 2790 c.
1053 2766 1076 2789 4.

246 2800 277 2826 de
296 2801 374 2827 solut.
395 2802 417 2826 S.
438 2802 477 2826 43.

1096 2269 1097 2275 .
1119 2249 1197 2285 longo
1217 2253 1336 2285 tempore
1357 2252 1502 2274 evanescat.

237 2289 260 2322 5.
285 2289 325 2314 13.
351 2288 383 2314 de
404 2291 431 2315 in
453 2290 494 2315 ius
514 2300 570 2316 voc.
590 2292 614 2316 2.
635 2293 658 2316 ⁴1.
701 2291 731 2317 Id
750 2296 868 2317 sanctum
887 2297 935 2323 est,
956 2293 1005 2318 etsi
1025 2291 1074 2318 deo
1095 2286 1097 2293 ’

1885 153 1946 183 331

1146 234 1336 260 Evadere.
1374 234 1404 266 §.
1424 234 1458 259 1.
1480 234 1664 268 Anfugere,
1688 233 1820 267 sagari.
1852 232 1870 258 I.
1887 234 1949 267 Sy.

1088 273 1089 280 ¹
1111 276 1230 311 Evagari.
1250 275 1321 301 Paul.
1343 274 1373 301 V.
1394 278 1434 302 20.
1455 276 1476 309 5.
1496 277 1520 301 3.
1540 275 1570 301 fr.
1589 277 1632 302 30.
1651 275 1673 308 5.
1692 276 1716 301 3.
1737 275 1768 301 ad
1787 274 1816 301 L.
1836 275 1904 311 Aqu.
1924 277 1948 302 9.

224 286 279 307 tera
298 290 403 317 quoque
422 279 556 311 animalia,
576 278 645 304 serae
665 278 748 303 etiam.
771 277 799 303 t'r.
824 279 846 303 l.
865 277 886 311 5.
905 278 929 302 3.
951 276 984 303 de
1002 276 1020 302 I.
1041 281 1066 302 et
1088 282 1089 294 ³

1111 320 1135 345 2.
1173 317 1323 354 Profugere.
1342 318 1472 354 Effugere.
1498 318 1539 345 Cf.
1560 328 1584 344 v.
1604 318 1733 354 Effugere.
1758 318 1780 352 5.
1806 320 1827 344 1.
1852 317 1882 344 sr.
1907 319 1948 344 28.

1112 362 1133 395 5.
1156 362 1195 387 13.
1216 360 1249 387 (18
1268 370 1345 398 poen.
1365 363 1407 387 48.
1428 362 1468 387 19.
1493 360 1522 387 fr.
1542 362 1566 387 4.
1587 361 1667 394 551.
1687 370 1727 397 sq.
1753 360 1784 386 de
1804 360 1834 387 R.
1855 361 1888 387 Μ.
1907 363 1948 388 49.

1112 405 1152 430 16.
1190 403 1232 430 III.
1253 405 1318 432 Gn.
1343 403 1508 433 Incendiarii,
1532 404 1577 440 qui
1601 402 1722 430 consulto
1746 404 1895 430 incendium
1914 405 1950 430 in-

1111 446 1205 473 serunt.
1234 463 1266 466 —
1296 446 1400 481 Quodsi
1425 447 1523 473 incuria
1548 456 1637 472 eorum
1664 447 1731 483 ignis
1760 447 1872 473 evaserit
1900 452 1949 473 etc.

1112 489 1184 516 Paul.
1209 489 1240 516 V.
1260 491 1284 516 3.
1314 490 1336 523 5.
1356 490 1379 515 6.
1417 488 1446 515 Si
1469 489 1631 526 probabunt,
1655 499 1684 515 se
1709 494 1800 526 captos
1825 490 1950 519 evasisse,

1088 529 1090 577 η’
1111 542 1163 559 non
1184 532 1364 569 transfugisse.
1389 532 1418 558 fr.
1439 534 1462 558 5.
1487 531 1508 565 5.
1529 533 1553 558 6.
1578 531 1610 558 (18
1628 531 1659 558 R.
1680 532 1712 559 Μ.
1736 534 1778 559 49.
1801 533 1840 559 16.
1878 532 1951 558 Nihil

1111 576 1229 607 interest,
1250 575 1382 605 quomodo
1403 575 1522 612 captivus
1543 584 1666 601 reversus
1686 580 1739 605 θεῖς
1758 579 1844 601 utrum
1864 575 1952 601 dimis-

1112 628 1166 645 suS.
1187 628 1218 644 an
1237 619 1263 644 vi
1282 618 1324 644 vel
1344 617 1444 644 fallacia
1468 621 1626 654 potestatem
1645 616 1761 643 hostium
1781 619 1900 644 evaserit.
1920 617 1950 644 fr.

1111 662 1153 687 26.
1173 660 1205 686 de
1225 662 1319 698 captiv.
1340 663 1381 687 49,
1402 663 1441 686 15.
1481 660 1534 696 Qui
1559 660 1703 686 custodiam
1723 659 1836 692 dimisit,
1855 665 1900 686 aut
1917 661 1952 686 ita

1112 704 1199 729 sciens
1219 703 1323 735 habuit,
1344 709 1372 730 ut
1395 705 1482 741 possit
1506 703 1625 730 custodia
1649 702 1767 729 evadere.
1792 702 1823 729 fr.
1853 705 1892 729 12.
1912 713 1951 740 pr.

1113 746 1145 772 de
1165 751 1231 772 cust.
1252 752 1277 773 et
1299 747 1385 773 exbib.
1406 748 1447 774 48.
1466 749 1490 773 3.
1510 762 1543 766 ——
1563 746 1594 779 §.
1619 747 1653 772 2.
1679 746 1868 777 Decimam,
1886 748 1952 773 Ex-

1111 796 1235 823 perlem
1254 800 1326 816 esse.
1364 790 1406 816 III.
1424 791 1489 818 Cn.
1510 788 1590 825 Quod
1609 788 1677 815 forte
1697 804 1727 808 —
1747 798 1866 825 magnum
1885 799 1953 815 emo-

1113 831 1258 858 lumentum
1278 849 1309 852 ——
1333 838 1490 860 consecutus
1510 837 1562 863 cst.
1583 836 1626 858 aut
1644 841 1755 868 poenam
1774 831 1953 868 stipulationis

1114 876 1292 901 imminentem
1313 877 1403 902 evasit.
1423 876 1453 902 l'r.
1475 877 1515 902 70.
1535 876 1556 909 5.
1578 877 1600 901 l.
1620 874 1653 901 de
1671 873 1747 910 legat.
1761 873 1791 900 II.
1811 875 1879 907 (31.)
1902 874 1953 901 No-

1113 923 1165 944 tam
1185 928 1237 944 non
1257 918 1375 944 evadere.
1395 918 1425 944 fr.
1448 920 1469 944 l.
1489 919 1511 952 5.
1531 920 1555 944 (5.
1575 917 1608 943 dc
1626 917 1725 954 postul.
1749 918 1773 943 3.
1800 919 1822 943 1.
1860 916 1899 943 Ne
1918 922 1954 943 te·

1113 971 1184 987 mere
1203 961 1338 987 homicidii
1358 963 1454 987 crimen
1474 977 1506 980 —
1526 962 1641 987 sinamus
1662 960 1780 987 evadere.
1800 959 1849 987 Th.
1864 960 1895 987 C.
1908 960 1953 987 lx.

1113 1005 1155 1030 38.
1177 1014 1198 1030 c.
1218 1005 1242 1030 4.
1263 1003 1295 1030 de
1314 1004 1411 1040 indulg.
1433 1004 1503 1030 crim.
1519 1019 1551 1023 —-
1570 1004 1601 1036 §0
1622 1004 1659 1029 3.
1679 1005 1808 1039 Effici,
1828 1005 1954 1039 Redigi.

1090 1039 1092 1048 ⁴
1114 1047 1132 1073 1.
1162 1048 1224 1081 sy.
1262 1046 1339 1073 Fieri.
1359 1047 1389 1073 fr.
1409 1049 1451 1072 25.
1476 1046 1498 1080 ξ.
1518 1047 1541 1072 6,
1567 1046 1599 1072 de
1618 1046 1703 1073 Aeda.
1725 1046 1764 1072 ed.
1783 1048 1825 1072 21.
1847 1048 1869 1072 1.
1911 1046 1953 1072 111.

1115 1092 1180 1118 Cn.
1207 1090 1236 1116 Si
1262 1091 1407 1116 imitatione
1431 1099 1619 1115 conservorum
1638 1104 1670 1108 —
1690 1088 1789 1115 aleator
1807 1089 1888 1121 forte,
1911 1089 1955 1115 vel

1113 1134 1239 1161 vinarius.
1258 1132 1301 1159 vel
1322 1143 1379 1159 erro
1400 1133 1490 1159 evasit.
1511 1131 1548 1158 Ib.
1568 1131 1585 1158 l.
1599 1131 1616 1158 l.

1148 1176 1330 1210 Evagari.
1372 1177 1512 1211 sagari,
1534 1176 1748 1209 Exspatiari.
1772 1173 1790 1200 I.
1810 1175 1871 1208 Sy.
1890 1174 1955 1201 Eva-

1115 1219 1184 1246 dere.
1204 1219 1236 1246 cf.
1256 1219 1280 1245 h.
1300 1229 1324 1245 v.
1345 1219 1367 1252 5.
1388 1221 1410 1245 l.
1448 1217 1556 1254 Vagari,
1580 1216 1751 1253 Peregrinari.
1778 1215 1827 1243 Th.
1849 1216 1879 1243 C.
1899 1217 1955 1244 VII.

1116 1265 1139 1289 l.
1160 1273 1181 1289 c.
1202 1264 1242 1288 12.
1263 1273 1284 1289 c.
1307 1263 1346 1288 16.
1369 1261 1399 1288 du
1418 1261 1449 1287 R.
1470 1260 1503 1287 Μ.
1522 1260 1580 1287 XII.
1602 1262 1624 1287 1.
1649 1271 1670 1287 c.
1692 1261 1749 1286 143.
1769 1269 1809 1296 sq.
1829 1259 1861 1286 de
1880 1260 1956 1287 (lecu-

1114 1307 1181 1332 riou.
1205 1305 1335 1342 Effugere.
1361 1304 1392 1331 cf.
1419 1304 1444 1330 h.
1468 1314 1492 1330 v.
1518 1304 1540 1337 5.
1570 1305 1592 1330 l.
1640 1302 1682 1329 III.
1708 1304 1774 1331 οη.
1798 1302 1828 1329 Si
1853 1304 1911 1340 quis
1930 1305 1956 1330 in

1092 1360 1094 1384 ζ
1115 1348 1239 1386 stipulam
1262 1358 1335 1374 suam
1356 1363 1387 1366 —-
1407 1348 1492 1384 ignem
1517 1347 1666 1378 immiserit,
1693 1351 1719 1372 et
1738 1346 1848 1372 ulterius
1869 1356 1957 1382 evaga-

1116 1397 1190 1428 gatus
1211 1397 1234 1417 et
1254 1400 1412 1428 progressus
1432 1391 1499 1426 ignis
1515 1389 1637 1423 (alienam
1656 1394 1770 1425 segetem
1784 1405 1816 1408 —
1829 1389 1956 1422 laeserit)

1117 1435 1147 1461 [r.
1167 1437 1208 1461 30.
1231 1435 1252 1468 5.
1272 1436 1296 1460 3.
1318 1433 1349 1460 cf.
1370 1433 1400 1460 fr.
1420 1435 1462 1460 27.
1482 1433 1559 1467 5.10.
1579 1432 1611 1458 ad
1624 1431 1654 1459 L.
1668 1432 1737 1469 Aqu.
1757 1433 1780 1458 9.
1794 1434 1818 1458 2.
1839 1431 1870 1459 cs.
1886 1432 1956 1459 Coll.

1116 1477 1168 1504 LL.
1189 1477 1222 1504 Μ.
1243 1477 1299 1503 XII.
1321 1478 1342 1502 7.

1151 1522 1394 1548 Evalesccre.
1435 1520 1595 1545 Obtinere.
1632 1517 1675 1544 ΠΙ.
1701 1519 1767 1545 Gn.
1798 1517 1891 1545 Gallus
1910 1529 1957 1556 pu-

1092 1577 1094 1581 *
1116 1569 1160 1590 tat.
1181 1579 1213 1583 —
1234 1562 1287 1589 Sed
1308 1561 1405 1588 evaluit
1426 1561 1470 1595 [al.
1490 1560 1647 1598 praevaluit]
1669 1560 1755 1587 Servii
1775 1562 1910 1587 sententia.
1926 1561 1955 1587 fr.

1092 1615 1093 1643 j
1116 1609 1139 1634 6.
1160 1607 1181 1640 5.
1202 1608 1225 1632 2.
1247 1607 1269 1631 si
1289 1606 1379 1631 servit.
1404 1605 1428 1631 8.
1448 1606 1472 1630 5.
1498 1604 1529 1630 ct'.
1555 1604 1585 1630 fr.
1605 1605 1646 1630 33.
1671 1604 1692 1638 5.
1715 1606 1740 1630 2.
1765 1603 1797 1630 (18
1820 1603 1852 1630 A.
1872 1603 1903 1630 R..
1922 1603 1956 1630 D.

1092 1673 1094 1680 ,
1115 1651 1156 1676 41.
1183 1651 1204 1675 1.

1151 1694 1406 1720 Evanescere.
1443 1691 1585 1726 Effectu
1604 1691 1755 1723 privari,
1775 1691 1897 1716 Perire.
1935 1688 1954 1715 1.

1117 1736 1178 1768 Sy.
1203 1733 1306 1760 Vanum
1331 1733 1412 1760 effici.
1438 1731 1544 1758 *Nullius
1569 1732 1693 1758 momenti
1719 1741 1785 1758 esse.
1805 1732 1835 1758 sr.
1857 1734 1897 1758 14.
1917 1742 1956 1769 pr.

1094 1802 1096 1811 ,
1118 1777 1147 1803 fr.
1170 1778 1209 1803 19.
1230 1776 1262 1802 de
1282 1777 1336 1802 iure
1361 1775 1474 1801 codicill.
1499 1776 1541 1801 29.
1562 1776 1584 1800 7.
1610 1774 1640 1801 fr.
1659 1776 1700 1800 29.
1725 1774 1795 1808 5.1.
1820 1775 1852 1801 de
1872 1774 1902 1801 V.
1924 1774 1956 1801 O.

233 1819 320 1847 modu.
340 1820 440 1845 etiamsi
461 1824 509 1845 etc.
530 1819 586 1845 Gai.
607 1820 624 1846 I.
645 1823 685 1846 55.
723 1820 881 1857 Aliquando,
903 1820 1004 1845 etiamsi
1023 1828 1073 1844 ma·
1094 1815 1096 1843 i

1118 1822 1158 1846 45.
1181 1821 1202 1845 l.
1241 1818 1333 1845 Nullas
1358 1819 1428 1844 vires
1453 1817 1602 1844 habiturum
1622 1827 1693 1845 esse.
1714 1816 1802 1849 Solvi,
1826 1817 1956 1845 Dissolvi.

1095 1881 1096 1904 ἦ
1117 1863 1253 1889 lufirmari.
1279 1861 1335 1887 Gai.
1356 1861 1384 1887 II.
1405 1862 1464 1887 244.
1490 1870 1529 1897 sq.
1560 1859 1602 1886 III.
1624 1861 1681 1886 159.
1702 1870 1740 1896 sq.
1765 1860 1795 1886 sr.
1816 1862 1855 1886 11.
1875 1861 1912 1894 55.
1934 1862 1956 1886 7.

1120 1908 1158 1931 10.
1180 1905 1212 1931 de
1232 1905 1292 1931 don.
1313 1906 1358 1930 int.
1380 1903 1410 1930 V.
1430 1905 1472 1930 24.
1493 1905 1515 1929 1.
1552 1902 1664 1931 Perimi.
1683 1902 1788 1940 Rumpi.
1808 1902 1839 1929 sr.
1860 1904 1899 1929 13.
1919 1903 1956 1936 55.

1120 1950 1141 1974 1.
1162 1958 1201 1984 sq.
1223 1948 1254 1974 de
1273 1948 1374 1984 pigrior.
1394 1948 1436 1973 20.
1458 1948 1479 1973 l.
1501 1946 1530 1972 fr.
1549 1948 1573 1972 2.
1594 1956 1633 1983 pr.
1654 1945 1687 1972 de
1706 1945 1774 1982 vulg.
1795 1950 1820 1971 et
1839 1955 1900 1983 pup.
1914 1946 1956 1972 28.

1118 2035 1221 2061 liberat..
1242 2033 1290 2069 leg.
1309 2035 1349 2059 34.
1370 2034 1394 2059 3.
1414 2032 1445 2058 fr.
1465 2035 1487 2058 5.
1507 2042 1546 2069 pr.
1568 2031 1600 2058 de
1619 2031 1750 2068 publicari.
1769 2033 1811 2058 39.
1826 2033 1850 2057 4.
1888 2030 1957 2057 Con-

1119 2163 1210 2199 legari.
1236 2161 1283 2188 sed
1307 2171 1463 2188 evanescere
1486 2160 1611 2196 legatum.
1635 2159 1692 2186 Gai.
1717 2159 1746 2185 II.
1770 2161 1829 2185 244.
1866 2158 1957 2185 Potest

1539 2245 1611 2272 Paul.
1632 2245 1664 2272 V.
1684 2248 1699 2272 5
1718 2245 1748 2271 Α.
1768 2245 1851 2279 5.11.
1888 2243 1957 2270 Con-

1120 2292 1245 2318 ditionem
1266 2301 1431 2321 evanescere,
1446 2290 1520 2326 quasi
1533 2288 1732 2325 impossibilem.
1753 2287 1782 2313 fr.
1798 2288 1820 2313 6.
1836 2286 1867 2312 de
1881 2285 1954 2312 cond.

1120 2337 1180 2361 inst.
1200 2336 1242 2359 28.
1264 2335 1286 2359 7.

1154 2376 1426 2411 Evangelicus.
1446 2375 1576 2408 (Adiect.)
1600 2376 1647 2401 Ad
1663 2374 1868 2408 evangelium
1885 2381 1956 2405 per-

1119 2422 1232 2447 tinens.
1270 2418 1312 2445 III.
1334 2420 1400 2446 (711.
1423 2417 1575 2445 Secundum
1594 2416 1763 2454 apostolicam
1782 2413 1955 2450 disciplinam.

1121 2462 1348 2498 evangelicamque
1368 2461 1520 2488 doctrinam.
1541 2460 1590 2487 Th.
1606 2460 1636 2487 C.
1650 2459 1719 2486 XVI.
1741 2460 1762 2483 1.
1784 2467 1805 2483 c.
1824 2458 1848 2482 2.
1868 2466 1907 2493 pr.
1923 2456 1956 2482 de

1119 2506 1173 2533 side
1192 2504 1286 2532 cathol.

1154 2547 1421 2583 Evangelium.
1460 2549 1557 2574 Sacri
1581 2544 1845 2572 Christianorum
1869 2544 1954 2569 libri.

1098 2614 1099 2617 ,
1121 2592 1139 2618 I.
1152 2593 1213 2626 Sy.
1234 2591 1421 2618 sacrosanctae
1439 2591 1592 2626 scripturae.
1611 2584 1758 2621 Evangelia.
1779 2594 1799 2610 c.
1815 2586 1854 2611 14.
1875 2584 1907 2611 de
1920 2586 1957 2611 iu·-

1122 2635 1171 2662 dic.
1190 2636 1215 2660 3.
1237 2636 1259 2660 1.
1285 2644 1305 2660 c.
1327 2635 1349 2660 1.
1375 2634 1396 2667 5.
1418 2635 1441 2659 1.
1467 2643 1487 2659 c.
1507 2634 1530 2657 2.
1557 2640 1595 2667 pr.
1621 2628 1653 2655 de
1676 2629 1781 2654 iureiur.
1806 2638 1844 2665 pr.
1865 2627 1911 2654 cal.
1930 2630 1954 2654 2.

1121 2679 1162 2705 59.
1208 2676 1251 2703 111.
1280 2678 1346 2705 Un-
1384 2675 1463 2712 Quod
1491 2671 1696 2708 evangeliorum,
1724 2675 1750 2697 et
1777 2670 1955 2708 apostolorum

1121 2720 1197 2752 fide-S.
1218 2725 1243 2746 et
1262 2720 1368 2746 traditio
1388 2720 1535 2752 incorrupta
1555 2715 1677 2741 servavit.
1698 2713 1746 2740 Th.
1763 2713 1793 2740 C.
1806 2713 1877 2740 XVI.
1896 2715 1918 2739 6.
1934 2723 1953 2739 c.

1123 2765 1147 2790 2.
1167 2774 1206 2800 pr.
1226 2773 1259 2789 ne
1279 2762 1305 2789 S.
1326 2763 1395 2798 bapt.

1157 2806 1376 2834 Euchetae,
1410 2813 1429 2828 s.
1461 2801 1659 2828 Euchitae.

1458 2845 1509 2869 42¹

1710 2802 1952 2826 Haeretirornm
