2197 3121
274 179 336 210 484

276 271 300 287 v.
319 260 473 287 lusu-uetus.
501 258 522 292 §.
545 258 584 291 1.)
628 257 668 283 Ill.
693 257 759 285 Gn.
795 256 825 283 Si
848 256 881 283 ad
899 256 1061 287 armandam,
1079 257 1117 282 in·
1139 258 1141 266 '

274 302 458 330 struendamve
477 311 577 328 navem.
596 299 638 326 vel
660 305 751 327 nautas
770 299 947 331 exhibendos,
966 300 1116 332 (mutuatus

276 347 338 379 est.)
357 346 387 372 t'r.
410 347 430 371 1.
450 344 472 378 5,
492 346 515 371 8.
537 344 568 370 de
588 353 672 370 exerc.
693 347 741 369 act.
763 345 803 370 14.
824 345 846 370 l.
867 343 898 370 cf.
918 343 948 369 fr.
968 344 1010 369 26.
1030 342 1060 369 fr.
1073 343 1116 368 34.

275 389 308 417 dc
327 388 381 415 reb.
401 392 467 414 auct.
487 387 539 413 ind.
553 389 594 413 42.
613 389 639 413 5.
672 385 753 422 Quod
771 386 804 413 ad
822 385 1005 413 instruendum
1023 384 1116 417 sorum,

275 432 413 462 theatrum,
432 430 553 461 stadium,
574 429 703 466 (legatum
723 429 827 463 fuerit.)
848 429 877 455 fr.
894 431 950 455 122.
970 438 1010 465 pr.
1030 427 1063 455 de
1082 427 1117 454 le-

275 479 325 511 gat.
344 473 363 500 I.
382 474 459 507 (30.)
497 474 572 509 Quae
591 472 622 499 ad
643 472 820 509 quotidianam
839 471 946 498 tutelam
959 471 1117 508 pertineant,

274 517 371 554 quibus
390 516 507 543 balineae
526 520 569 542 aut
587 517 763 548 instruuntur,
783 520 826 542 aut
845 530 875 534 —-
896 515 982 552 parari
1001 514 1118 552 purgari·
1138 546 1139 550 Ἰ

275 570 326 597 que
345 575 377 580 —
397 561 449 585 sint
469 559 570 586 solitae.
591 558 621 585 fr.
640 560 682 585 35.
702 559 725 592 5
744 560 768 585 3.
789 558 821 585 dc
839 557 915 594 legat.
934 557 975 584 llI.
991 557 1058 591 (32.)
1087 556 1117 583 Si
1138 566 1139 597 ᾗ

274 603 417 639 utrubique
435 604 470 629 ita
490 612 520 629 se
539 602 672 633 instruxit,
692 606 721 628 ut
739 611 790 628 non
810 600 870 627 ideo
888 601 974 627 minus
994 599 1064 637 apud
1083 599 1118 626 al·
1138 615 1140 635 ³.

274 651 346 673 teros
366 655 394 672 se
414 645 560 672 collocasse
578 644 706 671 videatur.
730 644 759 670 ir.
779 645 803 670 6.
823 644 845 677 5.
864 645 889 671 2.
909 643 942 670 ad
960 643 1056 669 munic.
1075 643 1117 668 50.
1139 640 1140 651 ’

275 691 298 715 1.
318 688 348 715 Si
361 688 455 715 horrea
467 687 504 714 ibi
524 687 623 719 babuit,
643 687 712 714 unde
730 686 917 713 instruebatur.
936 686 967 713 fr.
982 687 1021 712 12.
1042 686 1064 719 §
1075 686 1118 711 39.

274 731 307 759 de
326 733 401 758 instr.
420 731 469 767 leg.
483 732 525 757 33.
541 733 563 757 7.
596 731 671 766 Quae
690 730 727 756 ibi
745 729 878 767 paterfam.
898 727 1048 756 instruendi
1064 737 1119 764 gra-

274 775 309 801 tia
328 774 424 801 babere
443 773 520 800 solet.
550 773 620 800 Paul.
641 773 683 799 111.
703 774 727 799 6.
751 773 788 807 55.
809 774 850 799 44.
870 775 912 799 55.
950 773 1004 808 Qui
1022 772 1120 798 instru-

274 817 336 844 endi
354 817 428 844 fundi
448 818 528 853 gratia
548 816 644 843 ibidem
663 815 838 842 morabantur.
866 815 904 842 Id.
923 815 941 842 l.
954 814 972 842 l.
992 815 1014 848 §.
1028 816 1070 840 50.
1085 829 1118 833 -—

230 881 233 886 .
273 861 306 894 ἓ.
322 862 358 888 8.
375 862 419 888 A.
455 862 678 894 Praeparare,
704 860 876 886 Ordinare.
917 858 960 885 III.
985 859 1053 886 Gn.
1083 857 1119 884 Et

274 905 406 930 instruere
425 908 450 929 et
470 902 610 929 defendere
630 912 741 929 causam.
761 901 792 928 sr.
808 903 846 928 11.
866 902 889 936 5.
905 904 926 928 l.
947 901 979 928 de
993 900 1117 937 legation.

273 949 316 974 50.
336 948 359 973 7.
387 947 591 973 Accusationem
605 956 706 983 parare,
725 949 751 972 et
762 944 964 982 probationibus
978 945 1116 970 instruere.

274 989 305 1016 fr.
324 992 348 1016 2.
373 990 395 1023 5.
415 993 439 1016 ὅ.
464 988 496 1015 ad
519 988 549 1016 L.
576 988 623 1015 1111.
648 987 680 1014 de
704 987 784 1014 adult.
808 988 850 1014 48.
874 989 898 1014 5.
936 987 990 1023 Qui
1013 985 1119 1013 mandat

274 1032 360 1064 alicui,
381 1036 406 1058 et
425 1033 532 1058 instruit
551 1042 609 1058 eum
628 1030 661 1058 ad
679 1032 879 1058 accusationem.
900 1030 930 1057 fr.
945 1032 968 1056 1.
988 1030 1010 1064 §.
1026 1031 1066 1056 13.
1086 1028 1118 1055 ad

273 1075 302 1103 S.
323 1075 354 1102 C.
375 1074 456 1112 Turp.
477 1076 518 1101 48.
540 1076 580 1101 16.
613 1074 668 1109 Qui
685 1073 836 1111 persuadet,
857 1078 882 1099 et
900 1072 1020 1110 impellit,
1040 1077 1118 1109 atque

273 1119 381 1145 instruit
400 1117 521 1144 consilio.
541 1117 571 1144 sr.
592 1119 632 1143 50.
657 1116 678 1150 5.
697 1118 721 1143 3.
746 1116 779 1143 de
803 1116 863 1143 furt.
888 1118 930 1143 47.
949 1118 974 1143 2.
1010 1114 1052 1142 Ne
1070 1125 1118 1152 per

272 1161 324 1188 hoc
344 1160 403 1198 fuga
423 1162 479 1187 eins
498 1161 650 1187 instruatur.
670 1159 700 1186 fr.
714 1162 738 1186 5.
758 1160 779 1194 §.
792 1161 816 1186 3.
837 1159 869 1186 de
888 1160 985 1196 requir.
1003 1159 1064 1185 reis.
1075 1159 1117 1185 48.

274 1206 314 1231 17.
345 1203 383 1230 Ita
402 1205 532 1242 promtius
552 1204 692 1229 instruitur
710 1212 774 1229 usus
789 1212 925 1229 armorum.
948 1201 1000 1229 Th.
1016 1201 1047 1229 C.
1061 1201 1118 1229 VII.

273 1248 316 1274 23.
337 1257 357 1273 c.
379 1249 401 1273 1.
421 1250 453 1273 de
472 1246 552 1273 oblat.
573 1255 663 1282 equor.
695 1246 798 1277 Omnia.
818 1261 851 1265 ——
871 1245 967 1282 quibus
986 1255 1062 1272 causa
1081 1245 1120 1271 in-

275 1291 342 1317 strui
360 1295 457 1327 potest.
477 1289 508 1317 fr.
528 1291 551 1316 l.
573 1289 605 1316 de
623 1288 677 1315 fide
695 1289 813 1315 instrum.
831 1290 873 1315 22.
893 1290 917 1315 4.
953 1287 990 1315 Vt
1008 1288 1058 1315 tibi
1076 1287 1119 1314 ad-

274 1334 378 1365 sistant,
398 1343 555 1369 causamque
574 1333 712 1358 instruant.
736 1342 757 1358 c.
776 1333 818 1358 21.
837 1331 870 1358 de
890 1332 1012 1358 eviction.
1032 1332 1056 1357 8.
1076 1332 1118 1357 45.

275 1376 329 1412 Qui
354 1376 388 1403 ob
413 1375 581 1402 instruendas
606 1375 666 1401 lites
692 1376 816 1412 pecunias
841 1379 1007 1411 acceperunt.
1037 1373 1067 1400 fr.
1093 1374 1117 1400 9.

274 1420 296 1453 5.
316 1421 340 1445 4.
361 1419 391 1445 cf.
412 1418 442 1445 fr.
461 1422 503 1445 20.
523 1418 556 1444 de
575 1417 603 1444 L.
624 1418 705 1445 Corn.
726 1418 758 1444 de
777 1417 834 1444 sals.
853 1419 895 1444 4³.
911 1420 952 1444 10.
981 1416 1051 1443 Coll.
1065 1415 1117 1443 LL.

274 1461 308 1489 Μ.
327 1461 394 1488 Ylu.
416 1464 438 1488 7.
463 1461 493 1488 sr.
516 1463 537 1487 l.
558 1461 590 1488 de
610 1462 666 1487 iure.
684 1466 786 1498 patron.
805 1462 847 1488 37.
868 1462 908 1487 14.
945 1459 1003 1487 Hoc
1021 1469 1119 1497 propo-

275 1506 327 1531 sito
346 1505 538 1531 accusationem
557 1505 677 1536 iustruit,
698 1508 726 1530 ut
745 1514 820 1530 suum
840 1505 880 1530 ius
901 1503 952 1530 sibi
971 1508 1068 1530 servet.
1087 1502 1117 1529 fr.

276 1550 316 1574 14.
337 1547 371 1574 de
394 1548 424 1574 B.
444 1547 471 1574 P.
491 1549 532 1574 37.
555 1549 576 1573 1.
602 1563 634 1567 —
667 1548 698 1580 §0
721 1548 759 1574 3.
786 1549 969 1574 Certiorem
986 1548 1117 1582 facere,

274 1592 422 1618 Edocere.
443 1590 492 1623 (cs.
512 1601 536 1617 v.
555 1590 712 1617 Instructus.
732 1590 754 1624 §.
775 1590 818 1623 2.)
860 1589 903 1616 III.
921 1590 987 1617 Gn.
1007 1588 1119 1626 Copiam

274 1634 508 1660 instrumentorum
527 1632 752 1671 inspiciendorum
775 1631 874 1664 facere,
901 1637 930 1658 ut
952 1631 1063 1669 perinde
1081 1633 1119 1658 in-

275 1681 377 1703 struere
395 1686 424 1703 se
442 1677 537 1714 possit,
561 1676 703 1714 (expediet
721 1685 770 1702 nec
789 1685 822 1701 ne
841 1676 908 1708 etc.)
934 1674 963 1702 fr.
983 1676 1007 1700 5.
1027 1684 1065 1711 pr.
1086 1674 1119 1700 de

274 1720 331 1746 iure
351 1719 430 1746 delib.
449 1721 489 1746 28.
510 1722 534 1746 ὃ.
555 1719 586 1746 cf.
607 1719 637 1746 t'r.
658 1721 698 1744 10.
718 1719 739 1752 5.
759 1720 783 1744 2.
803 1717 836 1744 de
855 1717 984 1745 edend.2.
1000 1718 1039 1743 13.
1069 1716 1120 1744 Ve-

274 1763 329 1789 niat
352 1763 498 1789 instructus
519 1762 551 1789 ad
570 1761 710 1799 agendum,
736 1762 838 1797 cognita
862 1762 965 1787 actione
989 1770 1039 1797 qua
1059 1770 1119 1787 con-

275 1806 402 1832 veniatur.
432 1806 462 1832 fr.
484 1808 506 1832 l.
535 1816 573 1843 pr.
598 1805 632 1832 ib.
656 1808 680 1831 2.
706 1806 746 1831 13.
783 1804 813 1830 Si
837 1803 948 1830 Praeses
967 1802 1010 1829 Pr.
1030 1819 1062 1823 —
1086 1802 1119 1829 ad

275 1849 441 1884 magistratus
461 1848 633 1886 municipales
652 1848 796 1879 remiserit,
820 1852 849 1873 ut
868 1857 897 1873 se
916 1846 949 1873 de
967 1846 1118 1873 nominibus

275 1891 423 1923 instruant,
448 1897 473 1918 et
492 1892 602 1929 perinde
625 1893 770 1918 instructus
790 1889 892 1916 dederit
910 1894 1020 1916 tutores.
1044 1889 1074 1916 fr.
1095 1891 1118 1916 l.

276 1933 298 1967 §.
312 1935 336 1960 3.
351 1934 383 1960 de
397 1944 460 1971 mag.
476 1945 584 1961 convvn.
598 1936 640 1960 27.
654 1936 678 1960 8.
698 1933 740 1960 Ad
759 1932 939 1959 instruendam
958 1932 1119 1968 diligentiam

276 1975 417 2003 iudicantis
438 1994 466 1997 —
488 1988 568 2015 posse
589 1983 636 2004 etc.
674 1977 778 2003 Dicturi
797 1976 953 2002 sententiam
979 1975 1119 2002 consilium

277 2020 416 2046 instruere.
436 2020 465 2047 fr.
485 2022 527 2047 34.
547 2020 579 2047 de
598 2020 692 2046 admin.
713 2024 738 2046 et
756 2020 837 2056 peric.
856 2020 897 2045 26.
912 2020 936 2045 7.
956 2017 986 2045 fr.
1001 2020 1024 2045 l.
1045 2019 1066 2053 5.
1078 2021 1118 2045 16.

278 2062 310 2089 cs.
330 2062 360 2089 sr.
382 2065 421 2090 18.
441 2064 463 2097 5.
478 2066 502 2089 4.
523 2063 555 2089 de
574 2064 719 2099 quaestion.
739 2064 832 2088 48.18.
864 2061 937 2088 Paul.
951 2060 983 2088 V.
999 2063 1038 2088 16.
1058 2063 1080 2096 5.
1093 2064 1118 2088 2.

278 2105 308 2132 Si
328 2105 399 2132 nulla
413 2106 534 2143 probatio
548 2105 701 2141 religionem
715 2106 899 2141 cognoscentis
913 2106 1033 2131 instruat.
1053 2104 1083 2131 fr.
1096 2107 1118 2131 l.

278 2148 301 2182 5.
323 2150 361 2175 17.
383 2149 399 2175 l.
419 2149 435 2175 l.
455 2152 496 2176 48.
518 2151 557 2176 18.
579 2149 610 2177 cf.
631 2149 660 2175 fr.
682 2150 722 2174 12.
742 2148 774 2174 de
793 2158 866 2184 susp.
886 2152 934 2174 tut.
946 2150 988 2174 26.
1004 2150 1043 2174 10.
1072 2147 1120 2174 Le-

278 2192 405 2228 gationeS.
426 2203 490 2228 quas
504 2193 652 2219 instruxere
665 2191 776 2218 decreta.
804 2190 853 2217 Th.
868 2190 899 2217 C.
913 2190 970 2217 XII.
986 2193 1025 2217 12.
1045 2201 1067 2217 c.
1080 2192 1120 2217 10.

279 2233 313 2261 de
332 2233 408 2270 legat.
429 2240 453 2261 et
467 2235 536 2261 decr.
559 2235 683 2266 Persona,
699 2244 764 2270 quae
776 2234 907 2260 iustruere
920 2235 1014 2270 possit.
1033 2233 1063 2260 fr.
1077 2235 1119 2260 99.

279 2278 301 2311 §.
320 2279 344 2304 2.
365 2277 396 2304 de
416 2277 446 2303 Υ.
467 2278 494 2304 S.
514 2281 555 2305 50.
578 2281 616 2305 16.
653 2278 743 2305 Matris
763 2278 847 2314 pietas
868 2277 998 2303 instruere
1017 2281 1042 2303 te.
1061 2281 1119 2313 pot-

280 2325 328 2347 est.
348 2330 368 2347 c.
388 2322 411 2347 6.
432 2322 483 2356 Qu.
497 2326 549 2357 pet.
570 2326 616 2348 tut.
636 2324 659 2348 5.
673 2323 715 2347 31.
739 2319 813 2351 Peto,
828 2319 982 2357 plenissime
996 2320 1118 2346 instruas.

280 2363 310 2390 sr.
330 2365 354 2390 4.
384 2364 434 2399 Qu.
456 2363 487 2389 ad
507 2363 591 2390 libert.
611 2367 651 2390 40.
674 2366 713 2390 13.
733 2379 765 2383 -
795 2363 827 2396 §.
847 2364 884 2389 3.
895 2363 938 2389 Α.
968 2364 1119 2390 Erudire.

280 2406 323 2433 lll-
351 2408 417 2434 Cn.
455 2406 594 2432 Institutus
622 2418 634 2433 a
658 2407 743 2433 Balbo
766 2405 883 2438 Lucilio,
908 2407 1056 2432 instructus
1079 2415 1142 2432 au=s

280 2454 333 2477 tem
352 2450 463 2476 maxime
482 2459 494 2475 a
514 2448 591 2475 Gallo
611 2450 726 2485 Aquilio.
751 2450 780 2477 sr.
799 2451 824 2475 2.
848 2449 931 2482 5.-13.
952 2448 984 2475 de
1003 2448 1036 2474 Ο.
1057 2448 1075 2475 I.
1097 2450 1121 2476 1.

279 2495 304 2519 2.
332 2492 461 2519 Artiliciis
481 2493 611 2519 instruere
630 2493 756 2526 (servos.)
775 2492 806 2519 fr.
819 2494 861 2518 25.
881 2491 914 2518 de
931 2492 1001 2529 pign.
1015 2496 1063 2517 act.
1079 2492 1119 2518 13.

281 2537 304 2562 7.
332 2536 374 2562 Ad
389 2537 587 2563 instructionem
606 2534 767 2572 pupillorum
780 2550 813 2554 —
827 2534 977 2566 decernere,
996 2539 1120 2571 respectu

281 2578 450 2610 facultatium,
470 2584 495 2605 et
515 2579 607 2605 aetatis
621 2588 709 2604 eorum
724 2579 767 2614 qui
782 2579 953 2605 instruuntur.
974 2576 1005 2604 fr.
1018 2579 1042 2603 3.
1062 2577 1084 2610 5.
1096 2579 1118 2604 5.

281 2620 325 2647 ubi
345 2632 406 2659 pnp.
425 2623 466 2648 27.
486 2624 510 2648 2.

316 2665 631 2691 lustramentum.
669 2664 699 2697 §.
727 2664 761 2689 1.
791 2665 980 2697 Adparalus
999 2673 1118 2695 rernm,

284 2708 323 2732 ud
339 2714 524 2733 consuetum
543 2709 590 2733 rei
610 2716 699 2733 neum
717 2709 984 2733 necessariarum.
1017 2706 1038 2732 1.
1057 2707 1119 2740 Sy.

283 2747 431 2785 Adparatus
445 2760 531 2776 rerum
550 2749 662 2782 (diutius
678 2758 866 2780 mansurarum,
886 2750 943 2775 sine
962 2749 1057 2785 quibus
1077 2760 1120 2776 ex-

284 2792 366 2817 erceri
385 2793 504 2826 nequiret
523 2792 686 2829 possessio.)
706 2792 736 2818 fr.
751 2794 790 2818 12.
809 2801 849 2828 pr.
869 2790 901 2817 de
921 2792 994 2818 instr.
1014 2792 1062 2828 leg.
1076 2794 1118 2819 33.

285 2835 300 2843 .-

290 2844 308 2860 A.
342 2833 373 2860 II.
389 2835 457 2867 Op.
476 2834 625 2868 instructio,
644 2835 811 2862 Instructam.
830 2834 902 2861 Paul.
921 2834 962 2861 111.
981 2836 1005 2861 6.
1024 2836 1061 2869 55.
1076 2836 1118 2861 38.

1102 173 1181 205 INS.

1160 265 1220 292 sqq.
1239 255 1269 282 fr.
1290 257 1312 281 l.
1332 265 1371 292 pr.
1391 255 1421 282 fr.
1442 257 1482 282 12.
1501 256 1539 289 55.
1558 256 1600 282 27.
1620 265 1659 292 sq.
1680 255 1696 282 l.
1717 255 1734 282 l.
1748 257 1790 282 33.
1805 258 1827 283 7.
1856 256 2002 283 Ornamen-

1160 303 1215 325 tum
1234 298 1361 330 (domus.)
1380 297 1411 325 fr.
1431 300 1472 325 12.
1491 299 1573 332 5.16.
1595 298 1629 324 ib.
1648 299 1690 324 33.
1706 300 1728 325 7.
1760 298 1804 325 111.
1820 300 1885 327 Cu.
1904 299 2004 326 Instru-

1161 342 1242 368 menti
1261 352 1290 368 ea
1309 351 1377 372 esse.
1397 350 1462 378 quae
1475 341 1507 367 ad
1521 341 1628 368 tutelam
1642 341 1736 368 domus
1749 342 1889 378 pertinent.
1914 342 1944 368 l'r.
1962 344 2002 368 12.

1161 385 1181 419 5.
1204 386 1243 410 16.
1265 384 1296 411 cf.
1316 384 1346 411 fr.
1365 385 1408 410 29.
1427 383 1462 410 ib.
1480 385 1522 411 33.
1545 386 1568 411 7.
1605 384 1702 415 Arbor,
1721 389 1765 411 aut
1784 384 1854 411 aliud
1874 386 1946 411 navis
1966 386 2003 411 in-

1161 432 1343 454 strumentum.
1364 426 1394 453 fr.
1413 428 1437 453 3.
1457 426 1488 453 fr.
1507 428 1531 454 6.
1552 427 1584 454 de
1602 427 1632 454 L.
1647 426 1733 454 Rhod.
1755 429 1794 454 14.
1813 430 1838 454 2.
1858 427 1888 454 fr.
1907 429 1949 455 29.
1970 427 2003 454 de

1161 472 1236 497 instr.
1257 470 1306 507 leg.
1317 472 1357 496 33.
1373 471 1396 496 7.
1426 469 1555 502 Taberna,
1575 480 1632 497 cum
1653 469 1803 502 coenaculo,
1818 486 1848 491 -—
1863 480 1922 497 cum
1939 480 2003 497 mer-

1161 513 1245 544 cibus
1265 518 1290 539 et
1309 513 1501 544 instrumentis,
1522 517 1548 539 et
1566 512 1727 550 supellectili
1746 522 1812 549 quae
1824 513 1860 540 ibi
1874 518 1952 540 esset.
1971 512 2002 540 fr.

1162 558 1185 583 7.
1204 556 1239 583 ib.
1258 558 1299 583 33.
1313 558 1335 582 7.
1368 556 1478 588 Domus,
1499 571 1531 575 ——
1551 566 1610 582 cum
1629 557 1699 582 omni
1718 557 1902 588 instrumento,
1922 560 1948 582 et
1965 565 2005 582 re-

1161 600 1257 637 positis
1276 598 1405 625 omnibus.
1426 598 1456 625 sr.
1475 600 1517 625 92.
1538 599 1559 632 5.
1576 600 1597 625 l.
1617 598 1650 625 de
1663 598 1739 635 legat.
1753 598 1795 625 Ill.
1809 600 1877 632 (32.)
1902 598 2004 630 Fundo,

1162 652 1220 669 cum
1239 643 1309 668 omui
1327 643 1502 668 instrumento
1520 642 1620 668 rustico
1639 647 1666 668 et
1685 642 1802 673 urbano,
1821 647 1847 669 et
1866 642 2004 678 mancipiis

1162 695 1231 722 quae
1248 684 1283 711 ibi
1303 690 1372 717 sunt,
1392 684 1485 721 legato.
1505 683 1578 711 Paul.
1591 684 1633 711 111.
1653 686 1677 711 6.
1697 685 1718 719 5.
1738 688 1780 711 44.
1801 685 1832 712 cf.
1852 685 1890 719 55.
1908 686 1950 711 34.
1961 685 2004 711 43.

1164 729 1205 754 47.
1219 737 1258 764 sq.
1287 726 1355 754 Cum
1373 727 1471 754 fundus
1490 727 1600 760 locetur,
1619 732 1646 754 et
1664 729 1829 755 aestimatum
1848 729 2005 755 instrumen-

1162 776 1217 798 tum
1236 770 1346 797 colonus
1371 772 1489 808 accipiat.
1514 770 1544 797 sr.
1564 772 1588 797 3.
1612 770 1690 797 locat.
1710 773 1751 798 19.
1769 773 1794 798 2.
1831 771 2006 798 Seminarium

1162 819 1280 851 paratum
1299 824 1404 851 semper
1421 824 1556 846 renovare,
1577 815 1652 851 quasi
1671 815 1873 841 instrumentum
1892 815 1954 851 agri.
1973 813 2003 840 fr.

1162 860 1185 884 9.
1205 858 1227 891 5
1247 859 1270 883 6.
1290 856 1324 884 de
1342 856 1422 884 ususr.
1438 858 1460 883 7.
1482 859 1504 883 1.
1536 856 1719 889 Piscatorium,
1738 867 1762 884 v.
1773 857 1895 889 Pictoris,
1914 867 1935 883 s.
1952 856 2005 883 Me-

1162 900 1214 928 dici
1234 905 1281 926 etc.
1302 901 1512 926 instrumentum.
1537 899 1609 926 Paul.
1623 900 1665 927 III.
1684 902 1708 926 6.
1727 901 1766 934 55,
1779 902 1820 927 41.
1834 902 1875 927 45.
1888 901 1930 926 61.
1944 909 2003 936 sqq.

1164 960 1194 963 —
1215 943 1246 976 §0
1265 944 1301 969 2.
1331 944 1571 970 Monumentum
1594 946 1855 978 scripturarum,
1886 945 1926 969 ad
1953 953 2004 969 res

1159 992 1271 1021 gestas
1298 987 1544 1020 pertinentium.
1580 985 1599 1012 I.
1625 987 1687 1020 Sy.
1723 986 1778 1018 Ea,
1806 985 1903 1023 quibus
1927 995 2005 1012 causa

1162 1030 1370 1066 instrui-potest.
1390 1028 1573 1055 Instrumenta.
1593 1028 1654 1055 sr.1.
1674 1028 1707 1056 de
1726 1029 1778 1056 fide
1797 1030 1916 1056 instrum.
1927 1029 1969 1054 22.
1979 1030 2004 1054 4.

1163 1071 1205 1098 111.
1215 1073 1281 1100 Cn.
1293 1070 1359 1098 Tam
1369 1072 1610 1108 testimonia,q¹1am
1621 1082 1759 1109 personae,
1771 1073 2005 1099 instrumentorum

1162 1115 1222 1142 loco
1232 1114 1370 1141 habentur.
1390 1114 1421 1141 sr.
1437 1116 1458 1140 1.
1470 1114 1486 1140 l.
1498 1114 1514 1141 l.
1527 1116 1569 1141 22.
1581 1116 1604 1141 4.
1618 1115 1649 1141 1“1·.
1663 1116 1704 1142 99.
1719 1116 1741 1149 5.
1755 1118 1779 1142 2.
1794 1115 1826 1142 de
1838 1115 1869 1141 V.
1879 1115 1955 1142 S.50.
1963 1116 2004 1142 16.

1163 1158 1216 1193 Qui
1231 1157 1304 1185 falsis
1319 1158 1510 1189 instrumentis,
1521 1158 1595 1190 actis,
1611 1157 1741 1195 epistolis,
1756 1159 1902 1195 rescriptis,
1916 1159 2006 1185 sciens

1163 1201 1187 1228 d.
1202 1211 1235 1228 m.
1254 1210 1318 1228 usus
1337 1200 1424 1227 fuerit.
1443 1199 1516 1227 Paul.
1529 1199 1562 1227 V.
1580 1202 1621 1227 25.
1641 1201 1663 1234 5,
1676 1203 1717 1227 10.
1745 1201 1800 1236 Qui
1812 1205 2005 1234 testamentum,

1163 1244 1268 1281 quodve
1293 1243 1364 1270 aliud
1383 1244 1586 1270 instrumentum
1608 1243 1716 1276 salsum,
1740 1245 1828 1270 sciens
1846 1243 1871 1270 d.
1889 1254 1922 1271 m.
1942 1245 2006 1271 scri-

1162 1288 1256 1325 pserit,
1274 1287 1424 1314 recitaverit
1442 1291 1491 1313 etc.
1520 1286 1556 1313 ld.
1576 1286 1593 1313 l.
1608 1286 1624 1313 l.
1643 1287 1665 1321 5.
1680 1288 1703 1313 1.
1727 1286 1790 1313 Sive
1808 1292 1919 1324 propter
1936 1287 2006 1314 litte-

1163 1341 1205 1358 ras
1224 1330 1304 1357 suerit
1322 1329 1392 1367 apud
1410 1334 1436 1356 te
1455 1334 1594 1362 certatum,
1619 1330 1676 1356 sive
1697 1334 1808 1366 propter
1824 1331 2005 1357 iustrumenta.

1163 1384 1184 1401 c.
1205 1376 1228 1400 1.
1248 1384 1287 1411 pr.
1308 1373 1341 1400 de
1359 1374 1466 1400 iureiur.
1490 1383 1530 1411 pr.
1555 1372 1602 1399 cal.
1621 1374 1646 1398 2.
1666 1373 1707 1399 59.
1728 1372 1759 1399 cf.
1784 1372 1814 1399 fr.
1833 1374 1875 1399 29.
1896 1372 1928 1399 de
1946 1383 2006 1410 pro-

1162 1417 1215 1444 bat.
1233 1419 1275 1444 22.
1294 1419 1319 1443 3.
1350 1415 1544 1448 1nstrumentis,
1564 1420 1608 1442 aut
1626 1415 1740 1442 testibus
1754 1415 1899 1452 (probare.)
1917 1415 1949 1443 fr.
1964 1418 2005 1443 10.

1162 1462 1183 1495 5.
1203 1462 1228 1487 3.
1252 1459 1285 1487 de
1310 1459 1403 1486 edend.
1422 1461 1446 1485 2.
1468 1461 1507 1486 13.
1544 1458 1719 1485 Instrumenta
1741 1458 1810 1491 litis,
1833 1469 1858 1486 v.
1882 1469 1948 1496 quae
1973 1459 2006 1486 ad

1163 1514 1218 1530 eam
1239 1513 1342 1530 causam
1361 1503 1503 1540 pertinent.
1522 1501 1594 1529 Paul.
1614 1501 1646 1528 V.
1665 1503 1707 1528 25.
1727 1502 1748 1535 5
1768 1503 1792 1528 8.
1812 1501 1842 1528 fr.
1862 1503 1886 1528 3.
1910 1501 1927 1529 1.
1942 1502 1960 1528 l.
1980 1504 2005 1529 2.

1165 1548 1204 1574 13.
1224 1546 1254 1573 fr.
1273 1548 1315 1573 36.
1335 1556 1374 1583 pr.
1395 1545 1427 1572 de.
1446 1544 1525 1572 indic.
1544 1547 1568 1572 5.
1590 1547 1612 1572 l.
1631 1545 1663 1571 fr.
1681 1547 1706 1571 2.
1725 1545 1747 1578 §.
1768 1546 1791 1571 1.
1811 1544 1844 1572 de
1863 1546 1919 1572 iure
1936 1545 2004 1572 fisci.

1162 1592 1203 1616 49.
1218 1591 1258 1616 14.
1283 1588 1401 1616 Tabulae
1414 1589 1649 1615 instrumentorum
1662 1588 1727 1625 reip.
1739 1588 1874 1626 municipii
1886 1588 2005 1615 alicuius.

1163 1632 1194 1659 fr.
1213 1634 1255 1659 31.
1275 1632 1296 1666 5.
1317 1634 1340 1658 1.
1366 1631 1399 1658 de
1418 1631 1479 1658 furt.
1498 1633 1542 1658 47.
1559 1633 1583 1658 2.
1621 1631 1782 1658 Tabularum
1800 1633 1950 1658 testamenti
1967 1632 2008 1658 in-

1163 1680 1344 1702 strumentum.
1373 1674 1402 1701 sr.
1427 1677 1451 1701 2.
1480 1684 1519 1712 pr.
1543 1679 1646 1701 testam.
1675 1674 1794 1711 quemad.
1822 1684 1892 1712 aper.
1915 1676 1956 1702 29.
1980 1675 2005 1701 3.

1163 1717 1253 1745 Tenor
1270 1718 1438 1744 instrumenti
1457 1717 1524 1744 male
1544 1718 1673 1755 concepti.
1698 1717 1728 1744 sr.
1748 1718 1771 1744 8.
1795 1716 1828 1743 de
1846 1722 1917 1744 statu
1935 1716 2006 1745 hom.

1164 1763 1187 1788 1.
1207 1763 1230 1787 5.
1268 1760 1308 1787 'Nc
1330 1762 1502 1787 instrumenta
1527 1762 1633 1787 omnino
1657 1760 1783 1793 forment,
1807 1770 1874 1787 neve
1898 1760 2006 1788 libellos

1164 1805 1326 1841 concipiant,
1349 1803 1392 1830 vel
1417 1804 1571 1830 testationes
1597 1805 1759 1840 consignent.
1788 1803 1819 1830 fr.
1838 1804 1863 1830 9.
1887 1803 1909 1837 5.
1928 1806 1952 1830 5.
1973 1803 2007 1830 de

1163 1857 1239 1884 poen.
1257 1848 1298 1873 48.
1320 1848 1360 1873 19.
1398 1846 1465 1873 Cum
1484 1848 1666 1873 instrumentis
1686 1846 1888 1884 subscripserat.
1912 1846 1943 1874 fr.
1963 1848 2004 1873 ll.

1164 1890 1196 1917 de
1215 1900 1286 1917 exce.
1306 1891 1349 1917 44.
1369 1891 1391 1917 l.
1423 1890 1453 1916 cf.
1473 1889 1504 1916 fr.
1525 1891 1565 1916 ll.
1586 1889 1619 1916 de
1638 1889 1730 1916 edend.
1749 1892 1773 1916 2.
1794 1891 1833 1916 13.
1869 1889 2005 1925 Relegere,

1162 1933 1371 1969 Recognoscere,
1390 1933 1562 1969 Adgnoscere
1581 1933 1796 1966 (instrumenta.)
1815 1932 1846 1959 fr.
1867 1934 1906 1959 11.
1924 1931 1942 1959 l.
1961 1933 2003 1959 44.

1165 1979 1186 2003 1.
1206 1976 1236 2003 fr.
1256 1978 1297 2002 56.
1317 1986 1356 2013 pr.
1377 1975 1409 2002 de
1428 1975 1459 2003 V.
1480 1975 1507 2002 S.
1527 1978 1569 2002 50.
1590 1977 1630 2002 16.
1664 1976 1694 2002 Si
1713 1975 1785 2012 quod
1803 1976 2005 2002 instrumentum

1163 2030 1176 2046 a
1195 2024 1221 2046 te
1240 2020 1365 2045 emissum
1385 2024 1433 2046 ete.
1454 2018 1484 2046 fr.
1504 2021 1545 2045 47.
1565 2019 1631 2052 5.1.
1651 2019 1683 2046 dc
1701 2023 1769 2056 pact.
1788 2020 1812 2044 2.
1832 2019 1872 2044 14.
1908 2018 1951 2045 An
1970 2032 2004 2038 —

1164 2062 1233 2100 apud
1252 2067 1308 2088 acta
1327 2062 1464 2099 professus
1483 2063 1530 2093 sit,
1551 2062 1574 2087 ei
1593 2071 1623 2087 se
1643 2061 1741 2087 donare
1760 2060 1880 2093 fundum,
1899 2071 1948 2088 nec
1966 2062 2004 2088 in-

1163 2110 1306 2132 strumenta
1326 2105 1475 2132 donationis
1495 2105 1593 2131 fecerit.
1621 2103 1705 2130 Vatic.
1726 2104 1747 2137 5.
1761 2105 1820 2129 268.
1841 2103 1872 2130 cf.
1891 2104 1929 2138 55.
1942 2106 2003 2131 265.

1163 2150 1222 2174 2'3.
1233 2149 1294 2174 314.
1317 2147 1494 2174 Instrumento
1514 2146 1595 2173 dotali
1608 2146 1758 2173 huiusmodi
1771 2150 1876 2183 pactum
1889 2163 1921 2166 —
1935 2157 2004 2174 com—

1163 2191 1257 2229 plexus
1277 2195 1325 2217 est.
1345 2190 1374 2217 fr.
1394 2193 1436 2217 45.
1456 2189 1505 2216 sol.
1526 2190 1634 2216 matrim.
1648 2191 1689 2215 24.
1703 2191 1727 2216 3,
1755 2188 1877 2216 lnstrum.
1896 2189 2004 2217 divisio-

1164 2235 1212 2261 nis.
1233 2234 1263 2260 sr.
1282 2236 1324 2260 35.
1345 2233 1377 2260 de
1395 2238 1463 2270 pact.
1478 2236 1502 2259 2.
1519 2234 1557 2259 14.
1584 2231 1716 2259 Tutelaria
1735 2232 1914 2260 iustrumenta.
1935 2232 2002 2261 1“1·.8.

1163 2278 1185 2311 5.
1198 2279 1219 2304 l.
1240 2277 1272 2304 de
1291 2276 1408 2303 fideiuss.
1429 2281 1475 2303 tut.
1489 2278 1530 2302 27.
1546 2277 1567 2302 7.
1592 2275 1662 2301 Inter
1681 2274 1745 2301 alias
1765 2285 1806 2301 res
1826 2275 1906 2308 dotis,
1926 2277 2004 2303 etiam

1164 2321 1365 2347 instrumentum
1385 2319 1530 2346 solidorum
1547 2318 1572 2344 X
1589 2316 1703 2344 tradidit.
1726 2317 1754 2344 fr.
1769 2320 1810 2344 49.
1830 2329 1869 2356 pr.
1889 2318 1938 2345 sol.
1951 2328 2003 2345 ma-

1164 2365 1231 2390 trim.
1251 2364 1292 2389 24.
1311 2364 1336 2389 3.
1361 2362 1392 2389 cf.
1413 2372 1433 2389 c.
1453 2364 1476 2388 5.
1501 2361 1533 2387 de
1559 2360 1618 2386 don.
1645 2361 1691 2387 int.
1716 2359 1748 2387 V.
1768 2363 1792 2390 5,
1813 2363 1852 2388 16.
1889 2361 2003 2389 Pecunia

1164 2411 1311 2438 numerata,
1336 2410 1379 2432 aut
1398 2406 1570 2431 instrumenta
1589 2402 1745 2430 debitorum.
1770 2403 1800 2430 fr.
1820 2405 1861 2431 92.
1884 2405 1950 2439 5.1.
1969 2405 2003 2432 de

1163 2449 1238 2486 legat.
1258 2449 1301 2475 111.
1321 2448 1388 2481 (32.)
1408 2447 1439 2474 cf.
1459 2446 1489 2473 fr.
1508 2448 1550 2472 35.
1570 2447 1591 2480 5
1609 2448 1634 2473 2.
1654 2446 1686 2472 de
1705 2446 1793 2473 donat.
1811 2448 1854 2473 39.
1873 2448 1897 2473 5.

1200 2507 1410 2535 Insuntilts.
1438 2504 1568 2539 (Adiect.)
1597 2507 1665 2532 Non
1684 2507 1834 2537 subtilis,
1859 2507 2001 2542 [nurgu-

1164 2558 1223 2578 tus.
1260 2550 1302 2577 111.
1320 2551 1386 2578 Gn·
1406 2547 1465 2574 Non
1484 2548 1605 2575 insubtili
1624 2549 1724 2575 ratione
1738 2552 1835 2580 motus,
1848 2564 1880 2568 —
1894 2557 2000 2586 respon-

1165 2593 1210 2620 dit.
1231 2593 1260 2621 sr.
1282 2595 1320 2619 ll.
1341 2591 1372 2618 dc
1392 2590 1468 2627 legat.
1488 2591 1505 2617 I.
1525 2592 1591 2625 (30.)

1200 2646 1451 2676 Insubtilitcr.
1480 2645 1602 2680 (Advb.)
1632 2647 1701 2672 Nou
1724 2646 1842 2672 subtili
1860 2645 1998 2672 ratione.

1164 2691 1280 2718 HLGn.
1299 2688 1359 2715 Non
1378 2689 1475 2715 insubt.
1495 2689 1547 2716 dici
1564 2698 1654 2726 posse,
1673 2698 1698 2714 v.
1716 2692 1817 2725 putare.
1841 2687 1871 2715 l'r.
1891 2689 1914 2713 7.
1933 2686 1954 2720 5.
1973 2687 1998 2713 6.

1164 2734 1196 2760 de
1216 2737 1282 2770 pact.
1301 2734 1325 2758 2.
1346 2734 1385 2758 14.
1405 2732 1435 2758 fr.
1455 2734 1478 2758 l.
1498 2732 1520 2766 5.
1539 2734 1564 2758 5.
1584 2731 1616 2758 de
1635 2730 1724 2757 hered.
1743 2731 1804 2757 inst.
1823 2731 1864 2757 28.
1883 2731 1907 2755 5.

1198 2792 1399 2818 Insudare.
1438 2792 1513 2817 Cum
1531 2791 1667 2826 fervore
1690 2790 1850 2815 insistere.
1891 2785 1910 2812 I.
1935 2787 1997 2821 Sy.

1162 2834 1263 2861 Sudare
1284 2835 1403 2868 (strenue
1422 2834 1554 2870 susceptis
1573 2832 1673 2865 armis.)
1693 2830 1742 2858 Th.
1762 2829 1792 2856 C.
1812 2828 1867 2855 Vll.
1888 2827 1910 2855 l.
1930 2839 1951 2855 c.
1971 2831 1996 2857 8.
