2197 3121
969 162 1051 193 STR
1065 181 1103 187 —
1118 163 1213 195 STU.

223 246 296 278 tium,
316 251 535 283 strenuorumque
549 245 713 272 dominorum
726 244 799 277 (loco
813 243 925 277 haberi.)
944 243 981 271 lb.
995 244 1063 271 XIII.
1085 245 1087 248 ’

224 290 247 315 l.
269 299 288 315 c.
310 291 332 315 6.
355 289 387 316 (18
407 289 481 316 lustr.
502 288 589 315 collat.

257 332 457 366 Strepitus.
490 333 674 361 Tumultus,
696 332 830 357 Clamor.
868 329 899 356 II.
920 331 987 363 Op.
1007 329 1063 355 Sta-

224 375 278 405 tim,
299 379 324 400 et
343 375 400 401 sine
420 375 586 401 contentioso
605 374 752 411 proposito.
767 389 798 392 —
817 373 978 409 Exspectato
998 372 1063 399 indi·

223 418 323 443 ciorum
342 418 463 454 strepitu.
484 427 505 443 c.
523 418 565 443 33.
585 426 624 453 pr.
644 416 676 442 de
696 416 767 442 inoi'l'.
788 420 889 441 testam.
907 417 933 441 3.
947 417 987 442 28.
1019 414 1061 441 III.

222 461 289 487 Cn.
309 459 454 497 Populares
473 461 599 495 strepitus
619 464 645 485 et
658 458 803 485 seditiones
819 468 995 495 compescere.
1014 457 1062 484 Iul.

222 512 263 539 ep.
285 512 344 528 nov.
365 512 386 529 c.
406 504 446 529 96.
467 503 489 536 3.
508 504 568 528 357.
606 501 669 528 Sine
692 503 805 538 strepitu
824 500 946 527 volumus
973 501 1062 527 obser-

222 546 278 571 vari
297 545 378 577 (diem
399 544 535 578 Paschae.)
560 555 581 571 c.
601 547 625 570 2.
647 544 678 571 de
699 544 779 571 seriis.
797 546 821 570 3.
842 545 882 570 12.
919 543 975 570 Nec
994 545 1061 570 enim

222 602 255 606 —
275 592 425 614 contractus
445 603 476 607 —-
502 587 617 624 litigioso
642 589 754 625 strepitu
774 586 919 613 turbandus
939 592 986 613 est.
1012 586 1061 613 Th.

222 629 254 656 C.
273 629 316 656 III.
338 632 359 657 l.
384 641 405 657 c.
427 632 447 656 l.
474 630 506 657 de
531 636 614 657 contr.
635 635 694 656 emt.
731 630 789 656 Etsi
812 629 939 656 alteruter
963 630 1063 666 litigan-

221 673 286 699 tium
306 672 364 699 falsi
384 674 523 710 strepitum
538 673 679 700 intulisset.
700 673 735 699 lb.
749 672 794 698 IX.
811 673 849 698 19.
871 682 892 698 c.
905 675 930 698 2.
944 683 983 710 pr.
1003 673 1025 706 3.
1038 674 1062 698 2.

221 714 254 742 ad
272 714 302 742 L.
323 715 403 743 Corn.
423 716 455 743 de
475 716 532 743 sals.

255 758 407 786 Striete·
439 759 562 792 (Advb.)
593 761 703 790 Arete,
723 759 910 784 Subtiliter.
947 757 978 784 II.
995 760 1062 792 Op.

222 799 329 827 Vtilitas
349 803 436 837 exigit.
452 818 483 821 —
504 802 533 828 Si
552 801 615 838 quid
634 800 751 828 strictius
764 800 960 837 interpretetur.
980 801 1009 827 fr.
1020 803 1061 827 20.

222 842 245 876 3.
264 845 289 869 2.
309 843 342 870 de
361 844 387 870 S.
409 844 436 871 P.
456 844 488 871 V.
509 846 533 871 8.
553 847 577 871 2.
598 843 638 871 Cf.
658 844 679 877 3.
699 845 723 869 3.
743 842 761 869 1.
782 842 814 869 de
834 842 909 879 legat.
929 846 953 869 2.
972 846 1014 870 20.

257 886 431 914 Strictae.
451 887 581 920 (Adiect.)
601 887 631 920 §.
646 887 680 913 1.
701 888 856 918 Samnis,
871 888 1061 913 Accurulus.

220 927 252 955 H.
274 930 341 963 Op.
365 929 462 956 Stricta
483 931 546 957 iuris
565 931 638 956 ratio.
670 928 797 955 StrIctum
820 930 868 955 ius.
890 945 920 949 —
947 928 1062 957 Vtilitas.

220 970 382 999 Humanitas.
404 973 460 999 Gai.
479 973 521 999 111.
542 974 599 998 160.
620 971 648 998 fr.
663 973 704 998 86.
725 982 763 1009 pr.
783 971 815 998 de
834 972 865 998 A.
885 982 909 998 v.
929 971 1061 997 Ο.11.29.

220 1016 246 1040 2.
285 1014 337 1042 Str.
358 1016 407 1042 ius.
428 1031 459 1036 -
483 1015 556 1041 Bona
580 1014 656 1040 fides.
681 1014 711 1041 fr.
731 1017 755 1041 5.
774 1025 813 1052 pr.
837 1016 858 1049 3.
878 1018 902 1041 4.
922 1014 955 1040 (18
978 1015 1004 1040 in
1023 1013 1062 1040 lit.

221 1057 269 1084 iur.
287 1059 325 1084 12.
339 1059 362 1084 3.
383 1058 413 1085 sr.
433 1060 457 1084 3.
477 1059 497 1092 3.
517 1060 541 1084 2.
561 1057 690 1084 commod.
713 1059 751 1084 13.
770 1059 794 1084 6.
831 1057 930 1084 Stricta
950 1058 1015 1089 iure,
1030 1072 1061 1076 -

219 1099 371 1138 Principali‚
390 1100 432 1126 vel
451 1100 606 1137 pontificali,
625 1102 781 1127 auctoritate
800 1100 959 1137 (compelli.)
978 1100 1008 1126 fr.
1020 1101 1060 1125 50.

219 1143 242 1176 3.
264 1145 285 1169 l.
305 1143 337 1170 de
356 1143 443 1170 hered.
464 1149 516 1180 pet.
537 1146 560 1170 5.
580 1146 604 1171 3.
642 1143 684 1170 III.
704 1145 769 1171 Cn.
790 1143 869 1179 Quod
890 1145 930 1169 ius
950 1144 999 1176 (sc.
1013 1142 1061 1169 th

220 1184 318 1218 Tabb.)
337 1186 555 1222 quemadmodum
575 1188 696 1213 strictum
715 1186 801 1218 fuerit,
822 1186 907 1224 palam
927 1191 968 1212 est
987 1185 1061 1212 intel-

219 1228 307 1265 ligere.
334 1228 390 1255 Gai.
416 1229 457 1255 Ill.
485 1231 523 1256 18.
565 1229 678 1267 Propter
701 1228 832 1266 publicam
856 1228 1008 1259 utilitatem,
1029 1244 1059 1248 —-

218 1272 337 1298 strictam
356 1273 483 1299 rationem
503 1273 612 1309 insuper
624 1272 759 1298 habemus.
779 1272 810 1298 fr.
824 1274 866 1298 43.
886 1271 918 1298 de
931 1271 1004 1307 relig.
1021 1273 1060 1297 11.

219 1315 243 1340 7.
279 1314 338 1341 Etsi
364 1316 457 1341 stricto
482 1316 537 1341 iure
556 1316 662 1353 propria
686 1316 789 1341 actione
808 1331 840 1335 —
859 1319 946 1341 manet
964 1314 1062 1350 obliga-

218 1361 275 1389 tus,
295 1373 327 1378 —
352 1362 437 1384 tamen
462 1369 510 1396 per
533 1359 714 1395 exceptionem
738 1358 883 1384 adiuvatur.
913 1358 943 1384 fr.
962 1359 1004 1384 30.
1029 1357 1061 1384 de

218 1409 311 1436 pecun.
337 1405 421 1427 const.
447 1403 487 1427 13.
507 1403 531 1427 5.
557 1400 588 1427 cf.
613 1400 643 1427 fr.
663 1402 705 1427 67.
729 1401 752 1434 3.
774 1402 794 1427 l.
822 1400 854 1427 de
872 1400 903 1427 R.
924 1400 956 1427 N.
975 1402 1016 1427 23.
1035 1403 1060 1428 2.

217 1442 297 1470 Actio
316 1445 402 1470 stricti
422 1443 519 1470 iudicii.
539 1443 598 1470 Act.
613 1444 698 1470 stricti
718 1445 790 1470 iuris.
810 1443 840 1470 fr.
860 1446 884 1470 5.
904 1444 926 1478 3.
946 1445 969 1470 4.
990 1444 1022 1470 de
1035 1445 1060 1470 in

218 1484 257 1512 lit.
277 1486 325 1512 iur.
347 1488 386 1513 12.
406 1489 429 1513 3.
450 1487 487 1521 33.
506 1488 548 1513 28.
568 1496 608 1523 sq.
628 1486 646 1512 1.
668 1486 700 1512 de
719 1492 769 1513 act.
788 1488 811 1513 4.
827 1488 851 1513 6.
865 1503 897 1507 -
917 1488 993 1521 §.2-
1014 1489 1061 1514 Se-

217 1538 319 1555 verus.
356 1528 398 1556 Ili.
414 1531 480 1557 Gn.
500 1529 685 1556 Strictioribus
704 1529 827 1556 remediis
847 1529 982 1557 adhibitis.
1002 1540 1023 1556 c.
1035 1532 1059 1556 3.

217 1570 252 1598 de
270 1581 344 1609 susp.
364 1577 411 1598 tut.
431 1575 454 1598 5.
472 1574 513 1599 43.

252 1615 462 1649 Stringerc·
498 1616 529 1649 §-
554 1616 589 1642 1.
615 1616 835 1651 Destringere.
873 1615 916 1642 III.
940 1617 1006 1644 Gn.
1031 1616 1059 1643 Si

218 1656 333 1693 gladium
352 1659 489 1684 strinxerit
509 1657 557 1692 [al.
576 1658 728 1692 strixerit‚]
749 1663 775 1685 et
794 1660 818 1685 in
839 1668 869 1685 eo
889 1660 1060 1696 percusserit.

219 1699 250 1726 i'r.
271 1702 293 1726 1.
318 1700 340 1734 3.
359 1702 383 1727 3.
404 1700 435 1727 ad
456 1700 484 1727 L.
506 1701 585 1727 Corn.
606 1701 638 1727 de
657 1703 733 1727 sicar.
752 1704 792 1727 48.
812 1703 836 1728 8.
863 1701 933 1728 Coll.
953 1701 1005 1728 LI..
1026 1701 1059 1728 M.

218 1741 238 1768 1.
257 1743 281 1768 6.
303 1759 332 1764 -
362 1744 393 1777 §.
415 1745 450 1770 2.
470 1745 714 1779 Perstringere,
736 1746 980 1780 Constringere.
1016 1744 1059 1771 III.

219 1785 286 1812 Cn.
309 1785 498 1813 Maleliciorum
522 1786 717 1813 insimulatione
741 1792 818 1824 atque
842 1787 939 1814 invidia
958 1788 1060 1823 stringi.

219 1826 269 1854 Th.
291 1827 320 1854 C.
341 1828 385 1855 IX.
408 1830 447 1855 16.
473 1839 494 1855 c.
516 1831 555 1855 10.
576 1829 608 1855 de
627 1829 737 1857 malefic.
758 1830 802 1856 IX.
822 1832 863 1856 42.
884 1841 904 1856 c.
927 1832 948 1856 1.
969 1841 1007 1867 pr.
1028 1830 1059 1856 de

219 1870 282 1896 bon.
302 1880 403 1908 proscr.
424 1888 455 1892 —
476 1873 507 1905 ἓ.
519 1873 555 1899 3.
576 1874 778 1908 Artificiose
796 1884 988 1908 componere.
1016 1873 1059 1900 111.

219 1914 287 1941 Gn.
308 1914 361 1949 Qui
375 1916 424 1946 (sc.
439 1914 589 1946 architecti)
603 1931 635 1934 —
649 1916 780 1942 mensuris
800 1920 825 1942 et
840 1917 968 1943 institutis
980 1927 1059 1953 opera

218 1955 436 1983 fabricationibus
457 1957 504 1991 [al.
524 1967 630 1995 operam
649 1958 829 1993 fabricationi]
850 1960 990 1994 stringunt.
1010 1959 1060 1986 Th.

219 1998 251 2026 C.
270 1999 339 2026 XIII.
354 2001 378 2026 4.
399 2010 419 2026 c.
435 2001 458 2026 3.
479 1999 511 2026 de
531 2010 619 2027 excus.
639 2001 707 2028 artis.
727 2001 768 2028 Cf.
788 2001 851 2028 lust.
871 2001 903 2029 C.
923 2013 944 2029 c.
957 2004 982 2029 2.
1002 2002 1061 2029 eod.

219 2043 260 2068 10.
276 2042 318 2068 64.

253 2085 452 2113 Strobilus.
490 2087 564 2113 Nux
585 2088 691 2121 pinea.
727 2086 769 2113 III.
791 2089 857 2115 (7η.
882 2088 923 2114 De
941 2089 1005 2126 pinu
1024 2089 1061 2115 in-

220 2128 285 2163 tegri
304 2127 418 2154 strobili.
438 2127 468 2154 fr.
488 2130 529 2154 55.
549 2129 571 2162 3.
593 2131 632 2155 10.
653 2128 685 2155 de
703 2129 779 2166 legat.
798 2130 840 2157 III.
860 2132 937 2163 (32.)

254 2170 456 2197 Struetfllis.
485 2170 614 2204 (Adiect.)
643 2174 692 2198 Ex
717 2175 891 2200 latereulis
910 2177 1060 2208 calceque

221 2219 431 2240 constructus.
460 2213 477 2240 I.
491 2215 553 2248 Sy.
573 2214 771 2241 Caementitius.
792 2215 833 2242 Cf.
848 2215 872 2242 h.
887 2226 910 2243 v.
935 2216 977 2243 III.
993 2218 1058 2244 (7¹11.

222 2253 322 2290 Lapide
344 2255 484 2291 quadrato,
508 2256 550 2283 vel
570 2256 657 2294 lapide
677 2257 808 2289 structili,
832 2258 874 2285 vel
894 2260 989 2295 quovis
1009 2259 1059 2286 alio

222 2306 303 2334 opere
321 2298 462 2332 (reticere.)
482 2299 512 2326 fr.
533 2301 555 2325 6.
576 2300 598 2333 3.
618 2302 640 2326 5.
661 2301 683 2326 si
703 2302 792 2327 servit.
812 2302 834 2327 8.
854 2303 878 2328 5.
898 2302 929 2328 cf.
950 2302 980 2328 fr.
1000 2304 1059 2329 241.
1081 2332 1083 2339 .

222 2339 254 2365 de
278 2338 309 2364 V.
330 2338 357 2365 S.
381 2342 423 2366 50.
443 2343 481 2368 16.
518 2342 602 2368 Bases
626 2343 768 2370 structiles.
800 2343 945 2371 Columnae
968 2349 1060 2371 struet.

222 2382 252 2408 sr.
272 2383 331 2407 245.
351 2392 390 2418 pr.
410 2382 427 2408 1.
447 2383 463 2409 1.
482 2386 523 2410 50.
545 2387 584 2412 16.
605 2385 636 2412 cf.
657 2386 686 2412 sr.
707 2388 730 2412 S.
751 2387 772 2420 3.
795 2388 815 2412 l.
836 2388 858 2413 si
878 2388 967 2414 servit.
981 2389 1003 2414 8.
1018 2390 1042 2414 5.

257 2425 440 2452 Structor·
477 2428 578 2454 Faber
597 2431 741 2455 muralis-
780 2429 822 2456 III.
841 2431 905 2457 (7²11.
924 2429 1002 2456 Fabri
1022 2441 1061 2457 sa·
1080 2427 1082 2458 l

223 2468 333 2503 gittarii,
358 2483 389 2487 —-
416 2472 574 2501 structores,
599 2473 754 2508 carpentarii
774 2477 822 2498 etc.
849 2471 878 2498 fr.
898 2474 922 2498 6.
948 2473 980 2499 (18
1004 2474 1059 2499 iure
1080 2476 1082 2496 ἰ

223 2511 291 2536 imm.
312 2512 353 2536 50.
373 2512 396 2536 6.
434 2509 578 2547 Lapidarii,
602 2515 751 2550 argentarii.
771 2520 917 2541 structores
936 2520 984 2541 etc.
1009 2515 1057 2542 Th⁴
1080 2516 1081 2519 ’

224 2552 255 2579 C.
276 2552 344 2579 Xlll.
358 2555 382 2578 4.
403 2563 422 2579 c.
443 2555 466 2579 2.
487 2553 520 2579 dc
540 2564 626 2580 excuS.
645 2557 712 2583 artit'.
1080 2567 1082 2587 l

258 2596 426 2623 struere.
464 2596 494 2629 §.
512 2597 546 2622 1.
572 2598 790 2632 Praeparure,
812 2601 1008 2627 Machinari.
1039 2601 1058 2628 I.

225 2639 286 2672 Sy.
305 2637 444 2665 Instruere.
465 2638 535 2665 Coll.
555 2638 606 2665 LL.
627 2639 659 2665 M.
679 2640 745 2668 VIII.
765 2644 787 2669 7.
808 2642 838 2669 fr.
854 2645 875 2669 1.
895 2643 917 2676 3.
934 2645 954 2669 l.
974 2644 1003 2670 fr.
1017 2646 1059 2670 20.

225 2680 257 2706 de
276 2679 305 2706 L.
320 2679 400 2707 Corn.
421 2681 453 2707 de
471 2681 528 2708 sals.
547 2682 588 2707 48.
610 2683 648 2707 10.
684 2683 726 2710 111.
739 2686 804 2712 Gn.
823 2685 916 2722 Neque
929 2702 961 2706 ·—
976 2686 1060 2713 solum
1082 2681 1083 2687 1

225 2723 352 2760 deceptus
376 2723 418 2749 hic
436 2725 532 2755 minor,
556 2724 602 2750 sed
628 2729 711 2751 totum
735 2726 784 2753 hoc
803 2733 945 2760 structum.
965 2734 992 2755 ut
1011 2734 1060 2755 etc.

225 2766 256 2792 l'r.
269 2768 292 2792 3.
307 2766 366 2799 31.
387 2765 419 2792 de
433 2768 523 2793 minor.
539 2769 562 2793 4.
575 2769 599 2793 4.
619 2767 729 2794 Insidias
747 2770 814 2796 vitae
833 2771 931 2798 domini
950 2777 1059 2799 struere.

225 2808 256 2835 fr.
275 2810 317 2835 30.
336 2808 421 2835 mand.
439 2811 562 2836 17.1.-
582 2810 613 2844 ξ.
627 2811 662 2837 2.
682 2812 882 2846 Promovere,
903 2816 1061 2851 Conferre

1886 168 1950 198 913

1109 255 1139 272 se
1159 246 1201 278 (in
1223 245 1332 282 sugam.)
1370 247 1412 274 III.
1433 248 1499 276 Cn·
1525 247 1555 275 Si
1575 247 1698 279 calvitur,
1718 247 1844 284 pedemve
1863 250 1949 275 struit.

1108 287 1136 314 L.
1157 288 1205 314 XII
1224 288 1308 315 Tabb.
1328 289 1346 316 1.
1366 293 1389 316 2.

1142 332 1317 358 studens.
1355 332 1484 365 (Partic.)
1524 336 1586 367 Qui
1609 335 1733 360 studiis
1756 336 1949 360 litterarum

1108 384 1237 407 operam
1260 377 1323 401 dat.
1360 375 1402 402 III.
1423 378 1488 403 (7η.
1513 376 1542 403 Si
1563 387 1613 402 non
1634 387 1662 402 se
1683 375 1760 402 utiles
1780 375 1950 402 studentibus

1106 416 1249 453 praebeant
1269 418 1317 448 (sc.
1333 420 1491 453 grammatici
1511 420 1572 451 etc.)
1593 430 1613 445 c.
1627 422 1652 446 2.
1672 419 1704 445 de
1724 418 1791 455 pros.
1812 423 1837 444 et
1856 418 1948 445 medic.

1108 461 1148 485 10.
1168 462 1208 485 52.
1246 459 1329 486 Filius
1349 460 1467 488 studens.
1491 472 1512 488 c.
1531 464 1555 487 2.
1575 462 1607 488 de
1626 461 1704 488 incol.
1726 464 1765 487 10.
1785 462 1826 487 39.

1141 503 1314 530 Studere.
1352 504 1383 537 §0
1399 505 1434 530 1.
1456 506 1646 539 Diligenter
1665 514 1788 531 curare.
1825 503 1868 530 lII.
1883 504 1949 531 Cn.

1106 543 1261 571 Liberorum
1282 547 1408 573 creationi
1428 547 1542 573 studere.
1569 547 1599 573 fr.
1622 550 1660 573 15.
1680 548 1700 581 3.
1721 550 1745 573 2.
1766 546 1798 572 de
1817 543 1905 583 adopt.
1926 548 1949 573 1.

1107 589 1130 613 7.
1167 587 1208 614 Ad
1234 598 1320 615 curam
1346 593 1371 615 et
1395 588 1601 616 sollicitudinem
1621 601 1692 616 suam
1712 589 1778 615 hanc
1798 599 1852 615 rem
1871 589 1950 625 perti-

1107 640 1169 656 nere
1189 629 1298 657 Praetor
1312 636 1394 669 putat,
1413 642 1465 658 non
1480 637 1578 658 tantum
1593 632 1663 669 quod
1678 632 1797 658 studeret
1812 636 1860 657 etc.
1881 630 1911 657 sr.
1924 632 1949 657 2.

1107 673 1129 706 3.
1151 675 1172 699 1.
1192 672 1225 699 de
1244 684 1295 700 rec.
1315 675 1358 711 qui
1379 675 1432 701 arb.
1449 677 1473 702 4.
1492 676 1516 701 8.
1554 675 1609 701 Suo
1629 675 1711 705 lucro,
1733 685 1784 700 non
1804 684 1861 700 ineo
1882 684 1950 700 com-

1107 715 1185 741 modo
1205 716 1302 743 studet.
1323 717 1352 743 fr.
1372 718 1396 743 6.
1416 718 1438 751 3.
1457 719 1482 744 3.
1502 717 1534 744 de
1553 718 1586 744 N.
1605 717 1636 744 G.
1651 719 1674 744 3.
1689 719 1711 744 5.
1728 732 1761 736 —
1781 718 1812 751 §.
1824 719 1859 744 2.
1880 719 1949 744 Lit-

1107 761 1186 785 teris
1206 770 1334 793 operam
1355 763 1437 787 dare.
1457 760 1475 787 I.
1491 762 1552 795 Sy.
1573 760 1738 797 Disciplinae
1758 760 1869 791 tradere,
1889 760 1949 786 Stu-

1107 801 1185 828 dendi
1206 812 1282 828 causa
1302 804 1405 829 mittere
1425 808 1472 829 etc.
1493 804 1642 836 (servum.)
1666 802 1738 829 Paul.
1760 803 1801 829 111.
1821 804 1844 829 6.
1864 803 1886 837 3.
1906 805 1947 829 52.

1106 843 1136 870 fr.
1157 845 1197 870 78.
1218 855 1256 881 pr.
1277 845 1309 871 de
1329 845 1405 882 legat.
1424 846 1465 872 III.
1486 847 1553 879 (32.)

1141 888 1327 915 Studiose.
1356 888 1480 921 (Advb.)
1510 891 1584 915 Cum
1605 899 1681 915 cura
1701 894 1730 914 et
1750 890 1866 915 studio.
1904 888 1948 915 III.

1107 930 1173 956 Cn.
1196 929 1285 956 Ludos
1304 931 1413 957 adsidue
1437 937 1570 969 spectare,
1597 936 1640 957 aut
1665 930 1767 957 tabulas
1792 932 1875 968 pictas
1895 936 1949 958 stu-

1107 971 1182 998 diose
1201 974 1304 999 intueri.
1324 973 1354 999 fr.
1374 975 1415 1000 65.
1436 984 1474 1011 pr.
1495 974 1527 1000 de
1546 973 1631 1000 Aedil.
1653 974 1729 1000 edict.
1748 976 1790 1000 21.
1812 976 1833 1000 l.
1871 973 1948 1001 Stud.

1107 1016 1155 1041 niti
1183 1020 1261 1052 atquc
1289 1026 1372 1052 agere.
1404 1016 1471 1043 δον.
1498 1016 1554 1043 val.
1579 1016 1620 1043 111.
1647 1016 1680 1043 de
1707 1016 1826 1043 honorat.
1851 1016 1881 1043 11.
1907 1018 1948 1044 12.

1108 1068 1129 1084 c.
1152 1059 1173 1084 1.
1193 1068 1231 1095 pr.

1141 1101 1349 1128 Studiosus.
1370 1101 1507 1135 (Adiect.)
1528 1103 1559 1135 ξ.
1573 1103 1608 1129 1.
1628 1104 1827 1134 Aet-uratia,
1848 1104 1948 1128 Solli-

1106 1146 1202 1171 citus.
1239 1144 1281 1170 III.
1303 1145 1369 1172 (711.
1396 1145 1530 1181 Diligens,
1559 1150 1584 1171 et
1609 1144 1746 1171 studiosus
1765 1144 1860 1177 (homo
1880 1146 1948 1178 etc.)

1107 1187 1137 1213 fr.
1156 1189 1197 1213 25.
1217 1197 1257 1224 pr.
1278 1186 1310 1213 de
1329 1187 1430 1224 probat.
1450 1190 1492 1214 22.
1511 1190 1535 1214 3.
1556 1187 1597 1214 Cf.
1618 1187 1667 1214 Th.
1688 1187 1718 1213 C.
1736 1186 1807 1214 XIV.
1830 1190 1868 1214 18.
1890 1197 1911 1214 c.
1926 1189 1947 1213 1.

1106 1229 1138 1256 de
1158 1230 1270 1256 mendic.
1290 1240 1315 1256 n.
1335 1231 1387 1256 inv.
1409 1247 1437 1250 —
1464 1231 1495 1264 §.
1515 1232 1550 1257 2.
1574 1233 1634 1263 Qui
1652 1232 1793 1256 studium
1814 1232 1948 1256 littera-

1106 1283 1188 1304 rum,
1207 1275 1402 1306 praesertim
1427 1280 1527 1300 artem
1548 1276 1633 1299 iuris
1656 1275 1782 1304 civilis,
1805 1274 1949 1308 profile-

1105 1322 1168 1342 ίαν.
1206 1315 1327 1343 111οη.
1347 1315 1491 1342 Studiosus
1512 1316 1623 1342 alicuius
1643 1316 1785 1342 doctrinae.
1807 1315 1835 1341 fr.
1857 1317 1895 1341 19.
1916 1315 1949 1341 ad

1106 1358 1193 1385 exhih.
1216 1361 1255 1385 10.
1276 1360 1300 1385 4.
1338 1358 1413 1385 Solet
1437 1360 1472 1385 ita
1491 1360 1545 1392 (sc.
1566 1359 1640 1391 foro)
1665 1358 1707 1384 vel
1731 1359 1795 1384 ini-Is
1819 1358 1948 1385 studiosis

1105 1401 1240 1433 interdici,
1266 1401 1308 1428 vel
1333 1401 1482 1433 advocatis,
1506 1401 1549 1428 vel
1572 1400 1769 1428 tabellionibus
1790 1400 1820 1427 fr.
1839 1402 1863 1427 9.
1883 1401 1904 1434 3.
1924 1403 1948 1427 4.

1106 1444 1138 1470 de
1156 1455 1233 1482 poen.
1253 1446 1294 1471 48.
1316 1446 1355 1471 19,
1394 1444 1519 1471 Officium
1544 1444 1706 1475 adsessoris,
1733 1454 1784 1480 quo
1809 1444 1874 1470 iuris
1893 1449 1949 1470 stu-

1105 1487 1173 1514 diosi
1193 1488 1312 1524 partibus
1332 1489 1387 1514 suis
1410 1487 1560 1523 funguntur.
1586 1486 1616 1513 fr.
1638 1489 1660 1513 1.
1685 1486 1718 1512 de
1741 1486 1783 1512 olt’.
1805 1486 1904 1513 adsess.
1925 1488 1947 1513 l.

1104 1532 1146 1556 22.
1186 1530 1240 1556 Viri
1260 1531 1398 1567 magnifici,
1419 1535 1444 1556 et
1463 1530 1662 1556 studiosissimi.
1682 1539 1702 1555 c.
1717 1531 1741 1555 2.
1761 1528 1783 1562 3.
1801 1530 1825 1555 9.
1845 1528 1878 1555 de
1896 1534 1947 1556 vet.

1105 1575 1161 1600 iure
1184 1573 1269 1600 enuel.
1291 1575 1312 1599 l.
1335 1573 1374 1599 17.
1411 1573 1516 1599 Annum
1542 1574 1576 1599 ita
1600 1572 1726 1598 diviserat
1754 1572 1808 1603 (sc.
1828 1570 1947 1604 Labeo,)

1105 1621 1132 1642 nt
1146 1616 1244 1642 Romae
1259 1616 1292 1642 VI
1307 1615 1442 1642 mensibus
1462 1626 1519 1642 cum
1539 1615 1667 1642 studiosis
1682 1619 1759 1640 esset.
1780 1614 1810 1640 sr.
1824 1616 1848 1640 2.
1868 1615 1891 1647 3.
1905 1617 1946 1641 47.

1105 1659 1137 1686 (18
1151 1659 1183 1686 Ο.
1199 1659 1216 1686 I.
1233 1661 1253 1685 l.
1267 1662 1291 1685 2.
1312 1658 1344 1685 cf.
1365 1658 1394 1685 fr.
1414 1661 1455 1685 52.
1477 1659 1499 1692 3.
1514 1661 1556 1685 20.
1577 1658 1609 1684 de
1630 1658 1688 1685 furt.
1709 1659 1749 1683 47.
1769 1659 1794 1683 2.
1810 1673 1840 1676 -
1862 1658 1893 1690 ξ.
1908 1659 1945 1684 3.

1106 1705 1222 1729 Studio
1250 1704 1381 1737 dignus,
1410 1703 1629 1735 Elpelendus.
1666 1700 1708 1727 III.
1730 1701 1795 1727 Cn.
1818 1699 1875 1726 IIoc
1894 1705 1947 1726 stu-

1105 1745 1208 1771 diosum
1228 1745 1304 1770 vobis
1325 1754 1384 1770 esse
1402 1743 1531 1770 volumus.
1568 1743 1627 1780 Ipsa
1646 1744 1786 1769 vetustatis
1808 1743 1947 1769 studiosis-

1105 1789 1168 1814 sima
1190 1798 1277 1825 opera.
1298 1797 1318 1813 c.
1342 1789 1362 1813 1.
1382 1787 1403 1820 3.
1424 1788 1447 1813 7.
1467 1786 1499 1813 cf.
1519 1787 1541 1820 3.
1564 1788 1585 1813 I.
1606 1797 1627 1813 c.
1645 1788 1668 1813 2.
1689 1786 1748 1819 3.1.
1769 1785 1801 1811 de
1821 1791 1871 1812 vet.
1891 1787 1947 1812 iure

1105 1831 1188 1857 enucl.
1206 1833 1227 1857 1.
1243 1832 1281 1857 17.
1310 1829 1368 1856 Non
1383 1830 1592 1856 interemtionem
1606 1828 1701 1855 usussr.
1721 1828 1865 1854 studiosam
1879 1838 1947 1861 esse,

1105 1874 1151 1900 sed
1171 1874 1252 1909 magis
1272 1874 1453 1899 retentionem.
1474 1882 1494 1898 c.
1516 1874 1555 1898 15.
1575 1871 1608 1898 de
1627 1871 1708 1898 usul'r.
1729 1876 1754 1897 et
1773 1871 1831 1897 hab.
1845 1873 1868 1897 3.
1882 1873 1924 1898 33.

1139 1917 1325 1944 studium.
1363 1914 1396 1949 ἕ.
1416 1917 1450 1942 l.
1477 1917 1664 1947 Industria,
1693 1916 1864 1941 Sollertia.
1902 1913 1945 1941 III.

1106 1961 1172 1988 Gn.
1192 1958 1386 1985 Sollicitudinis
1406 1957 1493 1984 studio
1513 1957 1605 1984 faeere.
1631 1957 1725 1984 Studio
1746 1967 1775 1983 ac
1794 1958 1946 1993 provisione

1106 2003 1247 2029 celebrare.
1268 2001 1317 2028 Th.
1338 2001 1368 2028 C.
1388 2000 1444 2027 Vll.
1467 2003 1488 2027 l.
1509 2011 1529 2027 c.
1545 2003 1585 2027 13.
1606 2000 1638 2027 de
1657 2000 1688 2026 R.
1704 2000 1736 2026 M.
1750 1999 1809 2026 XV.
1826 2001 1847 2025 l.
1868 2010 1888 2026 c.
1903 2001 1943 2025 51.

1106 2046 1138 2072 de
1157 2056 1218 2082 opp.
1239 2045 1300 2082 pub.
1338 2044 1391 2080 Qui
1411 2044 1497 2070 causis
1516 2043 1623 2079 agendis
1644 2052 1749 2080 quoquo
1776 2042 1865 2068 studio
1884 2052 1945 2079 ope·

1105 2094 1202 2116 rantur.
1223 2088 1251 2114 fr.
1274 2090 1294 2114 l.
1315 2088 1336 2121 3
1359 2089 1396 2113 ll.
1417 2086 1450 2113 de
1470 2091 1535 2113 extr.
1555 2097 1629 2123 cogn.
1649 2089 1690 2112 50.
1713 2087 1751 2111 13.
1788 2084 1882 2120 Ingens
1901 2095 1945 2111 no-

1105 2131 1146 2158 bis
1166 2130 1281 2157 studium
1305 2135 1353 2157 est.
1390 2129 1558 2156 Contrarium
1581 2128 1650 2155 stud.
1675 2133 1723 2154 est.
1748 2127 1817 2154 Coll.
1837 2127 1889 2155 LL.
1910 2128 1943 2155 M.

1104 2173 1163 2201 XV.
1182 2175 1206 2200 3.
1244 2173 1365 2200 Studium
1389 2172 1487 2199 liberos
1513 2170 1649 2198 educendi.
1673 2169 1703 2196 fr.
1722 2172 1745 2196 2.
1767 2170 1799 2196 de
1818 2170 1878 2197 don.
1898 2172 1943 2197 int.

1105 2217 1135 2244 V.
1151 2222 1176 2243 et
1188 2216 1221 2243 ἴ.
1235 2218 1276 2242 24.
1292 2218 1314 2242 1.
1352 2215 1473 2242 Studium
1493 2214 1673 2242 fraudulentae
1687 2214 1758 2239 artis.
1778 2212 1826 2239 Th,
1842 2212 1872 2239 C.
1886 2214 1942 2240 XII.

1106 2262 1127 2286 1.
1142 2270 1162 2286 c.
1174 2261 1214 2286 49.
1229 2260 1250 2292 3.
1266 2261 1285 2285 l.
1307 2259 1338 2285 de
1352 2259 1486 2285 decurIOn.
1507 2257 1537 2284 cs.
1553 2258 1581 2283 sr.
1596 2258 1618 2283 l.
1637 2257 1657 2290 3.
1674 2258 1696 2282 l.
1716 2255 1748 2282 de
1768 2255 1833 2291 abig.
1845 2258 1886 2282 47.
1902 2258 1942 2282 14.

1105 2319 1136 2323 -
1156 2303 1187 2336 ξ.
1202 2304 1237 2329 2.
1258 2304 1442 2336 Cupiditas.
1479 2300 1521 2327 111.
1544 2302 1610 2328 Cn.
1638 2298 1760 2325 Studium
1784 2298 1943 2325 facultatum.

1105 2346 1154 2372 Th.
1169 2346 1199 2372 C.
1214 2344 1284 2371 XIV.
1298 2346 1321 2370 3.
1343 2354 1363 2370 e.
1378 2347 1400 2370 4.
1421 2344 1453 2370 (18
1472 2345 1565 2381 pistor.
1602 2341 1768 2369 Exsecranda
1788 2341 1874 2367 studia
1893 2342 1943 2367 iur-

1104 2390 1212 2425 giorum.
1240 2386 1306 2413 Nov.
1327 2386 1375 2412 Th.
1396 2386 1425 2413 II.
1451 2397 1484 2412 ne
1508 2386 1617 2412 duciaui.
1642 2385 1661 2411 I.
1685 2386 1709 2410 2.
1736 2395 1756 2410 c.
1780 2386 1800 2409 1.
1825 2384 1845 2416 3.
1866 2386 1890 2409 2.
1911 2401 1941 2404 -

1104 2433 1135 2465 ξ.
1156 2432 1193 2457 3.
1215 2431 1408 2460 Consilium,
1434 2431 1600 2455 Voluntas.
1639 2427 1656 2453 1.
1679 2428 1740 2460 Sy·
1765 2426 1831 2452 Data
1854 2436 1942 2463 opera.

1104 2474 1134 2500 l'r.
1154 2476 1194 2499 53.
1215 2473 1279 2505 3.1.
1300 2471 1330 2497 1“ι·.
1350 2473 1389 2497 55.
1411 2482 1449 2509 pr.
1470 2472 1502 2497 de
1521 2471 1605 2497 suh-ie.
1628 2470 1689 2496 libb.
1709 2472 1749 2495 40.
1770 2471 1793 2496 5,
1830 2469 1861 2495 II.
1874 2471 1942 2503 ⁰1³·

1104 2516 1232 2545 fortuito,
1247 2530 1278 2533 —
1299 2514 1393 2540 Studio
1412 2515 1520 2541 alterius
1535 2516 1644 2545 (moram
1659 2513 1732 2549 pati.)
1753 2511 1782 2538 fr.
1797 2514 1835 2538 13.
1856 2512 1886 2540 fr.
1900 2514 1942 2539 53.

1104 2560 1125 2593 3.
1141 2561 1162 2585 l.
1184 2558 1217 2584 il).
1232 2559 1272 2583 40.
1287 2559 1310 2583 5.
1347 2556 1389 2583 III.
1405 2559 1470 2585 Cn.
1491 2555 1584 2583 Studio
1605 2555 1673 2581 velle
1687 2554 1825 2591 protelare.
1847 2554 1896 2581 Th.
1910 2554 1941 2582 C,

1104 2601 1159 2628 Vll.
1174 2602 1196 2626 4.
1218 2601 1292 2626 c.17.
1313 2599 1345 2626 de
1365 2610 1433 2635 erog.
1454 2599 1505 2626 mil.
1526 2609 1583 2625 ann.
1621 2597 1730 2623 Fraudis
1750 2597 1837 2624 studio
1850 2599 1942 2631 (inter-

1104 2644 1216 2681 positam
1236 2644 1457 2671 transactionem.)
1483 2641 1603 2667 Consult.
1624 2645 1675 2666 vet.
1695 2640 1772 2667 1.Cti.
1792 2640 1856 2674 31.
1893 2640 1941 2666 Re-

1104 2685 1239 2722 linquendi
1259 2685 1347 2712 studio
1367 2685 1562 2720 (adscriptum.)
1583 2694 1604 2709 c.
1620 2685 1658 2709 14.
1680 2683 1711 2709 de
1731 2683 1792 2710 don.
1811 2683 1856 2709 int.
1872 2682 1903 2709 V.
1916 2685 1939 2708 5.

1107 2730 1145 2754 16.
1167 2745 1198 2748 -
1218 2729 1249 2762 ξ.
1272 2730 1309 2754 4.
1337 2728 1453 2761 Opera,
1479 2737 1558 2760 quae
1577 2729 1610 2752 in
1629 2728 1765 2753 litteras
1783 2727 1940 2760 impendi-

1105 2778 1166 2798 tur.
1196 2772 1370 2797 Institutio
1390 2771 1566 2796 doctrinae.
1603 2768 1645 2795 111.
1660 2770 1726 2796 Cn.
1746 2769 1825 2795 Artes
1845 2772 1869 2793 et
1888 2772 1940 2793 stu-

1106 2814 1154 2841 dia.
1192 2812 1322 2840 Liberalia
1341 2812 1435 2839 studia.
1460 2811 1552 2839 Const.
1573 2811 1623 2838 Th.
1642 2810 1672 2838 Il.
1693 2811 1725 2838 de
1749 2811 1798 2838 Th.
1819 2809 1849 2836 C.
1873 2814 1938 2836 auct.

1452 2856 1500 2881 115
