2197 3121
930 179 1017 211 CAR
1040 198 1080 202 —
1105 179 1194 212 CAS.

201 265 331 302 thaginem
353 264 505 291 muneribus
529 263 619 290 civicis
643 262 784 299 adgregari.
819 260 868 288 Th.
886 260 917 287 C.
937 260 994 287 ΧΠ.
1017 263 1039 288 1.

202 319 222 335 c.
243 310 266 335 7.
286 308 318 334 de
337 307 470 334 decurion.

236 352 367 378 Carus.
397 348 535 383 (Adiect.)
572 349 603 381 ξ.
626 349 660 374 1.
690 349 793 374 Gravi
810 348 915 381 pretio
935 348 1041 373 vendi·
1061 373 1063 387 ⁴

200 395 285 420 bilis.
323 392 353 419 ll.
375 394 441 426 01).
469 391 556 417 Vilius
576 390 689 416 vendere
709 389 909 424 (frumentum).
935 406 967 409 —
995 389 1040 415 Fa-
1062 402 1063 424 t

201 445 274 467 cere,
294 445 346 472 quo
366 436 450 461 carior
468 434 514 460 fiat
533 434 678 467 (annona).
704 433 733 459 fr.
753 435 776 458 2.
796 442 835 469 pr.
856 432 886 458 fr.
905 434 929 459 3.
950 442 988 469 pr.
1009 432 1040 458 ad

200 477 230 504 L.
251 478 299 504 Iul.
319 477 352 504 de
371 487 465 503 annon.
489 477 530 502 48.
553 478 592 502 12.
630 476 730 502 Yiliore
748 491 781 494 —
800 474 910 501 Cariore
929 476 1040 512 (pretio.
1062 503 1063 509 ἵ

201 530 237 546 sc.
259 519 413 551 distrahere,
432 529 456 545 v.
477 520 647 556 comparare).
680 518 729 545 Th.
745 517 775 544 C.
794 517 865 544 XIV.
884 519 908 544 4.
929 528 950 544 c.
964 520 988 544 2.
1009 517 1041 544 de

201 573 269 590 suar.
290 563 354 589 lust.
375 562 406 589 C.
426 572 447 588 c.
467 563 491 588 8.
512 561 544 588 de
563 561 675 588 rescind.
695 560 771 587 vend.
792 562 815 586 4.
836 562 876 586 44.
897 576 929 579 —
954 560 984 593 §-
1005 562 1039 587 2.

201 608 340 638 Gratus,
368 607 530 631 Dilectus.
567 604 609 630 111.
630 605 691 631 (711.
720 603 805 638 Quam
824 603 900 629 ambo
918 608 1040 640 parentes
1062 621 1063 632 ,

200 648 324 675 dicuntur
343 658 427 674 caram
446 646 527 673 filiam
540 646 671 673 habuisse.
691 645 722 672 sr.
734 648 756 672 1.
771 646 792 679 3.
803 647 827 672 3.
848 645 880 672 de
894 647 1040 682 quaestion.

200 692 241 717 48.
264 692 303 717 18.
333 690 364 717 cf.
384 690 414 716 fr.
435 692 477 716 34.
497 700 535 727 pr.
562 689 594 716 de
613 689 687 725 legat.
708 688 737 714 ll.
760 688 835 721 (31.)
863 689 894 715 sr.
914 691 955 715 57.
975 689 997 722 3.
1015 691 1039 715 2.

200 734 233 760 ad
257 734 284 760 S.
306 733 337 760 C.
358 732 438 759 Treb.
463 734 504 759 36.
526 734 548 758 1.
586 732 717 758 Omnibus
742 731 845 758 libertis
868 733 981 761 nostris.
1008 748 1040 751 —
1061 742 1063 765 J

201 786 268 813 quos
293 786 325 802 ex
344 775 385 802 his
406 785 481 802 caros
501 775 643 801 habuerim.
674 774 705 800 fr.
725 776 748 800 5.
773 774 805 800 de
829 774 896 801 alim.
916 785 940 801 v.
961 775 1039 801 cibar.
1061 773 1062 783 ¹

199 821 242 845 34.
264 821 286 845 1.
324 817 385 846 Vir.
406 819 541 844 carissime
559 817 650 844 nobis!
684 816 753 844 Coll.
772 816 826 843 LL.
845 817 878 843 M.
898 816 929 844 V.
953 819 977 843 3.
1008 817 1038 844 cf.
1061 835 1062 848 2

199 862 217 888 I.
239 863 278 888 10.
316 861 496 887 Acclamatum
520 865 572 887 est:
602 876 634 879 —
653 860 757 886 Liberis
777 861 904 892 cariores,
928 861 1041 898 parenti·
1061 874 1062 881 κ

198 905 249 931 bus
269 905 395 931 cariores!
434 903 514 930 Gesta
533 904 560 930 in
579 902 641 930 Sen.
662 903 694 929 de
713 904 793 940 recip.
823 902 872 929 Th.
893 902 924 930 C.
945 902 1039 937 (ch.

219 970 224 974 .
246 948 289 981 5.)

198 958 215 985 Ρ
235 991 345 1018 Casa·
388 991 539 1025 Angusta
569 994 599 1015 et
629 990 708 1015 vilis
738 990 902 1015 habitatio
933 992 1062 1019 (rure-3

198 1035 305 1063 stris).
337 1033 473 1066 Mapale.
511 1031 541 1058 II.
558 1033 625 1066 ΟΡ.
652 1032 705 1067 Qui
724 1030 889 1057 incenderint
908 1032 974 1057 intra
994 1042 1040 1068 op-

198 1075 297 1113 pidum.
317 1091 349 1095 ——
369 1075 423 1110 Qui
443 1085 529 1101 casam
547 1079 591 1101 aut
610 1074 699 1100 villam
718 1073 890 1101 incenderint.
914 1074 986 1100 Paul.
1007 1073 1038 1100 Y.

197 1121 240 1145 20.
260 1119 340 1152 33.1.
361 1128 401 1154 sq.
422 1117 452 1144 fr.
465 1120 507 1144 28.
527 1118 605 1151 3.12.
626 1117 658 1143 (16
677 1127 753 1154 poen.
774 1120 815 1144 48.
833 1119 872 1144 19.
910 1116 952 1143 111.
974 1118 1038 1144 Cn.
1061 1121 1062 1128 ¹

199 1162 252 1197 Qui
272 1162 298 1187 in
318 1171 409 1197 campo
424 1161 518 1187 Martio
539 1169 621 1191 casas,
640 1169 686 1186 seu
706 1161 816 1196 tuguria,
837 1160 966 1186 collocare
985 1165 1039 1186 ten-
1061 1179 1062 1183 .

197 1205 318 1230 taverint.
353 1203 402 1229 Th.
423 1203 454 1230 C.
473 1202 544 1229 XIV.
572 1204 611 1229 14.
635 1213 656 1229 c.
679 1204 700 1229 1.
727 1203 760 1229 (le
785 1214 868 1240 camp.
887 1203 961 1229 Mart.
982 1203 1038 1229 urb.
1061 1195 1062 1202 ¹

196 1246 272 1273 Rom.
310 1245 431 1272 Fundum
450 1262 482 1266 -—
502 1246 610 1282 legavit.
631 1256 689 1272 cum
708 1256 774 1272 casa.
804 1246 834 1272 fr.
854 1248 895 1272 41.
916 1246 937 1280 3.
958 1247 981 1272 3.
1007 1245 1039 1272 (16

196 1290 274 1326 legat.
293 1289 335 1316 Ill.
357 1287 424 1322 (323)
453 1289 484 1316 cf.
505 1288 535 1315 fr.
549 1291 590 1315 20.
610 1299 648 1325 pr.
669 1290 691 1315 si
710 1290 800 1316 servit.
823 1290 847 1315 8.
867 1291 891 1315 5.
928 1288 956 1315 In
970 1299 1039 1315 mare

196 1332 362 1370 piscantibus
382 1331 495 1358 liberum
514 1336 555 1358 est
574 1341 659 1357 casam
678 1333 705 1358 in
724 1331 801 1358 litore
820 1342 927 1369 ponere,
947 1342 997 1369 qua
1011 1342 1039 1358 56
1060 1331 1062 1361 ξ

196 1377 333 1413 recipiant.
354 1375 384 1401 fr.
404 1377 427 1401 5.
447 1375 468 1409 3.
491 1376 513 1401 1.
533 1374 565 1401 fr.
585 1375 608 1400 6.
629 1374 661 1401 (16
680 1375 713 1401 D.
733 1375 764 1401 R.
786 1377 807 1401 1.
828 1378 852 1401 8.

233 1419 424 1445 CasarEuS.
464 1419 585 1445 Terrae
607 1420 729 1449 cultor,
756 1420 811 1452 qui
835 1420 866 1444 in
890 1428 965 1445 casa
985 1420 1039 1444 lta-

197 1463 290 1489 bitat.
328 1461 370 1487 111.
391 1462 456 1489 (711.
484 1460 564 1496 Quod
584 1461 705 1497 spatium,
726 1466 752 1487 et
771 1461 842 1497 quod
861 1462 896 1487 sit
914 1462 983 1487 ruris
1003 1462 1040 1487 in-

197 1505 315 1541 genium,
340 1520 372 1523 —
393 1508 491 1540 quotve
510 1504 638 1540 mancipia
658 1504 685 1529 in
703 1504 819 1540 praediis
839 1505 987 1542 occupatis,
1007 1520 1039 1524 -—
1061 1523 1062 1526 ,

197 1552 262 1584 quot
281 1548 334 1573 sint
353 1547 454 1578 casarii,
475 1546 518 1580 [al.
539 1547 684 1578 censuarii,
704 1556 725 1573 c.
747 1549 769 1573 7.
790 1547 853 1574 lust.
873 1547 904 1574 C.
923 1547 980 1573 eod.
1001 1548 1040 1573 tit.
1061 1545 1062 1550 ¹

196 1592 220 1617 9.
235 1590 293 1624 49.]
314 1590 356 1616 vel
371 1589 466 1616 coloni.
495 1589 545 1615 Th.
560 1589 591 1616 C.
605 1589 649 1615 IX.
664 1591 706 1616 42.
722 1600 741 1616 c.
757 1592 779 1617 7.
801 1590 832 1617 (16
846 1590 907 1617 bon.
921 1601 1022 1627 proscr.

233 1633 524 1660 Cascellianum·
554 1632 691 1666 (Adiect.)
732 1635 823 1666 Quod
841 1644 857 1660 a
878 1635 1040 1660 Cascellio
1061 1647 1062 1655 π

196 1686 307 1702 nomen
327 1677 462 1710 accepit.
490 1675 532 1701 III.
548 1677 612 1703 Gn.
638 1675 667 1702 Si
681 1676 750 1713 apud
764 1676 942 1703 adversarium
955 1686 1041 1703 meum
1061 1679 1062 1693 ³

197 1718 334 1755 possessio
355 1723 409 1745 est.
430 1719 490 1754 quia
510 1719 532 1744 is
551 1718 652 1745 fruetus
672 1718 816 1745 licitatione
835 1720 911 1751 vicit,
932 1721 982 1746 nisi
1002 1730 1040 1745 re·

198 1761 289 1787 stituat
312 1760 375 1786 mihi
399 1762 611 1798 possessionem,
639 1761 805 1788 Cascelliano
831 1763 887 1788 sive
907 1763 1039 1789 secutorio

1061 1637 1062 1640 ,
1084 1613 1168 1648 ginuS.
1200 1611 1232 1638 fr.
1247 1613 1271 1637 2.
1291 1611 1313 1645 3.
1327 1613 1368 1638 47.
1389 1611 1420 1638 (16
1440 1611 1472 1638 O.
1493 1611 1511 1638 I.
1533 1614 1555 1638 1.
1574 1614 1598 1638 2.

197 1803 295 1838 judicio
315 1803 511 1830 condemnatur.
540 1804 597 1830 Gai.
617 1804 661 1830 IV.
682 1806 739 1830 166.
761 1805 792 1831 cf.
813 1806 870 1831 169.

235 1846 456 1873 Cascellius.
496 1848 615 1873 Nomen
635 1849 880 1874 iurisconsulti.
912 1847 953 1873 ΙΙΙ.
973 1848 1039 1874 Cn.

198 1888 259 1915 Fuit
279 1888 370 1914 eodem
390 1893 508 1925 tempore
528 1893 553 1914 et
572 1889 726 1921 Trebatius,
751 1905 784 1909 —-
809 1889 859 1916 fuit
883 1890 914 1916 A.
935 1889 1040 1915 Cascei·
1061 1895 1063 1916 ὲ

198 1931 259 1963 lius,
280 1931 331 1966 Qu.
352 1931 454 1957 Mucius
469 1930 573 1957 Volusii
593 1932 704 1958 auditor.
726 1948 758 1951 —
778 1932 819 1958 Ex
838 1932 879 1958 his
900 1932 1040 1958 Trebatius
1061 1941 1062 1955 ¹

196 1975 308 2006 peritior
322 1973 463 2005 Cascellio,
479 1973 626 2000 Cascellius
641 1974 766 2001 Trebatio
781 1974 946 2011 eloquentior
959 1974 1041 2001 fuisse
1061 1988 1062 1992 =

197 2016 302 2049 dicitur,
323 2016 420 2043 Ofilius
442 2021 553 2053 utroque
574 2017 684 2043 doctior.
713 2017 744 2044 fr.
763 2019 787 2044 2.
808 2018 829 2051 3.
849 2019 890 2043 45.
916 2017 947 2044 de
969 2017 1002 2044 O.
1021 2017 1039 2043 I.

198 2062 220 2086 1.
240 2062 264 2086 ⁶2.
303 2059 411 2088 Ofilius.
432 2059 589 2092 Cascellius.
611 2060 718 2087 Tubero
738 2076 768 2079 —
790 2065 890 2097 putant.
911 2060 941 2086 fr.
957 2062 980 2086 7.
1000 2071 1039 2098 pr.

197 2102 230 2129 de
248 2104 301 2129 trit.
322 2104 392 2129 vino.
412 2105 453 2129 33.
474 2104 498 2129 6.
536 2102 697 2135 Cascellius,
724 2102 865 2129 Trebatius
885 2108 987 2139 negant.
1007 2120 1039 2123 -

197 2144 286 2172 Labeo
306 2145 333 2172 id
353 2156 404 2172 non
423 2142 527 2183 probat.
558 2146 588 2172 fr.
607 2148 649 2172 29.
668 2156 707 2183 pr.
728 2146 760 2172 de
779 2146 855 2183 legat.
875 2146 917 2172 Ill.
938 2148 1004 2179 (32.)

233 2189 445 2216 casem-ius.
484 2189 622 2223 (Adiect.)
671 2191 718 2215 Ad
751 2192 840 2216 casei
869 2191 1039 2225 fabricam
1060 2201 1061 2208 ¹

198 2238 352 2264 spectans.
390 2232 432 2258 Ill.
453 2234 518 2260 Gn.
546 2232 625 2261 Eum.
645 2233 690 2268 qui
709 2231 844 2258 tabernam
865 2234 1005 2259 caseariam
1026 2244 1038 2259 a

199 2272 423 2301 Minturnensibus
444 2275 583 2307 conduxit,
608 2285 622 2301 a
646 2276 781 2311 superiore
805 2274 941 2312 prohiberi
959 2286 1040 2312 posse

199 2315 297 2342 fumum
316 2318 464 2344 immittere.
490 2318 519 2345 fr.
540 2319 564 2344 8.
585 2318 606 2352 3.
627 2320 650 2343 5.
671 2318 693 2343 si
713 2319 802 2344 servit.
823 2319 846 2344 8.
867 2320 890 2344 5.

235 2359 418 2387 rasitare.
461 2363 646 2393 (latiatim,
680 2367 709 2386 et
740 2363 888 2396 saepius,
917 2364 1038 2388 cadere.

199 2400 242 2427 Ul.
269 2402 335 2429 Cn·
372 2402 401 2429 Si
429 2409 503 2430 antea
527 2415 559 2431 ex
583 2403 669 2440 tegula
693 2404 843 2429 casitavrrit
867 2404 1038 2437 stillicidium,

200 2448 293 2481 postea
318 2454 349 2470 ex
372 2445 502 2479 tabulato,
526 2446 569 2473 vel
592 2457 625 2473 ex
649 2446 698 2472 alia
722 2447 828 2472 materia
854 2448 962 2474 casitare
986 2458 1038 2474 non
1059 2466 1061 2472 ,

200 2492 296 2524 potest.
316 2487 346 2514 sr.
367 2490 408 2514 20.
427 2490 449 2523 3.
468 2492 492 2516 4.
513 2490 544 2516 cf.
565 2491 586 2524 3.
606 2491 630 2516 3.
650 2489 683 2516 (16
702 2488 729 2515 S.
750 2488 778 2515 P.
798 2488 829 2515 V.
852 2491 875 2516 8.
895 2492 919 2516 2.

236 2531 539 2559 Cassandrensis.
569 2532 698 2566 (Adiect.)
736 2534 783 2558 Ad
801 2534 1037 2561 Caxsandream

196 2575 379 2608 pertinens,
401 2575 610 2602 Macedoniae
630 2577 741 2602 urbem.
779 2574 821 2601 111.
844 2576 908 2603 (ln.
932 2575 961 2602 In
979 2587 1038 2613 pro-

199 2617 284 2643 vincia
303 2616 462 2644 Macedonia.
482 2617 654 2653 Dyrracheni,
674 2617 896 2651 Cassandrenses,
917 2619 960 2653 [al.
975 2620 1038 2646 Cas·
1058 2647 1059 2650 ,

199 2659 375 2693 sasdrenses],
394 2659 588 2696 Philippenses.
607 2661 730 2693 Dienses,
745 2661 898 2694 Stoveuses‚
913 2663 977 2689 iuris
990 2663 1038 2690 Ita-

199 2702 244 2728 lici
264 2707 332 2728 sunt..
362 2702 392 2728 sr.
411 2706 435 2728 8.
455 2703 477 2736 3.
497 2706 520 2729 8.
541 2702 573 2729 (16
593 2704 690 2730 censib.
710 2706 751 2730 50.
772 2706 811 2730 15.

235 2746 406 2772 Cassare·
444 2747 619 2781 Abrogare.
655 2746 674 2772 1.
694 2748 756 2781 Sy.
785 2747 956 2774 Submovere.
994 2747 1037 2774 Vi-

200 2788 272 2814 ribus
291 2798 408 2814 vacuare.
441 2787 490 2814 Th.
505 2788 536 2815 C.
555 2789 600 2815 XI.
621 2790 643 2814 1.
664 2799 684 2815 c.
698 2791 722 2816 3.
743 2790 775 2816 de
794 2800 887 2816 aunon.
908 2796 933 2817 et
946 2792 1035 2818 tribut.

200 2830 269 2856 XIV.
289 2833 312 2857 4.
334 2841 354 2857 c.
375 2834 398 2857 ὅ.
419 2841 457 2868 pr.
478 2831 510 2858 (16
532 2842 600 2859 suar.
630 2833 783 2868 Antiquare,
802 2834 944 2870 Abrogare.
969 2834 1034 2861 Νῦν.

1057 2776 1059 2782 y
1081 2757 1139 2776 tus.

1057 2821 1058 2826 Ἰ
1081 2792 1168 2819 lorum
1187 2794 1330 2820 territoria.
1351 2793 1445 2829 quibus
1465 2791 1596 2829 adscripta
1616 2797 1684 2819 sunt.
1705 2809 1737 2812 -
1757 2793 1861 2828 Quodsi
1881 2792 1917 2818 ul-

1864 182 1925 212 119

1085 261 1134 288 ΤΙι.
1153 261 1184 288 Π.
1204 261 1237 288 (16
1256 266 1334 288 tutor.
1355 262 1372 288 l.
1394 264 1433 289 ll.
1454 273 1475 289 c.
1497 264 1519 289 l.
1538 272 1577 299 pr.
1598 262 1631 289 (16
1650 261 1741 300 repud.
1762 262 1780 288 1.
1802 264 1841 288 12.
1862 273 1883 288 c.
1902 264 1923 289 l.

1084 305 1105 339 3.
1126 306 1149 331 1.
1169 309 1259 331 contra
1279 310 1345 331 sent.
1364 306 1488 342 praesect.
1509 305 1527 332 Ι.
1549 307 1588 332 13.
1609 316 1630 332 c.
1654 308 1674 332 l.
1695 306 1717 339 3.
1737 307 1761 331 2.
1799 304 1841 331 111.
1858 306 1923 332 Cn.

1085 347 1212 383 Quolibet
1230 358 1324 383 genere
1343 348 1439 375 fuerint
1459 349 1553 375 elicita.
1572 348 1615 375 vel
1629 348 1798 379 emendicata,
1819 357 1923 374 cassen-

1085 395 1133 417 tur.
1167 390 1216 417 Th.
1231 390 1262 417 C.
1281 390 1352 417 XIV.
1373 393 1396 417 4.
1417 402 1438 418 c.
1458 394 1481 417 8.
1501 402 1540 428 pr.
1561 391 1578 418 l.
1616 391 1726 418 Cassata
1745 391 1847 417 viribus
1867 391 1922 424 (sc.

1084 434 1180 470 pacta),
1200 443 1259 460 esse
1276 433 1432 470 respuenda.
1462 434 1585 461 Consult.
1604 439 1655 461 vet.
1676 434 1730 460 [cti.
1756 445 1776 460 c.
1797 435 1821 460 9.

1120 476 1303 504 Cassiani.
1324 476 1441 509 (Snbst.)
1462 479 1616 504 Adseclae
1637 479 1748 504 Cassii
1762 478 1922 511 Longini,

1085 520 1330 546 Iurisconsulti.
1368 519 1410 546 111.
1432 521 1496 547 Cn.
1530 520 1717 557 Atlpellatique
1742 525 1803 546 sunt
1827 519 1923 556 partim

1085 561 1218 593 Cassiani,
1241 563 1335 599 partim
1358 561 1537 591 Proculeiani:
1568 573 1633 600 quae
1658 564 1730 599 origo
1754 573 1767 589 a
1792 562 1922 599 Capitone

1085 609 1110 630 et
1128 603 1251 631 Labeone
1271 610 1400 642 coeperat.
1428 605 1458 632 fr.
1478 608 1502 632 2.
1522 607 1543 640 3.
1564 608 1604 632 47.
1626 606 1657 632 (16
1678 606 1711 633 O.
1731 606 1749 632 1.
1771 608 1792 632 1.
1813 607 1837 632 2.
1874 604 1923 630 Pu-

1084 647 1172 674 berem
1191 652 1276 673 autem
1290 647 1411 674 Cassiani
1431 648 1535 684 quidem
1549 660 1607 675 eum
1621 659 1679 675 6556
1693 649 1792 679 dicunt,
1812 649 1856 685 qui
1871 652 1920 674 etc.

1084 707 1116 710 -
1135 690 1299 717 proculeiani
1317 696 1401 717 autem
1422 701 1487 723 eum,
1508 693 1552 728 qui
1572 697 1620 718 etc.
1650 692 1711 729 le.
1732 692 1776 718 XI.
1794 694 1836 718 28.
1867 690 1922 717 Nec

1085 733 1271 760 dubitaverunt
1291 733 1420 766 Cassiani,
1441 736 1504 770 quin
1523 739 1572 760 etc.
1601 734 1630 761 fr.
1650 736 1690 761 35.
1711 735 1733 768 3
1751 737 1775 761 3.
1795 734 1828 761 de
1846 738 1922 760 mort.

1085 787 1105 802 c.
1126 776 1186 802 don.
1205 778 1246 803 39.
1267 778 1290 803 6.

1121 819 1335 846 Cassianus.
1365 819 1504 853 (Adiect.)
1543 822 1589 846 Ad
1607 822 1754 847 Avidium
1776 821 1923 846 Cassium

1083 869 1240 896 spectans.
1278 862 1320 888 III.
1341 863 1407 889 Cn.
1435 862 1469 888 D.
1490 862 1592 889 Marcus
1614 873 1684 890 eum.
1705 864 1750 900 qui
1769 868 1841 889 motu
1860 861 1923 888 Cas-

1084 905 1157 931 siano
1177 905 1333 931 vaticinatus
1354 910 1420 933 crat.
1446 921 1478 924 —-
1498 907 1523 931 in
1543 906 1655 932 insulam
1675 906 1772 942 Syrum
1791 905 1921 940 relegavit.

1061 968 1062 982 ἢ
1084 946 1154 973 Coll.
1168 946 1220 973 LL.
1236 947 1268 973 Μ.
1282 947 1340 973 XV.
1354 950 1378 974 2.
1399 948 1430 974 cf.
1445 959 1466 974 e.
1482 950 1504 974 7.
1518 959 1557 985 pr.
1578 948 1610 975 ad
1623 948 1653 975 L.
1667 949 1714 975 Iul.
1729 949 1829 975 maiest.
1843 949 1867 973 9.
1881 948 1904 973 8.

1119 990 1311 1023 Cassiopa.
1353 991 1428 1017 Vrbs
1449 992 1626 1027 Corcyrae,
1649 1002 1715 1018 cum
1737 998 1843 1025 portu.
1880 989 1922 1016 Ill.

1085 1034 1150 1061 (711.
1187 1032 1254 1059 Sunt
1273 1042 1361 1061 naves.
1382 1043 1447 1069 quae
1467 1034 1645 1061 Brundusium
1664 1045 1677 1060 a
1696 1034 1835 1070 Cassiopa,
1855 1032 1923 1059 vela

1084 1076 1246 1112 Dyrrachio,
1269 1081 1389 1102 vectores
1409 1078 1554 1109 traiiciuut,
1579 1078 1703 1104 oneribus
1722 1076 1860 1103 inhabiles.
1892 1075 1922 1102 11·-

1085 1121 1107 1146 l.
1127 1119 1149 1153 3.
1172 1121 1211 1145 12.
1231 1119 1264 1145 (16
1283 1129 1368 1145 exerc.
1389 1125 1437 1146 act.
1459 1122 1498 1146 14.
1521 1122 1542 1147 l.

1120 1174 1256 1202 fassis.

1083 1220 1157 1244 leae.
1195 1217 1237 1243 Ill.
1257 1219 1323 1245 011.
1353 1217 1420 1244 Cum
1434 1227 1512 1243 senae
1525 1228 1572 1254 per
1586 1219 1699 1244 tricenos
1714 1217 1769 1243 (lies
1790 1233 1821 1236 —
1840 1221 1853 1243 'a
1873 1217 1924 1242 sin-

1083 1260 1150 1296 gulis
1169 1260 1352 1287 barbariem-iis
1373 1260 1499 1291 cassides,
1520 1260 1567 1286 sed
1587 1266 1612 1287 et
1626 1260 1752 1287 buccula-e.
1765 1265 1922 1296 tegerentur.

1084 1303 1133 1330 Th.
1155 1302 1185 1330 C.
1206 1304 1240 1330 X.
1260 1306 1301 1330 22.
1323 1314 1343 1330 c.
1365 1305 1387 1330 1.
1408 1303 1440 1329 (16
1460 1302 1598 1330 sabricens.

1120 1354 1283 1381 Cassius.

1294 1176 1474 1201 Armatura
1499 1177 1639 1209 capitis,
1665 1177 1696 1201 in
1721 1178 1842 1201 modam
1864 1184 1922 1210 ga-

1327 1356 1354 1381 C.
1381 1356 1517 1381 Cassius
1545 1356 1731 1391 Longinus,
1760 1356 1924 1380 iuriscon-

1061 1387 1062 1420 l
1084 1399 1193 1423 saltus
1212 1399 1446 1424 celeberrimus.
1485 1397 1515 1423 ll.
1531 1399 1598 1432 Op.
1626 1397 1740 1424 Sabinus
1760 1402 1785 1423 et
1804 1396 1922 1423 Cassius.

1061 1449 1062 1452 ¹
1085 1456 1116 1459 —
1136 1439 1264 1466 Proculus
1284 1444 1309 1465 et
1328 1439 1423 1467 Nerva.
1456 1440 1486 1466 fr.
1505 1442 1547 1467 26.
1567 1440 1589 1474 3.
1609 1442 1633 1467 2.
1657 1440 1689 1467 (16
1712 1440 1788 1476 legat..
1808 1440 1826 1466 I.
1847 1439 1924 1473 (30.)

1085 1482 1179 1509 Cassio
1200 1487 1224 1508 et
1244 1482 1352 1518 Pegaso,
1373 1499 1405 1502 -—-
1425 1483 1507 1509 Ofilio
1529 1488 1555 1509 et.
1567 1483 1680 1509 Proculo
1700 1483 1819 1520 (placet).
1839 1482 1869 1508 sr.
1884 1484 1924 1508 ll.

1085 1526 1107 1560 3.
1127 1528 1151 1552 2.
1172 1525 1204 1551 (16
1223 1525 1314 1552 iurisd.
1334 1528 1359 1552 2.
1381 1528 1403 1553 1.
1440 1526 1482 1552 ΠΙ.
1503 1527 1568 1553 Cn.
1586 1526 1664 1552 Ateio
1685 1525 1809 1563 Capitoni
1828 1525 1923 1552 Masur.

1085 1568 1200 1595 Sabinus
1220 1569 1357 1594 successit.
1381 1585 1414 1588 —
1438 1568 1505 1596 Huic
1528 1570 1658 1595 successit
1677 1568 1708 1596 C.
1728 1569 1838 1596 Cassius
1857 1567 1925 1594 Lon-

1636 1612 1669 1638 Et
1688 1611 1801 1638 Sabinus
1820 1610 1925 1648 quidem

1061 1657 1062 1672 ¹
1084 1655 1199 1692 putavit,
1224 1664 1312 1691 posse.
1349 1653 1460 1681 Cassius
1484 1656 1639 1681 sententiam
1663 1656 1779 1691 magistri
1797 1655 1839 1680 sui
1857 1654 1924 1680 bene.

1085 1702 1200 1725 excusat.
1230 1698 1262 1724 l‘r.
1283 1699 1322 1723 19.
1342 1697 1363 1731 3.
1384 1700 1408 1723 2.
1429 1697 1461 1723 (16
1480 1707 1532 1724 rec,
1552 1708 1594 1734 qu.
1616 1698 1669 1724 arb.
1688 1700 1712 1724 4.
1733 1699 1756 1723 8.
1777 1697 1806 1723 fr.
1820 1698 1844 1723 3.
1863 1697 1885 1730 3.
1901 1698 1923 1722 l.

1061 1742 1062 1757 ³
1085 1741 1117 1768 (16
1136 1743 1184 1767 iur.
1206 1745 1231 1767 et
1255 1740 1316 1766 sacti
1334 1741 1385 1775 ign.
1411 1742 1453 1766 22.
1473 1741 1497 1767 6.
1528 1740 1558 1766 sr.
1578 1742 1619 1766 24.
1648 1741 1713 1774 3.1.
1738 1740 1770 1766 de
1789 1740 1820 1766 A.
1840 1740 1869 1766 E.
1890 1739 1922 1766 V.

1061 1786 1063 1818 ᾗ
1086 1786 1125 1810 19.
1147 1786 1169 1810 l.
1207 1782 1288 1818 Quod
1312 1782 1437 1808 Sabinum
1462 1787 1487 1808 et
1507 1782 1629 1809 Cassium
1653 1783 1824 1820 respondisse
1843 1784 1923 1814 aiunt,

1085 1825 1198 1852 Proculo
1219 1825 1400 1852 dissentiente.
1429 1825 1459 1852 fr.
1481 1827 1520 1852 14.
1540 1836 1579 1863 pr.
1604 1825 1637 1852 de
1660 1827 1717 1852 iure
1735 1826 1818 1853 codic.
1838 1827 1880 1852 29.
1900 1827 1924 1852 7.

1061 1882 1063 1885 .
1086 1868 1199 1895 Sabinus
1219 1873 1244 1895 et
1264 1867 1383 1900 Cassius.
1403 1869 1551 1905 caeterique
1570 1870 1654 1895 nostri
1672 1874 1867 1906 praeceptores,
1886 1869 1924 1902 (v.

1085 1911 1191 1937 scholae
1215 1916 1321 1937 nostrae
1344 1912 1490 1945 auctores).
1526 1911 1583 1938 Gai.
1602 1911 1633 1938 Π.
1659 1913 1699 1938 79.
1720 1913 1777 1938 195.
1796 1914 1855 1939 244.
1880 1911 1923 1938 Ill.

1061 1961 1062 1967 ¹
1086 1956 1142 1980 133.
1164 1955 1221 1980 161.
1241 1953 1285 1980 IV.
1306 1955 1346 1980 79.
1367 1955 1424 1980 114.
1462 1954 1551 1980 Labeo
1571 1956 1682 1991 negavit,
1702 1971 1734 1974 —
1754 1956 1848 1991 (quam
1866 1965 1924 1981 sen-

1061 2005 1062 2027 }
1084 1997 1203 2029 tentiam)
1223 1995 1299 2023 Cass.
1318 1997 1421 2034 probat.
1459 1997 1557 2024 Ofilius
1576 2013 1608 2017 -
1627 2003 1710 2035 putat,
1730 1999 1804 2024 cuius
1823 1999 1924 2035 opinio-

1084 2050 1141 2066 nem
1155 2038 1283 2066 Proculus
1303 2044 1410 2066 secutus
1424 2045 1472 2066 est.
1497 2040 1534 2067 lb.
1549 2040 1590 2067 III.
1607 2043 1648 2067 71.
1683 2040 1781 2073 Labeo,
1800 2040 1922 2072 Sabinus,

1060 2101 1062 2110 A
1084 2087 1109 2108 et
1129 2082 1234 2114 Celsus,
1255 2088 1280 2109 ct
1295 2082 1415 2115 Cassius,
1436 2088 1461 2109 et
1480 2082 1595 2109 Iulianus
1615 2099 1647 2103 —-
1666 2083 1717 2110 hoc
1736 2084 1922 2122 probaverunt.

1060 2146 1061 2158 ἶ
1084 2125 1114 2152 fr.
1135 2127 1174 2151 12.
1200 2126 1221 2159 3.
1243 2128 1265 2152 l.
1296 2126 1346 2161 Qu.
1368 2126 1424 2152 dics
1443 2126 1519 2163 legat.
1538 2128 1580 2153 36.
1600 2128 1624 2152 2.
1655 2126 1686 2153 cf.
1706 2126 1737 2153 fr.
1756 2130 1781 2154 3.
1805 2128 1826 2161 3.
1846 2129 1870 2153 6.
1890 2126 1922 2153 (16

1083 2168 1128 2195 lib.
1148 2173 1173 2194 et
1191 2168 1324 2205 posthum.
1343 2170 1385 2195 28.
1404 2171 1428 2195 2.

1119 2219 1267 2246 cassus.
1297 2220 1434 2253 (Adiect.)
1478 2221 1606 2252 luania,
1636 2222 1769 2247 Irritus.
1814 2219 1832 2246 I.
1860 2220 1920 2253 Sy.

1084 2261 1181 2288 Vmbra
1201 2263 1322 2288 nominis.
1342 2278 1374 2282 -
1393 2262 1486 2289 Inanes
1506 2262 1626 2295 umbrae,
1646 2267 1671 2289 et
1690 2273 1779 2289 cassae
1798 2262 1920 2297 imagines

1084 2305 1281 2341 (dignitatum).
1316 2305 1365 2332 Th.
1386 2305 1417 2332 C.
1437 2305 1495 2332 XII.
1517 2307 1539 2332 1.
1564 2316 1585 2332 c.
1605 2307 1646 2333 57.
1672 2317 1694 2333 c.
1715 2308 1754 2332 74.
1779 2306 1816 2339 33.
1835 2307 1859 2330 3.
1879 2314 1920 2340 sq.

1084 2347 1116 2374 (16
1135 2347 1269 2374 decurion.
1306 2348 1336 2374 11.
1357 2350 1424 2382 01).
1456 2347 1572 2375 Firmum
1596 2354 1673 2385 atque
1697 2349 1846 2379 robustum,
1871 2346 1920 2373 Ra-

1084 2396 1146 2423 tum,
1171 2407 1204 2410 -—
1229 2391 1341 2417 Cassum
1362 2391 1464 2424 (esse).
1492 2391 1528 2418 Ib.
1548 2391 1593 2418 XI.
1614 2394 1654 2418 12.
1675 2402 1695 2418 c.
1714 2393 1738 2417 3.
1763 2391 1794 2417 (16
1814 2391 1919 2416 immun.

1059 2433 1061 2462 ζ
1083 2444 1201 2460 concess
1219 2433 1289 2460 XVI.
1308 2436 1332 2460 2.
1353 2444 1374 2460 c.
1394 2436 1418 2460 4.
1439 2434 1471 2460 de
1490 2435 1571 2471 episc.
1591 2435 1654 2461 eccl.
1691 2434 1732 2460 III.
1754 2435 1818 2460 Gn.
1851 2433 1919 2460 Illud

1059 2480 1061 2513 ᾖ
1085 2487 1192 2513 quoque
1216 2487 1319 2503 cassum
1343 2481 1420 2513 atque
1443 2477 1535 2504 inutile
1558 2488 1617 2504 esse
1639 2477 1822 2514 praecipimus.
1854 2487 1875 2503 c.
1894 2479 1918 2502 5.

1059 2522 1060 2526 ’
1085 2530 1124 2556 pr.
1144 2519 1176 2546 (16
1193 2519 1246 2546 LL.
1267 2522 1289 2546 1.
1312 2521 1350 2546 14.

1118 2571 1241 2598 Caste-
1271 2571 1384 2604 (Advb.)
1412 2573 1545 2603 Pudice,
1566 2572 1710 2596 Honeste.
1740 2569 1770 2596 Π.
1793 2572 1859 2604 Op.
1879 2570 1918 2597 In-

1082 2618 1160 2640 ceste.
1190 2612 1259 2640 Coll.
1278 2613 1332 2640 LL.
1356 2614 1389 2641 M.
1416 2613 1460 2640 VI.
1484 2616 1507 2640 4.
1545 2612 1585 2638 IH.
1611 2613 1676 2639 Cn.
1705 2612 1780 2647 Quae
1803 2615 1917 2640 romanis

1081 2656 1182 2693 legibus
1202 2661 1273 2683 caste
1292 2661 1434 2693 sancteque
1453 2661 1512 2682 sunt
1533 2656 1682 2681 constituta.
1711 2655 1748 2681 Ib.
1768 2655 1784 2682 1.
1804 2655 1821 2682 l.

1117 2707 1367 2734 Casteuanus.
1401 2707 1539 2741 (Adiect.)
1593 2707 1736 2733 Castello
1770 2709 1916 2734 adtribu-

1184 2749 1226 2776 ΙΙΙ.
1248 2751 1313 2778 Cn.
1348 2750 1394 2776 His
1419 2754 1518 2775 tantum
1543 2748 1580 2775 sas
1604 2753 1645 2775 est
1668 2749 1807 2786 possidere
1827 2749 1917 2776 castel-

1080 2838 1175 2868 terius,
1200 2836 1242 2862 vel
1265 2837 1381 2873 privatae
1406 2835 1564 2861 conditionis
1590 2837 1719 2873 quispiam
1739 2836 1764 2861 in
1784 2836 1824 2862 his
1844 2835 1916 2866 locis,
