2197 3121
262 173 327 204 200

264 255 318 290 Qui
337 255 404 281 intra
423 254 575 280 consistorii
594 258 694 279 secreta
713 250 861 278 veneranda
874 251 1035 278 notariorum
1048 248 1105 276 sun·
1126 252 1127 258 ¹

263 302 360 333 guntur
378 297 474 323 officio.
506 296 544 323 lh.
564 296 607 322 ΥΙ.
627 297 669 322 35.
694 305 715 321 c.
737 296 759 321 Τ.
784 294 816 321 dc
839 295 906 331 priv.
932 304 984 321 eor.
1010 302 1051 329 qn.
1077 293 1104 319 in
1126 315 1128 326 ,

264 340 292 367 S.
313 340 362 377 pal.
387 340 418 366 cs.
439 338 483 365 YI.
504 341 545 365 10.
566 349 586 365 c.
606 340 630 364 2.
656 337 687 364 de
706 338 837 375 primicer.
858 342 883 363 et
902 342 985 363 notar.
1023 334 1105 362 Tran·
1127 360 1128 363 ,

264 382 402 420 quillitatis
422 387 527 408 nostrae
547 381 699 407 consistorii
719 381 836 407 comites.
865 379 902 406 Ib.
923 379 966 406 YI.
988 380 1028 405 12.
1043 388 1065 405 e.
1080 380 1103 405 1.
1126 395 1128 420 3

265 426 297 453 de
321 427 408 451 comit.
432 426 574 451 consistor.
611 423 675 450 Pars
698 428 815 450 actorum
834 422 982 449 habitorum
1000 422 1027 447 in
1046 431 1106 447 con·
1126 424 1129 447 ἶ

264 469 385 499 sistorio.
413 467 481 505 apud
504 467 587 504 Impp.
621 466 658 493 Ib.
682 465 727 493 XI.
751 467 793 492 39.
822 476 843 492 c.
868 466 891 491 8.
921 464 952 491 cf.
978 474 1000 490 c.
1024 465 1048 491 5.
1074 463 1106 490 de
1127 472 1128 506 ἢ

264 511 316 538 fide
336 516 395 537 test.

300 553 566 581 Consobrinus.
588 554 698 579 Natus
717 562 753 579 ex
767 553 896 588 fratre,
916 552 964 577 vel
982 560 1105 582 sorore,

261 598 414 632 parentis
438 598 589 622 alterius.
626 594 646 621 I.
666 596 729 629 Sy.
757 595 811 630 Qui
836 603 868 619 ex
888 592 990 619 duabus
1009 594 1106 619 sorori·
1128 589 1129 593 ¹

265 640 314 666 bus
343 642 493 665 nascuntur.
534 637 668 665 Avunculi
696 643 719 664 et
749 641 903 663 materterae
930 635 1015 667 filius.
1044 635 1105 662 tilia.
1128 650 1130 655 ·

264 681 439 713 consobrini,
459 691 480 708 s.
501 681 695 712 Consobrinus.
717 679 882 706 consobrina.
913 678 986 705 Paul.
1006 678 1049 705 IV.
1067 681 1107 705 ll.
1128 680 1130 711 ζ

263 726 286 759 5.
306 727 328 750 4.
353 724 383 751 tr.
405 726 427 750 1.
450 724 473 758 5.
493 725 518 750 6.
543 724 573 750 [ι’.
594 726 634 750 10.
659 725 680 757 5.
703 725 742 749 15.
768 722 800 749 de
819 721 890 758 grad.
917 727 941 748 et
965 721 1044 748 adlin.
1063 723 1105 748 35.
1128 714 1129 722 ἵ

266 770 305 794 10.
342 767 448 794 Fratres
467 767 610 804 patrueles.
630 776 651 792 s.
672 767 725 801 Qui
745 776 778 792 ex
791 765 895 792 duobus
910 765 1035 792 fratribus
1048 775 1109 802 pro·
1128 761 1130 802 l

263 811 379 847 generati
399 814 469 836 sunt.
507 809 677 836 Consobrini.
709 808 746 835 11).
770 808 788 835 l.
808 808 825 835 l.
858 808 916 835 Gai.
934 808 977 834 III.
998 810 1038 834 10.
1075 807 1106 834 11.

265 856 333 888 Op.
360 853 478 880 Amitini.
507 851 580 878 Paul.
600 851 617 878 l.
637 851 654 878 1.
691 851 734 878 ΙΠ.
759 853 826 879 Cn.
854 851 1047 878 Matrimonium
1071 851 1108 876 in·
1128 864 1131 881 1

264 902 304 923 ter
323 896 497 924 consobrinos
517 895 643 921 habeatur
662 895 814 931 legitimum.
840 905 861 921 c.
878 896 918 921 19.
938 894 971 921 dc
990 897 1063 930 nupt.
1083 895 1107 919 5.
1129 889 1131 931 l

264 942 288 967 4.
317 939 368 966 Th.
383 939 413 965 C.
434 938 477 965 III.
499 940 539 964 10.
560 948 582 964 c.
597 940 619 964 1.
639 939 662 964 si
682 943 756 975 nupt.
776 948 808 964 ex
828 948 908 964 rescr.
945 936 1015 973 Lege
1034 935 1109 962 Pom-
1130 950 1131 955 =

263 985 323 1021 peia
341 982 373 1009 (le
393 981 553 1009 consobrino
573 980 775 1018 comprehendi,
800 991 853 1007 non
880 981 957 1007 etiam
977 989 1023 1006 eos
1042 980 1109 1016 pari-

263 1032 305 1053 ter
325 1025 477 1062 complecti.
499 1024 543 1060 qui
561 1024 617 1060 pari
637 1024 822 1061 propiorque)
842 1023 924 1059 gradu
942 1027 1013 1049 sunt..
1033 1022 1063 1048 fr.
1083 1024 1107 1048 3.
1130 1027 1131 1058 ᾖ

265 1069 296 1096 cs.
316 1069 348 1095 t'r.
370 1070 391 1094 l.
412 1078 450 1105 pr.
472 1066 504 1093 de
522 1065 552 1092 L.
573 1065 664 1103 Pomp.
685 1066 717 1093 de
736 1077 804 1104 parr.
825 1069 866 1093 4³.
887 1068 911 1093 9.
1130 1059 1131 1098 i

300 1113 499 1140 consocer·
539 1112 636 1136 Socer
653 1112 761 1136 nostri
781 1111 912 1145 generi,
938 1110 984 1135 vel
1007 1118 1108 1135 nurus
1130 1112 1131 1139 l

264 1161 406 1182 nostroe.
443 1152 461 1179 l.
476 1154 538 1186 Sy.
567 1151 659 1178 Soceri
679 1152 739 1179 duo.
778 1153 933 1179 Consoceri.
959 1151 989 1178 fr.
1009 1153 1050 1178 32.
1070 1151 1108 1185 55
1130 1145 1132 1162 t

263 1200 306 1224 20.
327 1207 368 1233 sq.
389 1195 421 1223 de
441 1195 502 1222 don.
523 1196 568 1221 int.
588 1194 620 1221 Y.
639 1197 682 1222 21.
702 1197 725 1222 1.

300 1239 551 1268 eonsociatio.
593 1240 790 1265 Coniunceio
818 1244 848 1264 et
875 1239 1023 1265 societas.
1064 1230 1132 1275 IIIi

265 1285 332 1312 Gn.
361 1282 415 1317 Qui
435 1286 538 1318 turpem
558 1280 777 1317 inhonestamquc
796 1281 901 1308 famam.
927 1285 951 1307 et
977 1281 1111 1306 consocia-

264 1328 364 1353 tiones.
386 1334 450 1361 quas
470 1325 604 1361 proximas
624 1329 745 1361 putamus
766 1334 825 1350 esse
846 1323 1014 1355 criminibus,
1035 1324 1111 1349 aesti-
1131 1335 1133 1359 Ἀ

264 1374 337 1396 ment
355 1367 499 1404 fugiendas.
533 1367 582 1394 Th.
602 1366 633 1393 C.
652 1366 723 1393 XIV.
744 1368 768 1393 9.
792 1377 814 1393 c.
836 1369 857 1393 l.
883 1367 916 1394 de
940 1366 1010 1394 stud.
1035 1366 1110 1393 liber.

265 1412 323 1439 urb.
341 1411 372 1438 R.

301 1453 516 1482 consocius.
556 1455 685 1484 Socius,
716 1454 861 1487 Collega.
898 1452 941 1479 111.
967 1454 1033 1481 Cn.
1068 1452 1111 1479 Ad
1131 1452 1133 1474 ¹,

266 1497 392 1533 exigenda
420 1496 522 1533 reliqua
551 1500 689 1523 consortes
718 1506 767 1522 ros
793 1501 871 1532 atquc
895 1497 1035 1522 consocios
1060 1495 1110 1530 [al.

265 1542 368 1572 socios,
388 1550 412 1566 v.
433 1540 570 1573 sociatos]‚
591 1549 650 1565 esse
669 1538 765 1566 dicitis
795 1549 816 1565 c.
830 1540 855 1565 3.
876 1538 909 1565 de
929 1549 1038 1566 conven.
1052 1539 1111 1565 fisci

266 1584 324 1610 deb.
346 1586 386 1610 10.
406 1584 430 1608 2.
1132 1589 1133 1604 1

303 1625 512 1654 consolari.
550 1627 699 1652 Solamen
722 1626 868 1660 adferre,
897 1626 1022 1651 lunare.
1064 1624 1107 1651 ΠΙ.

267 1670 334 1697 Cn.
376 1668 412 1695 Vt
439 1668 488 1694 sub
518 1667 566 1694 hac
591 1667 768 1694 oblectatione
792 1666 908 1704 populus
933 1677 980 1693 sua
1004 1669 1110 1694 tristitia

267 1711 427 1739 consoletur.
457 1710 506 1737 Th.
522 1711 553 1738 C.
574 1711 630 1738 ΧΠ.
652 1713 675 1737 1.
696 1721 717 1737 c.
738 1712 795 1737 169.
816 1710 848 1736 de
867 1710 1001 1736 dcem-ion.
1131 1734 1133 1744 Ι

303 1755 531 1782 Consolatio.
554 1755 793 1790 Confirmatio,
816 1755 973 1780 Solamen.
993 1753 1110 1781 mvn.
1131 1764 1132 1792 i

266 1797 372 1824 Diurno
392 1797 513 1834 fatigatos
533 1797 662 1833 obsequio
683 1796 731 1823 hac
750 1795 844 1822 saltem
863 1796 1044 1823 consolatione
1063 1796 1112 1823 tul-

269 1841 328 1872 ciri.
354 1845 381 1866 ut
406 1840 487 1867 adiuti
512 1839 656 1866 commodis
677 1839 709 1866 de
727 1840 877 1876 principatu
896 1838 1041 1866 discedant.
1073 1838 1110 1865 lb.
1131 1841 1133 1888 ι

267 1882 312 1909 U.
331 1884 372 1909 28.
394 1894 415 1909 c.
435 1886 458 1909 ὅ.
479 1882 511 1909 de
531 1884 613 1919 princ.
633 1888 717 1919 agent.
737 1884 763 1909 in
782 1882 837 1909 rcb.

311 1926 559 1953 Consolidari.
615 1927 662 1952 Ad
694 1928 936 1960 proprietatem
974 1927 1111 1957 reverti,

271 1972 354 2004 (quae
372 1971 464 1995 exinde
482 1970 566 1995 salida
585 1970 748 2004 efficiatur).
785 1968 828 1994 111.
853 1970 919 1996 (7η.
950 1968 986 1994 Π
1005 1968 1112 1994 habenti
1132 1966 1134 1972 ’

269 2011 372 2038 mulieri
392 2011 501 2038 fundum
520 2011 601 2037 usust.
622 2011 742 2043 cedatur,
767 2016 792 2037 et
815 2013 851 2038 ita
875 2022 933 2037 cum
951 2012 1113 2048 proprietate

271 2054 458 2081 consolidetur.
486 2053 516 2080 sr.
538 2055 578 2080 Ῐδ.
598 2054 620 2088 5.
639 2056 662 2080 2.
684 2053 715 2080 de
735 2055 790 2081 iure
811 2054 864 2080 dot.
884 2056 925 2080 23.
939 2057 963 2080 3.
1002 2054 1031 2080 si
1051 2053 1113 2080 duo-

270 2098 320 2124 bus
345 2097 427 2124 ususs.
453 2097 565 2133 legetur.
591 2102 615 2123 et
639 2097 708 2134 apud
733 2097 843 2124 alterum
866 2098 899 2123 sit
924 2096 1112 2123 consolidatus.
1134 2093 1136 2118 l

271 2141 302 2167 l'r.
321 2143 345 2168 3.
365 2141 387 2175 5.
401 2144 425 2167 2.
445 2140 475 2167 l'r.
489 2142 513 2166 6.
528 2135 567 2177 pr'.
587 2140 619 2166 de
633 2140 700 2166 usut'.
721 2140 790 2167 ader.
812 2143 834 2167 7.
849 2143 872 2166 2.
893 2140 991 2174 (Yatic.
1005 2140 1026 2174 5.
1041 2141 1095 2173 83.)

308 2184 577 2211 Consotidatio.
603 2185 704 2210 Actus
723 2185 961 2210 consolidanda
989 2183 1032 2209 111.
1048 2184 1113 2211 Cn.

272 2226 302 2253 Si
323 2226 530 2253 usufructuarius
550 2227 738 2263 proprietatem
758 2227 794 2252 rei
809 2226 972 2262 adquisierit,
993 2236 1059 2262 quac
1071 2236 1113 2252 res
1135 2224 1137 2227 ¹

274 2269 448 2296 consolidatio
481 2269 635 2305 adpellatur.
670 2270 692 2303 5.
715 2271 740 2295 3.
768 2269 786 2296 Ι.
817 2269 849 2295 de
878 2269 945 2296 usus.
973 2272 997 2296 2.
1023 2272 1047 2296 ⁴.
1082 2269 1113 2296 ct'.
1136 2275 1137 2291 ἓ

274 2312 358 2339 Vatic.
378 2312 394 2338 l.
415 2312 431 2338 l.

310 2355 540 2382 consonans.
571 2354 701 2388 (l'artic.)
741 2357 961 2387 Cant-atdans,

274 2400 372 2425 niens.
414 2396 457 2423 III.
482 2399 546 2424 Cn.
576 2397 641 2424 Tam
665 2398 817 2425 Marcellum
841 2410 918 2436 quam
938 2398 1047 2425 Celsum
1065 2399 1114 2425 sihi
1136 2399 1137 2416 ἶ

276 2445 451 2468 consonantes
471 2440 557 2466 refiert.
583 2452 603 2466 c.
620 2443 658 2467 10,
679 2441 710 2467 (le
726 2441 838 2468 condit-t.
853 2442 940 2469 intleb.
960 2444 984 2468 4.
999 2445 1022 2468 5.
1052 2442 1115 2468 Sen-

276 2494 333 2510 sum
360 2489 382 2510 ct
410 2488 596 2509 consonantem
622 2484 785 2511 intellectum
809 2501 841 2504 —
865 2485 1021 2512 desiderare.
1050 2486 1071 2519 5.
1093 2487 1114 2511 l.

277 2526 294 2552 l.
315 2527 347 2553 de
368 2526 398 2553 1.
419 2528 452 2553 0.
475 2528 500 2553 3.
520 2528 560 2552 15.
604 2526 662 2553 Non
682 2538 785 2564 semper
805 2538 952 2554 consonans
973 2533 1024 2555 est.
1053 2532 1116 2565 (por
1138 2547 1139 2560 ¹

279 2571 364 2595 omnia
384 2570 474 2596 referri
494 2570 564 2603 (10.).
584 2569 614 2596 fr.
634 2571 675 2596 31.
696 2571 717 2604 5.
737 2575 760 2596 δ.
781 2571 813 2597 di·
832 2573 937 2598 iureiur.
959 2574 998 2598 12.
1018 2574 1041 2597 2.
1138 2570 1139 2595 i

315 2613 583 2639 consonantia.
613 2614 814 2645 Concordia,
835 2617 1043 2649 Aequalitas.
1074 2614 1115 2641 111.
1139 2629 1140 2646 t

279 2655 345 2682 Cn·
374 2655 402 2681 ln
422 2666 498 2682 unam
518 2657 715 2682 consonantiam
734 2656 884 2689 (reducere.
904 2668 929 2684 v.
949 2659 1040 2693 iungi).
1061 2660 1117 2684 c.‘.’.
1139 2659 1140 2662 ’

279 2707 319 2734 pr.
340 2696 371 2723 dn
390 2703 441 2724 vet.
466 2700 522 2725 iure
545 2699 629 2726 enucl.
651 2701 673 2725 l.
694 2701 733 2726 17.
764 2699 785 2732 5.
805 2701 829 2725 3.
850 2699 867 2725 Ι.
889 2700 920 2726 de
939 2705 1041 2727 testam.
1062 2700 1117 2727 ord.

279 2742 304 2765 2.
326 2741 365 2766 10.
402 2740 486 2767 Ynam
507 2744 704 2769 consonantiam
723 2742 913 2768 observandam
932 2754 991 2769 esse
1011 2746 1074 2775 (tam
1094 2744 1118 2769 in

281 2783 354 2815 etc.).
375 2793 396 2809 c.
418 2785 457 2809 14.
478 2794 516 2820 pr.
537 2785 569 2811 de
589 2785 658 2821 legit.
678 2785 767 2812 hered.
788 2787 811 2811 b’.
832 2787 873 2811 55.

317 2826 545 2853 consonare.
585 2830 780 2865 Congruere.
819 2828 860 2854 ΙΠ.
891 2830 956 2856 (711,
988 2828 1037 2855 Cui
1062 2839 1121 2855 con·
1140 2819 1142 2870 J

997 2358 1115 2382 Conre-
1135 2373 1137 2376 ⁴

1131 1277 1133 1314 ἶ
1155 1282 1327 1309 communiter
1350 1280 1450 1318 aliquid
1474 1281 1661 1317 impetraverit.

1075 166 1179 199 CON.

1149 254 1225 276 sonat
1245 247 1335 281 (etiam
1354 249 1531 286 rescriptum).
1556 249 1587 276 fr.
1607 250 1649 277 90.
1670 249 1702 276 de
1722 251 1797 278 cond.
1817 257 1843 279 et
1863 252 1929 279 dem.
1947 253 1989 278 35.

1149 295 1172 319 1.
1209 292 1267 319 Hoc
1286 293 1382 318 etenim
1401 293 1546 320 contractui
1564 292 1589 319 b.
1609 292 1626 320 s.
1646 298 1782 320 consonat.
1807 295 1837 321 fr.
1852 296 1892 322 ⁴8.
1913 295 1945 322 de
1958 295 1989 322 A.

1148 336 1178 362 E.
1199 335 1230 362 V.
1253 336 1292 362 19.
1315 337 1337 361 1.

1186 379 1391 406 Con-onus.
1412 377 1551 412 (Adiect.)
1577 380 1774 406 Consanum.
1802 379 1846 406 III.
1866 382 1932 408 011.
1952 380 1990 408 In-

1149 422 1186 448 ris
1206 421 1374 453 definitione,
1404 420 1585 448 consultorum
1609 423 1725 448 omnium
1749 432 1865 449 consona
1884 433 1991 460 respon-

1150 466 1225 491 sione
1244 464 1404 498 (firmatur).
1438 463 1488 490 Th.
1509 463 1539 491 C.
1559 464 1577 491 I.
1601 467 1625 491 2.
1650 475 1672 491 c.
1691 466 1715 491 8.
1742 464 1857 498 (ch.)
1882 465 1914 492 de
1938 466 1990 493 div.

1150 517 1230 534 rescr.
1267 506 1389 534 Probatis
1415 506 1530 539 actibus.
1554 508 1577 534 si
1600 517 1717 534 consona
1740 513 1781 534 est
1807 509 1901 534 civium
1926 508 1991 535 sanna

1128 552 1129 569 ἶ
1151 555 1200 577 etc.
1224 550 1261 576 lb.
1274 550 1332 576 ΧΠ.
1348 552 1370 576 l.
1391 560 1412 576 c.
1428 551 1468 576 75.
1489 549 1521 576 de
1538 549 1671 577 decurion.
1709 550 1849 578 consonas
1870 551 1913 585 [al.
1934 561 1992 578 cnm

1151 594 1257 626 senuas]
1278 597 1474 629 consequantur
1492 602 1591 629 poenas
1609 593 1795 630 indulgentiae.
1822 594 1860 620 lb.
1881 594 1936 620 Vll.
1949 596 1990 620 20.

1153 648 1176 663 c.
1196 638 1220 662 2.
1240 637 1262 670 5.
1281 638 1305 662 2.
1326 635 1358 662 de
1377 640 1491 662 veteran.

1188 678 1472 707 consororinus.
1501 680 1551 705 Ex
1570 681 1674 706 eadem
1695 690 1805 706 sorore
1823 690 1890 707 cnm
1911 682 1992 706 aliis

1149 728 1342 758 prognatus.
1389 721 1432 748 III.
1465 722 1531 749 (711.
1570 720 1732 749 Consobrini
1757 721 1992 759 consobrinaeque.

1151 767 1167 792 i.
1188 776 1210 792 e.
1230 766 1275 802 qui
1294 775 1393 801 quaero
1413 775 1445 791 ex
1465 764 1566 791 duabus
1586 765 1723 792 sororibus
1742 771 1898 798 nascuntur.
1919 767 1994 803 quasi

1128 813 1130 839 ’,
1152 809 1325 835 consororini.
1349 807 1380 834 fr.
1401 809 1424 833 1.
1444 807 1466 841 5.
1487 809 1510 834 6.
1531 807 1564 834 dc
1582 808 1654 844 grad.
1674 813 1699 835 et
1718 808 1768 835 adt.
1787 811 1829 835 36.
1852 811 1892 835 10.

1187 852 1358 879 Consors.
1383 851 1414 884 §.
1434 852 1468 877 l.
1489 852 1630 886 Aequali
1648 853 1734 878 sorti
1752 854 1923 879 subiectus.
1950 851 1993 878 III.

1153 896 1218 922 (711.
1249 894 1283 920 Et
1307 903 1370 925 sun,
1399 898 1425 920 et
1448 895 1580 920 consortis
1605 895 1723 926 nomine,
1752 895 1882 928 (tironem
1906 894 1993 928 dare).

1153 937 1202 963 Th.
1218 936 1248 963 C.
1269 936 1324 963 HI.
1346 939 1385 963 13.
1406 947 1427 963 c.
1448 938 1470 963 7.
1490 947 1529 974 pr.
1550 937 1632 971 55.1.
1652 947 1692 974 sq.
1713 936 1745 963 de
1763 938 1841 964 tiron.
1861 954 1894 957 —
1913 938 1944 971 §0
1959 939 1994 965 Β.

1152 983 1343 1014 Particepe,
1363 982 1508 1015 Collega.
1545 979 1563 1006 1.
1587 981 1648 1014 Sy.
1678 979 1782 1012 Socius,
1803 980 1919 1017 Collega.
1956 980 1994 1007 lb.

1152 1023 1258 1050 X1.·.‘.·.'..
1283 1033 1304 1049 c.
1324 1025 1348 1049 2.
1372 1033 1405 1049 ne
1430 1022 1517 1049 collat.
1542 1022 1633 1049 transl.
1670 1023 1712 1049 III.
1738 1025 1804 1051 Cn·
1837 1023 1948 1050 Cous-:ii
1969 1028 1996 1050 et

1153 1071 1300 1093 consorteS.
1330 1065 1372 1092 Cl'.
1391 1076 1416 1092 v.
1431 1066 1571 1092 Conscius.
1591 1066 1613 1100 5.
1628 1067 1651 1092 1.
1684 1065 1831 1093 Consortes
1844 1071 1922 1103 atque
1936 1076 1996 1093 con-

1154 1111 1228 1136 socii.
1264 1108 1349 1135 Cllv.
1370 1108 1529 1135 Cousocius.
1567 1125 1600 1128 —
1637 1109 1668 1141 ξ.
1693 1110 1730 1136 3.
1764 1111 1995 1142 Condaminus,

1155 1155 1273 1180 Sacias
1300 1154 1407 1184 (titis,
1432 1163 1453 1179 v.
1479 1153 1666 1187 beneficii).
1708 1151 1726 1178 I.
1751 1153 1813 1187 Sy.
1846 1152 1900 1188 Qui
1926 1152 1997 1179 idem

1130 1211 1132 1220 <
1153 1196 1351 1234 patrimonium.
1377 1205 1401 1221 v.
1427 1195 1573 1221 communia
1592 1194 1673 1227 bona,
1697 1194 1784 1222 habet.
1818 1195 1848 1222 fr.
1867 1197 1909 1222 31.
1929 1196 1951 1229 5.
1970 1196 1995 1222 4.

1154 1239 1187 1266 de
1207 1243 1334 1265 cxcusatt.
1353 1240 1396 1264 27.
1417 1240 1440 1264 l.
1465 1238 1495 1264 fr.
1517 1239 1558 1263 78.
1577 1236 1610 1263 de
1628 1237 1660 1264 A.
1680 1248 1704 1264 v.
1721 1237 1754 1264 Ο.
1773 1237 1805 1265 Η.
1824 1239 1866 1264 29.
1886 1240 1910 1264 2.
1942 1238 1997 1274 Qui

1703 1280 1806 1306 Socius.
1837 1280 1887 1307 Th.
1907 1280 1938 1307 C.
1961 1280 1996 1307 X.

1156 1328 1195 1352 14.
1216 1336 1237 1351 c.
1260 1327 1282 1351 l.
1302 1334 1342 1361 sq.
1371 1325 1394 1350 si
1412 1324 1486 1361 petit.
1506 1333 1561 1349 soc.
1606 1322 1637 1349 ll.
1665 1324 1732 1357 01).
1765 1323 1922 1350 Extraneus.
1958 1323 1995 1350 lb.

1154 1368 1171 1395 l.
1191 1368 1208 1395 l.
1240 1366 1334 1394 cs.111.
1360 1369 1383 1393 l.
1408 1377 1429 1393 c.
1450 1368 1473 1393 6.
1499 1366 1531 1393 de
1551 1371 1634 1393 contr.
1655 1370 1715 1392 emt.
1755 1365 1799 1392 III.
1825 1367 1891 1394 Cn.
1923 1367 1997 1403 Quas

1155 1413 1208 1445 (sc.
1228 1410 1470 1448 praescriptiones)
1495 1409 1654 1446 litigatores,
1683 1408 1732 1435 sub
1756 1408 1867 1436 obtentu
1891 1419 1998 1436 consor-

1155 1456 1228 1487 tium,
1248 1453 1337 1480 studio
1355 1452 1549 1490 protrahandac
1563 1452 1763 1489 disceptationis
1777 1453 1926 1488 excogitare
1938 1463 1998 1479 con-

1132 1511 1133 1534 3
1155 1502 1307 1525 sueverunt.
1335 1496 1373 1523 lb.
1392 1495 1423 1522 Π.
1443 1498 1467 1522 5.
1487 1506 1508 1522 c.
1529 1497 1552 1522 1.
1573 1495 1606 1521 de
1625 1495 1722 1522 domin.
1742 1495 1780 1521 rei
1799 1505 1841 1531 qu.
1861 1505 1934 1532 posc.

1191 1539 1399 1568 Consortio.
1449 1540 1678 1570 consortium.
1709 1539 1906 1565 Communia.
1952 1538 1997 1565 111.

1156 1585 1222 1612 Cn.
1255 1582 1311 1609 Nec
1335 1583 1362 1608 in
1386 1582 1494 1608 arbitrio
1520 1582 1576 1607 eius
1601 1580 1695 1607 electio
1721 1582 1783 1613 crit,
1813 1591 1870 1608 cum
1894 1580 1999 1608 debitor

1154 1627 1268 1664 pretium
1283 1626 1401 1663 pignoris
1422 1624 1585 1651 consortioni
1605 1623 1649 1656 [al.
1664 1625 1735 1650 omni
1748 1624 1825 1658 sorti]
1846 1624 1997 1651 subiecerit.

1154 1671 1184 1696 t'r.
1205 1671 1246 1696 96.
1266 1670 1288 1703 5.
1308 1670 1332 1694 3.
1353 1667 1385 1694 de
1404 1667 1483 1694 solut.
1502 1668 1544 1700 46.
1563 1668 1588 1693 3.

1191 1711 1444 1740 Consortium.
1464 1711 1495 1744 §.
1509 1711 1544 1736 1.
1564 1711 1762 1745 Aequalitas
1781 1712 1897 1742 sortis,
1917 1711 1998 1737 Con·

1155 1757 1290 1782 iunctio.
1326 1754 1345 1781 1.
1365 1754 1427 1788 Sy.
1462 1753 1631 1781 Coniunctio.
1667 1753 1806 1780 Individua
1825 1752 1998 1780 cousuetudo.

1155 1798 1205 1825 Th.
1225 1798 1255 1825 C.
1275 1797 1319 1824 III.
1340 1798 1362 1824 7.
1387 1807 1409 1823 c.
1430 1798 1452 1822 1.
1477 1796 1500 1830 5.
1522 1797 1543 1822 l.
1569 1806 1590 1822 c.
1610 1797 1634 1822 3.
1659 1795 1692 1822 de
1710 1801 1783 1833 nupt.
1814 1795 1844 1822 sr.
1865 1797 1888 1822 l.
1914 1795 1946 1822 de
1965 1795 1998 1822 R.

1155 1841 1186 1868 N.
1206 1844 1248 1868 23.
1268 1843 1292 1867 2.
1323 1840 1345 1874 5.
1366 1842 1389 1866 l.
1413 1839 1431 1866 I.
1453 1838 1486 1866 de
1504 1838 1532 1865 P.
1552 1838 1581 1866 P.
1607 1840 1630 1865 1.
1650 1841 1674 1866 9.
1720 1838 1763 1865 111.
1792 1840 1858 1866 Cn.
1889 1838 2000 1865 Veniam

1155 1890 1265 1922 propter
1284 1883 1381 1920 flagitia
1402 1892 1512 1920 sperans
1531 1881 1662 1914 adiuncti,
1687 1881 1730 1908 vel
1750 1883 1933 1908 communione
1951 1881 1999 1907 cri-

1155 1929 1233 1955 minis
1253 1927 1417 1953 consortium
1435 1935 1565 1963 personae
1584 1926 1730 1963 superioris
1756 1930 1859 1962 optans.
1891 1923 1941 1950 Th.
1966 1922 1998 1950 C.

1156 1971 1201 1998 IX.
1223 1972 1245 1997 l.
1271 1980 1292 1996 c.
1314 1971 1354 1996 19.
1379 1969 1400 2003 5.
1422 1970 1444 1994 l.
1469 1968 1502 1995 de
1521 1979 1607 1996 accus.
1654 1968 1754 1994 Omnes
1773 1967 1891 1993 certatim
1910 1981 1942 1986 —
1962 1967 1999 1992 in-

1133 2032 1135 2037 .
1157 2019 1226 2040 stare
1245 2013 1351 2043 debent,
1371 2021 1456 2048 neque
1476 2011 1571 2048 aliquis
1591 2011 1622 2037 ab
1641 2009 1793 2037 huiusmodi
1812 2009 1946 2035 consortio
1965 2024 1999 2028 —

1134 2083 1135 2092 ¹
1157 2057 1286 2084 excusari.
1314 2055 1352 2081 Ib.
1371 2054 1431 2080 XV.
1452 2056 1474 2080 l.
1495 2064 1516 2080 c.
1535 2055 1577 2080 23.
1603 2053 1635 2080 de
1654 2063 1715 2090 opp.
1734 2052 1797 2089 pub.
1835 2051 1864 2078 Si
1882 2056 2000 2089 postmo-

1134 2128 1135 2134 .
1157 2100 1219 2126 dum
1247 2100 1273 2125 in
1298 2098 1403 2134 nuptias
1426 2107 1487 2123 suas
1511 2097 1728 2133 consortiumque
1751 2096 1930 2122 convenerint.
1961 2094 1998 2121 lb.

1158 2143 1203 2169 lx.
1224 2144 1247 2168 Τ.
1272 2152 1293 2167 c.
1314 2144 1338 2167 ὅ.
1362 2139 1394 2166 ad
1412 2139 1442 2166 L.
1462 2139 1509 2166 lul.
1535 2139 1567 2167 (le
1591 2139 1671 2166 adult.
1701 2138 1733 2165 cf.
1758 2137 1799 2164 III.
1825 2140 1847 2164 7.
1872 2148 1893 2164 c.
1913 2139 1937 2163 3.
1966 2137 1999 2164 de

1159 2190 1231 2222 nupt.
1268 2184 1346 2210 Ratio
1372 2183 1428 2209 eius
1458 2184 1599 2215 consortii,
1628 2181 1699 2219 quod
1727 2180 1852 2208 nascendi
1881 2185 2000 2218 tempore

1159 2229 1250 2255 liberis
1271 2232 1296 2254 et
1314 2226 1467 2264 parentibus
1493 2225 1577 2252 datur.
1606 2225 1689 2251 Yatic.
1714 2225 1735 2258 5.
1755 2226 1814 2250 314.
1847 2240 1878 2243 —
1909 2224 1941 2258 §.
1963 2225 1998 2250 8.

1160 2272 1433 2301 communicatio,
1454 2271 1651 2296 Communia.
1675 2267 1694 2294 I.
1709 2270 1770 2301 ›Sy-
1795 2267 1923 2293 Societas.
1948 2265 2000 2293 Vo—

1136 2321 1137 2324 ’
1160 2315 1300 2341 luntarinm
1320 2313 1490 2339 consortium.
1519 2312 1549 2338 fr.
1562 2313 1604 2338 52,
1624 2311 1661 2345 5*
1674 2312 1699 2337 2.
1719 2320 1758 2346 sq.
1779 2311 1802 2336 S.
1823 2320 1862 2346 sq.
1882 2319 1931 2346 pro
1944 2319 1999 2336 soc.

1161 2360 1200 2384 17.
1220 2360 1244 2383 2.
1281 2356 1408 2392 Aequitas
1429 2354 1609 2387 (collationis,
1629 2363 1653 2379 v.
1674 2353 1877 2379 contributionis
1886 2355 1905 2385 ).
1925 2352 1955 2379 sr.
1975 2355 1999 2379 5.

1136 2417 1137 2423 .
1159 2411 1198 2438 pr.
1219 2400 1241 2434 5.
1262 2401 1284 2426 1.
1312 2398 1344 2425 de
1369 2398 1399 2424 L.
1419 2397 1504 2424 Rhod.
1531 2398 1570 2423 14.
1590 2398 1614 2423 2.
1661 2395 1704 2422 111.
1729 2398 1794 2424 Cn.
1825 2395 1868 2422 Ad
1893 2395 2001 2432 aequale

1160 2442 1361 2480 provincialium
1386 2445 1547 2467 caeterorum
1571 2441 1734 2466 consortium
1757 2439 1847 2466 reduci
1867 2439 2001 2471 (immuni-

1161 2488 1253 2518 tates).
1288 2485 1337 2512 Th.
1358 2484 1389 2511 C.
1408 2483 1452 2510 XI.
1474 2485 1513 2509 13.
1535 2494 1556 2509 c.
1578 2485 1600 2509 1.
1626 2484 1648 2509 si
1668 2493 1715 2520 per
1734 2482 1836 2519 obrept.
1861 2482 1892 2508 ct'.
1911 2481 1956 2508 IV.
1975 2483 1999 2508 9.

1161 2540 1182 2556 c.
1195 2531 1219 2555 3.
1234 2529 1265 2555 ad
1279 2528 1306 2555 S.
1321 2527 1352 2554 C.
1367 2525 1462 2553 Claud.
1482 2542 1514 2545 —
1536 2526 1566 2559 ξ.
1581 2527 1618 2552 3.
1640 2527 1884 2552 Cammilitium.
1908 2524 1926 2551 I.
1938 2526 2000 2558 Sy·

1162 2572 1283 2598 Societas
1303 2570 1416 2604 (ordinis
1437 2570 1581 2600 senatorii).
1620 2568 1768 2605 Collegium
1788 2567 1934 2601 (Senatus).
1962 2566 1999 2593 lb.

1162 2614 1205 2641 11.
1225 2617 1249 2641 2.
1277 2624 1298 2640 c.
1318 2616 1342 2640 2.
1367 2614 1388 2647 5.
1408 2615 1432 2638 2.
1457 2623 1478 2639 c.
1498 2614 1522 2638 4.
1547 2612 1580 2638 de
1599 2612 1687 2638 Senat.
1708 2616 1734 2638 et
1752 2610 1785 2637 de
1803 2610 1870 2647 gleb.
1898 2609 1955 2637 XII.
1976 2611 1999 2636 l.

1162 2668 1183 2684 c.
1205 2660 1244 2684 7-1.
1265 2667 1304 2694 pr.
1330 2656 1362 2683 de
1382 2655 1515 2682 decurion.
1557 2655 1727 2686 Communio,
1752 2654 1871 2691 Corpus,
1894 2652 1999 2679 Schola.

1162 2700 1199 2726 lb.
1220 2700 1237 2726 I.
1257 2702 1280 2726 9,
1302 2710 1323 2725 c.
1344 2701 1366 2725 1.
1389 2698 1493 2732 (ch.)
1515 2698 1547 2725 de.
1566 2699 1610 2725 off.
1629 2708 1693 2734 mag.
1714 2697 1783 2723 offic.
1803 2695 1871 2723 VIII.
1886 2697 1908 2721 1.
1923 2705 1943 2721 c.
1960 2697 1999 2721 14.

1163 2754 1202 2781 pr.
1223 2742 1255 2769 (1(-
1275 2752 1402 2768 numcrar.
1422 2741 1492 2768 XIV.
1506 2743 1530 2768 3.
1545 2752 1566 2768 c.
1582 2743 1622 2767 10.
1633 2751 1692 2777 sqq.
1711 2740 1744 2767 dc
1756 2741 1849 2777 pistor.
1877 2737 1920 2764 III.
1935 2739 2001 2766 Cn.

1165 2786 1261 2813 Coctui
1285 2786 1398 2811 Senatus
1423 2786 1610 2821 consortioque
1634 2784 1734 2809 sociati.
1762 2782 1799 2808 lb.
1818 2780 1862 2807 VI.
1886 2783 1911 2807 2.
1935 2792 1956 2808 c.
1976 2782 1999 2807 S.

1165 2829 1197 2856 de
1216 2828 1304 2855 Senat.
1325 2832 1350 2854 et
1370 2827 1402 2854 du
1422 2828 1489 2864 gleb.
1532 2826 1722 2854 Obeundorum
1744 2833 1878 2852 munerum
1897 2833 2002 2851 consor-

1929 2868 2001 2893 tium.
