2197 3121
1040 164 1129 195 TES.

219 251 365 283 temporum
385 245 439 272 fere
458 244 597 282 aequalis.)
634 244 676 270 III.
698 245 764 272 Cn·
787 244 977 277 Tertullianus,
997 245 1062 271 iuris

219 290 319 325 antiqui
345 290 489 326 interpres,
518 288 586 315 libro
610 287 750 323 singulari,
779 297 854 323 quem
879 287 911 314 de
935 289 1062 314 castrensi

218 331 323 367 peculio
349 331 474 358 condidit.
502 341 522 357 c.
543 332 565 357 7.
590 341 628 367 pr.
654 329 686 356 de
708 335 789 356 curat.
808 330 857 356 fur.
877 332 901 357 5.
923 332 962 356 70.
1000 330 1063 357 Ter-

218 373 344 400 tullianus
365 373 412 408 [al.
424 372 620 409 Tertyllianus]
641 372 685 399 lib.
705 372 748 399 lv.
763 373 954 408 Quaestionum
974 373 1061 400 refert.

219 416 249 443 fr.
269 419 311 443 30.
331 417 353 450 ξ.
373 418 396 443 6.
417 417 449 443 de
468 416 499 442 Α.
520 426 543 442 v.
566 416 597 442 O.
618 415 648 442 H.
665 417 706 442 29.
726 417 750 441 2.
788 416 821 441 Et
840 415 940 441 Iuliano
960 421 986 442 et
998 415 1062 442 Ter-

218 459 329 485 tulliano
350 459 400 485 hoc
418 458 530 484 videtur.
551 458 581 484 fr.
600 460 623 485 3.
649 458 671 491 ξ.
691 461 715 485 2.
735 458 768 484 de
786 457 876 484 hered.
897 460 957 485 inst.
977 460 1018 485 28.
1037 461 1062 486 5.

219 502 274 536 (Cf.
294 501 433 528 Hominelii
454 501 614 538 palingenes.
634 501 664 527 11.
684 503 743 528 505.
764 502 816 537 sq.)

258 544 726 572 Tessareseaedecaditae.
764 544 804 571 Cf.
824 554 848 570 v.
867 543 1027 571 'st-traditae.

253 587 516 614 Tessellarius.
544 589 646 613 Faber
664 589 927 621 pavimentorum
948 590 1061 614 tessel-

218 632 366 656 latorum.
403 629 446 656 111.
467 630 533 657 Cn.
552 629 700 660 Musivarii,
720 630 819 660 aerarii,
840 645 871 648 ——
891 631 1061 659 marmorarii.

218 688 250 693 —
274 672 431 704 tessellarii,
461 673 583 698 aurilices
609 677 657 699 etc.
686 672 734 699 Th.
755 671 785 698 C.
804 672 872 699 Xlll.
892 674 916 699 4.
941 683 962 699 c.
981 675 1004 699 2.
1029 672 1061 698 de

218 725 306 742 excuS.
326 715 394 741 artif.

253 760 428 785 Tessera.
466 758 497 791 δ.
512 758 547 784 l.
569 759 756 792 Symbolum.
794 756 914 785 HLGn.
935 757 1002 784 Cum
1022 768 1060 784 es-

217 806 277 827 sent
296 801 362 827 duae
380 806 497 827 tesserae
511 801 622 837 positae,
642 810 690 826 una
704 800 785 835 pacIS,
805 800 885 826 altera
900 800 971 827 belli.
992 801 1020 827 fr.
1035 803 1058 827 2.

217 843 238 876 ξ.
249 845 291 870 37.
312 844 344 870 de
359 844 391 870 O.
406 843 424 870 1.
441 846 498 870 1.2.
515 859 547 863 --
567 844 598 877 ξ.
610 845 644 870 2.
664 845 816 878 Signum,
836 846 1059 870 demonstrans

213 896 331 920 person
340 897 386 913 am
406 888 484 919 (eius,
505 888 546 912 cui
566 885 730 922 competebat
749 885 854 923 publica
873 885 996 921 largitio.)
1016 886 1059 911 111.

217 930 283 956 Gn.
303 929 331 955 Si
351 929 454 956 libertis
475 930 529 955 suis
548 934 662 955 tesseras
676 928 858 954 frumentarias
873 930 921 954 emi
936 928 1058 955 voluerit.

216 971 247 998 fr.
260 974 301 998 52.
322 973 343 1005 §.
360 974 381 998 l.
402 972 434 998 de
453 972 530 998 indie.
550 974 574 997 5.
596 973 617 997 1.
655 971 705 997 Cui
726 976 833 1002 tessera,
854 970 895 997 vel
915 971 1005 997 militia
1025 971 1060 997 le-

216 1020 298 1051 gatur.
319 1015 349 1041 fr.
369 1016 409 1041 49.
430 1015 452 1048 ξ.
473 1016 495 1040 1.
514 1015 544 1040 fr.
564 1015 606 1040 87.
626 1024 665 1051 pr.
685 1013 717 1039 de
737 1013 812 1049 legat.
833 1013 862 1039 11.
880 1015 956 1046 (31.)
994 1013 1059 1040 Tes-
1081 1015 1082 1024 ¹

216 1067 291 1083 serae
311 1057 494 1093 designentur,
519 1062 544 1082 et
563 1062 669 1083 nostrae
688 1057 793 1093 pietatis
814 1057 919 1083 nomine
938 1066 1060 1083 censean-

216 1104 266 1126 tur.
287 1099 336 1126 Th.
358 1101 387 1127 C.
407 1099 478 1126 XIV.
496 1101 537 1126 26.
559 1110 578 1126 c.
593 1102 617 1126 2,
638 1099 670 1125 de
690 1100 764 1125 frum.
784 1099 860 1125 Alex.

251 1145 379 1170 Testa.
416 1144 550 1169 Lateres
569 1144 660 1169 cocti.
698 1142 741 1168 III.
762 1143 828 1169 ίή.
851 1141 976 1178 Tegulam
997 1152 1059 1178 quo-

215 1195 274 1222 que,
295 1191 320 1212 et
339 1185 460 1222 lapidem.
482 1190 507 1211 et
521 1190 622 1217 testam,
642 1190 796 1221 caeteraque
816 1186 837 1211 si
853 1195 918 1221 quae
932 1185 1059 1211 aediliciis

215 1234 277 1255 sunt
296 1228 385 1259 utilia,
407 1244 436 1247 —-
458 1232 483 1253 et
503 1227 613 1260 calcem,
639 1233 664 1254 et
683 1238 799 1259 arenam,
820 1228 949 1261 tignorum
970 1228 1059 1265 adpel-

215 1271 312 1298 latione
333 1272 471 1298 contineri.
492 1271 521 1297 fr.
544 1273 565 1297 l.
586 1271 607 1304 ξ.
629 1272 650 1297 l.
672 1270 704 1296 de
724 1271 795 1306 tigno
815 1272 912 1297 iuncto.
933 1272 975 1297 47.
994 1273 1018 1298 3.

249 1314 589 1341 Testamentarius.
618 1312 759 1345 (Adiect.)
788 1314 818 1347 §.
835 1315 869 1340 1.
894 1316 941 1340 ,tet
958 1320 1058 1341 testa·
1079 1323 1081 1342 t

213 1363 320 1383 menta
344 1364 502 1391 spectans.
541 1356 584 1382 III.
606 1357 671 1384 Cn.
697 1355 727 1382 L.
753 1355 831 1382 Furia
857 1358 1057 1383 testamentaria.

214 1398 255 1426 Cf.
274 1409 296 1425 v.
317 1399 401 1426 Furia.
422 1399 450 1426 L.
473 1399 596 1426 Cornelia
615 1403 717 1425 testam.
739 1398 780 1425 Cf.
800 1409 824 1425 v.
845 1399 978 1426 CerneIIa.
998 1400 1019 1433 ξ.
1034 1402 1056 1426 4.

212 1441 242 1468 L.
263 1441 388 1471 Falcidia.
409 1447 433 1468 et
453 1452 544 1468 omnes
564 1443 782 1468 testamentariae.
802 1441 832 1468 fr.
854 1444 876 1468 l.
897 1443 918 1476 ξ
940 1445 963 1470 l.
983 1443 1014 1469 ad
1028 1443 1057 1470 L.

213 1484 284 1511 Falc.
302 1487 344 1512 35.
363 1487 387 1512 2.
426 1484 633 1512 Testamentaria
654 1486 812 1511 testimonia.
839 1496 860 1511 c.
880 1487 922 1512 21.
948 1486 980 1512 de
1000 1486 1058 1512 hae-

213 1532 261 1554 ret.
282 1529 304 1554 l.
325 1530 348 1554 5.
370 1545 400 1548 —
422 1529 453 1561 ξ.
474 1530 508 1555 2.
533 1530 737 1555 Testamenta
757 1530 828 1562 ipso
847 1531 1056 1556 constitutus.
1078 1565 1079 1570 1

212 1569 231 1597 1.
255 1572 317 1605 Sy.
350 1571 425 1603 Quae
450 1581 481 1598 ex
510 1576 666 1597 testamento
691 1570 822 1602 defertur,
850 1571 1056 1598 Testamentaria

213 1613 383 1646 (hereditas)
403 1614 433 1641 fr.
455 1616 512 1641 130.
532 1614 565 1640 de
584 1613 615 1640 V.
636 1613 663 1639 S.
684 1616 725 1640 50.
747 1615 786 1640 16,
824 1614 993 1641 Testamenta
1014 1615 1056 1641 da-

212 1660 255 1682 tus
276 1658 382 1689 (tutor.)
402 1656 431 1683 fr.
452 1658 476 1683 3.
495 1667 534 1694 pr.
555 1657 587 1683 de
606 1661 708 1683 testam.
730 1662 776 1683 tut.
796 1658 837 1683 26.
857 1660 881 1684 2.
902 1657 931 1684 fr.
953 1660 975 1684 l.
996 1659 1017 1692 ξ.
1031 1660 1054 1684 5.

213 1697 247 1724 de
265 1708 338 1735 susp.
360 1704 406 1725 tut.
427 1703 468 1726 26.
489 1702 528 1726 10.

249 1742 589 1769 Testamentarius.
616 1742 742 1775 (Subst.)
775 1744 837 1775 Qui
859 1745 989 1770 tabulas
1013 1751 1055 1770 te-

213 1787 368 1810 stamenti
386 1787 598 1819 conscripsit,
613 1787 759 1812 dictante
777 1792 945 1812 testatore.
966 1786 1054 1821 [Sy.

213 1826 335 1863 Scriptor
355 1829 510 1854 testamenti.
538 1827 566 1854 fr.
590 1830 628 1854 15.
655 1829 676 1862 ξ.
696 1829 719 1854 6,
745 1828 774 1854 fr.
794 1830 835 1854 22.
860 1829 882 1862 §.
904 1830 942 1855 10.
963 1828 992 1855 fr.
1011 1831 1053 1856 24.

213 1869 246 1895 de
264 1869 294 1895 L.
315 1869 395 1896 Corn.
416 1870 448 1896 de.
467 1870 524 1896 fals.
545 1872 585 1897 48.
606 1872 646 1897 10.
684 1870 726 1897 III.
747 1872 812 1898 Gn.
837 1871 867 1898 Si
891 1871 1055 1908 prohibuerit

212 1914 436 1938 testamentarium
454 1913 631 1945 introducere,
651 1913 693 1940 vel
713 1919 795 1940 testes
816 1916 965 1942 convenire.
986 1915 1017 1942 fr.
1028 1917 1053 1942 3.

212 1955 235 1989 §.
254 1956 278 1981 5.
303 1955 335 1981 ad
360 1954 387 1981 S.
397 1955 428 1981 C.
453 1955 530 1982 Treb.
555 1958 596 1982 36.
618 1958 640 1982 l.
683 1956 711 1982 Si
735 1958 858 1983 maiorem
883 1957 1056 1995 adscripserit

212 1999 439 2029 testamentarius,
458 1998 500 2024 vel
520 2014 551 2018 -—
571 2000 629 2036 ipse
648 2004 766 2026 testator.
785 1999 815 2026 fr.
835 2001 858 2026 9.
878 2001 915 2034 ἧς’.
934 2002 958 2027 3.
979 2002 1002 2028 6.
1023 2001 1055 2028 de

212 2040 302 2067 hered.
322 2042 382 2067 inst.
402 2042 443 2067 28.
463 2043 486 2067 5.

248 2084 640 2111 Testamenti-factio.
660 2085 691 2118 ἓ.
703 2086 737 2112 1.
752 2087 846 2112 Actio
866 2090 1054 2114 testamenti

213 2128 375 2153 condendi.
414 2126 456 2152 111.
473 2128 538 2154 Gn.
558 2126 660 2153 Nexum
680 2132 732 2153 est:
747 2144 779 2147 —
798 2130 947 2156 testamenti
966 2129 1053 2161 factio,

214 2170 274 2195 nexi
297 2169 368 2195 datio
388 2174 436 2195 etc.
461 2168 504 2195 Fr.
523 2169 594 2195 Aelii
613 2169 696 2199 Galli.
721 2170 798 2198 I.Cti.
818 2172 868 2208 Ap.
888 2171 1008 2205 Festum,
1028 2183 1052 2199 v.

215 2210 324 2238 Nexum.
361 2211 523 2238 Testamenti
548 2212 625 2238 factio
645 2229 676 2232 —
701 2213 800 2250 publici
825 2215 888 2241 iuris
908 2220 955 2241 est.
979 2215 1009 2242 fr.
1028 2217 1053 2243 3.

215 2254 269 2288 Qui
289 2258 389 2281 testam.
410 2254 456 2281 fac.
478 2265 501 2292 p.
518 2258 559 2281 28.
582 2257 603 2282 1.
641 2255 801 2282 Introductis
822 2258 943 2289 testibus,
963 2268 1053 2285 conse-

215 2297 319 2332 quentia
344 2296 463 2324 factionis
490 2300 639 2324 testamenti
664 2298 814 2335 procedere.
845 2311 865 2326 c.
891 2303 932 2327 28.
957 2311 995 2338 pr.
1021 2301 1053 2328 de

215 2344 317 2365 testam.
339 2341 362 2364 ὅ.
381 2340 423 2365 23.
444 2356 472 2360 -—
494 2341 525 2373 §.
547 2342 582 2367 2.
607 2343 661 2367 Ius
686 2345 874 2368 testamenti
892 2347 1052 2370 condendi-

215 2381 232 2408 Ι.
248 2382 309 2415 Sy.
329 2380 490 2408 Testamenti
509 2384 629 2410 faciendi.
649 2394 669 2409 S.
691 2383 830 2413 condendi.
849 2386 897 2412 ius.
922 2385 1052 2419 facultas,

215 2425 308 2460 iusque
327 2423 450 2449 testandi.
470 2424 527 2452 Gai.
544 2426 574 2452 11.
596 2428 653 2452 113.
673 2426 714 2452 111.
736 2429 776 2453 72.
796 2429 836 2453 75.
856 2427 918 2465 le.
937 2429 996 2456 XX.
1013 2431 1051 2456 16.

215 2465 264 2493 Th.
287 2466 318 2492 C.
332 2465 401 2491 XVI.
417 2467 439 2491 7.
461 2476 481 2492 c.
497 2468 518 2492 l.
533 2478 570 2504 sq.
591 2480 612 2496 e.
626 2471 649 2495 4.
671 2469 702 2495 de
722 2475 832 2506 apostat.
870 2470 903 2497 111
924 2473 989 2499 Cn.
1010 2473 1051 2499 An

216 2552 247 2582 is,
267 2552 311 2587 qui
331 2550 356 2576 id
371 2550 469 2581 fecerit,
490 2551 610 2578 habuerit
622 2556 770 2581 testamenti
784 2555 930 2582 factionem.
951 2557 1006 2584 Gai.
1020 2557 1051 2584 11.

1076 1913 1077 1918 ’
1100 1917 1130 1943 fr.
1149 1918 1191 1944 29.
1216 1917 1247 1943 ad
1272 1916 1335 1943 SC.
1357 1917 1436 1944 Treb.
1460 1920 1501 1944 36.
1523 1920 1545 1944 l.

1885 172 1949 203 953

1084 248 1258 281 ¹alimonii
1278 251 1523 275 testamentarii
1540 251 1745 283 perhibendi,
1766 251 1840 283 (item
1861 262 1892 279 ex
1913 258 1948 279 te-

1084 286 1086 323 }
1107 294 1236 316 stamento
1257 289 1364 317 alterius
1385 292 1503 328 capiendi
1523 292 1649 328 aliquid.)
1686 293 1703 319 1.
1725 295 1786 328 Sy.
1811 294 1851 320 Ex
1871 300 1949 321 testa-

1084 340 1085 372 }
1107 338 1194 358 mento
1219 332 1356 369 adquirere
1376 344 1462 371 posse.
1501 334 1662 362 Testamenti
1687 336 1824 363 factionem
1843 337 1947 365 habere.

1108 375 1137 402 fr.
1159 377 1197 401 16.
1212 386 1250 413 pr.
1271 376 1292 409 ξ.
1308 378 1330 402 l.
1351 377 1404 412 Qui
1424 382 1524 404 testam.
1546 378 1591 404 fac.
1612 389 1637 416 p.
1651 380 1692 405 28.
1708 381 1729 405 l.
1750 379 1781 406 cf.
1800 379 1860 417 le.
1876 380 1946 407 XVI.

1109 420 1130 444 l.
1167 418 1209 444 111.
1231 420 1296 446 Gn.
1321 419 1483 446 Testamenti
1508 420 1645 448 factionem
1670 422 1763 453 habet,
1785 422 1847 449 licet
1870 428 1948 450 testa-

1107 467 1221 488 mentum
1245 462 1330 488 facere
1355 473 1406 488 nou
1430 468 1527 499 potest.
1554 464 1584 490 fr.
1606 466 1644 490 16.
1670 475 1708 501 pr,
1734 465 1756 498 §.
1778 466 1800 491 l.
1826 465 1842 491 l.
1861 467 1902 492 28.
1924 468 1947 493 l.

1083 511 1084 516 ¹
1106 503 1223 530 Heredes
1243 505 1345 531 institui
1365 510 1485 542 possunt.
1506 507 1548 542 qui
1568 509 1716 533 testamenti
1731 508 1869 534 factionem
1889 519 1948 535 cum

1106 551 1233 573 testatore
1256 546 1360 573 habent.
1388 547 1449 584 le.
1472 548 1555 574 XXII.
1578 551 1599 574 l.
1619 560 1659 586 sq.
1697 550 1764 577 Cum
1788 552 1811 577 ei
1834 551 1948 587 legatum

1107 589 1149 619 sit,
1170 590 1211 615 cui
1231 589 1304 616 nullo
1323 589 1401 616 modo
1422 590 1500 626 legari
1521 593 1615 628 possit,
1636 592 1708 619 velut
1722 595 1869 630 peregrino,
1889 605 1947 621 cum

1082 634 1084 646 ”
1107 641 1158 667 quo
1184 633 1333 659 testamenti
1358 632 1436 659 factio
1456 643 1507 659 non
1528 635 1569 660 sit.
1594 634 1651 662 Gai.
1672 636 1700 662 ll.
1720 639 1779 662 215.
1804 636 1833 663 fr.
1855 639 1878 663 7.
1898 648 1946 675 pro

1105 674 1180 710 legat.
1201 676 1242 701 41.
1262 676 1285 701 8.
1306 675 1367 712 le.
1387 676 1445 702 XX.
1465 678 1489 702 2.
1509 680 1533 703 ὅ.

1141 719 1442 745 Testamentum.
1479 720 1510 752 ἕ.
1530 721 1564 746 1.
1585 722 1742 748 Solemnis
1761 725 1945 751 declaratio

1106 763 1244 786 ultimae
1274 763 1470 793 voluntatis,
1499 761 1622 794 (heredis
1646 765 1837 792 institutionem
1863 767 1946 792 conti-

1105 813 1179 833 nens,
1199 808 1243 829 aut
1262 803 1516 834 exheredationem.)
1552 805 1570 831 I.
1592 807 1653 841 Sy.
1674 807 1810 834 Sententia
1829 809 1947 835 volunta-

1105 846 1138 871 tis
1159 851 1271 872 nostrae.
1309 846 1437 878 Testatio,
1457 857 1477 873 s.
1493 847 1669 879 contestatio.
1688 852 1790 877 mentis.
1811 851 1871 888 le.
1886 852 1945 878 XX.

1105 890 1127 914 1.
1149 888 1178 914 fr.
1201 891 1222 914 1.
1243 889 1296 924 Qui
1317 894 1417 915 testam.
1438 890 1485 916 fac.
1506 901 1530 928 p.
1549 894 1590 917 28.
1612 894 1634 918 1.
1659 892 1794 919 Iudicium.
1815 893 1886 920 Paul.
1901 894 1945 921 IV.

1104 933 1127 956 5.
1148 931 1185 964 ἕξ.
1199 934 1224 957 2.
1243 933 1265 957 7.
1286 942 1323 968 sq.
1362 932 1548 960 Deticientium
1568 936 1682 972 scriptae
1702 937 1757 962 iure
1776 947 1805 962 ac
1824 936 1946 964 solemni-

1105 978 1144 999 ter
1168 973 1325 1001 voluntates.
1356 975 1404 1001 Th.
1426 975 1456 1002 C.
1477 975 1520 1002 IV.
1541 978 1564 1003 4.
1590 988 1610 1003 c.
1629 980 1652 1004 5.
1674 988 1712 1014 sq.
1737 978 1769 1004 de
1792 983 1894 1006 testam.
1920 986 1946 1007 et

1105 1016 1186 1042 codic.
1224 1016 1338 1050 1101).
1363 1017 1496 1045 codicilli.
1522 1019 1563 1046 Cf.
1583 1030 1606 1046 v.
1627 1020 1782 1048 Codicillus.
1802 1023 1824 1056 ξ.
1843 1025 1867 1049 2.
1905 1023 1945 1050 Ex

1104 1064 1270 1091 testamento,
1290 1075 1323 1079 -—
1343 1060 1383 1085 Ab
1405 1057 1528 1087 intestato
1548 1062 1711 1094 (hereditas.
1731 1074 1754 1090 v.
1775 1064 1877 1098 heres.)
1903 1065 1944 1092 Cf.

1104 1112 1127 1128 v.
1152 1101 1288 1128 Intestato.
1324 1102 1365 1128 111.
1387 1104 1453 1130 Cn.
1478 1104 1628 1132 Cuiuslibet
1651 1106 1719 1132 tituli
1744 1106 1862 1142 largitate
1885 1118 1945 1134 con-

1081 1168 1082 1174 .
1104 1144 1179 1172 ferre.
1200 1146 1215 1171 i.
1236 1155 1256 1171 e.
1276 1150 1442 1177 testamento,
1463 1147 1681 1181 fideicommisso,
1702 1149 1799 1185 legato,
1820 1149 1944 1176 codicillo

1081 1208 1082 1215 .
1104 1192 1152 1213 etc.
1177 1187 1226 1214 Th.
1247 1187 1277 1214 C.
1298 1187 1365 1215 Vltl.
1388 1190 1427 1214 18.
1453 1199 1473 1215 c.
1495 1192 1516 1216 7.
1537 1191 1569 1217 de
1588 1197 1695 1218 matern.
1716 1192 1774 1219 bon.
1796 1192 1836 1219 Cf.
1856 1192 1899 1219 IV.
1919 1195 1945 1221 4.

1104 1241 1124 1256 e.
1139 1232 1162 1255 4.
1183 1230 1215 1256 de
1236 1235 1336 1256 testam.
1357 1236 1382 1257 et
1402 1231 1485 1259 codic.
1523 1233 1700 1266 Traditiones,
1719 1240 1744 1261 et
1764 1237 1900 1267 erutiones,
1919 1241 1944 1262 et

1103 1273 1303 1309 stipulationes,
1329 1279 1353 1300 et
1373 1279 1536 1302 testamenta.
1562 1276 1591 1303 fr.
1614 1280 1670 1304 169.
1690 1278 1722 1304 de
1741 1277 1773 1305 V.
1793 1278 1820 1304 S.
1841 1281 1881 1304 50.
1903 1280 1943 1304 16.

1103 1315 1160 1342 Gai.
1181 1315 1197 1341 1.
1220 1318 1276 1342 192.
1297 1316 1326 1343 ll.
1348 1319 1405 1344 122.
1443 1317 1641 1345 Testamentum
1661 1320 1745 1346 facere
1764 1331 1853 1357 posse,
1873 1326 1944 1348 etex

1105 1363 1260 1385 testamento
1275 1370 1376 1397 capere.
1397 1360 1468 1387 Paul.
1483 1361 1524 1388 111,
1539 1362 1592 1389 4A.
1613 1363 1633 1396 §
1648 1364 1671 1389 9.
1708 1362 1741 1388 Et
1761 1368 1943 1390 testmrwnnun

1102 1401 1200 1433 facere,
1225 1407 1251 1428 et
1274 1403 1306 1429 ad
1330 1405 1479 1430 testamenti
1503 1403 1631 1431 solemnia
1651 1405 1769 1431 adhiberi
1789 1416 1877 1443 posse.
1906 1406 1942 1434 Id.

1102 1445 1123 1478 ξ.
1146 1446 1184 1470 12.
1211 1444 1226 1471 l.
1248 1445 1264 1471 l.
1290 1445 1320 1472 fr.
1342 1448 1380 1472 19.
1405 1446 1435 1472 fr.
1456 1448 1497 1472 20.
1522 1447 1559 1480 ἐξ.
1581 1449 1603 1473 7.
1624 1457 1663 1484 sq.
1693 1449 1746 1484 Qui
1770 1453 1871 1475 testam.
1896 1449 1942 1476 fac.

1079 1483 1080 1492 Ι
1102 1498 1127 1525 p.
1146 1489 1187 1514 28.
1211 1489 1232 1514 1.
1258 1488 1288 1514 fr.
1309 1490 1332 1515 9.
1358 1490 1380 1522 ξ.
1401 1491 1423 1515 7.
1449 1489 1481 1515 de
1500 1499 1576 1526 poen.
1596 1491 1636 1516 48.
1658 1492 1698 1517 19.
1736 1491 1764 1517 1η
1790 1492 1943 1519 ordinandis

1103 1532 1266 1557 testamentis
1286 1531 1397 1567 diligens
1418 1532 1576 1559 observatio.
1597 1533 1652 1559 Gai.
1673 1533 1703 1559 II.
1725 1535 1854 1561 109114.
1892 1535 1943 1561 Co-

1102 1574 1172 1599 mitia
1187 1590 1218 1593 —
1234 1575 1397 1600 testamentis
1418 1575 1544 1601 faciendis
1558 1575 1694 1602 destinata.
1716 1576 1752 1602 Id.
1766 1577 1796 1603 II.
1811 1579 1868 1604 101.
1894 1578 1943 1605 Te-

1101 1620 1257 1642 stamentum
1277 1618 1303 1643 in
1323 1618 1461 1654 procinctu
1480 1618 1583 1645 factum.
1606 1635 1634 1640 —
1656 1619 1785 1651 'sest-vn„
1806 1620 1875 1656 quod
1895 1631 1943 1658 per

1077 1679 1079 1691 ,
1101 1670 1144 1685 aes
1171 1664 1195 1685 et
1219 1659 1312 1686 libram
1337 1661 1427 1696 agitur.
1457 1661 1494 1687 Id.
1515 1661 1542 1687 11.
1566 1663 1621 1688 102.
1643 1672 1682 1697 sq.
1712 1661 1772 1699 le.
1792 1663 1850 1689 ΧΧ.
1870 1667 1893 1689 2.
1914 1666 1940 1690 9.

1100 1702 1158 1728 Iure
1182 1704 1314 1739 praetorio
1339 1703 1447 1735 factum,
1473 1714 1493 1730 s.
1514 1704 1561 1730 VII
1580 1705 1661 1740 signis
1686 1706 1792 1731 testium
1812 1707 1941 1741 signatum

1100 1750 1292 1771 testamentum.
1312 1745 1384 1772 Paul.
1396 1746 1439 1773 IV.
1450 1748 1474 1773 8.
1494 1748 1515 1780 ξ.
1526 1749 1549 1774 2.
1565 1747 1662 1773 G.·.i.11.
1676 1749 1732 1773 119.
1748 1747 1808 1785 le.
1819 1748 1941 1776 XXVHI.

1099 1790 1122 1814 6.
1151 1788 1269 1814 Tabulae
1288 1790 1444 1816 testamenti.
1465 1789 1506 1816 Cf.
1526 1800 1549 1816 v.
1570 1789 1677 1816 Tabula.
1697 1791 1718 1824 §.
1739 1791 1762 1816 6.
1800 1790 1887 1818 Vnum
1906 1797 1942 1818 te-

1100 1836 1257 1857 stamentum
1282 1830 1403 1868 pluribus
1428 1832 1556 1870 exemplis
1581 1834 1741 1867 consignare.
1768 1833 1798 1860 fr.
1817 1836 1858 1860 24.
1888 1835 1941 1870 Qui

1101 1879 1201 1900 testam.
1221 1874 1268 1900 fac.
1289 1884 1314 1911 p.
1333 1876 1375 1901 ⁴28.
1391 1877 1411 1901 1.
1436 1875 1520 1907 Prius,
1536 1891 1567 1894 —
1582 1875 1727 1907 Posterius,
1747 1881 1940 1904 testamentum.

1584 1918 1668 1944 Vnum
1692 1923 1733 1944 est
1757 1923 1940 1947 testamentum

1100 1959 1207 1986 duarum
1231 1959 1411 1986 hereditatum.
1439 1960 1495 1987 Gai.
1521 1960 1551 1987 ll.
1574 1963 1629 1987 150.
1667 1960 1747 1996 Quod
1773 1961 1837 1998 legis
1861 1962 1939 1989 modo

1099 2007 1256 2029 testamento
1282 2002 1447 2039 relinquitur.
1473 2003 1532 2040 le.
1557 2003 1654 2030 XXIV.
1681 2005 1702 2029 l.
1741 2003 1938 2031 Testamentum

1099 2045 1183 2072 facere
1207 2055 1303 2082 posse,
1334 2051 1359 2072 et
1384 2047 1410 2072 in
1436 2056 1466 2072 eo
1494 2046 1617 2073 heredem
1645 2047 1696 2073 sibi
1725 2048 1874 2079 instituere,
1904 2047 1938 2074 le*

1098 2093 1208 2124 gataque
1237 2088 1384 2125 relinquere
1409 2099 1496 2122 posse.
1526 2089 1582 2116 Gai.
1608 2089 1624 2116 1.
1649 2092 1690 2115 40.
1715 2089 1746 2115 cf.
1770 2089 1789 2115 1.
1815 2092 1854 2115 14.
1883 2092 1937 2117 123.

1098 2130 1128 2157 fr.
1148 2133 1189 2157 25,
1208 2141 1247 2168 pr.
1268 2131 1300 2157 de
1319 2131 1406 2168 adopt..
1424 2134 1446 2158 1.
1468 2134 1489 2158 7.
1528 2132 1594 2158 Cum
1615 2137 1714 2158 certum
1733 2142 1792 2158 esse
1811 2133 1937 2169 coeperit,

1098 2175 1227 2200 neminem
1246 2184 1277 2201 ex
1297 2184 1327 2200 eo
1347 2179 1503 2201 testamento
1523 2175 1578 2201 fore.
1603 2175 1732 2201 heredem.
1758 2175 1807 2201 Gai
1834 2174 1874 2201 Ill.
1898 2178 1936 2201 13.

1097 2216 1157 2243 Non
1177 2222 1261 2243 tamen
1282 2227 1328 2254 per
1347 2219 1432 2243 omnia
1452 2217 1552 2243 inutilia
1572 2223 1633 2244 suut
1647 2228 1674 2243 ea
1690 2222 1851 2249 testamenta,
1871 2228 1937 2254 quae

1097 2260 1138 2286 vel
1158 2260 1188 2286 ab
1209 2261 1283 2286 initio
1304 2270 1355 2286 non
1374 2261 1430 2286 iure
1450 2260 1514 2286 facta
1534 2265 1604 2291 suut,
1624 2260 1665 2286 vel
1685 2261 1741 2286 iure
1760 2260 1827 2286 facta
1844 2266 1936 2297 postea

1074 2327 1075 2336 ,
1097 2304 1168 2329 irrita
1189 2303 1263 2334 facta,
1284 2308 1327 2328 aut
1347 2308 1421 2338 rupta
1442 2307 1510 2328 sunt.
1532 2302 1588 2328 Gai.
1602 2302 1632 2328 11.
1648 2305 1706 2329 147.
1726 2303 1757 2329 cf.
1775 2305 1830 2329 145.
1851 2303 1935 2330 Vatic.

1073 2355 1075 2374 ς
1096 2347 1117 2380 ξ.
1137 2347 1196 2372 246.
1216 2345 1276 2382 ΠΙ).
1291 2345 1385 2371 XXIII.
1401 2347 1422 2370 l.
1443 2344 1514 2371 Paul.
1527 2344 1570 2371 lv.
1585 2346 1607 2371 8.
1629 2346 1650 2379 ξ.
1664 2348 1687 2371 2.
1725 2345 1766 2371 De
1786 2346 1935 2372 inofficioso

1096 2390 1178 2425 patris
1198 2392 1353 2414 testamento
1373 2397 1455 2422 agere.
1492 2387 1626 2414 Accusare
1639 2393 1829 2414 testamentum.
1849 2388 1878 2415 fr.
1894 2391 1935 2416 52.

1096 2432 1117 2465 ς’.
1137 2433 1161 2457 3.
1183 2430 1214 2456 de
1233 2435 1300 2466 pact.
1318 2432 1342 2456 2.
1359 2421 1399 2456 14J
1418 2429 1488 2456 Paul.
1509 2430 1540 2456 V.
1563 2433 1600 2457 12.
1621 2431 1642 2463 ς’.
1662 2433 1685 2457 4,
1722 2430 1791 2466 Lege
1811 2430 1935 2458 Cornelia

1072 2484 1074 2504 ⁴.
1096 2474 1288 2499 testamentaria
1313 2477 1428 2504 tenetur,
1453 2474 1497 2509 qui
1521 2478 1716 2504 testamentum,
1741 2474 1846 2509 quodve
1864 2474 1934 2501 aliud

215 2508 300 2535 valeat
323 2510 527 2534 testamentum?
552 2511 677 2547 imprimis
701 2512 837 2538 advertere
857 2513 996 2546 debemus,
1020 2525 1051 2541 an
1073 2537 1074 2545 .

1096 2518 1304 2546 instrumentum,
1325 2515 1417 2542 falsum
1437 2517 1523 2542 sciens
1543 2516 1566 2541 d.
1581 2526 1612 2541 m.
1627 2517 1764 2553 scripserit
1783 2521 1831 2542 etc.
1850 2516 1887 2544 Id.
1902 2516 1934 2544 V.

1095 2561 1136 2584 25.
1157 2559 1177 2591 ξ.
1201 2560 1221 2584 1.
1243 2558 1272 2583 cf.
1294 2557 1336 2584 lV.
1358 2561 1380 2585 7.
1400 2559 1422 2592 ξ.
1444 2561 1466 2584 l.
1487 2558 1517 2584 V.
1538 2560 1576 2584 12.
1597 2559 1618 2591 §.
1638 2560 1662 2584 3.
1699 2558 1881 2591 Testamento,
1902 2576 1932 2581 -—

219 2595 276 2619 114.
315 2593 343 2619 lu
368 2593 418 2619 hoc
442 2598 541 2620 tantum
564 2593 643 2620 habet
665 2599 814 2624 testamenti
838 2598 989 2631 factionem,
1015 2602 1052 2627 uti
1073 2609 1074 2638 ξ
1097 2600 1166 2637 quod
1186 2600 1284 2626 nullius
1297 2602 1421 2627 momenti
1435 2611 1493 2627 esse
1510 2602 1619 2636 ignorat,
1639 2601 1933 2638 (accepitlibertatem.)

215 2641 355 2673 patronum
378 2636 500 2662 heredem
525 2637 652 2663 instituat.
676 2638 712 2666 Id.
731 2640 773 2667 ΙΙΙ,
794 2643 834 2667 72,

217 2680 304 2705 beram
324 2680 473 2705 testamenti
496 2678 634 2705 factionem
654 2696 685 2699 —
705 2685 844 2710 concessit.
868 2684 898 2711 fr.
920 2686 941 2710 1.
961 2695 1001 2722 pr.
1020 2686 1053 2712 de

216 2721 289 2748 milit.
310 2726 411 2747 testam.
425 2723 466 2748 29.
482 2723 504 2748 1.
530 2722 670 2748 Civitatem
689 2722 718 2749 R.
738 2727 841 2758 retinet,
861 2732 886 2752 et
905 2729 1053 2754 testamenti

218 2764 357 2790 factionem
376 2774 427 2790 non
448 2765 550 2790 amittit.
575 2764 604 2790 fr.
626 2767 646 2791 7.
672 2766 692 2799 ξ.
712 2767 736 2792 3.
761 2767 793 2794 de
815 2769 909 2796 interd.
930 2775 956 2796 et
974 2770 1052 2806 releg.

219 2808 261 2833 48.
280 2809 320 2833 22.
342 2806 412 2833 Paul.
434 2806 475 2833 111.
495 2807 550 2834 4Λ.
570 2808 591 2841 §.
611 2810 635 2834 9.
661 2825 690 2828 —
720 2809 752 2842 §0
767 2811 803 2837 3.
831 2814 988 2840 Fac-ultas
1011 2819 1054 2839 te-

872 2641 1000 2668 Militibus
1024 2643 1053 2669 li-
1073 2639 1074 2679 l
1097 2644 1126 2669 fr.
1148 2645 1187 2669 12.
1213 2644 1234 2676 ξ.
1253 2646 1277 2669 2.
1301 2643 1333 2669 de
1358 2643 1459 2669 liberali
1485 2654 1505 2669 c.
1525 2646 1567 2669 40.
1588 2645 1627 2669 12.
1666 2643 1733 2670 Cum
1758 2645 1873 2672 codicilli
1897 2647 1932 2671 ita

1074 2696 1075 2724 t
1097 2686 1242 2712 confirmati
1263 2691 1417 2712 testamento
1437 2686 1538 2712 fuerint.
1560 2685 1589 2712 fr.
1612 2688 1669 2712 123.
1689 2686 1721 2713 de
1741 2686 1771 2714 V.
1787 2687 1814 2714 S.
1830 2690 1870 2714 50.
1892 2690 1931 2714 16.

1074 2729 1075 2768 l
1098 2744 1129 2747 —
1150 2729 1180 2761 ξ.
1195 2730 1230 2755 2.
1245 2730 1343 2755 :lctus
1363 2730 1722 2763 testamentifaciendi.
1759 2729 1801 2757 III.
1818 2732 1883 2758 ΓΠ.
1904 2730 1931 2755 ln

1098 2775 1253 2797 testamento
1277 2772 1353 2797 testis
1373 2781 1443 2801 esse,
1467 2781 1489 2796 s.
1508 2772 1685 2798 testimouium
1704 2771 1799 2799 dicere.
1836 2771 1877 2798 Ad
1896 2776 1932 2798 te,-

1099 2818 1255 2840 stamentum
1275 2813 1400 2840 adhiberi.
1420 2813 1450 2840 fr.
1464 2815 1505 2839 20.
1518 2823 1557 2851 pr.
1577 2814 1613 2849 &5-
1627 2816 1651 2841 2.
1669 2824 1726 2851 sqq.
1764 2815 1817 2850 Qui
1829 2819 1930 2841 testam.

1441 2858 1491 2882 120
