2197 3121
927 155 1018 186 MAT
1035 174 1072 179 —
1088 156 1193 186 MAU.

226 239 522 267 Matrimonium.

188 285 287 317 ptiae.
325 282 343 308 I.
363 284 425 317 Sy.
445 282 565 319 Nuptiae.
586 280 642 307 Gai.
662 279 680 306 1.
700 281 741 306 59.
762 280 792 306 fr.
808 282 830 306 1.
852 280 936 306 sr.11.
957 280 994 313 ἐξ.
1008 282 1030 306 1.

190 335 248 362 sqq.
269 325 301 351 de
320 325 345 351 h.
366 335 408 361 qu.
428 329 482 351 not.
503 324 547 350 inf.
566 325 590 349 3.
609 325 634 349 2.
654 322 685 349 fr.
699 324 740 348 32.
761 323 782 356 ξ.
799 323 838 348 13.
858 321 890 348 de
909 322 969 348 don.
985 323 1030 349 int.

190 366 221 393 V.
240 369 283 394 24.
304 370 326 394 l.
362 368 467 394 Ducere
486 366 628 399 (uxorem.)
657 364 762 391 Nubere
781 366 872 398 (viro.)
900 365 1030 391 Matrimo-

189 411 260 436 nium
280 409 440 436 contrahere.
462 407 607 446 le.XV1.
626 410 650 434 2.
671 417 728 444 sqq.
749 407 779 434 fr.
801 410 840 434 15.
860 407 893 433 de
912 407 1028 444 sponsal.
1051 422 1052 431 κ

188 453 230 478 23.
252 454 274 478 1.
294 452 324 478 fr.
346 454 385 479 19.
406 452 438 479 de
456 452 487 479 R.
507 451 539 478 N.
558 453 600 477 23.
620 454 644 477 2.
681 450 711 476 11.
734 452 800 484 Op.
821 449 1029 477 Concubinatus.

189 494 230 521 Cf.
246 495 270 521 11.
283 505 307 522 v.
328 494 545 521 Contubernium.
566 493 606 520 Cf.
627 493 651 520 h.
671 503 695 519 v.
716 494 737 527 ξ.
756 495 781 519 2.
817 492 983 524 Matrimonii,
996 509 1028 512 -

188 536 313 564 Fiduciae
333 547 409 564 causa
430 537 531 570 (l'acere
551 536 750 569 coemtionem.)
775 534 831 561 Gai.
851 535 869 561 1.
891 538 947 562 114.
984 535 1032 562 III.

188 581 255 608 011·
278 580 472 606 sollicitatores
491 579 632 606 alienarum
656 579 819 616 nuptiarum,
844 579 958 614 itemque
978 589 1028 604 ma-

188 623 369 649 trimoniorum
388 622 608 659 interpellatores.
628 621 700 648 Paul.
714 620 745 647 V.
762 622 786 646 4.
806 621 827 654 §.
847 623 870 646 5.
892 621 922 647 cf.
944 620 1026 647 Vatic.

187 666 208 699 ξ.
230 667 286 691 102.
324 665 377 700 Qui
396 675 441 691 eos
462 664 509 691 hac
529 666 683 701 cognatione
696 663 820 700 adtinget.
840 673 985 700 quorumve
1001 665 1027 690 in

187 712 319 745 potestate
337 708 536 734 matrimoniove
556 709 613 734 erit.
632 707 669 734 lb.
690 707 711 740 §.
729 708 789 732 2925.
810 705 841 732 cs.
856 708 915 733 216.
930 717 969 744 sq.
998 706 1027 733 Si
1048 728 1050 752 ἰ
1102 755 1111 776 t
1148 755 1154 776 ί
1191 751 1200 784 )
1268 753 1281 769 7
1321 751 1329 777 l
1469 751 1476 778 l
1506 754 1522 778 5
1550 753 1561 778 l
1610 751 1630 778 p
1649 756 1655 777 ι
1707 753 1712 758 Ι
1736 753 1740 758 .

1048 758 1050 767 ·
1071 760 1099 776 es
1131 761 1144 776 e
1159 761 1181 777 c.
1225 761 1246 777 c.
1265 756 1289 777 2..
1314 762 1346 777 (e
1369 762 1485 789 sponsa.
1525 774 1529 779 .
1568 773 1572 778 .
1632 762 1645 777 a
1660 762 1770 783 roenna,
1791 761 1856 788 quae
1876 766 1909 770 --

185 750 278 777 mulier
297 755 323 777 et
341 751 449 777 maritus
469 750 514 776 diu
533 760 653 776 seorsum
664 748 769 786 quidem
783 748 967 781 habitaverint,
979 749 1026 775 sed

185 793 313 820 honorem
337 793 447 819 invicem
472 794 630 819 matrimonii
653 792 791 818 habebant.
816 791 846 818 fr.
871 794 913 818 32.
938 792 958 825 ᾗ.
984 793 1025 818 13.

185 835 217 862 de
237 836 297 862 dou.
324 837 370 862 int.
390 835 421 861 V.
441 837 482 862 24.
505 838 526 862 1.
552 833 582 862 cf.
608 835 637 861 fr.
659 837 698 861 12.
724 835 746 868 §.
765 836 789 861 4.
814 834 846 861 de.
870 835 964 871 captiv.
984 836 1024 861 49.

185 881 226 905 15.
264 879 369 906 Ducere
387 879 414 904 in
433 879 624 904 matrimonium
644 877 810 910 (filiamfam.)
829 877 913 904 Vatic.
933 878 955 911 ᾗ,
968 879 1024 903 102.

184 921 316 958 Coniungi
330 921 504 947 matrimonio.
522 920 552 947 In
565 921 757 947 matrimonium
772 921 920 947 convenire.
940 920 971 946 fr.
985 922 1024 947 ll.

182 964 214 991 fr.
236 966 275 991 15.
296 964 328 991 de
347 963 378 990 R.
399 962 430 990 Ν.
449 964 490 990 23.
509 965 533 990 2.
558 962 588 989 fr.
611 965 668 989 121.
693 964 714 997 §.
736 965 758 990 l.
782 963 814 990 de
834 963 864 990 V.
885 963 918 989 0.
938 965 979 989 45.
1004 965 1023 989 Ι.
1046 997 1047 1003 ¹

182 1007 225 1033 Ad
244 1007 293 1033 viri
313 1007 504 1033 matrimonium
530 1007 676 1043 pervenire.
700 1006 731 1033 fr.
753 1008 792 1033 19.
816 1017 855 1044 pr.
882 1006 913 1032 de
932 1005 1023 1032 iurisd.
1045 1029 1047 1040 ‚

181 1052 205 1076 2.
227 1051 249 1076 l.
286 1049 365 1081 Dare,
385 1059 405 1075 s.
426 1048 573 1079 Collocare,
594 1049 620 1074 in
639 1049 832 1076 matrimonium
852 1052 901 1082 (sc.
921 1048 1022 1081 filiam.)

182 1092 239 1119 Gai.
259 1092 288 1118 11.
312 1093 371 1119 235.
390 1092 448 1117 238.
478 1090 540 1128 le.
560 1091 656 1118 XXIV.
683 1093 722 1118 17.
747 1102 786 1128 sq.
812 1092 843 1118 fr.
864 1094 903 1119 19.
930 1091 961 1118 fr.
980 1093 1021 1118 38.

180 1136 203 1170 ᾗ.
222 1138 246 1162 2.
267 1135 299 1161 (18
318 1134 349 1161 R.
369 1133 400 1160 N.
420 1136 461 1160 23.
481 1136 505 1160 2.
526 1133 555 1160 fr.
576 1136 617 1160 23.
638 1135 658 1168 ξ.
681 1136 703 1161 1.
724 1135 755 1161 ad
774 1134 804 1161 L.
823 1134 869 1161 Iul.
890 1134 922 1161 de
941 1134 1021 1161 adult.

180 1179 221 1205 48.
241 1181 264 1205 5.
300 1177 329 1203 In
348 1177 514 1203 matrimonio
535 1176 645 1203 alicuius
664 1187 731 1215 esse.
752 1178 782 1204 sr.
803 1180 844 1204 57.
864 1179 886 1212 ξ.
902 1180 924 1204 l.
945 1177 977 1204 de
989 1177 1021 1204 R.

179 1220 211 1247 N.
230 1222 272 1246 23.
291 1222 315 1246 2.
354 1220 407 1255 Qui
428 1221 485 1246 sine
504 1219 635 1246 connubio
655 1236 687 1240 -—
709 1222 872 1258 peregrinam
892 1222 917 1247 in
936 1221 1022 1247 matri·

179 1264 266 1290 monio
286 1262 384 1289 habuit.
405 1262 474 1289 Coll.
492 1262 545 1289 LL.
565 1262 598 1289 Μ.
617 1262 662 1290 IV.
682 1265 705 1289 5.
735 1263 795 1290 Non
814 1265 894 1296 iusto,
913 1274 937 1290 v.
952 1263 1021 1290 Con-

178 1311 217 1332 tra
237 1305 328 1342 legem,
348 1310 483 1331 contracto
503 1305 677 1332 matrimonio.
702 1305 758 1332 Gai.
779 1306 797 1332 Ι.
816 1308 858 1333 87.
883 1306 944 1344 le.
964 1306 1020 1333 Vll.
1041 1338 1043 1345 Ι

1041 1351 1043 1363 ¹
1065 1351 1145 1378 adult.
1160 1352 1200 1378 48.
1221 1353 1245 1377 5.
1283 1351 1369 1387 Quam
1387 1353 1563 1378 maturissime
1582 1352 1713 1390 (explices
1727 1352 1789 1384 etc.)
1809 1351 1858 1377 Th.
1873 1350 1903 1378 C.

177 1350 201 1375 4.
226 1348 312 1385 Impar
331 1349 531 1374 matrimonium.
551 1347 588 1374 lb.
607 1347 677 1374 XVI.
697 1351 721 1375 4.
760 1348 916 1386 Vbicunque
936 1351 1021 1376 matri-

176 1392 258 1418 monii
277 1401 371 1417 nomen
392 1401 444 1417 non
464 1395 512 1421 est.
533 1392 594 1422 (uec
607 1390 655 1417 dos
670 1392 730 1423 est.)
751 1391 780 1418 sr.
795 1394 818 1418 3.
840 1392 871 1418 (18
891 1394 946 1419 iure
965 1392 1018 1419 dot.

176 1436 218 1461 23.
231 1436 256 1460 3.
277 1434 308 1460 cf.
330 1433 360 1460 fr.
375 1435 415 1460 61.
437 1432 469 1460 de
488 1433 519 1459 R.
539 1433 571 1460 N.
590 1435 632 1460 23.
651 1436 675 1460 2.
713 1434 761 1461 Vir
781 1440 805 1461 et
825 1446 890 1462 uxor
909 1437 978 1462 inter
991 1446 1019 1462 se

176 1477 334 1503 matrimonii
354 1477 459 1503 nomine
478 1475 603 1502 decimam
623 1487 715 1514 capere
734 1483 854 1514 possunt.
878 1478 938 1516 t'lp.
958 1478 1017 1505 XV.

177 1521 200 1546 1.
238 1520 313 1555 Quae
337 1520 495 1546 matrimonii
520 1529 596 1546 causa
620 1520 646 1545 in
669 1530 745 1546 manu
764 1522 800 1546 sit
818 1523 931 1559 nepotis.
960 1521 1017 1548 Gai.

175 1562 218 1589 III.
237 1564 261 1588 3.
282 1562 312 1589 cf.
340 1562 358 1588 I.
386 1564 442 1589 114.
486 1562 574 1588 Onera
599 1564 756 1589 matrimonii
781 1563 970 1600 (adgnoscere.
995 1575 1016 1591 s.

175 1606 332 1638 sustinere..)
353 1604 384 1631 fr.
403 1607 444 1631 20.
470 1605 490 1639 §.
510 1608 534 1631 2.
555 1605 612 1631 sam.
634 1607 724 1632 ercisc.
748 1608 785 1633 10.
805 1609 829 1633 2.
866 1607 955 1634 Liberi
975 1618 1017 1634 ve—

176 1649 225 1674 stri
244 1649 270 1674 in
290 1658 320 1674 eo
340 1649 505 1674 matrimonio
529 1649 649 1684 quaesiti.
675 1648 704 1675 sr.
725 1651 766 1676 57.
791 1650 812 1683 §.
834 1652 856 1677 l.
882 1650 914 1677 de
933 1651 964 1677 R.
984 1651 1015 1678 N.

174 1692 216 1716 23.
235 1692 258 1717 2.
281 1690 311 1717 cf.
336 1690 392 1717 Gai.
413 1690 430 1717 1.
451 1693 491 1717 56.
511 1701 551 1727 sq.
588 1691 629 1718 Ex
653 1691 703 1718 alio
728 1694 892 1720 matrimonio
916 1693 1015 1720 liberos

174 1734 332 1770 superstites
357 1734 461 1761 habere.
490 1733 551 1771 le.
575 1734 634 1760 XV.
656 1737 678 1761 1.
710 1734 791 1762 vatic.
816 1736 836 1769 ξ.
862 1738 918 1762 100.
961 1736 1014 1772 Qui

174 1777 291 1802 nascitur
309 1778 366 1803 sine
384 1777 500 1813 legitimo
519 1778 692 1803 matrimonio.
711 1777 740 1804 [Γ.
754 1780 796 1804 24.
816 1778 848 1804 dc
862 1784 931 1805 statu
946 1779 1014 1805 hom.

174 1821 197 1844 1.
222 1821 246 1844 5.
283 1818 323 1845 Nc
346 1819 414 1845 bene
437 1819 623 1846 concordantia
648 1822 811 1847 matrimonia
836 1822 891 1847 iure
915 1823 1014 1858 patriae

173 1862 313 1898 potestatis
334 1862 478 1888 turbentur.
504 1861 533 1887 fr.
555 1864 576 1888 1.
601 1863 622 1895 ξ.
643 1865 666 1888 5.
688 1863 720 1889 de
739 1863 784 1889 lib.
805 1863 890 1890 exhib.
912 1866 952 1890 43.
972 1866 1013 1890 30.

173 1903 245 1930 Paul.
266 1903 297 1930 V.
318 1906 341 1930 6.
368 1905 451 1938 §.14.
489 1904 658 1931 Dissociandi
679 1907 835 1932 matrimonii
855 1906 939 1943 culpa.
965 1906 1014 1933 Va-

172 1948 216 1973 tic.
240 1947 262 1980 ξ.
284 1949 340 1973 121.
378 1947 472 1973 Soluto
496 1948 661 1973 matrimonio
686 1948 772 1974 dotem
797 1949 879 1975 reddi.
904 1949 934 1976 l'r.
954 1952 1013 1976 240.

172 1989 205 2016 de
218 1989 250 2016 V.
265 1989 291 2015 S.
312 1993 351 2016 50.
375 1992 413 2016 16.
452 1989 510 2015 Nisi
530 1989 599 2016 aliud
620 1992 812 2017 matrimonium
832 1993 873 2018 sit.
894 1991 953 2029 le.
969 1992 1012 2019 Vl.

173 2034 212 2058 11.
238 2032 269 2059 fr.
290 2034 330 2059 13,
356 2034 376 2066 ξ.
397 2034 420 2059 6.
440 2032 471 2059 ad
491 2032 520 2058 L.
540 2032 587 2059 Iul.
608 2032 640 2059 de
659 2033 739 2060 adult.
759 2036 800 2060 48.
820 2036 844 2060 5.
881 2034 909 2061 In
928 2037 1013 2062 matri-

172 2077 259 2102 monio
282 2075 398 2101 secundo
423 2076 569 2109 (manere.)
598 2076 627 2102 sr.
648 2077 689 2102 41.
718 2077 739 2111 ξ,
766 2079 788 2103 7.
813 2077 845 2103 de
869 2077 944 2114 legat.
969 2078 1011 2105 111.

171 2119 250 2151 (32.)

206 2161 357 2187 Matrix.
383 2163 536 2187 Fistulae
555 2164 716 2195 aquariae
732 2173 842 2197 genus.
880 2163 924 2190 111.
945 2165 1011 2191 Gn·

171 2202 226 2228 Aut
251 2213 283 2229 ex
306 2203 436 2235 castellis,
460 2209 504 2230 aut
529 2214 560 2230 ex
584 2205 650 2241 ipsis
672 2204 776 2237 formis,
803 2206 917 2238 (elicere
937 2217 1012 2233 usum

172 2246 275 2281 aquae.)
294 2255 378 2282 neque
397 2257 484 2273 earum
503 2246 659 2273 fistularum.
683 2257 747 2283 quas
767 2250 888 2275 matrices
908 2255 1011 2281 vocant,

172 2297 277 2314 cursum
297 2303 328 2307 —
348 2289 488 2316 adtentare.
515 2289 563 2316 Th.
579 2289 610 2317 C.
625 2289 683 2316 XV.
704 2293 728 2316 2.
749 2301 769 2316 c.
790 2293 812 2317 5.
833 2291 866 2318 de
885 2292 992 2328 aquaed.

206 2331 393 2357 Matrona.
430 2335 562 2359 Femina
582 2339 750 2367 spectatae
769 2336 962 2361 honestatis.
990 2335 1008 2362 I.

171 2374 233 2406 Sy.
253 2372 454 2400 materfamilias.
473 2375 514 2401 Cf.
529 2375 552 2401 h.
567 2386 590 2402 v.
611 2376 632 2409 ς’.
647 2378 670 2401 2.
697 2375 727 2401 ΙΙ.
742 2378 808 2410 ⁰1).
827 2376 929 2404 Mulier.
944 2388 1009 2414 quae

171 2416 282 2452 turpiter
302 2416 409 2447 viveret.
428 2416 558 2454 vulgoque
578 2424 714 2454 quaestum
735 2418 838 2445 faceret.
859 2419 888 2446 sr.
907 2422 949 2446 41.
969 2431 1008 2458 pr.

170 2459 191 2492 ξ.
214 2460 235 2483 1.
262 2457 294 2484 de
317 2457 347 2484 R.
373 2457 403 2483 N.
428 2460 468 2484 23.
492 2462 516 2485 2.
552 2461 596 2487 111.
617 2463 682 2489 011.
710 2462 752 2487 Ad
778 2462 928 2498 (lignitatem
954 2465 1007 2496 (sc.

170 2502 302 2537 pertinere
331 2501 481 2533 iniuriam.)
512 2512 568 2529 cum
592 2514 679 2530 comes
702 2510 835 2531 matronae
862 2505 1007 2533 abducitur.

170 2543 202 2570 fr.
223 2545 246 2568 l.
268 2543 289 2576 ξ.
308 2544 332 2568 2.
353 2543 384 2569 de
404 2544 479 2569 iniur.
500 2545 595 2571 47.10.
615 2546 684 2573 Coll.
704 2547 757 2574 LL.
778 2548 809 2574 M.
830 2548 859 2574 II.
880 2551 903 2575 5.
933 2549 1008 2584 Quae
1029 2550 1031 2560 '

170 2602 201 2605 -
225 2591 358 2611 matronae
382 2596 476 2611 nomeu
500 2595 552 2612 non
576 2590 673 2621 amisit,
699 2595 789 2627 utputa
815 2601 880 2627 quae
903 2594 1007 2629 patroni

170 2628 315 2655 concubina
335 2628 390 2654 fuit.
410 2628 440 2654 fr.
462 2630 502 2654 13.
522 2639 560 2665 pr.
581 2630 613 2656 ad
631 2630 660 2657 L.
679 2632 725 2659 Iul.
746 2633 778 2659 de
797 2634 877 2660 adult.
897 2638 938 2660 48.
958 2638 980 2661 5.

203 2671 438 2698 MatronaHS·
479 2671 617 2704 (Adiect.)
658 2676 705 2700 Aa
730 2683 909 2704 matronam
937 2688 1005 2712 spe-

167 2721 266 2741 ctans.
305 2713 335 2739 11.
357 2715 423 2747 Op.
443 2714 594 2743 Ancillaris.
612 2714 766 2751 meretricia,
786 2720 902 2753 (vestis.)
922 2720 951 2746 sr.
965 2723 1004 2747 15.

168 2756 190 2789 §.
202 2759 242 2782 15.
257 2756 289 2782 (18
302 2757 377 2782 iniur.
388 2757 429 2782 47.
443 2759 482 2783 10.
501 2756 543 2783 111.
559 2758 624 2784 011.
644 2757 673 2784 111
686 2762 868 2789 contumeliam
878 2768 1005 2790 matrona·

169 2798 201 2825 lis
219 2799 328 2836 pudoris
348 2800 521 2827 irreverenter
534 2801 640 2827 irruere.
662 2811 682 2827 c.
695 2804 735 2828 21.
750 2803 782 2829 (18
794 2814 897 2841 procur.
908 2809 932 2833 2.
947 2808 984 2833 13.

570 239 771 272 Coniugium
802 239 939 269 iustum,
968 239 1054 266 Num

1855 158 1918 188 573

1110 238 1319 265 Man-uelis.
1359 239 1560 265 Materterae
1581 240 1698 274 filius.
1736 237 1865 265 111.Cn.
1885 238 1914 265 Si

1052 271 1054 310 ,⁴
1076 282 1135 316 quis
1154 285 1267 318 patrem,
1286 286 1406 313 matrem,
1427 292 1515 313 avum,
1535 282 1630 310 aviam,
1649 280 1768 312 fratrem,
1788 291 1914 313 sororem,

1075 323 1228 360 patruelem,
1250 323 1414 355 matruelem,
1433 329 1566 361 patruum,
1586 323 1741 351 avunculum
1761 340 1793 343 —
1813 324 1913 350 occide·

1075 367 1114 392 rit.
1136 366 1165 392 fr.
1188 368 1209 392 l.
1229 365 1262 393 de
1280 366 1309 392 L.
1330 366 1420 403 Pomp.
1441 366 1473 393 de
1492 377 1561 403 part.
1582 368 1623 393 48.
1642 368 1666 393 9.

1108 410 1266 435 Matula.
1307 410 1367 436 l'as
1388 413 1559 443 quoddam,
1579 412 1618 436 ad
1636 412 1779 436 mundum
1800 411 1911 436 mulie-

1073 453 1153 478 brem
1171 454 1346 486 pertinens.
1377 451 1395 478 Ι.
1411 453 1472 486 Sy.
1493 452 1604 478 Situlus.
1625 452 1664 479 Cs.
1685 452 1709 478 h.
1729 462 1752 478 v.
1790 451 1831 478 Ill.
1845 453 1910 479 Cn-

1074 493 1250 521 Continentur
1269 505 1299 521 eo
1319 496 1374 528 (sc.
1393 495 1490 521 mundo
1510 494 1657 527 muliebri,)
1677 494 1813 532 speculae,
1831 500 1911 521 matu-

1073 535 1121 568 lae,
1141 542 1271 573 unguenta
1290 542 1338 564 ctc.
1359 537 1388 565 fr.
1408 540 1449 564 25.
1470 538 1491 570 ξ.
1513 539 1553 563 10.
1574 537 1605 564 de
1625 548 1686 564 auro
1707 548 1757 575 arg.
1777 539 1818 564 34.
1838 540 1862 563 2.

1106 581 1316 607 Maturare.
1353 582 1560 612 Accelerare‚
1590 582 1767 612 Adinnare,
1799 582 1910 616 Perfi-

1071 633 1146 648 cere.
1183 622 1224 649 111.
1246 624 1311 650 Cn.
1331 622 1366 649 Vt
1385 633 1432 660 per
1451 632 1497 649 eos
1518 639 1547 642 —
1568 628 1709 649 maturetur
1729 624 1837 649 exactio.
1859 622 1908 649 Th.

1072 664 1103 691 C.
1122 664 1140 691 I.
1163 667 1202 691 13.
1223 676 1243 692 c.
1265 667 1287 692 l.
1308 665 1412 699 (Wek.)
1431 665 1464 692 de
1483 666 1527 692 off.
1547 665 1622 692 Com.
1643 666 1689 692 Or.
1709 666 1752 692 XI.
1774 668 1813 692 16.
1835 675 1856 692 c.
1869 667 1908 691 12.

1072 707 1104 734 de
1123 713 1188 735 extr.
1209 718 1229 735 s.
1250 709 1320 735 sord.
1357 708 1469 746 Nuptias
1488 708 1650 740 maturando,
1670 708 1753 741 (eludi
1767 718 1818 734 non
1831 718 1909 745 passa

1070 794 1193 820 maturari
1212 794 1312 821 scelera
1331 794 1457 822 fecerunt.
1476 794 1526 821 Th.
1541 794 1571 821 C.
1584 794 1603 821 I.
1618 796 1658 821 11.
1679 804 1699 821 c.
1713 796 1737 820 3.
1758 794 1790 820 de
1809 794 1907 820 defens.

1070 837 1140 862 civit.

1104 880 1267 906 Mature.
1288 880 1401 913 (Advb.)
1430 881 1460 914 ξ.
1478 883 1512 908 1.
1532 883 1727 915 Propediem.
1747 882 1852 907 Illico.
1888 879 1906 906 Ι.

1047 932 1048 937 ’
1070 922 1131 956 Sy.
1151 921 1234 953 illico,
1254 922 1357 955 Statim,
1377 923 1511 950 Dilatione
1530 925 1674 955 interemta,
1687 923 1822 950 Maturius.
1842 922 1872 949 fr.
1882 924 1906 948 3.

1069 964 1091 997 §.
1113 965 1153 990 14.
1173 963 1203 990 fr.
1222 966 1248 992 ,4.
1272 965 1294 999 §.
1313 967 1336 991 2.
1357 965 1390 992 dc
1409 966 1525 993 statulib.
1544 969 1585 994 40.
1606 969 1628 993 7.
1665 966 1765 993 Mature
1784 966 1907 992 iudicare.

1068 1006 1277 1044 Repraesentare
1296 1009 1478 1044 cognitionem.
1499 1009 1529 1035 sr.
1549 1011 1572 1036 3.
1593 1009 1614 1043 ξ.
1634 1011 1658 1035 5.
1679 1009 1711 1035 de
1731 1008 1809 1035 Can-b.
1830 1008 1906 1035 edict.

1066 1051 1109 1076 37.
1130 1051 1170 1076 10.
1207 1049 1238 1076 lI.
1260 1052 1327 1084 Op.
1351 1050 1416 1077 Post
1440 1057 1550 1089 tempus.
1575 1052 1606 1079 fr.
1626 1054 1650 1078 3.
1674 1053 1696 1086 §.
1718 1054 1756 1078 14.
1781 1051 1798 1078 l.
1821 1053 1862 1078 40.
1884 1053 1906 1077 7.

1067 1093 1184 1119 Diutius.
1205 1107 1236 1112 —
1261 1093 1397 1120 Maturius.
1421 1094 1451 1121 sr.
1473 1097 1495 1121 1.
1518 1105 1557 1132 pr.
1581 1095 1613 1121 de
1632 1105 1747 1121 success.
1768 1095 1845 1121 edict.
1864 1095 1906 1121 38.

1066 1137 1090 1162 9.
1127 1135 1170 1162 III.
1195 1137 1261 1163 C'n.
1291 1136 1440 1163 Voluerunt
1463 1142 1566 1164 veteres
1594 1139 1720 1164 maturius
1747 1137 1925 1164 l1ereditates=

1066 1178 1140 1210 adiri,
1161 1183 1189 1205 ut
1203 1184 1251 1205 etc.
1272 1178 1329 1206 Gai.
1349 1179 1378 1206 11.
1398 1182 1438 1206 55.
1476 1180 1505 1206 Si
1525 1197 1556 1200 -
1577 1180 1643 1207 alius
1663 1191 1695 1207 ex
1714 1180 1851 1207 intervallo
1871 1181 1905 1206 ita

1065 1223 1236 1259 percusserit,
1255 1227 1284 1248 ut
1301 1224 1429 1250 maturius
1447 1224 1652 1255 interficeretur,
1672 1234 1747 1260 quam
1768 1234 1799 1250 ex
1818 1224 1906 1260 priore

1065 1265 1174 1291 vulnere
1192 1266 1335 1291 moriturus
1355 1265 1445 1292 suerat.
1470 1266 1501 1292 fr.
1520 1268 1561 1293 51.
1586 1277 1624 1304 pr.
1649 1266 1681 1292 ad
1701 1266 1729 1293 L.
1749 1266 1817 1302 Aqu.
1838 1267 1861 1292 9.
1881 1267 1904 1291 2.

1064 1308 1148 1344 Rogo,
1168 1309 1294 1334 maturius
1313 1308 1377 1335 mihi
1396 1309 1505 1335 scribas.
1526 1309 1556 1336 sr.
1572 1311 1612 1336 11.
1632 1310 1653 1343 §.
1668 1311 1692 1336 5.
1712 1309 1744 1336 ad
1762 1309 1792 1335 L.
1812 1308 1858 1335 Iul.
1873 1308 1905 1334 de

1063 1394 1107 1420 XI.
1127 1395 1168 1420 30.
1190 1404 1210 1420 c.
1230 1396 1254 1420 3.
1274 1394 1307 1421 de
1326 1405 1384 1432 app.
1405 1400 1431 1421 et
1449 1405 1526 1432 poen.
1545 1395 1614 1422 XIII.
1636 1397 1658 1422 l.
1679 1406 1699 1422 c.
1718 1397 1757 1421 16.
1778 1395 1810 1422 de
1828 1394 1904 1421 lustr.

1064 1437 1124 1463 coll.
1145 1453 1177 1456 —
1197 1438 1228 1470 ᾖ.
1249 1439 1284 1464 2.
1311 1439 1402 1464 lusto
1426 1440 1534 1465 citius.
1571 1438 1613 1464 III.
1635 1440 1700 1466 Cn.
1726 1437 1781 1464 'Nec
1804 1447 1852 1475 per
1875 1437 1904 1463 li-

1062 1480 1141 1506 beros
1160 1490 1223 1506 suos
1243 1490 1297 1506 rem
1316 1490 1389 1507 suam
1412 1482 1538 1507 maturius
1561 1491 1575 1507 a
1599 1482 1764 1507 curatoribus
1786 1481 1902 1518 recipiat.

1062 1523 1092 1549 fr.
1112 1525 1136 1549 2.
1157 1522 1190 1549 de
1208 1524 1300 1549 minor.
1320 1525 1343 1549 4.
1364 1526 1387 1550 4.
1409 1522 1440 1550 cf.
1460 1522 1502 1550 Pr.
1522 1523 1539 1550 1.
1561 1523 1593 1550 de
1612 1534 1718 1561 usucap.
1738 1526 1762 1551 2.
1783 1525 1806 1550 6.

1097 1566 1313 1593 Maturitas.
1334 1566 1364 1599 ξ.
1379 1568 1414 1593 1.
1438 1568 1698 1600 Tempestivitas.
1718 1566 1749 1593 II.
1765 1568 1831 1600 Op.
1851 1566 1902 1593 Ma-

1061 1610 1155 1635 turitas
1174 1609 1308 1636 naturalis.
1330 1626 1360 1630 —
1381 1608 1507 1646 Tempus,
1528 1619 1579 1646 quo
1598 1611 1679 1645 magis
1698 1609 1801 1640 colono,
1822 1609 1903 1635 domi-

1061 1662 1143 1684 nove,
1173 1662 1229 1678 eum
1254 1651 1365 1678 fructum
1391 1652 1485 1678 tollere
1504 1652 1618 1689 expedit.
1645 1652 1675 1678 fr.
1695 1655 1736 1678 42.
1757 1652 1789 1678 de
1808 1662 1857 1678 usu
1877 1657 1902 1678 et

1060 1694 1142 1721 usufr.
1162 1694 1210 1731 leg.
1230 1696 1271 1721 33.
1291 1697 1315 1721 2.
1352 1695 1394 1721 III.
1416 1696 1478 1722 Gn.
1506 1695 1566 1721 Mat.
1586 1696 1686 1721 aetatis.
1712 1695 1761 1722 Th.
1781 1694 1812 1721 C.
1831 1694 1900 1721 XIII.

1062 1740 1100 1764 10.
1122 1748 1143 1764 c.
1163 1740 1186 1764 4.
1207 1737 1240 1763 de
1260 1747 1340 1763 censu
1359 1747 1380 1763 s.
1400 1737 1484 1764 adscr.
1505 1754 1536 1757 —
1557 1738 1587 1771 ξ.
1603 1739 1638 1764 2.
1658 1740 1838 1774 Perfeclio.
1857 1737 1899 1763 111.

1060 1782 1126 1808 Cn.
1146 1779 1222 1806 Tunc
1235 1779 1338 1806 demum
1352 1780 1523 1807 relationibus
1537 1780 1613 1818 plena
1627 1782 1761 1807 maturitas
1776 1786 1823 1811 est,
1842 1791 1901 1807 cum

1060 1827 1107 1849 etc.
1136 1822 1172 1848 lb.
1191 1822 1236 1849 XI.
1257 1824 1298 1849 29.
1319 1833 1339 1849 c.
1359 1824 1383 1849 3.
1404 1820 1436 1849 (18
1456 1823 1528 1849 relat.
1550 1840 1580 1844 —-
1606 1824 1636 1857 ᾖ.
1657 1825 1694 1850 3.
1725 1825 1900 1856 Celer-itas,

1059 1867 1266 1899 properatio.
1290 1865 1332 1892 III.
1347 1866 1413 1893 Gn.
1434 1866 1513 1892 Omni
1533 1868 1690 1898 maturitate,
1710 1866 1898 1897 s.Maturitate‚

1059 1918 1108 1944 qua
1128 1909 1259 1939 convenit,
1280 1908 1431 1946 (praebere,
1451 1919 1474 1935 v.
1495 1910 1615 1936 conferre
1634 1911 1700 1942 etc.)
1724 1909 1760 1936 Ib.
1782 1909 1836 1936 VII.
1858 1911 1898 1935 13.

1058 1961 1079 1977 c.
1101 1952 1141 1976 12.
1166 1950 1198 1976 de
1216 1952 1293 1977 tiron.
1313 1951 1358 1977 XI.
1377 1954 1418 1978 20.
1449 1962 1469 1978 c.
1489 1954 1512 1978 3.
1538 1952 1570 1979 de
1594 1952 1681 1979 collat.
1705 1952 1792 1979 donat.
1831 1952 1898 1979 Tota

1058 1994 1205 2019 maturitate
1224 1994 1399 2031 praecipimus
1413 2010 1443 2014 ——-
1459 1995 1608 2022 abscedere.
1628 1995 1665 2022 Ib.
1684 1995 1755 2022 XVI.
1776 1997 1799 2022 5.
1821 2006 1841 2022 c.
1855 1997 1896 2022 33.

1057 2036 1090 2062 (18
1108 2035 1206 2062 haeret.

1091 2080 1276 2107 Maturus.
1296 2080 1425 2114 (Adiect.)
1461 2081 1491 2114 §.
1507 2082 1542 2108 l.
1565 2083 1800 2116 Tempestivus,
1820 2083 1896 2108 Per—

1050 2124 1172 2158 fectus.
1209 2122 1228 2149 1.
1249 2124 1310 2157 Sy.
1331 2123 1406 2149 Pleni
1425 2125 1552 2161 temporis
1572 2125 1696 2161 (partus.)
1716 2123 1788 2150 Paul.
1807 2123 1851 2150 IV.
1872 2125 1895 2150 9.

1056 2165 1093 2199 ἐξ.
1115 2167 1137 2191 1.
1158 2168 1181 2191 5.
1218 2165 1249 2192 Π.
1270 2168 1337 2200 ΟΡ.
1361 2166 1517 2193 Immaturus
1542 2167 1684 2199 (fructus.)
1709 2167 1739 2193 fr.
1764 2169 1805 2193 25.
1831 2167 1853 2201 ξ.
1872 2168 1894 2193 6.

1056 2208 1108 2243 Qu.
1134 2209 1161 2234 in
1185 2208 1215 2234 fr.
1241 2208 1310 2235 cred.
1335 2211 1375 2236 42.
1394 2211 1418 2236 8.
1456 2210 1570 2236 Crudus.
1596 2210 1625 2236 sr.
1645 2212 1686 2236 27.
1712 2210 1733 2243 ξ.
1752 2212 1793 2236 25.
1814 2209 1845 2236 ad
1864 2208 1893 2235 L.

1055 2251 1122 2287 Aqu.
1137 2252 1160 2277 9.
1174 2253 1199 2277 2.
1228 2251 1271 2277 III.
1292 2253 1357 2279 Gn·
1377 2252 1407 2279 Si
1425 2252 1467 2279 fur
1486 2253 1656 2289 decerpserit,
1675 2252 1718 2279 vel
1738 2252 1893 2283 desecuerit,

1055 2294 1156 2320 fructus
1174 2299 1291 2320 maturos
1310 2294 1464 2332 pendentes.
1485 2295 1514 2321 l'r.
1535 2297 1574 2322 12.
1595 2296 1616 2329 ᾗ.
1636 2298 1660 2322 5.
1681 2295 1712 2322 de
1731 2295 1811 2322 usufr.
1831 2297 1853 2321 7.
1870 2297 1891 2320 l.

1053 2337 1163 2362 Etiamsi
1182 2338 1290 2363 maturis
1310 2338 1448 2367 fructibus.
1468 2338 1582 2365 nondum
1596 2343 1681 2365 tamen
1696 2338 1836 2375 perceptiS,
1850 2336 1892 2363 de-

1054 2380 1172 2405 cesserit.
1193 2379 1222 2406 fr.
1242 2381 1265 2406 8.
1287 2380 1319 2406 (18
1338 2391 1395 2406 aun.
1416 2380 1491 2416 legat.
1511 2383 1552 2407 33.
1570 2383 1591 2408 1.
1613 2381 1644 2408 cf.
1665 2381 1694 2407 fr.
1714 2383 1737 2407 9.
1757 2390 1796 2416 pr.
1816 2379 1847 2405 ad
1860 2379 1890 2406 L.

1054 2421 1123 2448 Falc.
1143 2424 1184 2449 35.
1204 2424 1228 2449 2.
1248 2439 1280 2442 —
1305 2424 1335 2456 §.
1356 2424 1391 2449 2.
1412 2425 1561 2450 Adultus.
1598 2424 1641 2450 111.
1660 2426 1724 2451 011.
1745 2423 1773 2449 Si
1793 2424 1827 2449 ita
1847 2423 1891 2449 ad-

1053 2466 1203 2502 scripserit:
1223 2466 1314 2497 .,Cum
1333 2467 1417 2492 iustae
1436 2468 1527 2493 aetatis
1541 2468 1575 2493 sit
1589 2466 1707 2497 sactus;⁵‘
1725 2465 1779 2491 vel:
1800 2465 1890 2497 ..Cum

1052 2512 1167 2534 maturae
1187 2509 1315 2539 aetatis;“
1336 2508 1390 2534 vel:
1410 2508 1500 2540 „Cum
1519 2508 1694 2535 adoleverit.“
1713 2508 1742 2534 fr.
1762 2510 1803 2534 50.
1824 2509 1846 2542 ξ.
1866 2510 1889 2535 6.

1052 2550 1085 2577 de
1104 2550 1180 2586 legat.
1201 2550 1244 2576 111.
1264 2551 1330 2583 (32.)
1352 2567 1381 2571 -—
1404 2552 1433 2584 ξ.
1450 2553 1487 2578 3.
1509 2554 1724 2578 acceleratus.
1760 2551 1804 2577 111.
1823 2553 1888 2579 Un-

1051 2592 1156 2620 Solutio
1176 2609 1208 2612 —
1228 2593 1330 2620 facilior
1348 2595 1441 2631 pretii,
1461 2594 1503 2621 vel
1522 2594 1655 2620 maturior.
1678 2594 1708 2619 l'r.
1728 2595 1752 2620 4.
1772 2595 1793 2628 ξ.
1814 2596 1837 2621 6.
1857 2594 1889 2622 de

1050 2637 1077 2662 in
1097 2636 1164 2662 diem
1184 2635 1280 2663 addict.
1300 2638 1340 2663 18.
1359 2639 1384 2663 2.

1085 2679 1309 2707 Matutinus.
1329 2680 1457 2712 (Adiect.)
1478 2682 1526 2705 Ad
1542 2689 1630 2706 mane
1647 2682 1818 2714 pertinens.
1856 2680 1886 2707 ΙΙ.

1051 2723 1118 2755 ⁰1).
1138 2721 1301 2753 Matutinum,
1315 2738 1346 2741 —
1362 2722 1547 2759 Vespertinum
1567 2722 1705 2760 (tempus.)
1723 2722 1753 2750 sr.
1770 2725 1809 2750 10.
1829 2723 1885 2756 §.4

1049 2764 1081 2791 de
1100 2764 1186 2790 Aedil.
1207 2764 1283 2791 edict.
1303 2767 1343 2790 21.
1365 2766 1386 2790 l.
1613 2762 1614 2769 ¹

1082 2808 1354 2835 Mauricianus.
1404 2808 1425 2833 I.
1435 2808 1458 2833 C
1465 2813 1475 2833 t
1484 2817 1499 2834 u
1507 2817 1518 2834 s
1549 2810 1580 2835 R.
1588 2828 1595 2840 ,

1633 2811 1784 2844 aequalis
1808 2810 1885 2844 fere
