2197 3121
927 175 1014 206 BER
1039 193 1078 199 —-
1102 175 1185 206 BIN.

190 262 270 289 castri
296 262 409 288 nominc.
445 259 496 288 Th.
521 259 552 287 C.
576 258 632 286 VII.
660 259 684 284 4.
714 268 734 284 c.
753 258 796 285 30.
824 257 857 284 de
880 267 949 293 erog.
974 257 1027 284 mil.

190 315 284 332 annon.

227 349 413 382 Beryllus.
443 348 642 374 Gemmarum
660 345 792 378 species.
822 342 866 370 III.
879 344 945 372 Gn.
963 343 1029 371 Mar-

190 392 284 427 garita,
314 390 461 425 sardonyx,
490 389 651 419 ceraunium,
675 386 845 423 hyaeimhus.
869 386 1029 423 smaragdus,

191 434 305 465 adamas,
319 449 351 453 —-
365 431 484 468 beryllus
498 435 546 457 etc.
561 430 591 456 fr.
604 431 643 456 16.
658 430 679 463 3.
692 432 715 456 7.
735 429 767 456 de
779 429 910 466 publican.
930 431 972 456 39.
986 431 1010 456 4.

227 475 468 509 Berytensis,
491 483 512 499 s.
533 472 781 499 lic-tutiensis.
810 471 947 505 (Adiect.)
985 474 1031 498 Ad

191 521 362 546 civitatem
387 518 504 552 Beryti
524 517 701 550 pertinens.
742 514 784 540 III.
805 515 870 541 Cn.
903 515 1030 550 Beryten-

192 563 230 588 sis
251 561 354 587 colonia
374 561 400 587 in
420 559 509 586 eadem
522 559 657 595 provincia
676 558 725 590 (sc.
740 556 817 593 Syria
830 573 863 577 —-
876 557 1030 590 Phoenice).

192 604 223 630 fr.
239 605 261 630 Ι.
282 604 303 637 3.
319 605 341 630 l.
363 603 394 629 de
414 602 512 629 censib.
533 603 573 627 50.
589 603 628 627 15.
665 599 744 637 Apud
762 599 942 632 Berutienses.
961 611 982 627 s.
1002 600 1031 627 Iu

192 647 387 673 Berutiensium
406 644 620 682 splendidissima
639 644 752 670 civitate.
772 653 793 669 c.
808 645 832 669 2.
853 643 874 677 3.
889 645 912 670 9.
933 643 965 670 de
979 648 1030 670 vet..

195 690 251 715 iure
270 689 354 715 enucl.
376 690 398 714 1.
420 689 460 714 17.

230 731 420 766 BerytiuS.
446 730 584 763 (Adiect.)
621 728 704 760 Idem.
724 728 808 765 quod:
832 730 1030 765 Berytensis.

193 774 235 801 ΙΙΙ.
253 776 319 802 Cn.
347 773 433 800 Incola
454 773 523 810 apud
542 772 672 807 Berytios.
702 782 722 797 c.
744 773 766 797 1.
792 771 824 798 de
846 773 970 809 municip.
992 774 1031 799 10.

192 818 235 843 313.
272 816 300 843 In
320 817 425 843 civitate
438 816 606 852 Berytiorum
624 815 774 851 provinciae
787 814 951 842 Phoeniciae.
971 826 993 842 c.
1010 817 1031 842 l.

193 860 248 895 Qui
269 865 318 886 aet.
338 870 362 886 v.
382 859 495 896 profess.
516 860 555 884 10.
574 859 616 884 49.

228 904 403 936 Berytus.
429 903 560 928 Civitas
578 902 785 935 amplissima
804 903 836 928 in
852 904 1032 936 provinz-iu

193 947 292 980 Syria
312 961 345 964 —
358 946 522 972 Phoenice.
559 943 601 969 111.
619 945 684 971 Cn.
709 943 833 970 Laodicia
851 945 877 970 in
897 944 986 981 Syria⁷
1007 951 1033 971 et

192 987 309 1024 Berytus
328 988 354 1013 in
372 987 511 1013 Phoenice.
531 986 562 1013 fr.
576 987 599 1013 8.
620 987 642 1020 3.
655 988 679 1013 3.
700 986 733 1013 de
752 987 850 1014 censii).
871 990 912 1014 50.
933 990 972 1015 15.
1003 988 1032 1014 Iu

194 1032 329 1068 provincia
357 1030 434 1066 Syria
463 1030 567 1056 civitate
595 1030 709 1065 Beryto,
740 1040 825 1066 usque
852 1030 1032 1061 Brundisium.

194 1075 326 1105 (mutuam
344 1073 481 1109 pecuniam
500 1073 628 1099 nauticam
647 1073 769 1110 accepit).
797 1073 828 1099 fr.
844 1075 900 1099 122.
920 1073 942 1107 3.
958 1075 980 1100 1.
1001 1074 1033 1100 de

194 1115 226 1143 V.
248 1116 280 1142 Ο.
300 1118 342 1142 45.
363 1117 386 1142 l.

229 1160 322 1190 Bes,
347 1169 372 1185 v.
398 1159 537 1186 Bessis.
583 1160 702 1185 Triens
734 1161 860 1193 duplex.
900 1158 943 1186 III.
967 1160 1033 1187 Cn.

194 1200 230 1228 Vt
253 1206 282 1227 tu
306 1212 338 1228 ex
362 1202 457 1228 triente
481 1203 570 1228 socius
590 1211 677 1233 esses,
702 1211 749 1237 ego
775 1211 807 1228 ex
826 1201 912 1228 besse.
942 1202 972 1229 sr.
992 1205 1032 1229 76.

194 1254 242 1282 pro
262 1254 316 1271 soc.
338 1246 377 1271 17.
397 1246 421 1270 2.
459 1243 519 1270 Non
538 1245 656 1270 semissis
676 1255 689 1270 a
708 1244 787 1275 fisco,
812 1244 860 1271 scd
885 1245 971 1272 bessis
990 1256 1034 1283 pa-

194 1288 311 1314 trimonii
334 1287 495 1315 vindicetur.
520 1288 601 1313 triens
626 1287 748 1313 residuus
772 1292 821 1313 etc.
857 1287 907 1315 Th.
932 1288 963 1316 C.
988 1289 1032 1315 IX.

194 1331 236 1356 42.
257 1340 278 1356 c.
298 1332 322 1356 8.
342 1331 402 1364 3.1.
422 1330 454 1356 de
473 1330 533 1356 bon.
553 1340 654 1367 proscr.
691 1330 783 1367 Vsque
802 1331 834 1357 ad
852 1331 957 1358 bessem
977 1342 1035 1358 cen-

194 1373 303 1399 tesimae
328 1372 475 1406 (moderari
499 1372 721 1410 stipulationem).
751 1384 772 1400 c.
792 1375 833 1400 26.
864 1374 896 1400 de
920 1384 990 1401 usur.
1010 1376 1034 1401 4.

194 1416 237 1442 32.
274 1415 356 1442 Pretii
369 1416 474 1442 bessem
488 1415 633 1442 exsolvere.
654 1416 683 1442 fr.
700 1418 739 1442 12.
754 1417 776 1450 3.
790 1418 813 1443 8.
834 1417 918 1444 mand.
940 1419 979 1444 17.
995 1419 1016 1444 1.

232 1459 376 1486 Bestia.
406 1460 538 1485 Animal
556 1461 811 1495 nat1trafer1tnz.
840 1460 882 1487 III.
903 1461 968 1488 Cn.
987 1461 1036 1487 Be-

195 1502 260 1527 stias
280 1502 399 1538 accipere
419 1500 544 1527 debemus
565 1512 596 1527 ex
616 1501 717 1528 feritate
736 1503 826 1538 magis.
846 1513 923 1539 quam
940 1513 971 1530 ex
984 1505 1036 1530 ani-

196 1543 272 1570 malis
291 1554 393 1580 genere.
414 1543 443 1570 fr.
460 1546 482 1570 1.
496 1544 517 1578 3.
532 1545 555 1570 6.
576 1544 608 1570 de
626 1544 724 1581 postul.
744 1546 768 1570 3.
784 1547 806 1571 1.
826 1546 858 1572 cf.
878 1545 908 1572 fr.
924 1548 946 1572 1.
961 1547 982 1580 3.
995 1548 1034 1573 10.

196 1587 220 1612 si
234 1587 324 1623 quadr.
338 1597 415 1624 paup.
436 1588 459 1613 9.
476 1588 498 1613 l.
528 1586 730 1624 Quadrupedes,
750 1598 815 1624 quae
835 1588 903 1615 collo
923 1589 1036 1616 dorsove

197 1629 344 1657 domantur.
358 1640 406 1656 nec
420 1629 562 1656 bestiarum
576 1640 683 1656 numero
698 1635 766 1656 sunt.
787 1630 848 1668 ΠΡ.
859 1631 929 1658 XIX.
942 1634 964 1658 1.
979 1632 1036 1659 Gai.

198 1672 216 1698 1.
232 1674 288 1699 120.
309 1682 350 1709 sq.
386 1672 504 1703 Bestiae,
524 1672 605 1699 veluti
625 1674 687 1701 ursi.
707 1673 810 1701 leones.
831 1674 985 1711 pantherae„
1005 1692 1037 1695 -

199 1714 330 1751 elephanti
344 1720 429 1741 autem
443 1720 468 1741 et
482 1715 572 1742 cameli
587 1717 661 1752 quasi
675 1717 749 1742 mixti
763 1722 832 1747 sunt.
853 1722 901 1744 etc.
921 1717 951 1744 fr.
971 1720 994 1744 2.
1015 1719 1036 1752 3.

198 1759 222 1782 2.
242 1756 274 1783 ad
293 1756 322 1783 L.
342 1757 410 1794 Aqu.
435 1760 458 1784 9.
478 1760 502 1784 2.
545 1758 601 1785 Gai.
623 1758 653 1784 ll.
680 1760 720 1785 16.
751 1759 793 1785 111.
813 1761 871 1786 217.
909 1759 938 1786 Si
958 1760 1037 1787 ferani

202 1800 326 1831 bestiam,
345 1805 388 1826 aut
406 1800 549 1832 volucr‹·111,
569 1806 612 1827 aut
630 1802 730 1837 piscem
749 1818 781 1821 -
802 1807 905 1839 captum
925 1807 973 1829 etc.
1000 1803 1036 1829 lb.

199 1841 229 1868 II.
249 1843 290 1868 67.
337 1843 377 1869 Ex
401 1843 477 1869 bonis
502 1845 600 1869 nostris
626 1848 700 1880 capta
724 1855 737 1870 a
763 1844 855 1870 bestiis
879 1846 985 1871 marinis
1012 1850 1037 1871 et

198 1885 377 1911 terrestribus.
397 1885 427 1911 fr.
441 1887 483 1911 44.
503 1885 535 1912 de
549 1886 580 1911 A.
591 1885 622 1912 R.
637 1886 670 1912 1).
690 1888 731 1912 41.
747 1888 769 1912 1.
799 1887 853 1922 Qui
872 1887 1037 1924 depugnandi

199 1937 276 1954 causa
295 1933 445 1954 auctoratus
469 1929 529 1956 erit.
556 1929 634 1964 quive
658 1928 689 1955 ad
714 1929 812 1955 bestias
837 1929 986 1966 depugnare
1010 1941 1038 1957 se

199 1970 304 1997 locavit.
330 1970 399 1997 coll.
419 1970 471 1996 LL.
490 1970 523 1997 111.
544 1970 588 1997 IX.
608 1973 631 1997 2.
659 1971 686 1997 cf
710 1971 753 1998 IV.
772 1974 796 1998 3.
827 1972 858 1998 fr.
879 1975 901 1999 l.
921 1973 942 2007 3.
962 1975 986 2000 6.
1006 1973 1039 2000 (16

198 2013 297 2050 postul.
316 2014 340 2040 3.
362 2015 384 2038 1.
422 2013 489 2048 Qui,
514 2018 542 2039 ut
564 2013 633 2039 ferro
657 2019 700 2040 aut
720 2024 777 2041 cum
792 2015 885 2041 bestiis
909 2015 1038 2053 depugna-

199 2061 270 2088 rent,
300 2056 389 2082 traditi
417 2057 484 2087 sint.
514 2057 574 2082 inve
601 2056 691 2083 ludum
719 2057 898 2084 custodiamve
926 2060 1038 2086 coniecti

199 2099 303 2125 suerint.
332 2098 389 2125 Gai.
409 2098 427 2124 Ι.
444 2100 484 2126 13.
515 2098 609 2136 le.1.
625 2102 664 2126 ll.
694 2100 747 2135 Qui
766 2099 799 2126 ad
818 2100 914 2127 ferrum
934 2103 967 2135 (s.
986 2102 1038 2139 gla-

200 2141 284 2175 dium)
304 2147 348 2168 aut
366 2141 398 2168 ad
418 2141 525 2170 bestiaS.
546 2146 589 2168 aut
602 2143 628 2168 in
641 2143 774 2169 metallum
787 2143 948 2171 damnantur.
968 2144 998 2171 fr.
1013 2146 1036 2172 8.

201 2184 223 2217 3.
242 2186 265 2210 4.
290 2184 342 2220 Qu.
361 2189 463 2210 testam.
483 2183 530 2210 fac.
549 2195 575 2221 p.
594 2186 636 2211 28.
657 2187 679 2212 1.
708 2186 738 2212 fr.
757 2189 798 2213 25.
819 2188 841 2221 3.
861 2188 885 2213 3.
911 2187 943 2214 (16
961 2188 993 2214 A.
1013 2198 1037 2215 v.

202 2226 235 2252 O.
254 2226 285 2253 H.
304 2228 346 2254 29.
365 2229 389 2253 2.
420 2227 518 2253 Bestiis
538 2229 622 2264 primo
642 2239 747 2266 quoque
766 2240 873 2256 munere
891 2230 1037 2257 obiiciatur.

202 2268 252 2295 Th.
277 2269 307 2296 C.
326 2269 371 2296 IX.
393 2271 433 2296 18.
454 2280 475 2296 c.
496 2272 517 2296 1.
538 2270 570 2296 ad
588 2270 618 2297 L.
638 2270 700 2298 Fab.
725 2272 756 2299 cf.
777 2272 847 2299 Coll.
866 2272 919 2299 LL.
939 2273 972 2300 M.
992 2273 1037 2300 XI.

202 2316 226 2337 ὅ.
255 2310 327 2338 Paul.
346 2312 378 2339 V.
397 2314 439 2339 29.
459 2314 524 2347 3.1.

238 2354 430 2382 Risu-chia.
468 2357 584 2383 Munus
602 2359 739 2384 biarclti.
776 2357 819 2385 III.
839 2360 905 2386 Cn.
932 2359 975 2386 Ad
994 2359 1039 2386 du-

204 2407 293 2423 cenam
319 2398 393 2424 etiam
421 2404 446 2425 et
474 2404 620 2429 centenam.
650 2405 676 2426 et
704 2400 858 2432 biarchiam.
888 2412 963 2428 nemo
987 2402 1039 2429 suf-

204 2440 286 2476 sragio
306 2456 337 2459 —
357 2443 499 2477 perveniat.
536 2442 585 2469 Th.
606 2441 637 2469 C.
658 2442 675 2469 I.
695 2444 718 2470 9.
740 2453 759 2470 c.
782 2445 804 2470 l.
824 2443 928 2477 (chk.)
949 2445 981 2471 de
995 2445 1038 2472 off.

204 2492 268 2519 mag.
288 2482 357 2509 offic.

240 2525 439 2553 Biarchus.
475 2529 676 2564 Praefectus
699 2532 928 2556 commeatibus
951 2532 1039 2557 mili-

204 2576 278 2595 lum.
314 2568 357 2595 ΠΙ.
380 2570 445 2596 Gn·
478 2569 517 2596 Ne
540 2570 673 2597 ducenarii
695 2571 756 2608 plus
780 2582 857 2608 quam
875 2572 993 2600 XLVHI.
1013 2575 1039 2600 in

205 2610 317 2647 singulis
344 2611 501 2643 habeantur,
526 2628 558 2632 -
582 2615 690 2650 parique
708 2614 786 2641 modo
811 2615 977 2643 biarchorum
995 2627 1040 2643 no-

205 2665 265 2681 men
283 2655 455 2691 meritumque
469 2654 548 2682 CCL.
562 2657 611 2683 viri
624 2656 758 2684 dumtaxat
776 2674 808 2678 -—
827 2658 959 2696 impleant.
979 2670 1000 2686 c.
1014 2661 1038 2686 3.

206 2698 239 2724 de
258 2702 341 2734 agent.
362 2698 387 2727 in
407 2698 460 2724 reb.
486 2700 525 2724 12.
545 2700 586 2724 20.
616 2699 646 2725 cf.
672 2710 693 2726 c.
712 2702 736 2726 2.
760 2701 782 2734 3.
801 2703 843 2727 20.
867 2701 900 2728 (16
923 2702 966 2728 off.
986 2702 1038 2729 Prf.

206 2739 248 2766 Pr.
268 2740 324 2766 Afr.
345 2742 366 2765 l.
385 2741 427 2766 27.

244 2783 395 2810 Bibere.
432 2785 601 2811 Humorem
619 2794 672 2810 ore
689 2788 813 2819 ducere,
832 2789 972 2815 Humida
992 2791 1040 2815 de-

204 2827 338 2860 glutire.
382 2825 422 2852 111.
448 2827 512 2854 Gn.
547 2827 600 2863 Qui
624 2828 735 2854 iumenta
758 2830 888 2861 vendidit.
913 2831 981 2858 solet
1005 2833 1039 2858 ita

1052 625 1053 636 χ
1075 601 1172 631 rium,
1201 602 1364 626 librorum.

1872 178 1914 208 99

1073 259 1239 294 promittere:
1269 257 1349 289 Esse,
1368 257 1473 290 bibere,
1498 262 1527 285 ut
1546 262 1659 295 oportet.
1683 257 1714 284 sr.
1734 259 1774 284 11.
1795 258 1816 292 3.
1836 259 1860 284 4.
1879 258 1913 285 de

1072 300 1104 326 A.
1123 300 1155 327 E.
1173 299 1205 327 V.
1230 301 1269 326 19.
1292 301 1314 325 l.
1351 299 1434 333 Vasa,
1459 310 1525 337 quae
1549 300 1648 337 aliquid
1673 301 1700 327 in
1724 310 1753 327 se
1776 301 1912 338 recipiant,

1073 343 1168 370 edendi
1186 342 1348 379 bibendique
1368 353 1444 369 causa
1463 347 1589 380 paratum.
1614 343 1644 369 ir.
1666 345 1706 370 19.
1725 344 1747 377 3.
1769 345 1809 370 10.
1829 344 1860 370 cf.
1880 344 1911 371 fr.

1071 387 1113 411 21.
1138 385 1171 412 de
1190 394 1252 411 auro
1272 395 1323 421 arg.
1347 387 1388 412 34.
1408 388 1432 412 2.
1462 386 1493 412 cf.
1514 386 1543 412 fr.
1565 387 1604 412 ll.
1630 385 1662 412 de
1682 386 1776 423 supell.
1801 386 1850 423 leg.
1869 388 1911 413 33.

1074 429 1113 454 10.
1142 427 1202 455 Nou
1221 438 1305 459 omne,
1325 428 1397 464 quod
1416 428 1527 461 bibetur,
1546 429 1573 455 in
1591 439 1661 466 penu
1674 428 1793 456 habetur.
1813 446 1845 450 —
1864 429 1913 456 Ita-

1074 480 1125 507 que
1145 481 1173 496 ea
1192 470 1295 497 demum
1314 472 1421 508 penoris
1447 481 1518 502 esse,
1543 482 1608 508 quae
1632 471 1718 498 alendi
1745 483 1821 499 causa
1840 472 1912 499 bibe-

1076 518 1173 539 rentur.
1195 513 1225 540 fr.
1245 515 1268 540 5.
1289 524 1327 550 pr.
1348 514 1380 540 de
1399 524 1468 551 penu
1488 514 1535 550 leg.
1555 516 1597 541 33.
1616 516 1640 541 9.

1111 556 1362 584 Bibliotheca.
1404 557 1435 589 §-
1461 559 1495 584 1.
1540 559 1658 590 Theca,
1688 568 1710 584 v.
1742 559 1912 591 Reposito-

1410 599 1453 626 ΙΙΙ.
1479 601 1544 627 (711.
1572 599 1646 626 Libri
1675 605 1701 626 et
1727 599 1912 627 bibliothecae.

1075 641 1147 668 Paul.
1168 641 1209 668 III.
1229 643 1252 668 6.
1273 642 1294 676 3.
1314 644 1355 668 51.
1379 641 1409 668 fr.
1430 644 1470 669 12.
1495 643 1516 676 3.
1536 644 1578 669 34.
1603 642 1634 668 de
1653 644 1728 669 instr.
1753 642 1802 679 leg.
1826 644 1868 669 33.
1889 645 1912 669 7.

1076 684 1257 711 Bibliothecae
1284 685 1428 722 parietibus
1456 684 1630 711 inhaerentes.
1662 685 1692 712 fr.
1716 687 1758 712 41.
1787 686 1808 719 3.
1828 687 1852 712 9.
1881 686 1914 712 de

1076 727 1151 763 legat.
1171 727 1189 753 I.
1210 728 1286 761 (30.)
1317 743 1350 747 —
1380 728 1412 762 §.
1437 729 1472 754 2.
1505 729 1711 755 Vniversitus
1740 730 1913 761 librorum,

1076 772 1109 797 in
1130 772 1273 796 donzinio
1292 772 1420 805 singuli
1438 773 1705 798 constitutorum.
1742 770 1784 797 lll.
1800 772 1865 799 Gn.
1884 771 1914 798 Si

1076 812 1139 839 mihi
1159 813 1345 839 bibliothecam
1365 814 1399 839 ita
1417 813 1581 845 vendideris,
1605 814 1629 839 si
1653 813 1807 839 decuriones
1827 830 1859 833 —
1878 813 1915 841 lo-

1077 866 1135 882 cum
1154 855 1218 882 mihi
1236 856 1432 889 vendidissent,
1456 857 1482 882 in
1507 866 1558 893 quo
1583 865 1638 883 eam
1661 866 1794 894 ponerem.
1823 856 1853 883 sr.
1872 859 1913 884 50.

1077 898 1110 925 de
1130 903 1212 925 contr.
1234 904 1293 925 emt.
1320 901 1358 925 let.
1380 901 1402 925 1.
1428 899 1458 925 fr.
1478 901 1518 925 52.
1539 899 1560 932 3.
1582 901 1605 925 7.
1630 899 1662 926 de
1681 899 1757 935 legat.
1777 899 1819 926 111.
1839 900 1914 933 (32.)

1076 942 1225 978 Antiquarii
1250 941 1282 968 ad
1304 941 1480 968 bibliothecae
1500 942 1604 968 codices
1624 942 1831 979 componendos,
1864 942 1914 970 Th.

1077 984 1108 1012 C.
1127 984 1198 1011 XIV.
1219 986 1242 1011 9.
1263 994 1284 1011 c.
1304 986 1327 1010 2.
1349 984 1380 1010 de
1400 984 1468 1011 stud,
1489 984 1589 1011 liberal.
1609 985 1666 1011 urb.
1686 984 1762 1012 Rom.

1112 1028 1267 1055 Bidens.
1291 1029 1759 1064 Instrumentumfossorium,
1779 1031 1828 1055 vel
1845 1039 1913 1056 aru-

1076 1073 1208 1098 torium.
1251 1069 1295 1096 III.
1320 1071 1387 1097 Gn.
1423 1070 1529 1099 Aratra.
1554 1070 1669 1107 ligones,
1697 1071 1808 1103 sarculi,
1836 1071 1916 1098 falces

1077 1114 1231 1151 putatoriae.
1251 1112 1380 1139 bidentes.
1410 1113 1441 1140 sr.
1461 1116 1485 1139 ὃ.
1505 1123 1543 1150 pr.
1571 1114 1603 1140 de
1622 1115 1741 1141 instrum.
1762 1114 1809 1151 leg.
1829 1116 1871 1141 33.
1892 1117 1914 1141 7.

1076 1156 1149 1183 Paul.
1170 1156 1212 1183 ΙΙΙ.
1232 1157 1256 1182 6.
1277 1156 1299 1190 3.
1317 1157 1359 1182 35.

1114 1200 1291 1226 Biduum.
1332 1200 1466 1233 Tempus
1485 1201 1635 1225 binorum
1656 1201 1785 1228 dierum.
1815 1200 1834 1227 1.
1854 1202 1916 1236 Sy-

1077 1242 1154 1269 Prior
1173 1248 1198 1269 et
1217 1243 1350 1279 posterior
1369 1242 1433 1268 dies.
1470 1241 1555 1270 Alius.
1575 1252 1599 1268 v.
1619 1241 1719 1273 Altera,
1737 1243 1827 1277 (dies).
1847 1243 1878 1270 fr.
1891 1246 1916 1271 3.

1078 1287 1100 1320 3.
1119 1287 1143 1312 3.
1164 1285 1196 1311 de
1215 1287 1276 1311 min.
1296 1287 1320 1311 4.
1340 1287 1364 1311 4.
1384 1284 1414 1311 fr.
1435 1287 1457 1311 l.
1478 1285 1516 1318 33.
1530 1287 1553 1311 5.
1574 1295 1613 1321 sq.
1635 1287 1674 1312 ll.
1689 1296 1728 1322 sq.
1749 1286 1800 1321 Qu.
1820 1286 1916 1324 appell.

1078 1331 1119 1355 49.
1139 1331 1163 1355 4.
1184 1328 1214 1354 l'r.
1234 1330 1258 1354 3.
1278 1339 1317 1365 pr.
1338 1328 1370 1354 de
1384 1327 1416 1354 V.
1431 1327 1458 1354 S.
1479 1331 1520 1354 50.
1537 1329 1575 1354 16.
1605 1328 1633 1354 In
1652 1328 1752 1355 diebus.
1782 1329 1810 1355 111
1828 1329 1916 1357 biduo.

1079 1371 1109 1398 fr.
1128 1373 1188 1398 217.
1208 1372 1229 1405 ς.
1252 1373 1273 1397 1.
1293 1371 1310 1397 1.
1331 1371 1347 1397 l.
1367 1373 1408 1397 50.
1430 1372 1469 1398 16.

1115 1415 1326 1442 Biennalis.
1346 1414 1475 1448 (Adiect.)
1504 1417 1641 1442 Biennii
1659 1423 1759 1442 metae
1777 1425 1917 1450 compre-

1078 1460 1222 1484 hendens.
1259 1457 1302 1483 ΙΙΙ.
1322 1458 1387 1485 011.
1422 1457 1551 1484 Pensione
1574 1458 1690 1485 biennali
1712 1458 1836 1485 adiuvari.
1867 1458 1917 1485 Th.

1081 1500 1111 1528 C.
1131 1501 1175 1527 XI.
1195 1503 1237 1527 20.
1266 1511 1286 1527 c.
1307 1501 1330 1526 4.
1355 1501 1420 1534 3.1.
1445 1501 1477 1527 de.
1497 1501 1583 1528 collat.
1603 1501 1691 1528 donat.
1728 1501 1757 1527 In
1777 1511 1828 1538 quo
1848 1502 1918 1528 bien-

1080 1544 1147 1570 nalis
1167 1543 1242 1580 culpa
1263 1543 1476 1580 deprehenditur.
1496 1555 1517 1570 c.
1537 1546 1561 1571 3.
1582 1545 1614 1571 de.
1635 1549 1769 1571 commeat.
1790 1547 1830 1571 12.
1849 1546 1891 1572 43.

1116 1587 1333 1614 Biennium.
1358 1587 1503 1614 Duorum
1523 1598 1676 1614 annorum
1694 1590 1845 1622 spatium.
1876 1588 1917 1615 [Π.

1083 1631 1148 1657 (7η.
1172 1629 1235 1655 Post
1251 1629 1391 1656 biennium.
1413 1629 1441 1656 Si
1456 1640 1589 1657 emensum
1602 1630 1679 1657 fuerit
1694 1635 1795 1667 tempus
1809 1631 1916 1657 biennii.

1082 1683 1103 1699 c.
1122 1675 1146 1699 5.
1166 1672 1198 1699 de
1212 1672 1325 1708 naufrag.
1347 1674 1387 1699 11.
1405 1675 1429 1699 5.
1450 1683 1470 1699 c.
1486 1675 1508 1699 7.
1523 1684 1563 1710 sq.
1588 1674 1620 1700 de
1633 1684 1700 1700 omn.
1721 1684 1781 1709 agro
1801 1674 1856 1700 des.
1877 1676 1917 1700 11.

1081 1717 1123 1742 58.
1166 1715 1336 1742 Continuatio
1360 1717 1541 1753 possessionis
1565 1716 1670 1743 biennii.
1708 1716 1768 1753 le.
1793 1717 1865 1744 XIX.
1893 1718 1916 1743 8.

1082 1759 1192 1785 Biennio
1213 1759 1339 1796 compleri
1359 1760 1557 1795 usucapionem,
1582 1774 1614 1778 —
1634 1769 1657 1785 v.
1678 1761 1809 1797 usurecipi
1829 1761 1919 1797 (prae-

1083 1802 1180 1833 dium).
1210 1801 1267 1828 Gai.
1287 1801 1317 1827 ΙΙ.
1337 1803 1378 1827 42.
1399 1803 1440 1827 61.
1459 1803 1518 1827 204.
1546 1801 1618 1828 Paul.
1638 1801 1656 1828 Ι.
1678 1804 1717 1828 17.
1737 1802 1759 1836 9.
1776 1805 1801 1829 2.
1838 1803 1919 1830 Vaca-

1084 1846 1118 1870 tio
1138 1845 1244 1870 biennii.
1273 1843 1334 1881 le.
1353 1843 1424 1870 XIV.
1447 1845 1468 1870 l.

1118 1887 1318 1915 Bifarialn.
1339 1886 1451 1920 (Advb.)
1472 1888 1670 1921 Dupliciter.
1694 1887 1712 1914 1.
1729 1889 1791 1923 Sy.
1810 1888 1918 1926 Duplici

1082 1930 1173 1961 modo,
1198 1929 1349 1967 Dupliciter
1373 1929 1508 1966 (intelligi,
1528 1941 1551 1956 v.
1572 1932 1725 1963 numerari).
1754 1932 1784 1958 fr.
1803 1934 1827 1959 4.
1852 1933 1874 1966 3.
1892 1934 1917 1959 2.

1082 1973 1113 2000 fr.
1134 1975 1174 1999 10.
1194 1974 1215 2007 3.
1237 1975 1277 1999 15.
1298 1972 1329 1999 de
1349 1972 1420 2009 grad.
1441 1978 1466 1999 et
1485 1973 1562 2000 adlin.
1581 1975 1622 2000 38.
1643 1976 1683 2000 10.

1117 2016 1288 2050 Biiugus.
1318 2016 1455 2050 (Adii-ct.)
1501 2018 1598 2044 Binis
1629 2019 1783 2044 iumentis
1813 2024 1917 2053 aptus.

1082 2059 1124 2086 111.
1145 2060 1210 2086 Gn.
1240 2058 1364 2085 Carrucis
1384 2059 1479 2095 biiugis
1498 2060 1543 2086 uti.
1572 2059 1622 2086 Tb.
1647 2059 1677 2087 C.
1696 2060 1767 2087 XIV.
1792 2063 1832 2088 12.
1853 2072 1874 2088 c.
1895 2063 1916 2088 l.

1082 2102 1114 2129 (16
1132 2102 1283 2128 honoratur.
1302 2102 1386 2129 vehic.

1117 2146 1394 2172 Bimenstruus.
1432 2144 1473 2172 Cf.
1492 2155 1517 2171 v.
1537 2145 1732 2173 Dimenstruus.

1118 2189 1261 2216 nimus.
1301 2188 1439 2222 (Adit-ct.)
1482 2190 1662 2216 Biennalis.
1709 2189 1727 2216 I.
1756 2190 1818 2224 Sy.
1854 2189 1917 2216 Post

1082 2232 1224 2258 biennium.
1261 2231 1335 2257 Bima
1360 2231 1409 2257 die.
1440 2231 1471 2258 fr.
1491 2233 1531 2258 49.
1556 2232 1577 2265 3.
1598 2234 1621 2259 1.
1646 2232 1678 2259 (16
1696 2232 1771 2269 legat.
1796 2233 1814 2259 1.
1839 2233 1916 2266 (30.)

1082 2275 1125 2301 IJJ.
1145 2276 1211 2302 οη.
1239 2274 1345 2306 Annua,
1366 2274 1450 2307 bima,
1470 2276 1545 2301 trima
1564 2275 1614 2302 die.
1643 2275 1704 2313 le.
1724 2275 1767 2302 Vl.
1787 2277 1810 2302 S.
1830 2275 1860 2302 sr.
1875 2277 1915 2302 19.

1082 2328 1121 2355 pr.
1146 2317 1177 2344 fr.
1197 2319 1238 2344 49.
1263 2317 1344 2351 33.1.
1363 2319 1387 2343 3.
1412 2317 1429 2344 l.
1450 2317 1466 2343 l.
1492 2318 1567 2351 (30.)
1596 2317 1627 2344 fr.
1646 2320 1670 2345 3.
1694 2329 1734 2356 pr.
1758 2319 1837 2353 331.
1857 2328 1915 2356 sqq.

1083 2361 1115 2387 de
1134 2371 1192 2387 ann.
1212 2360 1288 2396 legat.
1308 2361 1388 2387 33.1.
1416 2360 1571 2387 Aestimatio
1585 2362 1654 2388 bima
1672 2361 1788 2388 facienda
1807 2361 1916 2395 (ususfr.

1083 2405 1109 2430 in
1127 2403 1261 2430 biennium
1281 2404 1431 2430 continuum
1450 2404 1557 2439 relicti).
1580 2405 1611 2432 fr.
1630 2406 1653 2431 6.
1673 2405 1706 2431 de
1723 2415 1771 2431 usu
1790 2409 1816 2431 et
1834 2404 1915 2432 usufr.

1083 2446 1132 2479 leg.
1151 2448 1193 2473 33.
1212 2448 1236 2472 2.

1120 2489 1220 2516 Bini.
1249 2488 1378 2523 (Adiect.)
1416 2490 1495 2523 §.10
1527 2492 1604 2518 Duo.
1641 2491 1684 2517 III.
1705 2491 1770 2518 Cn·
1797 2489 1826 2517 Si
1839 2491 1915 2518 binae

1083 2532 1186 2559 tabulae
1209 2532 1388 2569 proferantur,
1414 2533 1526 2561 diversis
1549 2534 1710 2570 temporibus
1729 2533 1826 2566 factae,
1850 2545 1916 2562 unae

1083 2576 1169 2612 prius.
1189 2575 1253 2601 aliae
1271 2581 1372 2612 postea.
1392 2575 1422 2603 fr.
1443 2579 1483 2603 ll.
1504 2577 1536 2603 de
1555 2578 1651 2603 iniusto
1670 2581 1738 2613 rupt.
1757 2577 1799 2603 28.
1818 2578 1842 2603 3.
1872 2577 1915 2604 Bi-

1083 2628 1129 2644 nas
1144 2617 1231 2646 aedes.
1252 2628 1300 2644 una
1315 2620 1508 2655 contignatione
1526 2624 1606 2645 tectas
1626 2618 1772 2653 (habebat),
1791 2625 1916 2657 utrasque

1083 2661 1195 2688 diversis
1214 2661 1317 2698 legavit.
1346 2662 1377 2689 fr.
1396 2664 1437 2688 36.
1463 2662 1494 2688 cl'.
1515 2662 1544 2688 sr.
1566 2663 1605 2687 10.
1625 2661 1656 2688 sr.
1675 2663 1716 2688 35.
1737 2662 1769 2689 de
1788 2662 1815 2689 S.
1834 2663 1863 2690 P.
1882 2663 1914 2691 V.

1083 2706 1106 2730 8.
1126 2706 1151 2730 2.
1171 2720 1203 2724 ο-
1228 2705 1258 2737 §.
1279 2706 1313 2731 2.
1342 2707 1459 2731 Plures
1479 2714 1544 2730 uno.
1573 2703 1615 2730 [II.
1635 2706 1701 2732 Gn.
1724 2705 1790 2732 Bina
1808 2716 1915 2743 sponsa-

1084 2747 1131 2779 lia,
1156 2747 1263 2773 binasve
1282 2749 1385 2784 nuptias·
1409 2748 1434 2773 in
1454 2746 1543 2772 eodem
1565 2752 1680 2784 tempore
1699 2750 1855 2775 constitutas
1874 2749 1915 2775 ha-

1084 2790 1153 2816 bere.
1173 2790 1204 2816 fr.
1226 2792 1248 2816 1.
1269 2790 1298 2816 fr.
1321 2792 1359 2816 13.
1380 2791 1454 2823 331.
1475 2800 1533 2826 sqq.
1553 2789 1585 2816 dc
1605 2791 1629 2817 h.
1649 2801 1691 2828 qu.
1712 2797 1765 2818 not.
1786 2791 1870 2818 insani.
1888 2794 1905 2818 3

1083 2835 1106 2859 2.
1145 2833 1224 2860 Binas
1245 2843 1339 2860 uxores
1359 2833 1461 2858 habere.
1482 2843 1502 2859 c.
1521 2835 1545 2859 2.
1566 2833 1598 2860 de
1618 2834 1708 2861 incest.
1729 2840 1800 2869 nupt.
1819 2837 1842 2860 5.
1862 2836 1885 2859 5.

1417 2877 1449 2902 13
1461 2876 1475 2889 ἴ·
