2197 3121
953 152 1037 184 FAC
1063 171 1101 176 —
1128 152 1219 183 FAL.

218 235 259 262 his
282 240 336 265 est,
361 240 468 272 sperant
491 235 618 261 homines.
644 233 674 260 t'r.
701 235 740 259 10.
774 233 828 269 Qui
849 238 874 260 ct
894 244 906 260 a
927 243 969 270 qu.
990 245 1057 260 man.

217 280 258 304 40.
278 279 301 304 9.
338 277 487 304 Facultates
507 288 568 304 suas
588 282 724 314 suspectas
745 276 849 303 hahere.
870 276 969 303 Gai.lt.
984 279 1040 303 154.

252 321 463 347 Facundia.
489 322 651 348 Facultus
669 321 859 346 disserendi.
884 319 902 345 Ι.
918 321 979 354 Sy.
999 319 1059 346 Elo-

217 365 331 399 quentia.
369 363 409 390 Cf.
430 363 454 390 h.
474 373 498 389 v.
536 363 578 389 [ΙΙ.
600 365 665 390 οη.
694 362 744 388 Pro
768 362 847 388 modo
867 361 937 393 litiS.
957 372 1058 399 proque

216 406 335 433 advocati
356 405 488 434 facundia.
513 411 539 432 et
562 406 612 432 sori
637 405 841 436 consuetudine,
866 409 891 430 et
914 404 1004 431 iudicii
1026 421 1055 425 -

216 450 424 476 aestimationem
444 448 574 475 adhibeat.
595 448 625 475 fr.
647 450 668 475 1.
688 449 768 482 510.
788 447 821 474 de
841 452 906 473 extr.
927 457 1001 483 cogn.
1016 450 1056 473 50.
1079 450 1081 482 J

217 493 256 517 13.
294 492 431 519 Excellcrcv
451 496 556 528 oportet
576 492 624 524 (sc.
645 492 783 527 magistros
802 490 961 522 studiorum)
981 491 1059 516 mori-
1079 505 1081 511 ν

215 533 265 560 bus
284 535 405 571 primum.
426 533 521 560 deinde
540 533 667 560 facundia.
689 533 739 560 Th.
757 532 786 559 C.
806 532 876 559 XIII.
896 534 919 558 3.
941 543 962 559 c.
982 535 1005 559 5.
1026 532 1058 559 ‹le

215 577 308 603 medic.
329 582 353 603 et
373 577 440 613 prof.
479 576 532 612 Qui
563 576 682 603 facundia
705 576 852 612 graecitatis
877 575 979 612 pollere
999 585 1057 602 nos-

215 624 317 646 cuntur.
337 619 373 645 lb.
393 618 464 645 XIV.
484 620 508 645 9.
529 630 550 645 c.
570 621 593 646 3.
614 619 647 645 de
666 618 735 646 stud.
755 618 830 644 liber.
852 618 908 644 urb.
928 618 958 645 R.

249 671 465 697 Facundus.
503 669 633 703 (Adiect.)
673 671 835 696 Disertus.
872 668 890 695 I.
912 670 972 703 Sy.
998 669 1058 695 Elo-

215 713 389 749 quentissimi.
410 712 603 738 facundissimi
623 713 706 745 (viri.)
727 722 748 738 e.
768 713 790 738 6.
811 721 851 748 pr.
872 712 908 746 55.
922 713 946 738 2.
967 721 1007 748 sq.
1025 711 1057 738 de

214 755 307 781 advoc.
332 755 384 781 div.
413 755 538 782 iudicum.
561 757 585 781 2.
610 755 633 781 8.
670 753 717 781 Iul.
742 764 782 791 ep.
811 764 871 781 nov.
903 765 924 781 c.
950 756 990 781 76.
1019 755 1048 789 55

212 799 271 825 283.
292 808 332 835 sq.

248 850 436 876 Faeneus.
475 848 516 875 Cf.
536 858 560 874 v.
577 847 707 874 Foeneus.

247 900 363 926 Faex-
403 901 534 931 Sordes,
555 899 709 925 Dedecus.
748 898 766 924 Ι.
790 899 853 932 Sy.
885 898 950 925 Sors
970 898 1056 925 vilior.

212 941 262 968 Th.
285 941 315 968 C.
335 941 394 968 XV.
416 944 438 968 7.
459 952 479 968 c.
500 943 523 967 4.
544 952 565 967 c.
586 942 609 967 9.
630 941 662 967 de
681 941 792 967 scaenic.
813 941 854 967 III.
876 943 941 969 Cn.
961 941 991 967 Si
1010 952 1057 978 per

215 990 358 1021 egestatem
384 985 479 1011 abiecti
503 989 565 1010 sunt
592 985 617 1010 in
646 984 742 1010 faecem
765 983 945 1021 vilitatemque
968 984 1057 1022 plebe-

214 1029 272 1054 iam.
297 1027 334 1054 lh.
355 1027 399 1054 IX.
420 1030 460 1054 42.
485 1037 505 1054 c.
530 1028 554 1053 5.
579 1026 613 1053 de
636 1027 697 1054 bon.
724 1036 825 1064 proscr.
864 1027 962 1054 Servili
985 1028 1071 1054 saece'

212 1070 385 1097 descendens.
405 1070 442 1097 Ib.
460 1069 532 1096 XVI.
554 1072 577 1096 5.
598 1080 618 1096 c.
638 1072 680 1096 21.
704 1070 736 1096 de
755 1069 853 1096 haeret.
892 1070 931 1097 Ne
949 1070 1055 1108 praedia

214 1130 242 1134 —
264 1113 431 1139 sordidorum
451 1123 587 1139 muncrum
606 1113 678 1140 faece
698 1113 742 1147 [al.
758 1113 840 1147 fasce]
860 1119 997 1140 vexentur.
1017 1113 1054 1140 ΙΙ),

209 1155 280 1183 XVI.
300 1158 324 1182 2.
345 1166 366 1182 c.
387 1159 427 1182 40.
448 1156 480 1183 dv
500 1157 581 1193 epiSc.
602 1156 666 1182 eccl.

245 1207 432 1234 Falcidia.
471 1208 501 1240 ς’.
522 1208 557 1234 1.
595 1209 712 1234 Nomen
732 1209 828 1242 legis,
848 1217 928 1241 quae
947 1209 1054 1233 inter-

208 1251 297 1276 dixit
315 1260 349 1276 ue
374 1256 497 1284 quarta
520 1260 599 1284 pars
623 1252 775 1276 bonorum
794 1252 900 1276 heredi
919 1252 1053 1276 relicto-
1076 1260 1077 1264 ¹

209 1302 275 1318 rum
295 1295 417 1327 legatis
438 1294 686 1319 exhauriretur.
723 1292 766 1319 III.
791 1294 857 1320 (¹11.
895 1291 952 1318 Lex
971 1291 1053 1318 Falci-

208 1335 263 1366 dia.
287 1336 403 1371 itemque
426 1335 453 1362 S.
479 1335 510 1361 C.
535 1335 722 1371 Pegasiauum,
742 1351 774 1354 —-
795 1340 912 1372 quartam
931 1335 1052 1362 residuae

208 1377 362 1404 hereditatis
388 1378 420 1404 ad
444 1378 567 1404 heredem
592 1378 677 1404 voluit
700 1379 841 1415 pertinere.
868 1378 938 1404 Paul.
959 1378 1003 1405 lv.
1026 1380 1050 1404 3.

208 1421 247 1454 ξς.
266 1422 290 1446 3
310 1423 332 1447 5.
354 1423 377 1447 9.
398 1421 429 1447 ef.
450 1420 507 1447 Gai.
523 1421 552 1447 11.
572 1423 631 1447 227.
645 1423 704 1447 254.
725 1420 951 1458 V111.x.x*1v.32.
967 1420 1044 1447 xxv

209 1465 249 1489 14.
270 1463 300 1489 fr.
322 1465 343 1489 l.
364 1474 402 1500 pr.
423 1463 455 1490 ad
474 1463 503 1490 L.
525 1464 594 1490 Falc.
613 1466 655 1490 35.
670 1466 694 1490 2.
731 1463 828 1500 Legem
847 1463 989 1490 Falcidiam
1008 1465 1049 1490 im‹
1073 1462 1075 1486 ἶ

207 1505 321 1543 plorare.
342 1517 365 1533 v.
386 1507 509 1532 obiicere.
533 1506 563 1533 fr.
584 1508 623 1533 78.
649 1517 688 1544 pr.
714 1506 745 1533 sr.
765 1509 807 1532 δῖ.
835 1507 858 1540 5.
878 1509 901 1533 4.
923 1506 954 1533 de
974 1507 1049 1543 legat.

207 1548 238 1575 ll.
259 1551 325 1582 (31.)
345 1550 507 1576 Beneficium
527 1549 556 1576 L.
583 1549 721 1576 Falcidiae.
748 1549 779 1576 l'r.
798 1552 838 1576 23.
864 1549 896 1575 de
916 1549 940 1576 h.
961 1560 996 1586 qu
1024 1555 1051 1576 ut
1073 1547 1074 1558 ³

208 1591 260 1618 ind.
279 1594 320 1618 34.
341 1596 365 1618 9.
402 1592 479 1618 Ratio
498 1592 528 1618 L.
550 1592 647 1619 Falcid.
671 1593 700 1619 t'r.
722 1594 762 1618 77.
788 1593 808 1626 5.
831 1594 852 1618 l.
873 1592 905 1618 dc
924 1592 999 1629 legat.
1020 1593 1050 1619 ll.
1072 1592 1073 1596 ¹

207 1635 275 1667 (31.)
295 1650 327 1654 -
347 1636 377 1668 §.
398 1637 432 1662 2.
459 1637 507 1667 ld,
533 1638 615 1670 quod
637 1637 822 1670 legatariis
846 1646 882 1662 ex
906 1638 963 1663 Ιιαι·
982 1639 1073 1671 leget

208 1678 395 1709 deducitur,
419 1680 546 1711 Quarta
566 1680 733 1705 Falcidia.
771 1677 789 1703 I.
815 1679 878 1712 sy.
899 1678 1049 1714 Quadrans,

209 1719 253 1754 qui
272 1718 362 1746 heredi
381 1721 531 1757 imponitur.
553 1721 660 1756 Quarta.
698 1720 814 1747 Falcidia
835 1726 872 1758 (p.
888 1726 938 1754 se.)
958 1722 988 1749 fr.
1010 1724 1049 1748 11.
1072 1731 1073 1739 ¹

208 1761 228 1794 5.
249 1762 272 1787 6.
297 1761 326 1788 fr.
350 1765 392 1789 21.
417 1764 437 1797 5.
465 1765 487 1789 l.
512 1763 544 1789 ad
567 1763 596 1790 L.
622 1762 690 1789 Falc.
715 1765 757 1789 35.
781 1765 804 1789 ’2.
830 1763 859 1789 fr.
880 1766 921 1790 49.
942 1764 974 1791 de
993 1766 1049 1791 iure

207 1803 273 1829 fisci.
293 1806 334 1831 49.
356 1807 394 1831 14.
415 1815 437 1831 c.
458 1808 497 1831 13.
518 1805 550 1832 de
568 1805 599 1832 R.
620 1805 652 1832 C.
670 1808 694 1831 4.
715 1807 737 1831 l.
774 1805 817 1832 III.
833 1808 898 1833 Cu.
921 1807 1001 1842 Quod
1016 1823 1048 1826 —

207 1846 240 1873 ad
258 1857 299 1873 me
318 1849 438 1884 pervenit
458 1858 537 1885 supra
558 1847 699 1874 Falcidiam
720 1849 776 1874 eins
795 1850 937 1885 portionis.
958 1849 987 1876 fr.
1008 1852 1040 1876 21

206 1890 227 1923 5.
250 1891 271 1916 1.
292 1890 308 1916 l.
327 1892 369 1916 35.
389 1893 413 1916 2.
452 1890 531 1926 Quod
550 1890 651 1917 Maevio
666 1890 781 1917 Falcidia
800 1891 891 1918 aufert.
912 1892 941 1918 fr.
957 1895 996 1919 10.
1018 1893 1050 1919 dc
1071 1906 1072 1911 ¹

206 1932 269 1959 dote
291 1932 404 1969 praelcg.
428 1935 470 1959 3-3.
495 1934 517 1958 4.
566 1932 595 1958 In
619 1933 716 1960 tabulis
746 1934 829 1970 patris
853 1939 879 1960 et
901 1934 949 1961 filii
973 1946 1048 1962 unam

206 1974 348 2001 Falcidiam
372 1976 478 2001 servari.
506 1975 535 2001 fr.
562 1977 600 2001 ll.
626 1977 647 2009 5.
668 1978 693 2001 5.
719 1976 751 2002 ad
770 1976 800 2002 L.
821 1976 892 2003 Falc.
911 1980 951 2004 35.
971 1980 995 2004 2.
1017 1995 1048 1998 -

206 2018 237 2051 ἓ.
261 2019 298 2044 3.
321 2020 446 2051 Quarta
466 2020 666 2053 Pegasiano.
704 2019 746 2045 111.
762 2020 828 2046 Cn.
848 2019 998 2047 Restituere
1012 2027 1049 2047 to-

206 2065 256 2086 tam
277 2060 455 2092 hereditatem,
477 2070 528 2086 non
549 2060 660 2087 deducta
681 2061 804 2088 Falcidia.
825 2062 854 2088 I'r.
876 2064 898 2088 1.
918 2064 939 2097 5
960 2066 997 2090 19.
1017 2064 1046 2090 fr.
1069 2072 1070 2084 ³

206 2105 247 2129 51.
266 2103 296 2129 fr.
316 2106 357 2130 55.
378 2105 398 2138 ξ.
419 2106 442 2131 2.
459 2103 493 2130 fr.
513 2106 555 2129 58.
575 2104 597 2137 ς.
616 2106 639 2130 3.
661 2103 692 2130 ad
712 2104 738 2131 s.
760 2104 790 2131 C.
812 2104 890 2131 Treb.
909 2108 951 2132 36.
974 2109 994 2133 1.
1014 2123 1046 2126 -
1069 2092 1070 2126 l

207 2146 238 2178 ἓ.
260 2147 298 2172 4.
318 2148 486 2182 Legitima
504 2149 629 2180 portio,
651 2157 729 2181 quae
746 2151 949 2181 parentibus
969 2146 1070 2176 libe-l

803 2190 820 2217 1.
846 2192 908 2225 sy.
939 2192 1045 2224 Deba...
1068 2225 1069 2230 ¹

206 2190 316 2222 risque
338 2200 372 2215 es
397 2196 591 2216 testamento
615 2192 755 2216 debetur.

206 2240 230 2256 v.
249 2229 383 2266 Legitima,
404 2233 513 2269 (portio,
533 2242 553 2258 s.
574 2235 656 2269 pai-S.)
677 2232 707 2258 l'r.
727 2236 750 2258 ὅ.
774 2234 811 2267 55.
832 2235 854 2260 8.
881 2244 919 2270 sq.
947 2237 985 2261 lt.
1006 2237 1046 2262 14.

207 2272 239 2298 de
258 2273 329 2299 inoff.
350 2278 449 2301 testam.
475 2278 498 2301 5.
518 2277 541 2301 2.
567 2285 587 2301 c.
607 2276 648 2301 30.
673 2275 694 2308 5.
719 2277 743 2301 2.
768 2286 789 2302 c.
815 2278 855 2302 31.
883 2277 940 2303 eod.
960 2280 984 2304 3.
1004 2280 1045 2305 23.

207 2315 248 2341 III.
270 2317 336 2343 Cn.
372 2316 406 2342 Et
424 2319 462 2344 sic
486 2316 577 2343 liberis
602 2317 733 2350 Falcidia,
758 2319 772 2344 i.
798 2329 818 2345 e.
839 2320 1046 2356 uniuscuiusque

207 2359 337 2394 portionis
357 2364 447 2394 quarta
466 2361 567 2397 portio,
592 2360 711 2387 debetur.
740 2361 837 2398 Interp.
858 2362 890 2388 ad
909 2361 981 2388 Paul.
1002 2362 1046 2390 IV.
1067 2379 1068 2387 η

207 2403 229 2427 5.
254 2401 275 2434 5.
300 2402 323 2427 6.
365 2401 467 2428 Illibata
491 2403 596 2429 donatio
620 2409 769 2440 permanet.
794 2406 845 2430 nisi
870 2410 956 2432 tamen
979 2405 1045 2441 legis

207 2442 337 2469 Falcidiae
361 2445 426 2469 ratio
451 2446 591 2472 comminui
615 2457 669 2473 eam
694 2448 816 2483 exegerit.
842 2447 926 2474 Vatic.
946 2448 960 2481 5
986 2450 1044 2475 281.

207 2486 239 2512 cs.
259 2486 305 2512 Iul.
327 2496 366 2523 ep.
387 2496 445 2512 nov.
467 2497 488 2513 c.
507 2488 531 2513 4.
550 2488 631 2521 §.17.
653 2500 673 2516 c.
692 2492 734 2516 37.
759 2491 780 2523 5.
803 2491 860 2516 164.
898 2490 987 2517 Solam
1007 2492 1044 2517 eis

206 2529 348 2555 Falcidiam
368 2529 471 2555 debitae
490 2533 666 2558 successionis
685 2532 842 2569 relinquant.
863 2532 911 2559 Th.
933 2532 1044 2560 CXVI.

206 2575 230 2598 S.
251 2582 270 2598 c.
289 2574 331 2597 25.
352 2571 383 2597 (le
403 2572 457 2598 Iud.
479 2572 506 2598 cl*
530 2572 573 2598 ΙΧ.
594 2575 633 2600 14.
653 2585 673 2601 c.
693 2577 716 2602 3.
736 2576 772 2609 55
787 2579 810 2602 2.
830 2578 853 2602 5.
874 2576 906 2602 ad
919 2575 948 2602 L.
964 2576 1043 2603 Corn.

206 2615 238 2641 de
258 2616 332 2641 sicar.
371 2614 399 2640 In
424 2614 552 2651 quandam
572 2615 713 2644 Falcidiam
737 2618 886 2645 succedere.
911 2619 948 2646 lh.
969 2619 999 2646 V.
1020 2622 1043 2646 1.

206 2669 227 2684 c.
247 2659 271 2684 4.
291 2658 313 2691 5.
334 2659 355 2683 l.
376 2657 408 2683 de
427 2657 495 2694 legit.
516 2658 626 2684 het-edit.

240 2711 440 2737 Falernus.
479 2710 615 2741 (Adiect.)
652 2713 699 2737 Ad
720 2714 883 2747 regionem
904 2715 1042 2748 Campa<

205 2755 278 2779 niae
306 2759 468 2786 spectans.
501 2755 588 2779 inter
614 2755 765 2780 Calenum
793 2762 821 2782 et
846 2758 1041 2784 Sinuessam.

206 2795 247 2823 III.
270 2797 336 2823 Gn.
356 2795 418 2822 Vini
437 2795 553 2828 Falerni,
574 2796 646 2832 quod
665 2795 735 2823 domi
754 2803 912 2831 nasceretur,
935 2804 1043 2835 quotan-

1881 154 1944 184 :365

1080 236 1082 263 l
1105 235 1145 261 nis
1164 236 1190 261 in
1213 243 1295 260 annos
1315 234 1433 270 singulos
1457 234 1534 261 binos
1560 234 1650 262 culeos
1675 234 1746 261 dato.
1769 233 1798 260 sr.
1820 235 1859 260 17.
1879 234 1901 267 5.
1922 236 1943 260 1.

1080 294 1081 299 .
1105 276 1137 303 (le
1157 287 1215 304 ann.
1236 277 1311 313 legat.
1331 279 1372 303 33.
1396 280 1416 304 1.

1139 320 1324 347 Fallacia.
1362 321 1479 353 Dolus,
1508 323 1622 347 Fraus.
1660 320 1679 346 1.
1704 321 1765 354 Sy.
1796 318 1943 346 Calliditas.

1104 361 1144 388 Cf.
1167 363 1192 389 h.
1211 373 1235 389 v.
1273 362 1315 389 111.
1331 364 1396 390 Gn.
1414 363 1512 390 Dolum
1532 363 1627 390 malum
1647 373 1705 389 esse
1725 372 1827 388 omnem
1847 361 1944 388 callidi-

1080 411 1081 414 ’
1104 409 1196 433 tatem.
1217 404 1356 433 fallaciam.
1376 405 1594 432 machinationem
1614 405 1659 439 (ad
1678 404 1943 437 circumveniendum,

1104 447 1256 480 fallendum,
1276 447 1460 484 decipiendum
1479 448 1588 475 alterum
1608 448 1771 480 adhibitam.)
1792 447 1822 474 fr.
1841 450 1862 474 l.
1882 448 1904 481 5.
1917 449 1942 473 2.

1103 490 1136 516 de
1156 490 1180 516 (l.
1200 501 1232 516 m.
1253 492 1276 517 4.
1296 492 1319 517 3.
1340 490 1372 516 cl'.
1393 490 1423 517 fr.
1445 492 1467 517 7.
1488 492 1509 524 5.
1530 493 1553 517 9.
1575 491 1607 517 de
1626 496 1694 528 pact.
1714 491 1793 516 214.
1831 490 1881 516 Per
1898 490 1943 516 sal-

1102 532 1202 565 laetam.
1223 533 1319 560 dolove
1338 532 1405 560 malo
1431 534 1594 566 (amovere.)
1614 533 1644 560 fr.
1658 532 1705 559 '45.
1725 533 1756 559 fr.
1775 535 1817 559 51.
1837 543 1875 569 pr.
1896 542 1943 569 pro

1103 585 1156 601 soc.
1178 578 1218 602 17.
1237 578 1261 602 2.
1298 575 1345 607 Vi.
1370 575 1413 602 vel
1433 576 1533 602 fallacia
1559 578 1728 613 (potestatem
1752 576 1869 602 hostium
1888 586 1944 602 eva-

1102 618 1190 650 dere.)
1215 618 1244 645 fr.
1268 620 1310 645 26.
1335 618 1367 645 dc
1392 620 1487 656 captiv.
1513 620 1553 645 49.
1580 621 1619 645 15.
1662 618 1739 645 Vltro
1758 618 1882 650 iurando,
1901 617 1945 644 vcl

1104 661 1218 697 quadam
1238 661 1287 687 alia
1307 661 1417 693 fallacia,
1437 661 1618 699 (persuadere.
1638 666 1768 697 tamquam
1782 663 1846 688 satis
1865 661 1945 688 abun-

1103 704 1188 740 deque
1208 720 1240 724 -—
1261 703 1376 730 sufficiat
1395 704 1550 738 hereditas.)
1570 704 1600 731 sr.
1620 706 1662 731 23.
1683 704 1714 730 de
1734 704 1757 730 d.
1778 715 1810 731 m.
1831 706 1854 731 4.
1874 706 1899 730 3.

1138 748 1358 774 Fallaciter.
1397 747 1519 780 (Advb.)
1565 748 1697 779 Dolose,
1728 749 1944 774 Calumniose.

1102 789 1132 815 Il.
1159 792 1226 823 op.
1245 789 1354 816 Sincera
1373 795 1460 817 mente
1479 790 1643 823 (incusare.)
1669 800 1690 816 c.
1711 791 1734 816 9.
1755 789 1788 816 de
1808 790 1900 816 calum.
1919 791 1944 816 9.

1102 834 1143 859 46.
1165 832 1214 858 Th.
1236 832 1266 859 C.
1286 832 1331 859 ΙΧ.
1351 834 1392 859 37.
1414 843 1435 859 c.
1455 834 1481 859 3.
1502 832 1534 859 de
1554 832 1643 859 abolit.

1137 876 1286 901 Fallax.
1318 875 1448 909 (Adiect.)
1480 878 1528 902 Ad
1545 878 1766 910 decipiendum
1786 876 1944 908 composi-

1101 923 1160 943 tus.
1199 916 1217 942 Ι.
1238 918 1300 951 Sy.
1331 918 1475 955 Decipere,
1499 917 1570 944 Dolo
1595 918 1693 950 facere,
1717 917 1808 944 Fallax
1827 927 1894 943 esse.
1913 916 1943 943 fr.

1101 960 1142 985 43.
1163 959 1184 992 5.
1205 960 1229 985 3.
1250 959 1282 985 de
1301 960 1361 986 furt.
1382 963 1422 987 47.
1442 963 1466 987 2.
1503 960 1545 987 lll.
1570 962 1635 988 Cn.
1667 960 1707 987 ‘Ne
1731 960 1841 986 alicuius
1865 959 1944 986 fallax

1102 1006 1127 1028 et
1151 1006 1241 1038 arguta
1265 1002 1384 1029 sollertia
1409 1003 1440 1029 ab
1469 1003 1546 1029 huius
1574 1013 1603 1029 se
1635 1004 1770 1040 praecepti
1797 1004 1945 1029 intentione

1101 1044 1239 1071 subducat.
1273 1045 1322 1071 Th.
1348 1044 1379 1072 C.
1404 1045 1449 1072 IX.
1471 1048 1511 1072 17.
1537 1056 1557 1072 c.
1578 1047 1602 1072 6.
1627 1046 1659 1073 de
1684 1046 1784 1083 sepulc.
1803 1045 1866 1072 viol.
1886 1045 1944 1072 Iura

1100 1086 1274 1114 excludantur
1287 1087 1397 1115 fallacia.
1418 1089 1455 1115 Ib.
1469 1088 1487 1115 I.
1510 1090 1531 1115 l.
1549 1099 1570 1115 c.
1584 1091 1608 1114 5.
1622 1088 1725 1122 (ch.)
1740 1089 1772 1115 de
1792 1093 1875 1115 const.
1888 1088 1931 1115 Pr.

1077 1137 1078 1151 ¹
1135 1132 1301 1157 Fallere.
1339 1132 1370 1164 ξ.
1392 1133 1426 1157 l.
1446 1133 1580 1163 Latere,
1600 1133 1775 1167 Effugere.
1812 1131 1854 1158 III.
1877 1133 1943 1159 Cn·

1076 1165 1077 1171 .
1101 1172 1181 1208 Quod
1200 1174 1234 1199 ita
1253 1173 1389 1210 paullatim
1414 1174 1549 1205 adiicitur.
1574 1179 1602 1200 ut
1622 1174 1713 1200 oculos
1733 1179 1839 1200 nostros
1863 1174 1942 1201 fallat.

1100 1215 1157 1242 Gai.
1177 1215 1207 1242 II.
1229 1217 1269 1242 70.
1301 1233 1334 1236 —
1365 1218 1396 1251 ξ.
1422 1218 1457 1243 2.
1479 1218 1695 1252 Confingere‚
1715 1220 1941 1244 Praetendere.

1098 1258 1141 1284 III.
1163 1260 1228 1286 Cn.
1254 1259 1307 1294 Qui
1328 1276 1359 1279 —
1380 1264 1501 1290 coaetus.
1526 1259 1620 1286 saliens
1644 1260 1738 1286 adierit
1763 1259 1941 1286 hereditatem.

1099 1301 1128 1327 sr.
1148 1302 1171 1326 b'.
1197 1302 1218 1335 5.
1240 1303 1262 1328 7.
1287 1302 1320 1328 de
1340 1303 1371 1329 A.
1390 1313 1415 1329 v.
1436 1302 1468 1329 Ο.
1489 1302 1520 1329 H.
1539 1304 1581 1328 29.
1601 1304 1626 1328 2.
1664 1301 1732 1329 Cum
1756 1303 1843 1339 possit
1862 1307 1943 1329 mater

1097 1360 1129 1363 —
1150 1349 1175 1370 et
1193 1346 1276 1381 patris
1296 1345 1385 1372 odium
1404 1347 1513 1383 punire,
1533 1361 1565 1364 —
1585 1355 1633 1371 nec
1657 1355 1729 1371 suam
1754 1350 1872 1372 naturam
1898 1345 1943 1372 sal-

1098 1386 1160 1413 tere.
1191 1398 1212 1413 c.
1232 1389 1273 1414 33.
1302 1388 1323 1421 5.
1350 1390 1372 1414 1.
1399 1389 1431 1415 de
1454 1389 1526 1415 inoff.
1553 1393 1655 1414 testam.
1675 1390 1698 1415 3.
1718 1389 1759 1415 28.
1788 1404 1814 1409 -
1851 1390 1882 1423 §0
1904 1389 1942 1415 3.

1099 1431 1272 1464 Decipere,
1293 1433 1581 1458 circumscribere.
1619 1431 1637 1457 I.
1658 1432 1720 1465 Sy.
1740 1431 1879 1468 Decipere.
1900 1430 1941 1457 Cf.

1098 1473 1121 1499 h.
1142 1483 1165 1499 v.
1204 1473 1344 1500 fraudare.
1368 1474 1399 1500 fr.
1426 1476 1448 1500 1.
1473 1484 1512 1511 pr.
1537 1474 1567 1500 l'r.
1592 1475 1616 1500 3.
1642 1474 1679 1507 55.
1703 1475 1728 1499 3.
1753 1483 1792 1509 sq.
1818 1475 1841 1500 si
1859 1484 1942 1501 mens.

1073 1509 1074 1518 l
1097 1515 1154 1542 t'als.
1174 1516 1244 1542 mod.
1267 1519 1306 1542 ll.
1327 1518 1350 1542 6.
1388 1516 1431 1543 III.
1452 1519 1517 1544 Cn.
1548 1516 1591 1543 Ad
1611 1516 1877 1548 circuiliveiliendtlin,
1897 1516 1942 1542 sal-

1073 1587 1074 1591 *
1097 1557 1212 1589 lendum.
1232 1558 1419 1596 decipiendum
1443 1559 1554 1586 alterum
1578 1559 1694 1585 adhibita
1714 1558 1858 1591 (calliditas
1878 1561 1941 1592 etc.)

1072 1618 1074 1632 ,
1096 1600 1127 1627 t'r.
1150 1603 1171 1627 l.
1197 1602 1219 1635 5.
1239 1604 1263 1628 2.
1293 1602 1326 1628 de
1345 1602 1369 1628 d.
1390 1612 1421 1629 m.
1447 1604 1470 1629 4.
1490 1606 1514 1629 3.
1553 1603 1606 1638 Qui
1626 1612 1732 1628 mensor
1751 1612 1804 1627 non
1823 1602 1885 1634 fuit,
1906 1602 1941 1629 se-

1096 1643 1164 1670 fellit
1183 1649 1270 1671 tamen
1290 1645 1316 1670 in
1336 1645 1424 1671 modo.
1444 1645 1473 1671 fr.
1495 1647 1517 1671 7.
1538 1646 1559 1679 5.
1579 1649 1603 1671 Z.
1624 1645 1656 1671 cf.
1677 1645 1706 1671 t'r.
1729 1647 1750 1671 1.
1770 1655 1809 1682 pr.
1830 1646 1853 1671 si
1872 1655 1942 1671 meu—

1072 1696 1073 1708 *
1096 1696 1148 1712 sor.
1171 1689 1210 1713 11,
1231 1689 1254 1713 6.
1292 1686 1365 1713 Nihil
1384 1697 1466 1724 penes
1486 1698 1544 1714 eum
1564 1687 1681 1713 residere
1705 1692 1828 1724 oportere
1852 1698 1885 1714 ex
1903 1698 1940 1720 re⁷

1096 1731 1122 1755 in
1143 1739 1193 1765 qua
1219 1729 1297 1755 tidem
1322 1730 1470 1756 fefellisset.
1496 1730 1525 1756 t'r.
1553 1733 1576 1756 5.
1603 1730 1635 1756 de
1652 1729 1682 1756 L.
1704 1732 1835 1757 commiss.
1856 1732 1895 1757 18.
1914 1732 1939 1757 3.

1096 1772 1158 1806 Qui,
1178 1782 1226 1808 pro
1246 1782 1293 1798 sua
1312 1772 1365 1798 fide
1385 1777 1463 1809 atque
1482 1773 1624 1805 industria.
1644 1783 1729 1809 neque
1748 1772 1833 1805 sallat,
1853 1783 1940 1810 neque

1096 1814 1208 1840 tallatur.
1230 1814 1279 1841 Th.
1301 1815 1331 1841 C.
1345 1815 1402 1841 XII.
1422 1817 1444 1842 7.
1466 1826 1486 1842 c.
1501 1818 1524 1842 2.
1546 1816 1578 1842 dc
1597 1816 1766 1853 ponderator.
1803 1817 1857 1852 Qui
1870 1826 1939 1842 man—

1071 1870 1072 1874 =
1095 1858 1191 1893 cipium
1212 1857 1334 1890 alienum,
1355 1858 1469 1884 t'allendo
1483 1858 1614 1896 Principis
1634 1860 1830 1891 conscientiam,
1851 1870 1939 1886 manu-

1094 1901 1173 1926 misit..
1193 1900 1230 1926 lb.
1250 1900 1294 1927 IV.
1315 1902 1339 1927 9.
1359 1911 1380 1927 c.
1402 1903 1424 1928 1.
1445 1901 1548 1934 (Wolf.)
1569 1901 1602 1927 de.
1620 1901 1645 1928 h.
1666 1912 1708 1938 qu.
1723 1913 1735 1928 a
1751 1912 1802 1928 non
1823 1902 1891 1928 dom.
1905 1918 1937 1922 -

1070 1934 1072 1964 l
1094 1943 1124 1975 ς’.
1140 1944 1179 1969 4.
1200 1945 1307 1975 Falli,
1327 1946 1346 1970 i.
1366 1955 1385 1970 ε.
1407 1946 1502 1976 Lam,
1530 1946 1664 1971 Errare.
1702 1944 1745 1971 ΠΙ.
1769 1947 1834 1972 οη.
1854 1945 1896 1977 M,
1916 1956 1936 1971 s.

1070 1987 1071 2011 l
1094 1984 1164 2017 Nisi,
1191 1985 1277 2012 fallor.
1301 1986 1332 2013 fr.
1353 1989 1376 2013 1.
1401 1987 1424 2021 5.
1446 1989 1468 2014 l.
1490 1987 1522 2014 de
1542 1987 1560 2013 I.
1581 1992 1606 2013 et
1624 1987 1643 2013 I.
1665 1989 1687 2014 l.
1709 1990 1730 2013 l.
1756 1987 1787 2014 fr.
1809 1990 1831 2014 l.
1851 1988 1883 2014 de
1903 1988 1936 2014 O.

1092 2027 1110 2054 1.
1133 2030 1155 2054 l.
1175 2032 1201 2054 2.

1072 1794 1073 1804 i

1071 1807 1073 1816 ⁴

1071 1826 1073 1834 t

1128 2072 1300 2099 Falsare.
1321 2074 1462 2099 Falsum
1475 2075 1606 2109 fat-ere,
1628 2076 1823 2107 Suppouere.
1843 2074 1862 2100 Ι.
1874 2075 1935 2108 Sy.

1093 2113 1278 2151 Cori-mopere,
1299 2115 1396 2141 dolove
1415 2115 1483 2142 malo
1503 2115 1620 2142 fraudem
1639 2116 1731 2143 facere.
1752 2116 1782 2143 fr.
1797 2118 1838 2143 32.
1858 2127 1898 2154 pr.
1913 2117 1934 2150 5.

1094 2159 1115 2182 l.
1136 2157 1168 2183 de
1187 2157 1216 2184 L.
1238 2158 1318 2184 Corn.
1339 2158 1371 2184 de
1390 2158 1447 2185 sals.
1467 2160 1508 2185 48.
1531 2161 1570 2184 10.

1126 2202 1336 2228 Falsarius.
1388 2203 1561 2228 Falsorum
1591 2204 1734 2238 artifex,
1763 2213 1782 2229 s.
1811 2209 1932 2229 auctor.

1068 2234 1069 2262 l
1092 2242 1110 2268 I.
1138 2244 1199 2277 Sy.
1221 2243 1326 2270 Falsum
1347 2245 1518 2270 commisisse.
1557 2244 1701 2271 Falsarium
1721 2255 1788 2271 esse.
1808 2245 1838 2271 I'r.
1853 2247 1874 2270 1.
1895 2245 1932 2277 55.

1091 2287 1115 2311 4.
1135 2287 1158 2312 9.
1180 2286 1212 2312 de
1231 2286 1261 2313 L.
1282 2287 1364 2313 Corn.
1385 2287 1417 2313 de
1437 2287 1493 2313 fals.
1514 2289 1553 2313 48.
1572 2289 1609 2313 10.
1631 2287 1661 2313 cf.
1683 2298 1704 2314 c.
1718 2290 1760 2314 ’.ζ-1.
1780 2287 1811 2314 de
1829 2287 1931 2324 probat.

1067 2317 1068 2361 l
1091 2330 1114 2354 4.
1136 2331 1175 2355 19.

1127 2373 1304 2398 Falsitas.
1342 2373 1543 2406 Impostura,
1563 2375 1702 2399 Falsum.
1722 2373 1739 2399 1.
1760 2374 1820 2406 Sy.
1841 2371 1930 2398 Fraus.

1091 2413 1141 2440 Th.
1162 2415 1192 2441 C.
1212 2414 1268 2440 Ml.
1289 2416 1312 2440 b'.
1333 2425 1354 2440 c.
1374 2416 1415 2440 27.
1436 2425 1474 2451 pr.
1495 2416 1516 2449 5.
1536 2419 1559 2442 2.
1580 2415 1613 2442 de
1633 2420 1778 2451 susceptor.
1798 2414 1841 2441 III.
1864 2416 1929 2442 Cn.

1092 2457 1150 2483 Nisi
1170 2462 1312 2483 temerator
1330 2456 1403 2488 velit.
1424 2457 1546 2484 falsitatis
1567 2460 1667 2484 crimini
1680 2458 1823 2489 subiectuS.
1844 2463 1892 2484 etc.
1908 2468 1928 2484 c.

1090 2503 1113 2526 2.
1134 2500 1217 2533 519.
1239 2500 1269 2526 cs.
1289 2500 1326 2534 55.
1346 2501 1388 2526 21.
1408 2510 1447 2540 sq.
1468 2500 1500 2527 de
1519 2506 1570 2527 vet.
1591 2502 1646 2527 iure
1666 2499 1750 2526 cnucl.
1771 2502 1792 2526 l.
1809 2502 1848 2526 17.
1869 2511 1890 2527 c.
1904 2505 1927 2527 δ.

1091 2543 1129 2576 55.
1150 2545 1174 2568 2.
1194 2553 1234 2579 sq.
1255 2542 1286 2568 de
1305 2543 1397 2579 repud.
1417 2546 1441 2569 5.
1462 2546 1501 2569 17.
1540 2546 1615 2579 Quos
1634 2542 1755 2568 manebat
1773 2543 1927 2580 periculum.

1090 2587 1113 2611 si
1133 2586 1196 2622 quid
1220 2586 1289 2612 edita
1308 2585 1430 2612 falsitatis
1449 2586 1609 2612 habuissent.
1631 2584 1724 2611 Const.
1747 2585 1876 2612 Yaleutin.
1896 2587 1928 2613 ad

1089 2629 1300 2655 constitutionar.
1326 2629 1421 2662 (ch.
1447 2639 1472 2665 p.
1497 2630 1537 2659 8.)
1585 2628 1638 2662 Qui
1662 2630 1794 2655 vetuerint
1818 2639 1925 2666 precum

1090 2672 1161 2707 argui
1181 2671 1328 2698 salsitatem.
1350 2683 1371 2698 c.
1390 2674 1414 2697 3.
1435 2673 1457 2697 si
1477 2675 1566 2696 contra
1586 2671 1634 2696 ius.
1656 2672 1677 2696 1.
1692 2673 1732 2697 22.
1773 2671 1847 2699 Vitae
1866 2673 1927 2699 soli-

1089 2715 1168 2740 tariae
1196 2714 1310 2741 falsitate
1334 2719 1436 2741 coetum
1461 2713 1588 2739 bonorum
1613 2713 1709 2750 fugere.
1734 2714 1783 2741 Th.
1804 2715 1834 2742 C.
1854 2715 1924 2742 XYI.

1088 2759 1111 2783 5.
1132 2767 1154 2783 c.
1173 2758 1197 2783 9.
1217 2768 1256 2794 pr.
1277 2757 1309 2783 de
1328 2757 1425 2783 haeret.

1123 2802 1248 2827 Falso.
1287 2799 1408 2833 (Advb.)
1456 2800 1577 2826 Contra
1607 2802 1786 2828 veritatem.
1823 2801 1841 2827 I.
1862 2802 1923 2834 Sy.
