2197 3121
253 188 317 218 844

255 271 409 296 stituturum
436 279 478 301 ea,
504 279 571 305 quae
595 278 627 295 ex
652 268 729 295 bonis
754 269 811 295 eius
835 274 994 296 consecutus
1017 268 1104 300 suerit,

254 312 309 339 illis
329 318 378 339 etc.
399 312 429 339 fr.
445 314 484 338 18.
505 311 537 338 de
556 310 644 347 adopt.
661 313 682 338 1.
697 313 720 338 7.
741 311 773 338 cf.
795 311 852 339 Gai.
866 311 908 339 lv.
931 313 988 338 144.
1025 311 1103 337 Alter

255 355 366 383 alterum
391 356 537 392 sponsione
564 359 704 392 provocat:
735 355 810 390 Quae
834 354 962 381 adversus
988 354 1103 381 edietum

255 415 288 419 -
308 399 374 426 facta
399 402 501 429 essent.
527 398 638 424 invicem
663 399 686 424 si
712 408 765 424 uon
789 399 970 425 restituantur.
1002 396 1039 423 ld.
1059 396 1102 423 IV.

255 443 313 469 166.
334 451 372 478 sq.
398 441 428 467 cf.
456 442 513 467 154.
534 451 574 477 sq.
602 442 658 467 162.
679 451 739 478 sqq.
778 440 916 477 Quidquid
942 444 1101 466 consecutus

255 487 317 517 erit,
340 483 455 511 mandati
479 483 577 510 iudicio
601 483 679 510 nobis
698 484 839 510 restituere
858 487 974 519 cogetur.
1002 482 1039 509 Id.
1060 482 1103 509 Ill.

254 530 313 555 111.
338 529 395 553 117.
433 526 463 553 Si
488 532 549 553 ante
571 526 816 553 condemnationem
840 525 999 552 restituendi
1022 525 1104 552 facul-

253 576 333 597 tatem
351 569 457 596 habeas.
477 570 508 596 sr.
530 572 552 596 1.
572 570 594 604 5.
613 571 655 595 21.
676 569 767 607 depos.
784 571 822 596 16.
837 571 861 595 3,
876 568 908 595 cl'.
929 569 958 595 sr.
983 570 1022 595 14.
1042 569 1102 602 5.1.

253 615 305 648 Qu.
329 618 391 640 met.
416 623 439 639 c.
458 615 481 639 4.
500 615 525 639 2.
563 612 720 650 Stipulatio:
745 612 831 643 ..Eam
857 622 912 638 rem
937 617 1008 638 recte
1027 612 1104 638 resti-

253 657 318 683 tui.‘'
338 656 369 682 I'r.
385 658 426 683 73.
446 655 478 683 de
492 655 524 682 V.
538 655 566 682 S.
580 658 621 682 50,
643 657 683 682 16.
721 654 777 682 Nec
796 656 864 682 enim
885 655 985 681 sufficit
1005 664 1103 691 eorpus

251 701 339 737 ipsum
358 700 472 731 restitui,
492 698 540 725 sed
559 709 626 736 opus
646 704 686 725 est
706 703 734 725 ut
753 703 780 724 et.
800 708 877 724 causa
897 699 920 724 ei
940 699 1103 724 restituatur.

252 742 282 769 sr.
301 744 343 768 20.
364 742 394 768 fr.
413 743 455 769 35.
476 742 541 776 5.1.
562 742 595 768 de
614 742 646 768 R.
660 741 692 768 V.
706 743 730 768 6.
746 743 768 768 l.
790 741 820 768 fr.
834 743 876 767 35.
897 742 918 775 5.
933 742 957 767 4.
978 740 1011 767 de
1031 750 1102 767 usur.
1125 738 1126 741 ¹

251 787 293 811 22.
310 787 331 811 l.
357 784 420 816 lies,
440 795 516 822 quam
536 790 610 812 actor
623 784 812 811 restituendam
827 793 887 810 esse
900 785 973 821 petit.
995 783 1025 810 fr.
1041 785 1100 810 234.

251 829 274 862 5.
296 830 318 854 1.
343 828 376 855 de
400 827 432 854 V.
452 828 480 855 S.
506 831 548 854 50.
575 830 614 855 16.
644 844 676 848 —
706 828 737 862 §-
761 829 799 854 6.
829 829 1102 861 Repraesencare,

251 873 405 906 Exsequi.
442 871 460 900 I,
482 872 544 906 Sy.
564 871 712 898 Exsolvere
731 870 886 904 (debitum.)
906 869 956 896 Th.
973 869 1005 896 C.
1019 869 1064 896 XI.
1081 871 1103 895 l.
1125 862 1127 871 ⁷

694 913 806 940 Solvere
830 913 987 950 (pretium.)
1018 912 1103 938 Yatie.
1125 938 1126 943 ,

250 958 273 992 5.
294 959 334 984 12.
372 958 501 994 Obsequi.
521 957 558 984 lb.
578 957 637 984 XII.
658 959 680 984 l.
702 968 723 984 c.
737 958 779 983 90.
800 967 820 983 c.
838 958 895 982 115.
916 956 948 982 de
968 956 1103 982 decurion.
1125 944 1126 999 l

251 1000 294 1027 111.
315 1002 382 1029 Cn.
403 1000 513 1027 Tributa
533 1000 634 1027 fiscalia
654 1015 686 1019 —
714 1000 855 1026 restituant
881 998 1104 1036 (provinciales.)

251 1043 288 1070 lb.
307 1043 354 1070 XI.
376 1046 397 1070 l.
418 1054 439 1070 c.
457 1045 495 1070 16.
517 1053 538 1070 c.
560 1045 600 1070 18.
639 1043 773 1070 Promissa
793 1043 941 1069 restituant.
965 1042 1002 1068 lb.
1017 1042 1047 1068 11.
1061 1043 1102 1067 29.
1124 1046 1126 1058 ⁴

252 925 274 941 c.
299 916 340 941 18.
369 914 402 941 de
426 924 485 941 anu.
510 919 536 940 et
560 914 650 941 tribut.

251 1097 273 1114 c.
292 1089 316 1113 2.
337 1097 375 1124 pr.
397 1088 420 1113 si
445 1092 507 1113 cert.
533 1091 585 1124 pet.
610 1086 643 1113 de
667 1087 741 1113 sull'r.
767 1102 797 1106 —
827 1086 858 1119 §-
881 1087 914 1112 ἵ.
946 1086 1103 1111 Rationes

250 1132 562 1157 administrationis
581 1132 718 1157 reddere.
755 1129 775 1156 1.
796 1130 859 1163 Sy.
888 1128 963 1155 Rest.
984 1128 1102 1159 tutelam.

250 1183 275 1200 v.
296 1174 466 1199 curationem.
503 1172 626 1199 Reddere
650 1174 775 1199 rationes.
801 1172 830 1198 sr.
850 1173 892 1198 32.
913 1171 945 1198 de
964 1172 1057 1197 minor.
1077 1173 1102 1196 4.

250 1218 275 1242 4.
311 1215 354 1242 III.
379 1217 446 1243 Cn.
473 1217 540 1252 Qui,
567 1216 656 1243 officio
685 1215 823 1253 deposito,
848 1225 901 1241 non
929 1215 1103 1240 restituerunt

250 1259 372 1291 tutelam,
397 1259 440 1285 vel
461 1260 632 1286 curationem.
657 1258 687 1285 I'r.
709 1261 732 1285 l.
757 1259 795 1292 55.
814 1260 837 1284 9.
858 1268 897 1294 sq.
918 1257 951 1284 de
970 1257 998 1283 L.
1020 1256 1102 1283 Corn.

250 1302 284 1329 de
307 1302 365 1329 fals.
385 1304 426 1329 48.
448 1304 488 1329 10.
527 1302 590 1329 Sive
614 1301 694 1328 iudex
719 1302 877 1339 accipiatur,
904 1317 934 1321 —-
964 1302 1021 1327 sive
1045 1301 1103 1326 sine

250 1345 338 1373 iudice
356 1345 438 1372 tutela
457 1346 619 1372 restituatur.
640 1344 669 1371 fr.
692 1347 713 1371 l.
733 1345 755 1378 5.
774 1346 799 1370 3.
819 1343 852 1370 de
872 1354 944 1370 usur.
963 1346 1006 1370 22.
1029 1345 1050 1370 l.

286 1411 440 1438 Restitu
459 1410 526 1442 iri,
557 1420 620 1448 pro:
650 1412 854 1437 Restitutum
878 1411 931 1436 iri.
969 1408 1013 1435 III.
1034 1410 1101 1436 Cn.

251 1453 355 1481 Cavere
374 1453 466 1480 debet:
488 1453 625 1489 Quidquid
646 1470 676 1474 —
697 1453 730 1479 ad
749 1463 807 1480 eum
827 1453 987 1491 pervenerit.
1008 1453 1102 1478 restitu

250 1497 282 1524 iri
303 1496 354 1530 [al.
374 1497 525 1523 restitutum
547 1496 604 1530 iri.]
629 1496 660 1523 fr.
680 1498 722 1523 23.
749 1496 781 1522 de
805 1496 836 1523 A.
860 1496 890 1522 E.
911 1495 942 1522 V.
964 1497 1004 1522 19.
1026 1497 1048 1521 1.
1070 1495 1101 1521 cl'.

250 1539 282 1566 fr.
296 1542 337 1566 52.
359 1540 417 1574 5.1.
437 1539 469 1566 de
489 1539 574 1577 pecul.
590 1541 629 1566 15.
646 1541 668 1565 1.
701 1538 737 1565 Vt
756 1540 865 1577 petitori
885 1540 1000 1566 caventi:
1020 1539 1103 1571 „Evi-

251 1587 291 1609 cta
316 1582 473 1615 hereditate,
500 1583 595 1609 restitu
618 1583 673 1609 iri‘·
699 1581 752 1617 [al.
777 1582 917 1617 restitni‚]
944 1582 1101 1609 solveretur.

251 1625 282 1653 fr.
301 1628 325 1652 δ.
350 1626 373 1652 si
398 1626 439 1652 cui
463 1625 500 1663 pl.
525 1636 568 1662 qu.
589 1636 615 1662 p.
635 1624 664 1652 L.
685 1625 755 1652 falc.
775 1626 818 1652 35.
837 1627 862 1652 3.
882 1626 914 1652 cf.
939 1625 969 1652 fr.
988 1627 1012 1651 5.
1033 1626 1056 1659 5.
1077 1628 1102 1651 2.

250 1668 283 1695 de
303 1668 380 1695 cond.
401 1679 422 1695 c.
443 1668 494 1695 dat.
516 1670 556 1694 12.
576 1671 599 1695 4.

286 1733 509 1761 Restitutio.
537 1735 569 1768 ξ.
587 1735 622 1760 l.
644 1736 865 1761 Iustazcrcztio.
903 1733 945 1760 III.
961 1735 1027 1762 Cn.
1048 1733 1102 1765 Qui

250 1777 397 1814 pecuniam,
417 1777 450 1803 ob
465 1778 661 1804 restitutionem
675 1777 790 1804 aedilicii
803 1777 967 1809 exstruendi,
986 1781 1102 1803 mutuam

251 1819 332 1846 dedit.
356 1819 387 1846 fr.
409 1821 431 1846 1.
457 1821 482 1846 in
503 1830 547 1857 qu.
572 1830 593 1847 c.
614 1821 683 1857 pign.
704 1822 746 1846 20.
766 1822 790 1846 2.

252 1872 360 1895 causae,
385 1864 526 1890 restitutio.
552 1863 583 1890 fr.
602 1865 644 1890 29.
664 1874 703 1901 pr.
729 1863 762 1890 de
781 1865 838 1890 iure
857 1864 924 1890 lisci.
945 1865 986 1890 49.
1010 1865 1048 1889 14.
1070 1879 1100 1883 —

251 1906 283 1939 ᾖ.
312 1907 347 1932 2.
377 1908 551 1933 Auxilium
579 1909 753 1934 Praetoris
779 1908 1100 1939 extraordinarium,

251 1951 317 1985 (quo
342 1948 421 1975 laesis
440 1951 584 1981 succurrit,
611 1960 643 1976 ex
666 1951 734 1976 iusta
759 1960 837 1976 causa
861 1951 887 1976 in
911 1951 1042 1986 integrum
1061 1960 1102 1976 re-

251 1992 327 2018 stitui
346 1991 582 2025 desiderantibus.)
603 1992 620 2019 l.
633 1994 695 2027 Sy.
716 1992 877 2019 Succurrere
896 2003 944 2030 per
963 1994 988 2019 in
1009 1994 1100 2028 integr.

251 2035 455 2061 restitutionem.
478 2034 638 2062 lit-stituere.
659 2035 696 2062 Cf
721 2035 746 2062 h.
766 2046 790 2062 v.
810 2037 832 2070 5.
851 2038 876 2062 2.
913 2036 1103 2072 Redintegran-

252 2077 301 2104 dae
320 2078 366 2109 rei,
386 2077 428 2104 vel
448 2087 550 2109 causae,
570 2079 647 2104 actio.
678 2078 775 2115 Integri
794 2080 937 2106 restitutio.
957 2078 1029 2106 Paul.
1045 2079 1062 2105 I.
1078 2081 1101 2105 7.

252 2121 275 2155 5.
297 2122 318 2146 1.
338 2130 397 2157 sqq.
435 2120 478 2147 III.
500 2122 567 2148 Gn.
593 2121 690 2157 lntegri
715 2123 909 2148 restitutionem
929 2122 1040 2148 Praetor
1058 2123 1103 2148 tri-

253 2164 311 2190 buit
335 2174 367 2190 ex
389 2163 431 2190 his
456 2165 551 2191 causis.
582 2164 619 2191 Id.
639 2164 657 2191 I.
678 2166 700 2190 7.
726 2165 763 2198 55.
783 2167 807 2191 2.
827 2175 866 2201 sq.
896 2165 980 2192 Vatic.
1000 2166 1022 2199 5.
1041 2166 1101 2191 ⁸282.

252 2206 277 2233 A
300 2206 425 2233 Praetore
449 2208 475 2233 in
504 2208 596 2244 integr.
625 2208 819 2234 restitutionem
847 2208 992 2245 postulare.
1021 2208 1052 2234 fr.
1077 2209 1101 2234 9.

252 2250 275 2283 5.
294 2252 319 2276 3.
344 2250 396 2286 Qu.
417 2255 477 2276 met.
503 2260 523 2277 c.
544 2253 568 2277 4.
588 2252 612 2277 2.
651 2250 777 2287 Cognitio
802 2250 834 2277 ‹le
858 2252 884 2277 in
909 2252 1002 2287 integr.
1027 2252 1103 2277 resti-

253 2293 356 2319 tutione
384 2293 526 2330 postulata.
556 2293 588 2320 fr.
612 2295 655 2320 39.
679 2294 701 2328 5.
721 2295 746 2320 6.
771 2293 804 2320 de
827 2304 932 2331 procur.
956 2296 980 2319 3.
1000 2296 1024 2319 3.
1062 2294 1102 2320 Ex

829 1820 889 1846 *Non
913 1830 1030 1858 poenae,
1054 1819 1102 1846 sed

253 2335 305 2362 hoc
323 2335 410 2362 edicto
434 2337 567 2363 restitutio
587 2337 704 2363 facienda
730 2342 771 2363 est
794 2338 820 2363 in
843 2338 936 2373 integr.
957 2336 1046 2362 officio
1065 2338 1103 2363 iu·
1124 2358 1126 2367 ,

254 2379 330 2405 dicis.
350 2379 380 2405 fr.
400 2380 423 2405 9.
444 2380 465 2413 5.
486 2381 508 2406 7.
529 2379 560 2406 cl'.
580 2380 602 2413 5.
616 2382 640 2406 2.
661 2380 713 2415 Qu.
733 2385 794 2406 met.
815 2390 837 2407 c.
855 2382 879 2406 4.
899 2382 922 2406 2.
962 2380 991 2405 Si
1010 2390 1058 2416 per
1076 2381 1103 2405 in

254 2422 347 2457 integr.
371 2423 566 2449 restitutionem
585 2438 617 2442 —
638 2423 797 2449 abstinuerit
815 2433 845 2449 se
863 2424 914 2456 (sc.
934 2422 1102 2455 hereditate.)
1125 2443 1126 2448 ,

255 2465 285 2491 sr.
305 2466 328 2491 6.
349 2465 371 2499 5.
390 2467 414 2492 3.
436 2465 468 2492 de
487 2465 548 2492 bon.
569 2465 655 2492 libert.
675 2467 717 2491 38.
739 2466 760 2499 5.
780 2468 804 2492 2.
826 2483 856 2487 -—
877 2467 908 2499 ξ.
922 2467 959 2493 3.
981 2468 1102 2492 Remis-

254 2510 301 2534 siu
319 2518 448 2542 poenae.
485 2508 528 2535 llI.
548 2510 614 2536 Cn.
634 2508 717 2539 Rest..
738 2519 814 2544 quam
835 2508 976 2547 Princeps.
996 2508 1038 2534 vel
1058 2508 1103 2534 Se—
1125 2515 1126 2523 ¹

255 2555 347 2585 uatus,
372 2551 491 2578 indulsit.
519 2551 548 2578 fr.
571 2553 592 2577 l.
613 2551 650 2585 55
670 2553 694 2578 9.
715 2561 755 2587 sq.
775 2551 808 2577 (le
827 2552 926 2588 postul.
946 2554 970 2578 3.
992 2554 1014 2578 1.
1052 2551 1103 2577 Per
1124 2582 1125 2586 Ἰ

256 2595 282 2619 in
295 2595 425 2630 integrum
438 2596 633 2621 restitutionem
649 2594 752 2621 absolvi
767 2594 880 2626 (famoso
894 2595 1014 2627 iudicio.)
1035 2594 1063 2621 sr.
1080 2596 1102 2621 l.

1002 185 1084 217 RES
1099 204 1137 209 -
1150 185 1250 216 RET.

1150 267 1227 298 Circa
1248 267 1346 294 tutelae
1365 268 1558 295 restitutionem
1574 284 1606 288 —
1626 268 1705 296 latior
1723 270 1907 307 interpretatio
1927 270 1992 297 sacta

1149 316 1197 338 cst.
1217 311 1247 338 fr.
1269 313 1290 337 l.
1311 311 1333 344 5.
1352 313 1376 337 3.
1397 310 1429 337 de
1449 322 1520 339 usur.
1540 314 1582 338 22.
1605 314 1626 339 l.

1184 354 1472 382 RestitutoriuS.
1504 355 1643 387 (Adieet.)
1681 357 1729 382 Ad
1746 357 1993 383 restitutionem

1125 429 1126 436 ἵ
1147 404 1306 432 spectans.
1344 396 1362 423 1.
1383 398 1445 431 Sy.
1465 398 1540 433 Quae
1559 399 1708 425 restituitur
1727 399 1772 431 (in
1791 399 1889 430 reum.)
1908 397 1995 425 Resti-

1125 445 1127 478 ζ
1148 441 1254 473 tutoria,
1273 439 1453 472 Rescissonn,
1473 450 1509 467 sc.
1530 443 1606 468 actio.
1626 441 1657 468 fr.
1677 444 1701 468 8.
1721 441 1759 475 55.
1781 443 1821 467 12.
1840 451 1899 478 sqq.
1920 440 1951 467 fr.
1969 443 1994 468 9.

1125 479 1127 515 ξ
1148 483 1178 509 fr.
1200 485 1240 510 13.
1268 484 1290 517 ᾗ.
1309 485 1333 509 2.

1360 482 1392 509 ad
1416 482 1482 510 S.C.
1506 483 1574 510 Vell.
1602 486 1642 510 16.
1663 486 1685 511 1.
1715 494 1736 511 c.
1758 485 1798 510 16.
1824 484 1882 510 eod.
1907 485 1932 510 4.
1951 485 1994 511 29.

1148 526 1178 552 II.
1200 527 1268 560 Op.
1294 526 1402 552 Dii-ecta
1422 527 1525 559 (actio.)
1546 526 1587 554 Cf.
1607 538 1631 554 v.
1652 528 1786 554 Directus.
1811 527 1878 560 5.1.
1915 526 1995 554 Exhi-

1148 569 1282 600 bitorium,
1302 585 1333 588 —
1353 568 1570 599 Restitutorium.
1590 586 1622 590 -
1642 570 1851 597 Prohibitorium
1871 569 1995 603 (interdi-

1149 613 1243 644 ctum.)
1268 611 1309 639 Cf.
1329 622 1353 638 v.
1373 612 1566 639 Exliibitorius.
1602 613 1646 640 III.
1667 615 1733 641 Cn.
1758 613 1788 639 Si
1811 612 1936 639 iudicium
1956 623 1996 639 ac-

1148 660 1254 692 ceperat
1278 655 1414 685 defensor.
1439 660 1465 681 et
1484 660 1557 681 actor
1576 657 1601 682 in
1622 657 1714 693 integr.
1734 657 1874 683 restitutus
1893 656 1943 683 sit.
1963 665 1996 681 an

1148 697 1282 734 cogendus
1310 699 1346 725 sit
1369 699 1561 724 restitutorium
1586 698 1712 725 iudicium
1736 698 1872 736 accipere}
1901 698 1932 724 sr.
1952 699 1993 725 46.

1147 742 1168 776 5.
1189 743 1213 767 3.
1234 741 1266 768 de
1285 752 1390 778 procur.
1409 744 1434 768 3.
1453 743 1477 767 ’3
1515 742 1592 777 Quos
1611 744 1662 775 (sc.
1681 744 1798 775 sumtus)
1818 742 1934 768 facturus
1954 746 1996 768 est

1148 789 1229 812 actor.
1249 786 1414 811 restitutorio
1435 784 1543 820 agendo.
1564 784 1594 810 l'r.
1609 786 1632 811 7.
1651 785 1674 819 5.
1687 786 1710 811 3.
1731 785 1783 820 Qu.
1804 784 1870 811 salso
1891 789 1938 811 tut.
1952 786 1994 811 27.

1148 830 1171 855 6.
1209 828 1295 855 Etiam
1314 827 1446 865 pendente
1466 827 1632 860 conditione,
1656 827 1756 854 volenti
1776 828 1916 860 creditori,
1936 837 1995 854 cum

1148 872 1237 908 priore
1255 872 1323 897 actio
1343 870 1427 897 danda
1448 876 1488 896 est
1507 871 1678 897 restitutoria.
1698 871 1728 897 l'r.
1746 873 1786 898 13.
1806 872 1827 905 5.
1841 873 1865 897 2.
1881 870 1913 897 ad
1926 870 1993 897 S.C.

1151 914 1217 941 Vell.
1239 916 1278 941 16.
1301 916 1322 940 1.
1344 914 1374 940 fr.
1393 916 1417 940 3.
1438 916 1459 948 5.
1482 915 1503 940 l.
1524 913 1557 940 de
1577 924 1607 939 eo
1628 924 1651 951 p.
1673 924 1716 950 qu.
1736 914 1795 941 fact.
1814 916 1838 940 2.
1860 915 1900 940 10.

1184 958 1407 985 Bestricfio·
1431 959 1633 984 Caere-tatio.
1672 956 1715 982 111.
1730 958 1796 984 Gn.
1816 956 1944 983 Ludicras
1958 966 1995 983 ar-

1148 1005 1187 1026 tes
1208 1000 1377 1027 concedimus
1397 1001 1496 1035 agItari‚
1516 1010 1548 1026 ne
1568 1011 1599 1026 ex
1620 1001 1697 1026 nimia
1717 999 1808 1026 harum
1827 1000 1996 1026 restrictione

1147 1045 1255 1070 tristitia
1274 1048 1421 1079 generetur.
1442 1042 1491 1069 Th.
1513 1042 1544 1069 C.
1563 1042 1621 1069 XV.
1642 1044 1666 1069 6.
1687 1054 1708 1069 c.
1727 1046 1751 1069 2.
1772 1042 1804 1069 de
1824 1043 1942 1069 maiuma.

1183 1088 1407 1113 Restruere.
1446 1087 1567 1112 Iterum
1590 1092 1765 1113 exstruere.
1803 1085 1848 1112 III.
1868 1087 1935 1113 Cn.
1954 1085 1996 1112 Ex

1148 1129 1245 1166 quibus
1266 1130 1321 1161 (sc.
1342 1128 1446 1161 causis)
1467 1130 1600 1155 nunciatio
1619 1129 1651 1156 ad
1670 1130 1765 1155 liscum
1784 1129 1841 1155 fieri
1861 1128 1942 1155 solet:
1962 1144 1995 1148 -—

1147 1172 1218 1209 quod
1239 1172 1341 1198 dicatur
1360 1172 1419 1208 quis
1439 1170 1590 1198 thesaurum
1610 1173 1753 1203 invenisse,
1774 1188 1804 1192 —-
1824 1172 1867 1198 vel
1887 1172 1994 1198 domum

1147 1220 1304 1242 restructam
1325 1214 1370 1248 [al.
1385 1215 1559 1248 destructam]
1581 1224 1647 1241 esse.
1667 1214 1698 1241 sr.
1713 1217 1734 1241 l.
1748 1224 1787 1252 pr.
1805 1214 1837 1240 de
1851 1216 1907 1241 iure
1926 1215 1993 1241 fisci.

1148 1260 1189 1285 49.
1207 1261 1247 1284 14.

1184 1302 1404 1328 Resultare.
1442 1302 1622 1332 Resistere,
1641 1302 1834 1336 Refragari.
1867 1300 1910 1327 III.
1927 1302 1994 1328 Cn.

1147 1344 1305 1371 Iiesnltandi
1333 1345 1420 1370 curiae
1447 1344 1560 1370 nexibus
1588 1343 1741 1377 (licentia.)
1771 1342 1822 1370 Th.
1843 1343 1874 1370 C.
1893 1343 1951 1370 XII.
1974 1346 1994 1370 Ι,

1148 1399 1169 1415 c.
1189 1390 1230 1415 59.
1250 1398 1290 1425 pr.
1316 1387 1348 1413 de
1372 1387 1506 1413 decurion.
1544 1386 1587 1413 Ad
1611 1396 1720 1413 examen
1745 1387 1889 1422 cognitoris
1913 1386 1995 1413 resul-

1147 1436 1245 1458 tantem
1265 1440 1325 1457 esse
1345 1429 1536 1456 deducendum.
1555 1429 1593 1456 lb.
1614 1440 1635 1456 c.
1655 1430 1712 1457 181.
1732 1439 1772 1466 pr.
1792 1429 1809 1456 l.
1828 1429 1846 1456 1.

1183 1476 1409 1501 Resulnere.
1428 1475 1644 1507 Recuperare,
1658 1475 1869 1500 Restaurare.
1888 1472 1995 1507 stop.

1147 1518 1250 1549 Amitti,
1270 1517 1406 1549 Deficere,
1426 1532 1459 1536 —-
1478 1516 1586 1543 Resumi
1606 1514 1729 1549 (usumsr.
1749 1516 1811 1549 etc.)
1833 1516 1863 1542 l’r.
1882 1517 1907 1542 3.
1927 1516 1949 1550 5.
1968 1517 1994 1542 2.

1148 1562 1200 1597 Qu.
1220 1560 1289 1587 mod.
1310 1560 1393 1586 nsusf.
1414 1561 1437 1586 7.
1457 1562 1481 1586 4.
1509 1559 1539 1586 fr.
1561 1561 1619 1585 101.
1639 1559 1722 1593 551.
1742 1568 1800 1595 sqq.
1821 1558 1854 1585 de
1874 1558 1950 1586 cond.
1971 1563 1997 1585 et

1148 1604 1214 1630 dem.
1234 1605 1276 1630 35.
1298 1605 1321 1629 l.

1184 1647 1417 1680 Resupinus.
1442 1645 1573 1679 (Adiect.)
1598 1645 1629 1678 ἓ.
1648 1646 1684 1672 l.
1705 1647 1862 1679 Supinas,
1884 1646 1996 1680 Negli-

1144 1700 1232 1726 gens.
1268 1689 1312 1715 III.
1334 1690 1400 1716 Gn.
1426 1688 1525 1726 Opinio
1546 1689 1620 1715 cuius
1641 1693 1666 1714 et
1685 1689 1809 1725 resupina
1828 1688 1996 1715 existimatio.

1148 1734 1177 1760 l‘r.
1198 1735 1222 1759 4.
1248 1733 1299 1768 Qu.
1320 1734 1347 1758 vi
1371 1737 1415 1758 aut
1435 1731 1466 1758 cl.
1487 1733 1528 1758 43.
1548 1733 1590 1758 24.
1611 1731 1643 1758 cf.
1669 1731 1700 1758 fr.
1720 1733 1762 1757 25.
1781 1741 1821 1768 pr.
1841 1731 1874 1757 de.
1892 1730 1996 1768 probat.

1146 1779 1187 1802 22.
1208 1778 1232 1802 3.
1248 1792 1278 1796 -
1300 1776 1330 1809 §-
1346 1777 1380 1802 2.
1403 1777 1607 1810 Superbiens.
1645 1774 1688 1801 III.
1702 1776 1769 1802 Gn.
1788 1774 1924 1811 Resupina
1943 1770 1997 1800 c¹er-

1147 1821 1204 1846 vice
1225 1824 1323 1845 tantum
1343 1817 1449 1845 titulum
1467 1828 1570 1855 gerens.
1591 1817 1640 1844 Th.
1654 1817 1685 1844 C.
1699 1817 1744 1844 IX.
1758 1819 1781 1844 3.
1803 1828 1822 1844 c.
1837 1819 1861 1844 6.
1881 1817 1914 1844 de
1928 1821 1994 1844 cust.

1146 1873 1214 1889 reor.
1245 1862 1287 1889 Cl'.
1307 1861 1374 1888 Nov.
1394 1861 1485 1888 Maior.
1510 1861 1542 1888 de
1566 1860 1665 1897 indulg.
1691 1860 1785 1897 reliqu.
1812 1860 1856 1887 IV.
1876 1862 1900 1887 3.
1928 1870 1949 1887 c.
1971 1861 1993 1886 l.

1147 1910 1168 1940 ς.
1188 1908 1212 1932 2.

1182 1949 1442 1976 Resuscitare.
1464 1950 1671 1975 Instaurare.
1692 1949 1887 1974 Restilnere.
1907 1946 1994 1980 [Sy.

1147 1992 1344 2028 Redintegrare.
1370 1991 1399 2018 fr.
1419 1993 1443 2018 4.
1466 1991 1497 2017 fr.
1517 1992 1558 2017 27.
1579 1991 1600 2024 5.
1622 1992 1644 2017 1.
1666 1990 1698 2016 de
1718 1990 1794 2016 adim.
1814 1989 1891 2025 legat.
1909 1991 1951 2016 34.
1970 1991 1994 2015 4.

1146 2036 1294 2066 Renovare.
1308 2034 1467 2061 Restituere.
1489 2034 1529 2060 Cf.
1544 2033 1568 2060 h.
1583 2043 1624 2060 vv.
1646 2033 1683 2067 55.
1700 2035 1721 2060 l.
1736 2036 1760 2060 2.
1797 2032 1828 2059 ΙΙ.
1844 2034 1911 2066 op.
1931 2031 1995 2066 Qui-

1123 2085 1125 2099 ῑ
1147 2088 1245 2105 escere.
1267 2095 1297 2098 —
1322 2077 1494 2104 Resuscitari.
1520 2076 1577 2103 Gai.
1603 2076 1646 2103 IV.
1667 2077 1707 2102 78.
1746 2076 1789 2102 III.
1807 2077 1873 2103 Cn.
1896 2074 1994 2100 lterum

1147 2121 1257 2148 eandem
1281 2120 1354 2147 litem
1379 2130 1479 2147 resusc.
1504 2130 1525 2146 e.
1548 2121 1587 2146 13.
1608 2120 1629 2153 5.
1649 2121 1673 2145 2.
1693 2119 1726 2145 de
1745 2119 1823 2146 iudic.
1842 2119 1909 2144 3.1.
1947 2116 1994 2143 Se-

1147 2164 1246 2191 cundas
1271 2163 1374 2190 tabulas
1398 2174 1450 2190 non
1470 2167 1595 2200 oportere
1613 2163 1778 2193 resuscitari.
1797 2160 1924 2187 destituto
1944 2161 1994 2186 iam

1147 2209 1203 2234 iure
1227 2206 1299 2233 civili
1323 2211 1489 2233 testamento.
1520 2206 1550 2233 sr.
1570 2208 1611 2233 38.
1637 2206 1659 2240 5.
1678 2208 1702 2232 3.
1728 2204 1760 2231 de
1783 2202 1852 2239 vulg.
1879 2207 1905 2229 et
1930 2213 1993 2241 pup.

1146 2253 1188 2278 28.
1208 2252 1232 2277 6.

1183 2294 1416 2321 notan-dare.
1436 2294 1467 2327 §-
1484 2294 1519 2319 l.
1540 2292 1719 2319 Remorari.
1756 2289 1799 2315 111.
1818 2290 1880 2316 Cn.
1899 2289 1994 2316 Marito

1148 2348 1201 2363 non
1220 2336 1381 2373 negligente,
1410 2346 1459 2363 nec
1482 2335 1642 2365 retardante,
1671 2332 1717 2359 sed
1737 2333 1930 2359 accusationem
1949 2342 1994 2369 pa-

1148 2385 1221 2407 rante
1246 2385 1295 2406 etc.
1325 2379 1354 2406 fr.
1374 2382 1398 2406 2.
1423 2380 1444 2413 5
1465 2382 1488 2405 8.
1512 2378 1543 2404 ad
1567 2377 1597 2403 L.
1623 2375 1669 2402 lul.
1695 2375 1727 2401 de
1751 2375 1790 2401 ad.
1810 2376 1852 2401 48.
1872 2377 1896 2401 5.
1933 2374 1994 2402 Non

1148 2423 1275 2450 retardari
1296 2423 1377 2448 totius
1397 2422 1479 2448 debiti
1503 2429 1639 2447 usurarum
1664 2419 1877 2455 praestationem.
1902 2418 1931 2444 l‘r.
1951 2420 1992 2445 41.

1148 2467 1169 2500 5.
1192 2468 1213 2492 l.
1235 2466 1267 2491 de
1288 2476 1357 2492 usur.
1377 2468 1419 2491 22.
1441 2467 1462 2490 l.
1483 2463 1514 2490 cf.
1535 2462 1584 2489 ΤΙι.
1599 2463 1630 2489 (¹.
1645 2462 1674 2488 ll.
1694 2463 1736 2487 30.
1757 2472 1777 2488 c.
1798 2463 1818 2487 1.
1840 2461 1873 2487 de
1891 2462 1993 2498 pigner.

1150 2526 1179 2529 —-
1201 2510 1279 2543 §.2.
1301 2510 1475 2542 Impedit-e,
1497 2508 1676 2533 Prohibere.
1701 2504 1744 2531 llI.
1760 2506 1826 2532 Gn.
1847 2504 1903 2531 Nec
1915 2514 1994 2541 spon-

1149 2557 1222 2578 tanea
1247 2554 1272 2578 in
1292 2551 1369 2578 vobis
1393 2550 1539 2576 humanitas
1564 2548 1719 2574 retardetur.
1744 2548 1782 2574 Ib.
1804 2547 1858 2574 VII.
1879 2549 1902 2573 9.
1923 2558 1944 2574 c.
1966 2549 1990 2573 1.

1148 2595 1179 2621 (le
1199 2595 1262 2631 salg.
1301 2593 1405 2630 Quodsi
1426 2593 1470 2628 qui
1492 2608 1521 2612 —
1543 2593 1633 2618 venire
1653 2601 1705 2618 non
1725 2592 1872 2628 potuerint,
1891 2590 1934 2617 vel
1955 2600 1993 2616 ae—

256 2637 278 2670 5.
299 2639 338 2663 10.
364 2637 380 2664 l.
400 2639 424 2664 3.
446 2639 468 2664 l.
489 2638 521 2664 cf.
547 2637 597 2664 Th.
618 2637 649 2664 C.
670 2637 714 2663 lx.
734 2638 776 2662 43.
803 2647 824 2663 c.
846 2640 867 2663 1.
893 2639 914 2671 5.
935 2641 959 2665 3.
984 2638 1016 2664 tle
1036 2642 1095 2664 sent
1124 2642 1125 2660 l
1148 2643 1199 2664 tate
1219 2638 1261 2664 vel
1281 2635 1444 2673 aegritudine
1462 2634 1594 2661 retardati.
1616 2634 1651 2660 lb.
1673 2634 1716 2660 Vl.
1736 2635 1759 2660 4.
1781 2644 1801 2660 c.
1821 2635 1861 2659 13.
1881 2634 1903 2667 5.
1919 2635 1940 2659 l.
1960 2632 1992 2659 de

256 2688 326 2716 pass.
347 2696 377 2700 —-
399 2681 430 2714 §-
450 2683 489 2708 4.
510 2682 719 2712 praestatio,
742 2682 901 2707 Redditio.
940 2681 957 2708 l.
972 2682 1034 2715 Sy.
1054 2680 1103 2707 Re-

256 2723 421 2749 stitutioncm
440 2723 525 2750 facere
545 2724 596 2756 (rei
616 2724 678 2755 etc.)
704 2723 863 2749 Restituere.
885 2723 925 2750 Cf.
948 2723 971 2750 h.
992 2734 1015 2750 v.
1036 2725 1058 2758 5.
1078 2725 1102 2750 4.

257 2764 409 2792 Translatio
422 2766 655 2799 (fideicommissi.)
675 2777 696 2793 c.
711 2767 734 2793 7.
754 2776 793 2803 pr.
813 2767 873 2800 5.1.
894 2766 926 2793 ad
940 2767 967 2793 S.
976 2766 1006 2793 C.
1022 2766 1102 2793 Treb.

257 2809 282 2835 6.
301 2809 343 2835 49.
380 2808 410 2834 II.
432 2810 499 2842 01).
518 2810 664 2836 Exhibitio.
684 2809 714 2836 fr.
733 2811 775 2836 22.
795 2809 828 2836 de
847 2808 879 2836 V.
899 2808 927 2835 S.
947 2811 987 2836 50.
1010 2811 1049 2836 16.
1070 2825 1101 2829 —-

257 2851 289 2886 §.
309 2852 347 2879 5.
371 2852 472 2878 Actus
497 2855 729 2880 reddendarum
753 2854 929 2880 rationum.
972 2852 1015 2879 III.
1035 2854 1101 2881 On.

1123 2677 1125 2745 ἱ
1148 2680 1232 2707 l'raet.
1253 2686 1278 2707 rt
1293 2681 1344 2715 Qu.

1184 2725 1295 2751 Rete.
1337 2722 1368 2755 ξ.
1392 2723 1426 2747 l.
1457 2723 1577 2747 l’le.rus
1600 2721 1846 2756 funiculorum,
1877 2721 1918 2746 ad
1942 2727 1991 2744 ca-

1145 2768 1266 2800 pienda
1286 2766 1456 2792 animalia.
1484 2763 1526 2790 III.
1544 2765 1609 2791 Gn.
1629 2762 1705 2789 Retia
1718 2763 1888 2799 piscatorum.
1915 2760 1990 2786 Retia

1147 2810 1256 2846 apraria.
1276 2813 1301 2834 et
1321 2812 1421 2834 caetera
1441 2807 1589 2833 venationis
1609 2807 1791 2832 instrumenta.
1816 2804 1846 2831 fr.
1865 2805 1906 2830 29.
1926 2803 1947 2835 5.
1966 2805 1990 2829 3.

1147 2851 1179 2878 ad
1198 2851 1227 2878 L.
1247 2851 1316 2887 Aqu.
1336 2853 1360 2877 9.
1380 2852 1404 2877 2.
1433 2849 1506 2877 Paul.
1526 2849 1569 2876 III.
1594 2851 1618 2876 6.
1644 2850 1680 2883 55.
1704 2850 1744 2875 45.
1765 2849 1806 2875 66.
1843 2846 1872 2873 Si
1896 2847 1991 2873 iactum
