2197 3121
1039 158 1122 189 FID.

211 243 235 268 2.
255 242 279 267 4.
316 240 470 268 persecutio
495 239 701 268 fideicommissi.
727 238 784 265 Gai.
804 238 833 265 11.
859 239 919 265 282.
944 238 974 266 fr.
996 240 1054 266 178.
1078 242 1079 273 1

211 284 249 318 §§.
274 286 298 311 2.
322 295 362 321 sq.
388 284 420 311 de
440 283 471 310 V.
497 283 523 310 S.
549 286 589 310 50.
616 284 655 308 16.
693 280 815 308 Tacitum
840 282 925 308 fideie.
964 282 1005 309 Cf.
1031 292 1055 308 v.

211 326 329 354 Tacitus.

246 370 593 397 FideieommissuS.
624 367 744 400 (Partie.)
783 369 1054 394 Fideicommisso

212 414 451 439 interveniente
470 413 688 438 constitutus.
726 410 743 436 1.
770 411 832 444 Sy.
851 409 902 436 Per
922 409 1055 436 fideicom-
1077 432 1078 446 χ

210 456 321 482 missum
345 455 490 492 adscripta,
521 464 542 480 s.
569 453 641 481 data.
669 453 942 484 Fideicommissaria.
971 452 1056 478 Fidei-

212 500 351 524 commissa
370 497 514 530 (libertas.)
535 496 565 523 fr.
585 498 626 523 90.
648 495 679 522 (16
700 495 775 522 cond.
796 500 822 521 et
841 495 907 522 dem.
928 496 971 521 35.
987 495 1054 522 l.s1-.
1076 488 1078 509 ¹¹

212 542 235 567 l.
256 540 285 567 fr.
305 542 346 567 24.
372 541 408 574 βξ.
430 542 453 566 1.
473 549 531 576 sqq.
558 541 598 566 19.
624 538 656 565 (16
681 539 766 566 fidele.
790 537 855 564 libb.
881 539 923 564 40.
943 540 967 564 5.
1004 537 1055 565 Per
1076 572 1077 575 Ἴ

210 583 442 610 fideicommissum
462 582 560 609 relicta.
582 582 797 608 Fideicommissa
817 582 893 614 (res.)
919 580 992 607 Paul.
1009 581 1053 607 IV.

212 628 234 652 1.
255 627 291 660 §§.
313 628 335 652 7.
355 636 414 662 sqq.
436 627 475 651 15.
513 625 555 651 111.
580 626 646 653 Cn.
666 623 834 651 Exheredare
853 623 932 655 filios,
953 639 983 643 —
1005 625 1054 650 eis-

211 679 262 705 que
286 669 515 695 fideicommissam
540 667 711 694 hereditatem
736 667 805 693 dare.
829 666 859 693 fr.
887 669 926 693 18.
951 666 984 693 (16
1007 666 1053 693 lib.

211 716 237 738 et
254 710 342 749 posth.
367 713 408 737 28.
433 713 459 737 2.
496 711 627 737 Omnibus
653 709 805 736 civitatibus
825 725 856 728 —
877 711 981 736 restitui
1011 709 1054 736 de·
1075 742 1076 746 Ἰ

210 753 273 781 bere
297 759 323 781 et
347 764 428 791 posse
452 754 624 780 hereditatem
648 752 885 779 fideicommissam.
909 752 940 778 fr.
960 754 1002 779 26.
1021 753 1053 779 ad

210 796 237 823 S.
259 796 289 824 C.
310 796 390 824 Treb.
410 798 452 823 :3ss.
475 799 496 823 1.
534 797 732 827 Manumittere,
761 799 804 821 aut
823 794 1053 821 fideicommissam

209 839 358 866 libertatem
378 845 520 877 praestare.
542 839 583 865 Fr.
604 838 636 865 de
654 838 672 864 Ι.
693 838 721 865 F.
741 838 823 872 §.19.
855 837 927 864 Paul.
947 837 991 864 IV.
1014 840 1053 864 12.

209 883 230 916 §.
250 884 274 909 4.
311 882 356 909 IV.
379 884 418 908 13.
438 883 459 916 ξ.
480 884 504 909 3.
542 881 592 908 Cui
612 881 816 908 fideicommissa
836 880 944 907 libertas
965 881 1051 907 soluta
1075 905 1076 910 ,

209 930 257 952 est.
277 925 361 952 Vatic.
382 926 404 959 ξ.
423 927 483 951 225.
519 924 585 951 Rem
604 923 835 950 fideicommissam
854 925 877 950 si
896 924 973 950 heres
992 934 1053 950 ven·
1074 935 1076 962 j

208 968 313 995 diderit.
334 968 406 994 Paul.
427 967 471 994 IV.
493 969 515 993 l.
536 968 557 1000 ξ.
579 969 619 993 15.

243 1009 606 1038 Fideicommittere.
666 1011 971 1036 Fideicomnzisswn
1003 1012 1052 1036 in-

208 1056 350 1089 iungere.
388 1053 407 1079 I.
437 1054 499 1086 Sy.
530 1052 690 1089 llelinquere,
710 1052 741 1078 ab
761 1052 850 1089 aliquo
870 1052 1053 1079 fideicommis-

207 1106 273 1123 sum.
311 1096 384 1123 Fidei
404 1096 459 1121 eius
480 1096 650 1122 committere.
676 1095 748 1122 Paul.
769 1095 813 1122 IV.
843 1098 863 1122 1.
890 1096 927 1129 ἐξ.
949 1098 971 1122 l.
992 1105 1050 1132 sqq.

207 1140 231 1166 6.
251 1149 309 1175 sqq,
329 1138 360 1165 fr.
382 1140 440 1164 114.
461 1148 500 1174 pr.
521 1138 542 1171 ᾗ.
564 1140 586 1165 l.
607 1138 639 1164 dc
659 1138 735 1174 legat.
756 1138 775 1165 Ι.
796 1140 862 1170 (530.)
883 1138 913 1165 fr.
935 1140 957 1164 1.
977 1138 1050 1172 ᾐξΙ.

207 1191 265 1218 sqq.
285 1182 309 1208 6.
330 1191 389 1217 sqq.
410 1183 433 1208 9.
455 1181 487 1207 dc
507 1180 583 1216 legat.
604 1181 646 1207 llI.
668 1183 735 1213 (32.)
771 1181 895 1208 mandare
914 1181 974 1208 fidei
996 1181 1051 1214 (he-

206 1224 277 1251 redis
298 1226 360 1256 etc.)
380 1224 483 1260 Rogare
503 1224 669 1257 (codicillis.)
690 1225 720 1251 l'r.
743 1226 799 1251 123.
819 1235 858 1261 pr.
879 1225 900 1258 ξ.
922 1227 944 1251 1.
965 1224 997 1251 de
1016 1224 1051 1250 le·
1072 1229 1073 1235 ¹

205 1272 255 1304 gat.
275 1267 293 1293 1.
314 1267 381 1300 (30.)
403 1266 459 1292 Gai.
480 1266 510 1292 Il.
530 1269 589 1293 254.
609 1269 669 1294 277.
689 1266 750 1304 le.
770 1267 855 1294 XXV.
877 1270 916 1294 lo.
931 1277 970 1304 sq.
1000 1267 1051 1293 Per

205 1309 441 1336 fideicommissum
461 1311 566 1336 restitui
590 1310 688 1336 iubere.
714 1310 744 1336 fr.
763 1312 805 1337 26.
826 1310 858 1337 de
877 1310 909 1337 N.
929 1310 960 1337 G.
980 1312 1004 1336 3.
1025 1313 1049 1337 5.

205 1352 248 1379 [Π.
269 1355 335 1381 Gn.
356 1352 412 1378 Nec
431 1353 581 1379 testamenti
599 1352 711 1379 faciendi
732 1353 782 1381 ius.
802 1364 850 1379 nec
869 1353 1050 1380 lidcicommit-
1071 1369 1073 1386 2

205 1395 278 1422 tendi
299 1400 403 1422 constat
422 1395 526 1421 habere.
552 1395 581 1421 fr.
604 1397 625 1422 l.
653 1396 674 1429 ξ.
695 1397 718 1422 4.
745 1396 776 1422 cf.
797 1396 838 1422 Pr.
859 1396 891 1423 de
910 1396 986 1433 legat.
1006 1396 1048 1423 111.

205 1439 273 1472 (32.)
310 1438 347 1465 Vt
366 1438 461 1474 aliquis
481 1438 558 1464 heres
583 1443 654 1464 recto
679 1440 735 1465 iure
754 1440 919 1471 instituatur,
940 1441 1049 1476 eiusque

205 1481 270 1508 fidei
289 1482 467 1508 committatur
486 1486 515 1507 ut
528 1492 583 1507 eam
597 1481 768 1508 hereditatem
783 1482 827 1508 alii
841 1484 969 1509 restituat.
991 1482 1048 1509 Gai.

205 1524 236 1551 ss.
254 1525 314 1551 248.
352 1525 450 1550 Eorum
470 1524 533 1550 fidei
552 1526 679 1551 committi
699 1535 788 1562 posse.
809 1525 841 1551 :ul
861 1535 927 1562 quos
948 1525 1049 1562 aliquid
1070 1553 1071 1559 ἵ

204 1573 393 1604 perventurum
418 1572 459 1593 est
482 1572 567 1593 morte
586 1569 650 1594 eius.
670 1567 701 1594 fr.
724 1570 745 1594 l.
772 1568 794 1601 ξ.
814 1570 837 1594 6.
858 1568 890 1594 dc
910 1568 985 1604 legat.
1005 1568 1047 1594 111.
1070 1563 1071 1571 ¹

205 1610 285 1644 (32.)
310 1610 372 1648 le.
398 1610 428 1636 ll.
453 1612 477 1636 9.
520 1610 595 1645 Quae
619 1610 674 1637 dari
699 1612 815 1641 iussero.
840 1621 868 1637 ea
888 1612 925 1637 uti
944 1612 1047 1643 dentur,
1070 1630 1071 1638 .

205 1652 278 1685 fiant,
297 1653 360 1680 fidei
379 1655 435 1679 eius
456 1654 598 1679 committo.
623 1653 653 1680 sr.
674 1656 714 1680 13.
740 1664 780 1691 pr.
801 1654 833 1680 de
852 1654 924 1681 inoff.
944 1659 1046 1680 testam.

205 1696 229 1721 5.
249 1697 274 1721 2.
311 1696 334 1722 A
354 1701 394 1728 tc,
418 1696 509 1728 heres,
534 1701 594 1733 peto
619 1696 734 1733 fideique
758 1702 817 1723 tuae
844 1699 994 1729 committo,
1020 1703 1048 1724 ut
1069 1723 1071 1727 ,

207 1742 255 1764 cte.
276 1737 305 1764 fr.
323 1741 366 1765 25.
391 1750 430 1776 pr.
456 1739 489 1765 ad
513 1739 540 1765 S.
566 1739 596 1765 C.
618 1739 697 1765 Treb.
717 1741 758 1766 36.
785 1742 806 1766 l.
834 1740 865 1766 cf.
890 1740 943 1777 le
972 1740 1002 1766 ll.
1024 1742 1046 1766 7.
1070 1741 1071 1750 ¹

206 1780 278 1807 Paul.
299 1781 342 1808 IV.
364 1784 386 1808 1.
410 1782 424 1815 ξ
452 1785 476 1808 6.
514 1782 653 1808 Decedens
673 1783 756 1819 patris
777 1784 816 1808 sni
836 1782 899 1809 fidei
918 1784 1048 1809 commisit
1069 1814 1070 1819 1

206 1823 346 1853 codicilliS.
367 1829 396 1850 ut
414 1825 574 1850 restitueret.
598 1824 628 1850 fr.
652 1826 690 1850 15.
711 1835 750 1861 pr.
771 1825 803 1851 ad
822 1825 852 1851 L.
872 1825 942 1851 Falc.
961 1827 1003 1852 35.
1022 1827 1047 1851 2.
1069 1827 1071 1844 ἓ

204 1866 354 1893 Heredibns
378 1868 506 1893 institutis
530 1866 773 1899 fideicommittere.
798 1883 830 1886 —-
855 1872 884 1893 ut
903 1868 1046 1895 solverent.

205 1909 236 1935 fr.
258 1911 297 1935 14.
317 1910 339 1943 ᾗ.
360 1911 383 1935 1.
403 1910 438 1935 ib.
458 1911 499 1935 35.
518 1911 542 1935 2.

239 1952 483 1979 Fideiubere.
515 1954 623 1978 Fidem
643 1962 731 1979 snam
751 1954 853 1979 certis
873 1956 978 1980 verbis
998 1957 1047 1981 ob·
1068 1979 1070 1989 k

203 1996 327 2029 ligare,
347 2005 404 2028 pro
424 1997 532 2022 debito
558 1997 674 2021 alieno.
712 1995 730 2021 1.
751 1996 812 2029 Sy.
846 1995 936 2022 Fidem
960 1996 1047 2023 dicere
1068 1995 1069 2000 ¹

203 2047 252 2074 pro
272 2036 331 2063 alio.
352 2037 382 2063 fr.
402 2039 443 2064 62.
464 2037 485 2070 ξ,
508 2039 529 2063 1.
550 2037 635 2063 mand.
658 2039 696 2063 17.
718 2040 738 2064 1.
776 2038 805 2064 In
825 2038 903 2064 fidem
924 2049 995 2065 suam
1009 2050 1047 2066 re-

205 2081 299 2116 cipere.
319 2079 366 2106 lul.
388 2090 427 2117 ep.
448 2090 508 2106 nov.
530 2090 550 2106 c.
572 2082 629 2106 107.
654 2081 674 2114 §.
694 2082 753 2106 373.
791 2080 969 2117 Stipulatione
988 2092 1047 2119 pro-

204 2123 307 2149 mittere
326 2122 446 2155 (alterius
466 2122 592 2155 nomino.)
612 2122 641 2149 sr.
657 2124 679 2149 7.
700 2122 730 2149 fr.
750 2125 773 2149 9.
786 2124 807 2157 ξ.
830 2126 851 2150 l.
872 2125 894 2150 si
909 2135 952 2161 qu.
967 2131 1045 2152 cautt.

204 2166 229 2190 2.
249 2166 289 2191 11.
325 2165 367 2192 111.
389 2167 454 2193 Gn.
479 2165 509 2192 Id
533 2165 585 2191 fide
609 2170 652 2191 tua
672 2175 731 2192 esse
750 2167 843 2193 iubes?
868 2166 897 2193 fr.
919 2169 959 2194 75.
979 2168 1001 2202 ᾗ.
1021 2170 1045 2195 6.

206 2206 238 2233 de
256 2206 288 2233 V.
310 2208 342 2234 Ο.
361 2211 402 2235 45.
424 2210 446 2235 1.
472 2208 529 2235 Gai.
554 2208 595 2234 111.
620 2210 661 2234 92.
687 2211 745 2235 112.
767 2211 823 2236 116.
844 2209 888 2236 IV.
910 2212 967 2236 137.
1003 2210 1046 2237 Li-

206 2249 336 2275 berandae
358 2250 420 2277 fidei
444 2251 499 2277 eins
524 2261 601 2277 causa
626 2251 732 2277 lideiub.
759 2251 790 2278 fr.
810 2253 851 2278 46.
874 2253 896 2286 §
918 2255 939 2279 1.
960 2253 993 2280 de
1012 2253 1044 2280 N.

206 2291 238 2318 G.
257 2294 281 2318 3.
301 2294 325 2318 5.
362 2292 493 2320 Fideiussi
511 2304 559 2330 pro
576 2299 613 2325 te.
638 2299 664 2319 et
687 2294 763 2321 solvi.
788 2295 818 2321 fr.
838 2297 862 2322 6.
882 2298 903 2330 §.
924 2300 947 2323 5.
967 2297 1000 2324 (16
1019 2298 1044 2324 11.
1066 2300 1068 2316 l

207 2344 250 2370 qu.
271 2339 323 2360 not.
343 2334 428 2361 iuram.
447 2337 470 2362 3.
490 2338 514 2362 2.
552 2336 719 2363 Fideiubens.
741 2354 770 2358 —
792 2337 843 2364 Pro
866 2339 962 2375 quibus
982 2340 1045 2367 fide-

206 2378 307 2403 iussum
327 2381 374 2403 est.
394 2376 424 2403 fr.
443 2380 467 2404 2.
491 2388 530 2415 sq.
557 2379 589 2405 (16
613 2379 731 2406 fideiuss.
755 2382 796 2407 46.
818 2383 839 2407 1.
866 2382 897 2408 cs.
923 2382 980 2409 Gai.
1000 2383 1044 2410 Ill.

208 2421 265 2445 122.
301 2419 330 2445 In
356 2419 540 2455 obligationem
563 2422 685 2454 alterius,
705 2439 737 2442 —
756 2423 784 2449 In
809 2424 953 2451 naturalem
971 2435 1044 2452 suam

207 2462 393 2498 obligationem
413 2462 600 2497 (fideiubere.)
620 2465 650 2492 fr.
670 2468 713 2492 21.
739 2467 761 2500 §.
781 2469 804 2493 2.
826 2466 857 2493 cf,
877 2467 907 2493 fr.
928 2469 968 2494 69.
990 2468 1006 2494 l.
1026 2468 1042 2495 l.
1065 2460 1067 2496 ,1

206 2506 248 2530 46,
269 2506 291 2531 1.
330 2505 383 2539 Qui
402 2504 533 2531 fidciussit
551 2507 714 2538 „iudicatum
734 2509 834 2536 solvi.⁴·
857 2509 888 2536 fr.
913 2512 937 2537 8.
962 2511 999 2545 §§.
1018 2513 1042 2538 2.
1065 2497 1067 2532 l

207 2557 247 2584 sq.
286 2546 338 2582 Qu.
359 2546 450 2573 satisd.
471 2557 526 2583 cog.
545 2550 569 2574 2.
587 2551 611 2576 8.

241 2590 465 2617 Fideiussio.
504 2592 720 2620 Fideiubendi
739 2601 841 2621 actus.
878 2595 896 2622 I.
917 2597 978 2630 Sy.
999 2596 1044 2622 Sa-

208 2632 322 2658 tisdatio.
344 2642 364 2658 c.
384 2634 408 2658 3.
428 2632 460 2659 de
478 2633 509 2659 V.
530 2633 557 2660 S.
577 2634 600 2660 6.
620 2636 661 2661 38.
679 2636 721 2662 III.
745 2638 811 2664 Gn.
831 2638 910 2674 Quod
931 2639 962 2665 ad
981 2639 1044 2666 fide-

207 2675 341 2701 iussiones
361 2679 387 2700 et
404 2676 487 2702 mutui
505 2675 624 2702 dationes
642 2687 691 2714 pro
709 2679 766 2706 aliis
786 2696 818 2700 —
837 2683 958 2718 pertinet.
973 2682 1003 2709 fr.
1018 2685 1040 2709 2,

207 2718 228 2750 §.
248 2719 270 2744 l.
295 2717 328 2744 ad
348 2717 374 2743 S.
395 2717 425 2744 C.
446 2717 515 2745 vell.
540 2721 579 2746 16.
606 2721 628 2746 l.
668 2719 748 2747 Lecta
766 2723 961 2761 subscriptione
980 2725 1043 2752 fide-

208 2760 346 2792 iussionis.
371 2762 493 2796 quoniam
517 2762 543 2787 in
567 2762 624 2788 sola
649 2762 679 2789 C.
705 2774 787 2791 annua
806 2776 835 2792 se
854 2767 1041 2803 obligaverant,

208 2810 259 2828 non
276 2803 303 2829 in
322 2813 425 2830 omnem
443 2803 644 2832 conductionem
663 2810 711 2832 etc.
731 2806 761 2833 fr.
781 2808 820 2834 68.
841 2809 906 2842 §.1.
927 2810 959 2837 dc
978 2811 1041 2837 fide-

1878 161 1941 191 :375

1102 241 1165 267 iuss.
1183 241 1224 266 46.
1248 242 1268 266 l.
1306 239 1334 266 Si
1355 240 1496 267 fideiussor
1520 241 1597 267 heres
1618 241 1749 267 exstiterit
1769 242 1799 271 ei.
1820 251 1868 278 pro
1888 252 1940 277 quo

1101 283 1240 314 fidi-iussit.
1261 284 1335 319 quasi
1354 294 1424 309 reum
1445 294 1504 310 esse
1521 284 1672 320 obligatum.
1693 294 1724 310 ex
1739 294 1815 310 causa
1835 284 1941 310 fideius-

1077 349 1078 353 .
1100 327 1183 352 sionis
1204 325 1317 352 liberari.
1343 325 1373 351 fr.
1394 329 1418 352 5.
1443 327 1476 353 ib.
1501 328 1541 353 46.
1569 329 1590 352 1.
1629 326 1695 353 Cum
1719 337 1749 352 vo
1770 327 1802 352 ob
1823 326 1940 359 tutelam.

1100 378 1152 394 non
1173 379 1205 395 ex
1223 368 1402 396 fideiussione.
1423 370 1514 402 agitur.
1541 370 1570 396 fr.
1590 371 1631 396 69.
1652 369 1685 395 ib.
1705 371 1747 395 46.
1769 371 1790 395 l.

1135 412 1364 438 Fideiussor.
1423 414 1499 444 Qui.

1099 456 1185 486 situ,
1213 456 1318 490 fidem
1343 464 1431 480 suum
1455 457 1585 488 obligat
1617 466 1673 489 pro
1701 457 1863 482 solutione
1890 458 1939 481 de-

1099 499 1161 523 biti
1184 499 1293 524 alieni.
1331 496 1348 523 I.
1374 498 1435 531 Sy.
1473 497 1640 524 Fideiulwns
1666 498 1696 524 l'r.
1720 499 1744 524 3.
1769 497 1802 524 de
1821 497 1938 524 fideiuss.

1099 541 1140 566 46.
1162 541 1183 566 l.
1221 540 1274 575 Qui
1294 539 1378 566 alieno
1397 541 1503 566 nomine
1518 540 1656 575 obligatur.
1695 540 1748 576 Qui
1767 551 1815 577 pro
1835 541 1885 567 alio
1902 542 1939 567 in-

1100 584 1219 609 tervenit.
1240 582 1270 609 fr.
1292 585 1313 609 1.
1334 583 1355 616 ξ.
1375 584 1399 609 8.
1420 583 1452 609 (16
1472 583 1504 609 O.
1529 588 1554 609 et
1578 584 1608 609 Α,
1629 585 1670 610 44.
1692 585 1713 610 7.
1739 583 1769 609 fr.
1795 585 1834 610 11.
1855 594 1894 620 pr.
1915 583 1937 616 ξ.

1101 627 1123 651 1.
1143 625 1175 651 ad
1194 627 1288 652 munic.
1309 628 1350 652 50.
1373 628 1394 652 1.
1424 625 1567 652 Satisdare.
1591 626 1662 652 Dare.
1682 626 1861 652 fideiussores.
1890 626 1939 652 Ca-

1098 678 1167 694 vere.
1193 668 1222 694 fr.
1250 671 1270 695 l.
1295 670 1317 695 si
1338 679 1380 705 qu.
1402 669 1427 694 111
1448 669 1488 695 ius
1507 679 1564 695 voc.
1590 671 1614 694 2.
1634 671 1657 694 5.
1683 668 1712 695 sr.
1735 672 1756 696 l.
1782 670 1812 696 fr.
1832 671 1855 696 6.
1884 670 1938 705 Qu.

1098 711 1189 738 satisd.
1208 713 1233 738 2.
1253 714 1276 737 8.
1314 711 1337 737 Il
1363 713 1429 745 Op.
1455 711 1614 748 Sponsores.
1636 728 1666 731 ——
1688 712 1937 749 Fidepromissores.

1536 415 1760 447 stipulatione
1796 414 1939 446 interpo-

1075 747 1076 764 ³
1099 769 1130 772 —
1151 753 1342 781 Fideiussores.
1363 754 1420 781 Gai.
1441 754 1483 780 ΙΙΙ.
1505 756 1562 780 115.
1583 756 1639 780 117.
1660 764 1718 790 sqq.
1740 757 1796 781 126.
1816 755 1859 781 111.
1872 757 1937 783 Cn.

1097 796 1132 822 Et
1151 806 1220 827 reiis.
1242 802 1267 823 et
1286 797 1437 828 fideiussor.
1457 798 1618 829 (teneatur.)
1643 797 1673 823 l'r.
1694 799 1734 823 92.
1755 797 1787 823 de
1806 797 1837 824 R.
1857 798 1875 824 I.
1895 800 1937 824 50.

1100 841 1138 865 17.
1160 839 1191 865 cf.
1211 839 1241 865 sr.
1263 841 1285 865 9.
1306 840 1328 873 ξ.
1348 843 1371 866 ὅ.
1393 840 1422 866 fr.
1445 842 1484 866 11.
1510 840 1538 866 fr.
1560 841 1600 866 14.
1626 840 1648 873 ξ.
1669 841 1692 866 6.
1717 840 1769 875 Qu.
1790 845 1850 866 met.
1871 851 1891 867 c.
1913 842 1936 867 4.

1097 884 1121 908 2.
1164 881 1334 919 Principalis.
1364 897 1394 901 -
1425 882 1545 919 Sequens
1576 883 1727 915 (fideiuss.)
1760 883 1937 910 Fideiussoris

1075 922 1076 928 ¹
1098 925 1247 951 fideiussor.
1269 925 1298 951 l'r.
1318 929 1342 950 ὅ.
1362 926 1384 958 ξ.
1406 927 1444 951 12.
1465 925 1494 952 sr.
1514 928 1554 952 27.
1576 926 1612 959 §35
1627 928 1650 952 2.
1665 927 1688 952 4.
1710 926 1742 952 de
1761 926 1879 952 fideiuss.
1896 927 1936 952 46.

1100 970 1121 994 l.
1159 967 1213 994 Nec
1233 969 1403 994 committitur
1423 968 1571 1005 stipulatio.
1591 979 1638 995 nec
1658 969 1829 996 fideiussores
1849 974 1938 995 teuen-

1074 1039 1075 1042 ,
1097 1018 1147 1040 tur.
1167 1011 1197 1038 fr.
1220 1013 1258 1037 13.
1281 1012 1302 1037 si
1317 1021 1359 1047 qu.
1375 1015 1445 1037 cautt
1466 1012 1545 1037 2.11.
1584 1012 1745 1043 Fideiussor.
1765 1014 1809 1049 qui
1823 1014 1937 1050 aliquem

1074 1086 1075 1092 1
1097 1054 1195 1081 iudicio
1215 1055 1273 1080 sisti
1293 1055 1452 1090 promiserit.
1472 1053 1502 1080 fr.
1522 1056 1537 1079 2
1566 1055 1587 1088 ξ.
1607 1057 1630 1081 5.
1652 1055 1703 1090 Qu.
1724 1056 1815 1082 satisd.
1837 1067 1891 1093 cog.
1911 1059 1936 1083 2.

1097 1099 1120 1124 S.
1159 1097 1187 1124 Si
1212 1097 1356 1123 fideiussor
1379 1098 1404 1123 in
1429 1107 1482 1123 rem
1507 1106 1579 1123 suam
1603 1099 1755 1135 spopondit.
1780 1099 1809 1125 fr.
1833 1101 1874 1126 24.
1904 1099 1937 1126 de

1096 1146 1164 1178 pact.
1184 1143 1209 1167 2.
1231 1142 1270 1166 14.
1308 1139 1438 1166 Fideiuss.
1458 1139 1555 1165 iudicio
1574 1141 1685 1167 sistendi
1705 1152 1726 1167 c.
1741 1142 1936 1169 datus—Fid.

1096 1183 1237 1210 iudicatum
1257 1183 1333 1209 solvi.
1355 1183 1384 1209 fr.
1404 1185 1428 1209 2.
1449 1193 1488 1220 pr.
1508 1184 1545 1217 ἕξ.
1568 1185 1589 1210 l.
1610 1194 1648 1220 sq.
1670 1186 1693 1210 5.
1715 1184 1744 1210 fr.
1759 1188 1782 1211 S.
1803 1185 1824 1218 ξ
1838 1187 1861 1211 3.
1883 1186 1935 1221 Qu.

1095 1226 1187 1253 saiisd.
1207 1236 1262 1262 cog.
1282 1229 1307 1253 2.
1327 1230 1350 1252 ὅ.
1388 1226 1531 1255 Emtionis.
1556 1237 1580 1252 v.
1605 1226 1811 1257 Conductionis.
1836 1228 1880 1254 fid.
1904 1228 1935 1254 fr.

1095 1272 1136 1296 54.
1156 1280 1194 1307 pr.
1214 1269 1291 1296 locat.
1313 1271 1352 1295 19.
1372 1270 1396 1294 2.
1417 1269 1447 1295 fr.
1467 1270 1507 1295 56.
1529 1269 1560 1295 de
1575 1269 1661 1296 Aedil.
1676 1270 1752 1296 edict.
1767 1273 1808 1296 21.
1827 1273 1847 1297 l.
1876 1271 1936 1297 Evi-

1095 1314 1190 1339 ctionis
1215 1312 1387 1339 fideiussores
1411 1313 1540 1338 maximos
1566 1313 1705 1345 (offerre.)
1734 1313 1818 1340 Vatic.
1843 1314 1864 1348 ξ.
1896 1316 1935 1340 12.

1096 1355 1310 1382 fideiussoribus
1330 1354 1426 1381 oblatis
1447 1365 1546 1381 cavere.
1566 1355 1638 1382 Paul.
1659 1355 1700 1382 Ill.
1721 1358 1745 1382 6.
1764 1357 1785 1390 ξ.
1805 1358 1847 1383 27.
1880 1356 1937 1383 Hoc

1094 1400 1199 1425 nomine
1219 1408 1339 1424 securum
1358 1397 1442 1424 facere
1461 1399 1511 1430 (sc.
1535 1397 1713 1425 adversarium
1733 1400 1874 1432 nostrum,)
1894 1399 1936 1426 da-

1094 1443 1128 1468 tis
1148 1440 1358 1468 fideiussoribus
1379 1440 1409 1466 l'r.
1430 1443 1452 1467 1.
1473 1441 1525 1476 Qu.
1545 1441 1636 1467 satisd.
1657 1452 1712 1478 cog.
1736 1444 1760 1468 2.
1781 1446 1805 1468 δ.
1826 1442 1857 1468 cl'.
1877 1442 1934 1469 Gai.

1071 1485 1072 1492 ³
1094 1485 1136 1511 111.
1158 1486 1213 1510 117.
1251 1483 1287 1510 Vt
1306 1483 1462 1512 fideiussor.
1481 1500 1513 1503 —
1532 1494 1580 1520 pro
1600 1485 1637 1510 rei
1657 1484 1795 1520 qualitate.
1814 1485 1935 1522 locuples

1093 1528 1177 1554 detur.
1198 1527 1227 1553 fr.
1251 1529 1272 1552 1.
1293 1536 1331 1563 sq.
1352 1528 1379 1552 in
1404 1528 1444 1552 ius
1468 1537 1525 1552 voc.
1547 1531 1573 1552 ut
1594 1532 1661 1553 eant.
1680 1529 1703 1553 2.
1724 1529 1748 1553 6.
1784 1527 1935 1554 Evidentis-

1093 1572 1158 1597 sime
1177 1569 1306 1606 locuples.
1327 1569 1377 1601 vel⁷
1398 1571 1420 1596 si
1440 1569 1588 1598 dubitetur.
1613 1570 1774 1607 adprobatus
1794 1571 1837 1597 fid.
1859 1571 1889 1597 t'r.
1909 1574 1932 1597 5.

1092 1615 1113 1648 ξ.
1135 1615 1156 1639 l.
1196 1613 1247 1648 Qu.
1267 1612 1359 1639 satisd.
1380 1622 1435 1648 cog.
1454 1615 1479 1639 2.
1493 1614 1518 1639 S.
1555 1612 1746 1643 Fideiussores.
1766 1613 1808 1640 vel
1827 1613 1934 1640 eosdem

1092 1656 1134 1683 vel
1154 1656 1220 1682 alios
1241 1666 1292 1681 non
1312 1657 1397 1681 minus
1418 1655 1537 1686 idoneos.
1557 1655 1689 1682 adhibere.
1711 1656 1740 1682 l'r.
1763 1658 1801 1682 10.
1822 1657 1844 1690 ξ.
1861 1659 1882 1683 1.
1902 1657 1932 1683 fr.

1094 1701 1132 1725 14.
1153 1699 1176 1732 ς.
1196 1700 1219 1724 8.
1241 1699 1292 1733 Qu.
1313 1703 1373 1724 met..
1395 1708 1416 1723 c.
1431 1700 1454 1724 4.
1468 1701 1491 1724 2.
1530 1698 1658 1735 Accipere
1672 1699 1856 1726 fideiussorem
1876 1701 1933 1732 (no-

1092 1743 1174 1773 mine,
1198 1751 1221 1767 V.
1242 1742 1268 1766 in
1293 1751 1397 1767 causam
1416 1741 1482 1773 etc.)
1507 1740 1537 1766 sr.
1564 1743 1602 1767 14.
1640 1741 1691 1777 Qu.
1713 1742 1780 1769 mod.
1800 1744 1870 1779 pign.
1890 1745 1932 1769 20.

1092 1786 1115 1810 6.
1142 1783 1171 1809 fr.
1195 1785 1236 1809 56.
1262 1783 1295 1809 de
1318 1783 1404 1809 Aedil.
1429 1783 1507 1810 edict.
1533 1785 1574 1810 21.
1601 1785 1623 1810 1.
1660 1784 1791 1811 Fideiuss.
1810 1785 1932 1812 omnibus

1093 1826 1297 1862 obligationibus
1317 1826 1395 1852 adiici
1413 1831 1510 1863 potest.
1530 1826 1587 1852 Gai.
1599 1826 1640 1853 111.
1652 1829 1709 1854 119.
1747 1827 1777 1854 Si
1790 1829 1816 1854 in
1830 1838 1933 1855 omnem

1093 1879 1197 1896 causam
1221 1878 1250 1895 se
1273 1868 1412 1905 obligavit,
1436 1879 1456 1895 s.
1482 1868 1617 1906 adplicuit.
1643 1870 1793 1897 fideiussor.
1817 1887 1849 1890 —
1874 1871 1932 1898 Nisi

1092 1922 1141 1950 pro
1162 1917 1230 1938 certa
1255 1913 1399 1948 quantitate
1423 1913 1542 1938 accessit.
1568 1912 1598 1939 sr.
1617 1915 1641 1940 2.
1666 1914 1703 1947 ἐξ.
1727 1915 1751 1940 3
1771 1916 1795 1940 5.
1821 1914 1872 1950 Qu.
1892 1924 1932 1941 sa-

1092 1955 1153 1982 tisd.
1174 1965 1228 1991 cog.
1247 1956 1271 1981 2.
1291 1956 1315 1981 8.
1353 1954 1478 1981 Creditur
1497 1957 1636 1987 contraxit.
1656 1961 1681 1982 et
1694 1956 1836 1983 fideiussor
1854 1958 1931 1983 inter-

1092 1999 1170 2024 venit.
1191 1998 1220 2024 fr.
1240 1999 1282 2024 31.
1301 2008 1341 2035 pr.
1368 1997 1400 2024 de
1420 1998 1450 2024 N.
1472 1998 1503 2024 G.
1522 2000 1546 2024 3.
1567 2001 1590 2025 5.
1628 1999 1656 2025 ln
1676 1999 1798 2031 vinculis.
1819 2000 1861 2026 vel
1881 2000 1929 2026 sub

1091 2041 1303 2072 fideiussoribus.
1325 2041 1473 2074 (decedere,
1494 2052 1517 2068 v.
1538 2042 1635 2068 remitti
1654 2042 1686 2068 ad
1707 2042 1878 2075 Praesidem.)
1899 2043 1928 2069 sr.

1090 2086 1114 2110 3.
1135 2085 1156 2118 ξ.
1178 2086 1200 2110 7.
1221 2083 1253 2110 (16
1272 2084 1332 2110 bon.
1353 2094 1405 2110 eor.
1432 2095 1474 2121 qu.
1500 2089 1558 2111 ante
1586 2090 1653 2111 sent.
1679 2087 1720 2112 45.
1740 2088 1782 2112 21.
1803 2086 1834 2112 ct'.
1855 2085 1884 2112 fr.
1906 2088 1928 2111 7.

1091 2127 1123 2153 de
1142 2127 1244 2153 incend.
1265 2128 1346 2153 ruina.
1366 2128 1407 2154 47.
1427 2129 1451 2153 9.
1494 2127 1551 2153 Nisi
1571 2129 1593 2154 si
1614 2133 1664 2154 tam
1683 2139 1761 2164 grave.
1781 2128 1868 2155 scelus
1887 2128 1929 2155 ad-

1090 2171 1194 2196 misisse
1214 2180 1271 2196 eum
1291 2175 1403 2201 constet,
1424 2175 1451 2196 ut
1465 2180 1550 2206 neque
1562 2171 1765 2198 fideiussoribus
1785 2182 1869 2209 neque
1883 2173 1928 2197 mi-

1090 2213 1181 2239 litibus
1201 2214 1328 2239 committi
1347 2213 1449 2239 debeat.
1469 2213 1499 2240 fr.
1519 2215 1542 2239 3.
1564 2213 1594 2240 cf.
1615 2214 1645 2240 fr.
1662 2216 1683 2240 l.
1704 2214 1736 2241 de
1756 2220 1821 2241 cust.
1841 2219 1867 2241 et
1886 2224 1927 2240 vx-

1089 2255 1142 2282 hib.
1157 2259 1198 2282 48.
1212 2257 1236 2282 3.

1125 2299 1415 2326 Fideiussorills.
1448 2298 1578 2333 (Adiect.)
1606 2302 1653 2326 Ad
1665 2301 1924 2336 fideiussionem,

1089 2345 1136 2368 vel
1149 2344 1398 2378 fideiussorem,
1418 2349 1569 2376 spectans
1615 2342 1632 2368 1.
1644 2344 1705 2377 Sy.
1726 2342 1924 2373 Fideiussionis.

1089 2383 1267 2410 Fideiussoria
1287 2388 1394 2416 (causa,
1419 2394 1439 2410 s.
1459 2385 1610 2421 obligatio.)
1635 2385 1664 2411 fr.
1690 2387 1729 2411 14.
1749 2385 1778 2410 l'r.
1798 2386 1838 2410 21.
1858 2384 1879 2417 ξ.
1899 2386 1923 2410 2.

1089 2427 1119 2453 l'r.
1139 2428 1180 2453 49.
1201 2437 1239 2463 sq.
1260 2427 1292 2453 dc
1311 2427 1430 2454 sideiuss.
1451 2430 1491 2454 46.
1514 2430 1535 2454 l.
1572 2428 1614 2454 111.
1637 2430 1702 2455 Cn.
1722 2427 1751 2453 Si
1769 2427 1878 2452 alienam
1891 2443 1923 2446 ——

1089 2469 1273 2506 obligationem
1292 2471 1443 2507 suscepisti.
1462 2470 1505 2497 vel
1523 2471 1698 2499 fideiussoris).
1718 2471 1774 2495 sive
1792 2469 1923 2495 mandato-

1065 2533 1067 2544 .
1089 2513 1136 2544 rio,
1156 2512 1198 2539 vel
1219 2523 1375 2549 quocunque
1399 2513 1450 2540 alio
1474 2515 1586 2540 nomine.
1608 2524 1627 2539 c.
1650 2514 1688 2538 19.
1708 2512 1740 2538 de
1759 2512 1877 2539 fideiuss.
1897 2517 1923 2538 et

1088 2555 1173 2581 mand.
1193 2556 1217 2582 S.
1237 2557 1278 2581 41.
1314 2555 1366 2582 Pro
1385 2561 1459 2593 parte
1478 2556 1615 2583 coheredis
1639 2554 1763 2591 obligatio
1783 2554 1854 2581 salva
1873 2560 1921 2587 est,

1089 2608 1141 2623 non
1160 2597 1339 2629 fideiussoria,
1364 2598 1411 2625 sed
1430 2598 1593 2625 hereditaria.
1618 2597 1648 2623 fr.
1668 2599 1708 2624 50.
1729 2597 1760 2624 cf.
1780 2597 1810 2624 fr.
1831 2599 1870 2624 14.
1891 2598 1921 2624 fr.

1088 2642 1129 2666 49.
1149 2641 1171 2674 §.
1191 2642 1214 2666 2.
1235 2640 1268 2666 de
1280 2640 1398 2668 lideiuss.
1412 2643 1453 2668 46.
1469 2644 1490 2668 l.
1526 2641 1566 2666 Ex
1579 2640 1745 2666 fideiussoria
1759 2651 1834 2667 causa
1849 2641 1921 2674 (con-

1088 2684 1180 2713 veniri.
1200 2693 1223 2709 v.
1244 2683 1348 2710 solvere
1367 2684 1430 2717 etc.)
1454 2683 1483 2709 fr.
1508 2684 1532 2708 8.
1552 2682 1585 2708 (16
1609 2683 1691 2709 usufr.
1715 2694 1764 2710 ear.
1784 2694 1832 2710 rer.
1854 2686 1876 2710 7.
1896 2686 1918 2709 5.

1088 2726 1118 2752 l'r.
1141 2728 1179 2752 ll.
1199 2726 1283 2752 mand.
1305 2728 1343 2752 17.
1365 2729 1386 2752 l.
1407 2726 1436 2752 fr.
1460 2727 1483 2751 9.
1508 2725 1529 2758 ξ.
1552 2727 1573 2751 l.
1598 2725 1630 2751 de
1649 2726 1715 2753 adm.
1735 2731 1760 2753 et
1779 2728 1857 2764 peric.
1877 2728 1918 2752 26.

1088 2771 1110 2795 7.
1147 2768 1257 2795 Nomine
1281 2769 1447 2795 fideiussorio
1472 2767 1606 2803 (obligare
1625 2779 1665 2800 sc.
1690 2779 1713 2795 v.
1738 2769 1833 2796 debere
1853 2770 1918 2801 ete.)

1087 2810 1117 2838 Τι’.
1139 2814 1161 2838 7.
1181 2813 1203 2846 ξ.
1224 2814 1247 2839 3,
1272 2812 1304 2837 (16
1323 2812 1415 2837 minor.
1435 2812 1459 2836 4.
1479 2812 1502 2837 4.
1523 2810 1553 2837 sr.
1572 2813 1596 2837 4.
1617 2811 1649 2837 (le
1667 2811 1746 2838 solut.
1766 2813 1806 2837 46.
1825 2813 1849 2837 3.
