<?xml version="1.0" encoding="UTF-8"?>
<!DOCTYPE html PUBLIC "-//W3C//DTD XHTML 1.0 Transitional//EN"
    "http://www.w3.org/TR/xhtml1/DTD/xhtml1-transitional.dtd">
<html xmlns="http://www.w3.org/1999/xhtml" xml:lang="en" lang="en">
 <head>
  <title>
</title>
<meta http-equiv="Content-Type" content="text/html;charset=utf-8" />
  <meta name='ocr-system' content='tesseract 3.04.00' />
  <meta name='ocr-capabilities' content='ocr_page ocr_carea ocr_par ocr_line ocrx_word'/>
</head>
<body>
  <div class='ocr_page' id='page_1' title='image "./manualelatinitat00dirk_0822.png"; bbox 0 0 2197 3121; ppageno 0'>
   <div class='ocr_carea' id='block_1_1' title="bbox 276 200 340 230">
    <p class='ocr_par' dir='ltr' id='par_1_1' title="bbox 276 200 340 230">
     <span class='ocr_line' id='line_1_1' title="bbox 276 200 340 230; baseline 0.031 -2"><span class='ocrx_word' id='word_1_1' title='bbox 276 200 340 230; x_wconf 58' lang='lat'>⁸08</span> 
     </span>
    </p>
   </div>
   <div class='ocr_carea' id='block_1_2' title="bbox 277 276 1144 1051">
    <p class='ocr_par' dir='ltr' id='par_1_2' title="bbox 277 276 1144 1051">
     <span class='ocr_line' id='line_1_2' title="bbox 278 276 1119 318; baseline -0.005 -10"><span class='ocrx_word' id='word_1_2' title='bbox 278 291 354 318; x_wconf 75' lang='lat' dir='ltr'>poen.</span> <span class='ocrx_word' id='word_1_3' title='bbox 383 281 482 316; x_wconf 75' lang='lat' dir='ltr'>Exigua</span> <span class='ocrx_word' id='word_1_4' title='bbox 502 279 647 317; x_wconf 86' lang='lat' dir='ltr'>quodamm.</span> <span class='ocrx_word' id='word_1_5' title='bbox 662 278 840 305; x_wconf 76' lang='lat' dir='ltr'>aedificiorum</span> <span class='ocrx_word' id='word_1_6' title='bbox 854 278 1004 316; x_wconf 77' lang='lat' dir='ltr'>pensitatio.</span> <span class='ocrx_word' id='word_1_7' title='bbox 1023 276 1119 304; x_wconf 85' lang='lat' dir='ltr'>1b.X1.</span> 
     </span>
     <span class='ocr_line' id='line_1_3' title="bbox 277 322 1143 355; baseline -0.005 -5"><span class='ocrx_word' id='word_1_8' title='bbox 277 326 320 350; x_wconf 79' lang='grc'>20.</span> <span class='ocrx_word' id='word_1_9' title='bbox 342 334 362 350; x_wconf 89' lang='lat' dir='ltr'>c.</span> <span class='ocrx_word' id='word_1_10' title='bbox 383 326 406 350; x_wconf 89' lang='lat'>3.</span> <span class='ocrx_word' id='word_1_11' title='bbox 427 323 459 350; x_wconf 80' lang='lat' dir='ltr'>de</span> <span class='ocrx_word' id='word_1_12' title='bbox 480 323 566 349; x_wconf 78' lang='lat' dir='ltr'>collat.</span> <span class='ocrx_word' id='word_1_13' title='bbox 587 322 674 349; x_wconf 81' lang='lat' dir='ltr'>donat.</span> <span class='ocrx_word' id='word_1_14' title='bbox 1142 346 1143 355; x_wconf 17' lang='grc' dir='ltr'>ἵ</span> 
     </span>
     <span class='ocr_line' id='line_1_4' title="bbox 313 362 1143 402; baseline -0.006 -8"><span class='ocrx_word' id='word_1_15' title='bbox 313 367 475 399; x_wconf 66' lang='lat' dir='ltr'>Quoan.</span> <span class='ocrx_word' id='word_1_16' title='bbox 513 368 596 393; x_wconf 62' lang='lat' dir='ltr'>Nisi.</span> <span class='ocrx_word' id='word_1_17' title='bbox 634 364 652 391; x_wconf 95' lang='lat'>1.</span> <span class='ocrx_word' id='word_1_18' title='bbox 679 366 741 399; x_wconf 73' lang='lat' dir='ltr'>Sy.</span> <span class='ocrx_word' id='word_1_19' title='bbox 771 364 799 391; x_wconf 82' lang='lat' dir='ltr'>Si</span> <span class='ocrx_word' id='word_1_20' title='bbox 829 374 888 390; x_wconf 90' lang='lat' dir='ltr'>non.</span> <span class='ocrx_word' id='word_1_21' title='bbox 927 363 1031 399; x_wconf 86' lang='lat' dir='ltr'>Quodsi</span> <span class='ocrx_word' id='word_1_22' title='bbox 1059 362 1143 402; x_wconf 26' lang='lat' dir='ltr'>nonff</span> 
     </span>
     <span class='ocr_line' id='line_1_5' title="bbox 279 407 1144 445; baseline -0.005 -9"><span class='ocrx_word' id='word_1_23' title='bbox 279 409 344 436; x_wconf 70' lang='lat' dir='ltr'>Nisi.</span> <span class='ocrx_word' id='word_1_24' title='bbox 365 409 421 435; x_wconf 84' lang='lat' dir='ltr'>Gai.</span> <span class='ocrx_word' id='word_1_25' title='bbox 442 408 471 434; x_wconf 93' lang='lat' dir='ltr'>II.</span> <span class='ocrx_word' id='word_1_26' title='bbox 494 410 550 435; x_wconf 83' lang='lat'>165.</span> <span class='ocrx_word' id='word_1_27' title='bbox 570 418 608 444; x_wconf 86' lang='lat' dir='ltr'>sq.</span> <span class='ocrx_word' id='word_1_28' title='bbox 629 407 690 445; x_wconf 68' lang='lat' dir='ltr'>VII).</span> <span class='ocrx_word' id='word_1_29' title='bbox 710 407 792 434; x_wconf 82' lang='lat' dir='ltr'>XXII.</span> <span class='ocrx_word' id='word_1_30' title='bbox 811 409 852 434; x_wconf 89' lang='lat'>27.</span> <span class='ocrx_word' id='word_1_31' title='bbox 872 408 913 433; x_wconf 98' lang='lat'>33.</span> <span class='ocrx_word' id='word_1_32' title='bbox 934 416 972 443; x_wconf 86' lang='lat' dir='ltr'>sq.</span> <span class='ocrx_word' id='word_1_33' title='bbox 1142 420 1144 436; x_wconf 63' lang='lat' dir='ltr'>t</span> 
     </span>
     <span class='ocr_line' id='line_1_6' title="bbox 313 449 1120 486; baseline -0.005 -7"><span class='ocrx_word' id='word_1_34' title='bbox 313 451 466 484; x_wconf 66' lang='lat' dir='ltr'>Quodsi.</span> <span class='ocrx_word' id='word_1_35' title='bbox 496 453 531 478; x_wconf 80' lang='lat' dir='ltr'>Si</span> <span class='ocrx_word' id='word_1_36' title='bbox 550 453 684 485; x_wconf 71' lang='lat' dir='ltr'>quidem.</span> <span class='ocrx_word' id='word_1_37' title='bbox 720 449 812 485; x_wconf 66' lang='lat' dir='ltr'>[Sy.</span> <span class='ocrx_word' id='word_1_38' title='bbox 833 450 870 476; x_wconf 92' lang='lat' dir='ltr'>Si.</span> <span class='ocrx_word' id='word_1_39' title='bbox 892 449 948 475; x_wconf 76' lang='lat' dir='ltr'>Gai.</span> <span class='ocrx_word' id='word_1_40' title='bbox 963 449 993 476; x_wconf 85' lang='lat'>11.</span> <span class='ocrx_word' id='word_1_41' title='bbox 1008 451 1048 476; x_wconf 83' lang='lat'>71.</span> <span class='ocrx_word' id='word_1_42' title='bbox 1062 459 1120 486; x_wconf 88' lang='lat' dir='ltr'>sqq.</span> 
     </span>
     <span class='ocr_line' id='line_1_7' title="bbox 279 492 1144 531; baseline -0.003 -10"><span class='ocrx_word' id='word_1_43' title='bbox 279 496 336 521; x_wconf 65' lang='lat'>185.</span> <span class='ocrx_word' id='word_1_44' title='bbox 358 493 400 520; x_wconf 66' lang='lat' dir='ltr'>lv.</span> <span class='ocrx_word' id='word_1_45' title='bbox 422 496 478 520; x_wconf 86' lang='lat'>154.</span> <span class='ocrx_word' id='word_1_46' title='bbox 501 493 560 531; x_wconf 80' lang='lat' dir='ltr'>le.</span> <span class='ocrx_word' id='word_1_47' title='bbox 580 492 638 520; x_wconf 76' lang='lat' dir='ltr'>XV.</span> <span class='ocrx_word' id='word_1_48' title='bbox 659 492 729 519; x_wconf 73' lang='lat' dir='ltr'>XVI.</span> <span class='ocrx_word' id='word_1_49' title='bbox 749 494 772 519; x_wconf 97' lang='lat'>3.</span> <span class='ocrx_word' id='word_1_50' title='bbox 792 493 864 519; x_wconf 89' lang='lat' dir='ltr'>XIX.</span> <span class='ocrx_word' id='word_1_51' title='bbox 887 494 925 518; x_wconf 86' lang='lat'>14.</span> <span class='ocrx_word' id='word_1_52' title='bbox 959 492 988 518; x_wconf 84' lang='lat' dir='ltr'>Si</span> <span class='ocrx_word' id='word_1_53' title='bbox 1007 492 1120 529; x_wconf 74' lang='lat' dir='ltr'>quidem.</span> <span class='ocrx_word' id='word_1_54' title='bbox 1142 508 1144 511; x_wconf 67' lang='grc'><strong><em>»</em></strong></span> 
     </span>
     <span class='ocr_line' id='line_1_8' title="bbox 278 534 1143 573; baseline -0.003 -9"><span class='ocrx_word' id='word_1_55' title='bbox 278 537 307 564; x_wconf 92' lang='lat' dir='ltr'>Si</span> <span class='ocrx_word' id='word_1_56' title='bbox 327 536 412 563; x_wconf 84' lang='lat' dir='ltr'>modo.</span> <span class='ocrx_word' id='word_1_57' title='bbox 434 536 491 563; x_wconf 76' lang='lat' dir='ltr'>Gai.</span> <span class='ocrx_word' id='word_1_58' title='bbox 511 536 540 562; x_wconf 94' lang='lat'>11.</span> <span class='ocrx_word' id='word_1_59' title='bbox 561 538 620 563; x_wconf 83' lang='lat'>211.</span> <span class='ocrx_word' id='word_1_60' title='bbox 641 546 680 573; x_wconf 90' lang='lat' dir='ltr'>sq.</span> <span class='ocrx_word' id='word_1_61' title='bbox 699 535 743 562; x_wconf 78' lang='lat' dir='ltr'>IV.</span> <span class='ocrx_word' id='word_1_62' title='bbox 766 537 822 562; x_wconf 85' lang='lat'>154.</span> <span class='ocrx_word' id='word_1_63' title='bbox 844 535 903 573; x_wconf 61' lang='lat' dir='ltr'>le.</span> <span class='ocrx_word' id='word_1_64' title='bbox 922 535 940 561; x_wconf 94' lang='lat' dir='ltr'>I.</span> <span class='ocrx_word' id='word_1_65' title='bbox 962 537 1056 562; x_wconf 77' lang='lat'>15.-21.</span> <span class='ocrx_word' id='word_1_66' title='bbox 1077 534 1121 562; x_wconf 62' lang='lat' dir='ltr'>VI.</span> <span class='ocrx_word' id='word_1_67' title='bbox 1142 537 1143 543; x_wconf 64' lang='lat'>¹</span> 
     </span>
     <span class='ocr_line' id='line_1_9' title="bbox 278 577 1121 616; baseline -0.004 -10"><span class='ocrx_word' id='word_1_68' title='bbox 278 583 300 606; x_wconf 78' lang='grc'>4,</span> <span class='ocrx_word' id='word_1_69' title='bbox 321 581 344 606; x_wconf 85' lang='grc'>6.</span> <span class='ocrx_word' id='word_1_70' title='bbox 368 579 451 606; x_wconf 83' lang='lat' dir='ltr'>XXII.</span> <span class='ocrx_word' id='word_1_71' title='bbox 475 581 499 606; x_wconf 95' lang='lat'>3.</span> <span class='ocrx_word' id='word_1_72' title='bbox 527 581 565 605; x_wconf 91' lang='lat'>11.</span> <span class='ocrx_word' id='word_1_73' title='bbox 586 589 625 616; x_wconf 89' lang='lat' dir='ltr'>sq.</span> <span class='ocrx_word' id='word_1_74' title='bbox 662 579 707 605; x_wconf 92' lang='lat'>111.</span> <span class='ocrx_word' id='word_1_75' title='bbox 729 580 795 606; x_wconf 77' lang='lat' dir='ltr'>Cn.</span> <span class='ocrx_word' id='word_1_76' title='bbox 819 577 879 604; x_wconf 66' lang='lat' dir='ltr'>Nou</span> <span class='ocrx_word' id='word_1_77' title='bbox 905 583 1004 604; x_wconf 80' lang='lat' dir='ltr'>tantum</span> <span class='ocrx_word' id='word_1_78' title='bbox 1028 579 1063 610; x_wconf 72' lang='lat' dir='ltr'>si.</span> <span class='ocrx_word' id='word_1_79' title='bbox 1089 594 1121 597; x_wconf 96' lang='lat'><strong>—</strong></span> 
     </span>
     <span class='ocr_line' id='line_1_10' title="bbox 278 620 1120 658; baseline -0.004 -9"><span class='ocrx_word' id='word_1_80' title='bbox 278 622 325 649; x_wconf 75' lang='lat' dir='ltr'>sed</span> <span class='ocrx_word' id='word_1_81' title='bbox 345 628 370 649; x_wconf 83' lang='lat' dir='ltr'>et</span> <span class='ocrx_word' id='word_1_82' title='bbox 389 624 411 649; x_wconf 89' lang='lat' dir='ltr'>si</span> <span class='ocrx_word' id='word_1_83' title='bbox 431 627 479 649; x_wconf 81' lang='lat' dir='ltr'>etc.</span> <span class='ocrx_word' id='word_1_84' title='bbox 506 639 536 642; x_wconf 97' lang='lat'><strong>—</strong></span> <span class='ocrx_word' id='word_1_85' title='bbox 562 621 667 658; x_wconf 81' lang='lat' dir='ltr'><strong>Quodsi</strong></span> <span class='ocrx_word' id='word_1_86' title='bbox 687 626 736 648; x_wconf 88' lang='lat' dir='ltr'>etc.</span> <span class='ocrx_word' id='word_1_87' title='bbox 762 620 833 647; x_wconf 84' lang='lat' dir='ltr'>Paul.</span> <span class='ocrx_word' id='word_1_88' title='bbox 854 620 898 647; x_wconf 77' lang='lat' dir='ltr'>lv.</span> <span class='ocrx_word' id='word_1_89' title='bbox 920 623 958 647; x_wconf 91' lang='lat'>12.</span> <span class='ocrx_word' id='word_1_90' title='bbox 980 622 1001 655; x_wconf 85' lang='lat'>5.</span> <span class='ocrx_word' id='word_1_91' title='bbox 1021 622 1045 647; x_wconf 86' lang='lat' dir='ltr'>S.</span> <span class='ocrx_word' id='word_1_92' title='bbox 1082 620 1120 652; x_wconf 79' lang='lat' dir='ltr'>Si.</span> 
     </span>
     <span class='ocr_line' id='line_1_11' title="bbox 278 664 1144 702; baseline -0.002 -10"><span class='ocrx_word' id='word_1_93' title='bbox 278 671 415 702; x_wconf 80' lang='lat' dir='ltr'>autequam</span> <span class='ocrx_word' id='word_1_94' title='bbox 435 665 548 692; x_wconf 75' lang='lat' dir='ltr'>adeatur.</span> <span class='ocrx_word' id='word_1_95' title='bbox 569 681 600 685; x_wconf 93' lang='lat'><strong>—</strong></span> <span class='ocrx_word' id='word_1_96' title='bbox 622 664 726 701; x_wconf 80' lang='lat' dir='ltr'>Quodsi</span> <span class='ocrx_word' id='word_1_97' title='bbox 742 669 834 701; x_wconf 83' lang='lat' dir='ltr'>postea</span> <span class='ocrx_word' id='word_1_98' title='bbox 849 669 898 691; x_wconf 82' lang='lat' dir='ltr'>etc.</span> <span class='ocrx_word' id='word_1_99' title='bbox 919 664 979 701; x_wconf 66' lang='grc' dir='ltr'>ΠΡ.</span> <span class='ocrx_word' id='word_1_100' title='bbox 993 664 1065 690; x_wconf 86' lang='lat' dir='ltr'>XIX.</span> <span class='ocrx_word' id='word_1_101' title='bbox 1080 666 1120 690; x_wconf 90' lang='lat'>14.</span> <span class='ocrx_word' id='word_1_102' title='bbox 1143 665 1144 671; x_wconf 62' lang='lat'>¹</span> 
     </span>
     <span class='ocr_line' id='line_1_12' title="bbox 277 707 1121 742; baseline -0.002 -7"><span class='ocrx_word' id='word_1_103' title='bbox 277 708 360 735; x_wconf 85' lang='lat' dir='ltr'>XXII.</span> <span class='ocrx_word' id='word_1_104' title='bbox 380 710 422 735; x_wconf 88' lang='lat'>34.</span> <span class='ocrx_word' id='word_1_105' title='bbox 443 707 473 734; x_wconf 74' lang='lat' dir='ltr'>cs.</span> <span class='ocrx_word' id='word_1_106' title='bbox 500 707 571 734; x_wconf 79' lang='lat' dir='ltr'>Paul.</span> <span class='ocrx_word' id='word_1_107' title='bbox 591 707 622 735; x_wconf 72' lang='lat' dir='ltr'>V.</span> <span class='ocrx_word' id='word_1_108' title='bbox 643 710 666 734; x_wconf 95' lang='lat'>9.</span> <span class='ocrx_word' id='word_1_109' title='bbox 692 708 713 741; x_wconf 90' lang='lat'>5.</span> <span class='ocrx_word' id='word_1_110' title='bbox 734 709 757 733; x_wconf 82' lang='lat'>4.</span> <span class='ocrx_word' id='word_1_111' title='bbox 801 707 905 742; x_wconf 78' lang='lat' dir='ltr'><strong>Quodsi</strong></span> <span class='ocrx_word' id='word_1_112' title='bbox 931 712 978 734; x_wconf 74' lang='lat' dir='ltr'>etc.</span> <span class='ocrx_word' id='word_1_113' title='bbox 1004 723 1035 726; x_wconf 97' lang='lat'><strong>—</strong></span> <span class='ocrx_word' id='word_1_114' title='bbox 1060 712 1121 733; x_wconf 89' lang='lat' dir='ltr'>tunc</span> 
     </span>
     <span class='ocr_line' id='line_1_13' title="bbox 279 745 1144 788; baseline -0.001 -11"><span class='ocrx_word' id='word_1_115' title='bbox 279 757 327 777; x_wconf 80' lang='lat' dir='ltr'>etc.</span> <span class='ocrx_word' id='word_1_116' title='bbox 348 751 378 777; x_wconf 74' lang='lat' dir='ltr'>I&#39;r.</span> <span class='ocrx_word' id='word_1_117' title='bbox 399 752 422 778; x_wconf 91' lang='lat'>9.</span> <span class='ocrx_word' id='word_1_118' title='bbox 442 761 481 788; x_wconf 87' lang='lat' dir='ltr'>pr.</span> <span class='ocrx_word' id='word_1_119' title='bbox 506 750 539 777; x_wconf 83' lang='lat' dir='ltr'>de</span> <span class='ocrx_word' id='word_1_120' title='bbox 563 750 629 777; x_wconf 77' lang='lat' dir='ltr'>adm.</span> <span class='ocrx_word' id='word_1_121' title='bbox 655 755 680 776; x_wconf 85' lang='lat' dir='ltr'>et</span> <span class='ocrx_word' id='word_1_122' title='bbox 704 751 783 787; x_wconf 79' lang='lat' dir='ltr'>peric.</span> <span class='ocrx_word' id='word_1_123' title='bbox 807 752 848 776; x_wconf 94' lang='lat'>26.</span> <span class='ocrx_word' id='word_1_124' title='bbox 870 752 892 776; x_wconf 90' lang='lat'>7.</span> <span class='ocrx_word' id='word_1_125' title='bbox 931 749 1035 786; x_wconf 84' lang='lat' dir='ltr'>Quodsi</span> <span class='ocrx_word' id='word_1_126' title='bbox 1060 749 1121 776; x_wconf 87' lang='lat' dir='ltr'>dolo</span> <span class='ocrx_word' id='word_1_127' title='bbox 1142 745 1144 766; x_wconf 58' lang='lat' dir='ltr'>s</span> 
     </span>
     <span class='ocr_line' id='line_1_14' title="bbox 279 792 1047 830; baseline -0.001 -10"><span class='ocrx_word' id='word_1_128' title='bbox 279 794 349 826; x_wconf 73' lang='lat' dir='ltr'>fecit,</span> <span class='ocrx_word' id='word_1_129' title='bbox 369 795 419 820; x_wconf 85' lang='lat' dir='ltr'>iam</span> <span class='ocrx_word' id='word_1_130' title='bbox 439 793 545 830; x_wconf 85' lang='lat' dir='ltr'>quidem</span> <span class='ocrx_word' id='word_1_131' title='bbox 565 799 614 820; x_wconf 83' lang='lat' dir='ltr'>etc.</span> <span class='ocrx_word' id='word_1_132' title='bbox 634 793 663 819; x_wconf 85' lang='lat' dir='ltr'>fr.</span> <span class='ocrx_word' id='word_1_133' title='bbox 686 794 723 819; x_wconf 81' lang='lat'>14.</span> <span class='ocrx_word' id='word_1_134' title='bbox 744 793 765 827; x_wconf 88' lang='lat'>5.</span> <span class='ocrx_word' id='word_1_135' title='bbox 785 794 809 819; x_wconf 84' lang='lat'>3.</span> <span class='ocrx_word' id='word_1_136' title='bbox 830 792 862 819; x_wconf 86' lang='lat' dir='ltr'>de</span> <span class='ocrx_word' id='word_1_137' title='bbox 883 792 942 819; x_wconf 86' lang='lat' dir='ltr'>furt.</span> <span class='ocrx_word' id='word_1_138' title='bbox 962 795 1002 819; x_wconf 82' lang='lat'>47.</span> <span class='ocrx_word' id='word_1_139' title='bbox 1023 795 1047 819; x_wconf 88' lang='lat'>2.</span> 
     </span>
     <span class='ocr_line' id='line_1_15' title="bbox 313 831 1144 873; baseline -0.004 -8"><span class='ocrx_word' id='word_1_140' title='bbox 313 839 396 869; x_wconf 68' lang='lat' dir='ltr'>Quo</span> <span class='ocrx_word' id='word_1_141' title='bbox 418 837 548 871; x_wconf 75' lang='lat' dir='ltr'>magis.</span> <span class='ocrx_word' id='word_1_142' title='bbox 581 838 663 868; x_wconf 67' lang='lat' dir='ltr'>Quo</span> <span class='ocrx_word' id='word_1_143' title='bbox 684 836 819 862; x_wconf 79' lang='lat' dir='ltr'>minus.</span> <span class='ocrx_word' id='word_1_144' title='bbox 857 835 898 862; x_wconf 82' lang='lat' dir='ltr'>Ct&#39;.</span> <span class='ocrx_word' id='word_1_145' title='bbox 914 846 936 862; x_wconf 76' lang='lat' dir='ltr'>v.</span> <span class='ocrx_word' id='word_1_146' title='bbox 951 836 1041 873; x_wconf 70' lang='lat' dir='ltr'>Magis.</span> <span class='ocrx_word' id='word_1_147' title='bbox 1061 836 1082 870; x_wconf 83' lang='lat'>5.</span> <span class='ocrx_word' id='word_1_148' title='bbox 1097 838 1120 862; x_wconf 81' lang='lat'>4.</span> <span class='ocrx_word' id='word_1_149' title='bbox 1142 831 1144 870; x_wconf 64' lang='grc' dir='ltr'>ξ</span> 
     </span>
     <span class='ocr_line' id='line_1_16' title="bbox 278 872 515 907; baseline 0.004 -1"><span class='ocrx_word' id='word_1_150' title='bbox 278 891 302 906; x_wconf 83' lang='lat' dir='ltr'>v.</span> <span class='ocrx_word' id='word_1_151' title='bbox 323 880 417 907; x_wconf 76' lang='lat' dir='ltr'>Minus.</span> <span class='ocrx_word' id='word_1_152' title='bbox 511 872 515 875; x_wconf 87' lang='lat'>.</span> 
     </span>
     <span class='ocr_line' id='line_1_17' title="bbox 315 929 1120 964; baseline -0.001 -6"><span class='ocrx_word' id='word_1_153' title='bbox 315 931 521 962; x_wconf 65' lang='lat' dir='ltr'>Quomodo.</span> <span class='ocrx_word' id='word_1_154' title='bbox 552 929 673 961; x_wconf 71' lang='lat' dir='ltr'>(Advb.)</span> <span class='ocrx_word' id='word_1_155' title='bbox 705 932 980 963; x_wconf 82' lang='lat' dir='ltr'>Quemadmodum.</span> <span class='ocrx_word' id='word_1_156' title='bbox 1017 929 1035 956; x_wconf 93' lang='lat'>1.</span> <span class='ocrx_word' id='word_1_157' title='bbox 1059 931 1120 964; x_wconf 77' lang='lat' dir='ltr'>Sy.</span> 
     </span>
     <span class='ocr_line' id='line_1_18' title="bbox 279 972 1122 1009; baseline 0 -10"><span class='ocrx_word' id='word_1_158' title='bbox 279 973 513 1009; x_wconf 77' lang='lat' dir='ltr'>Quemadmodum.</span> <span class='ocrx_word' id='word_1_159' title='bbox 538 972 567 998; x_wconf 86' lang='lat' dir='ltr'>fr.</span> <span class='ocrx_word' id='word_1_160' title='bbox 588 974 629 999; x_wconf 78' lang='lat'>41.</span> <span class='ocrx_word' id='word_1_161' title='bbox 655 973 687 999; x_wconf 76' lang='lat' dir='ltr'>de</span> <span class='ocrx_word' id='word_1_162' title='bbox 711 972 763 999; x_wconf 91' lang='lat' dir='ltr'>LL.</span> <span class='ocrx_word' id='word_1_163' title='bbox 790 975 811 999; x_wconf 96' lang='lat'>1.</span> <span class='ocrx_word' id='word_1_164' title='bbox 835 974 858 999; x_wconf 85' lang='lat'>3.</span> <span class='ocrx_word' id='word_1_165' title='bbox 896 972 937 999; x_wconf 89' lang='lat' dir='ltr'>III.</span> <span class='ocrx_word' id='word_1_166' title='bbox 959 974 1024 1001; x_wconf 77' lang='lat' dir='ltr'>Cn.</span> <span class='ocrx_word' id='word_1_167' title='bbox 1050 972 1122 1008; x_wconf 88' lang='lat' dir='ltr'>Quo-</span> 
     </span>
     <span class='ocr_line' id='line_1_19' title="bbox 278 1015 1121 1051; baseline -0.001 -9"><span class='ocrx_word' id='word_1_168' title='bbox 278 1016 366 1048; x_wconf 79' lang='lat' dir='ltr'>modo,</span> <span class='ocrx_word' id='word_1_169' title='bbox 386 1032 417 1036; x_wconf 87' lang='lat'>——</span> <span class='ocrx_word' id='word_1_170' title='bbox 438 1018 476 1042; x_wconf 90' lang='lat' dir='ltr'>sic</span> <span class='ocrx_word' id='word_1_171' title='bbox 495 1020 528 1042; x_wconf 78' lang='lat' dir='ltr'>et.</span> <span class='ocrx_word' id='word_1_172' title='bbox 548 1015 578 1042; x_wconf 87' lang='lat' dir='ltr'>fr.</span> <span class='ocrx_word' id='word_1_173' title='bbox 601 1016 657 1042; x_wconf 83' lang='lat'>103.</span> <span class='ocrx_word' id='word_1_174' title='bbox 677 1016 699 1049; x_wconf 93' lang='lat'>5.</span> <span class='ocrx_word' id='word_1_175' title='bbox 718 1017 742 1042; x_wconf 85' lang='lat'>3.</span> <span class='ocrx_word' id='word_1_176' title='bbox 763 1015 883 1051; x_wconf 80' lang='lat' dir='ltr'>delegat.</span> <span class='ocrx_word' id='word_1_177' title='bbox 898 1015 940 1042; x_wconf 85' lang='grc' dir='ltr'>ΙΙΙ.</span> <span class='ocrx_word' id='word_1_178' title='bbox 955 1017 1020 1048; x_wconf 70' lang='grc'>(32)</span> <span class='ocrx_word' id='word_1_179' title='bbox 1050 1016 1121 1051; x_wconf 85' lang='lat' dir='ltr'>Quo-</span> 
     </span>
    </p>
   </div>
   <div class='ocr_carea' id='block_1_3' title="bbox 280 1058 1144 1105">
    <p class='ocr_par' dir='ltr' id='par_1_3' title="bbox 280 1058 1144 1105">
     <span class='ocr_line' id='line_1_20' title="bbox 280 1058 1144 1105; baseline 0 -20"><span class='ocrx_word' id='word_1_180' title='bbox 280 1059 367 1090; x_wconf 75' lang='lat' dir='ltr'>modo,</span> <span class='ocrx_word' id='word_1_181' title='bbox 388 1076 419 1079; x_wconf 88' lang='lat'>-—</span> <span class='ocrx_word' id='word_1_182' title='bbox 440 1064 534 1091; x_wconf 74' lang='lat' dir='ltr'>utrum,</span> <span class='ocrx_word' id='word_1_183' title='bbox 555 1075 584 1078; x_wconf 91' lang='lat'>—</span> <span class='ocrx_word' id='word_1_184' title='bbox 606 1068 637 1084; x_wconf 85' lang='lat' dir='ltr'>an</span> <span class='ocrx_word' id='word_1_185' title='bbox 658 1059 724 1085; x_wconf 56' lang='lat' dir='ltr'>etc]</span> <span class='ocrx_word' id='word_1_186' title='bbox 744 1058 774 1085; x_wconf 84' lang='lat' dir='ltr'>sr.</span> <span class='ocrx_word' id='word_1_187' title='bbox 796 1060 852 1084; x_wconf 95' lang='lat'>125.</span> <span class='ocrx_word' id='word_1_188' title='bbox 874 1058 906 1085; x_wconf 87' lang='lat' dir='ltr'>de</span> <span class='ocrx_word' id='word_1_189' title='bbox 925 1058 955 1085; x_wconf 78' lang='lat' dir='ltr'>V.</span> <span class='ocrx_word' id='word_1_190' title='bbox 976 1059 1002 1085; x_wconf 73' lang='lat' dir='ltr'>S.</span> <span class='ocrx_word' id='word_1_191' title='bbox 1023 1061 1063 1086; x_wconf 82' lang='lat'>50.</span> <span class='ocrx_word' id='word_1_192' title='bbox 1082 1060 1120 1085; x_wconf 88' lang='lat'>16.</span> <span class='ocrx_word' id='word_1_193' title='bbox 1142 1062 1144 1105; x_wconf 48' lang='grc' dir='ltr'><em>ξ</em></span> 
     </span>
    </p>
   </div>
   <div class='ocr_carea' id='block_1_4' title="bbox 280 1101 1120 1138">
    <p class='ocr_par' dir='ltr' id='par_1_4' title="bbox 280 1101 1120 1138">
     <span class='ocr_line' id='line_1_21' title="bbox 280 1101 1120 1138; baseline -0.001 -10"><span class='ocrx_word' id='word_1_194' title='bbox 280 1104 374 1138; x_wconf 84' lang='lat' dir='ltr'>Quom.</span> <span class='ocrx_word' id='word_1_195' title='bbox 395 1102 485 1133; x_wconf 69' lang='lat' dir='ltr'>velint,</span> <span class='ocrx_word' id='word_1_196' title='bbox 506 1101 547 1128; x_wconf 76' lang='lat' dir='ltr'>vel</span> <span class='ocrx_word' id='word_1_197' title='bbox 568 1112 653 1138; x_wconf 87' lang='lat' dir='ltr'>quom.</span> <span class='ocrx_word' id='word_1_198' title='bbox 674 1102 779 1138; x_wconf 80' lang='lat' dir='ltr'><strong>possint</strong></span> <span class='ocrx_word' id='word_1_199' title='bbox 797 1101 995 1134; x_wconf 80' lang='lat' dir='ltr'>(testamentum</span> <span class='ocrx_word' id='word_1_200' title='bbox 1015 1102 1120 1134; x_wconf 74' lang='lat' dir='ltr'>Iacere.)</span> 
     </span>
    </p>
   </div>
   <div class='ocr_carea' id='block_1_5' title="bbox 280 1144 1121 1215">
    <p class='ocr_par' dir='ltr' id='par_1_5' title="bbox 280 1144 1121 1215">
     <span class='ocr_line' id='line_1_22' title="bbox 280 1144 1121 1182; baseline 0 -11"><span class='ocrx_word' id='word_1_201' title='bbox 280 1146 446 1182; x_wconf 71' lang='lat' dir='ltr'>permittitur.</span> <span class='ocrx_word' id='word_1_202' title='bbox 468 1144 522 1171; x_wconf 80' lang='lat' dir='ltr'>Gai.</span> <span class='ocrx_word' id='word_1_203' title='bbox 543 1144 573 1171; x_wconf 86' lang='lat'>11.</span> <span class='ocrx_word' id='word_1_204' title='bbox 596 1146 651 1170; x_wconf 87' lang='lat'>114.</span> <span class='ocrx_word' id='word_1_205' title='bbox 672 1144 704 1170; x_wconf 83' lang='lat' dir='ltr'>ef.</span> <span class='ocrx_word' id='word_1_206' title='bbox 725 1146 781 1170; x_wconf 86' lang='grc'>109.</span> <span class='ocrx_word' id='word_1_207' title='bbox 802 1144 831 1171; x_wconf 90' lang='lat' dir='ltr'>fr.</span> <span class='ocrx_word' id='word_1_208' title='bbox 849 1146 869 1171; x_wconf 94' lang='lat'>1.</span> <span class='ocrx_word' id='word_1_209' title='bbox 884 1155 921 1182; x_wconf 84' lang='lat' dir='ltr'>pr.</span> <span class='ocrx_word' id='word_1_210' title='bbox 942 1144 974 1171; x_wconf 76' lang='lat' dir='ltr'>de</span> <span class='ocrx_word' id='word_1_211' title='bbox 993 1144 1024 1170; x_wconf 85' lang='lat' dir='ltr'>B.</span> <span class='ocrx_word' id='word_1_212' title='bbox 1040 1144 1067 1171; x_wconf 86' lang='lat' dir='ltr'>P.</span> <span class='ocrx_word' id='word_1_213' title='bbox 1089 1155 1121 1171; x_wconf 76' lang='lat' dir='ltr'>ex</span> 
     </span>
     <span class='ocr_line' id='line_1_23' title="bbox 280 1188 576 1215; baseline -0.007 0"><span class='ocrx_word' id='word_1_214' title='bbox 280 1193 382 1215; x_wconf 75' lang='lat' dir='ltr'>testam.</span> <span class='ocrx_word' id='word_1_215' title='bbox 402 1188 454 1214; x_wconf 92' lang='lat' dir='ltr'>miI.</span> <span class='ocrx_word' id='word_1_216' title='bbox 474 1190 515 1214; x_wconf 92' lang='lat'>37.</span> <span class='ocrx_word' id='word_1_217' title='bbox 536 1189 576 1214; x_wconf 89' lang='lat'>13.</span> 
     </span>
    </p>
   </div>
   <div class='ocr_carea' id='block_1_6' title="bbox 280 1237 1120 1394">
    <p class='ocr_par' dir='ltr' id='par_1_6' title="bbox 280 1237 1120 1394">
     <span class='ocr_line' id='line_1_24' title="bbox 315 1237 1120 1273; baseline -0.002 -7"><span class='ocrx_word' id='word_1_218' title='bbox 315 1240 675 1272; x_wconf 64' lang='lat' dir='ltr'>Quomodoeunque.</span> <span class='ocrx_word' id='word_1_219' title='bbox 696 1237 808 1271; x_wconf 73' lang='lat' dir='ltr'>(Advb.)</span> <span class='ocrx_word' id='word_1_220' title='bbox 834 1240 1120 1273; x_wconf 73' lang='lat' dir='ltr'>Qualitercunque.</span> 
     </span>
     <span class='ocr_line' id='line_1_25' title="bbox 281 1280 1119 1319; baseline -0.002 -10"><span class='ocrx_word' id='word_1_221' title='bbox 281 1282 298 1308; x_wconf 92' lang='lat' dir='ltr'>I.</span> <span class='ocrx_word' id='word_1_222' title='bbox 319 1284 380 1317; x_wconf 77' lang='lat' dir='ltr'>Sy.</span> <span class='ocrx_word' id='word_1_223' title='bbox 401 1282 461 1318; x_wconf 90' lang='lat' dir='ltr'>Quo</span> <span class='ocrx_word' id='word_1_224' title='bbox 481 1281 567 1308; x_wconf 88' lang='lat' dir='ltr'>modo.</span> <span class='ocrx_word' id='word_1_225' title='bbox 606 1281 721 1317; x_wconf 88' lang='lat' dir='ltr'>Quoquo</span> <span class='ocrx_word' id='word_1_226' title='bbox 742 1281 827 1307; x_wconf 83' lang='lat' dir='ltr'>modo.</span> <span class='ocrx_word' id='word_1_227' title='bbox 854 1281 910 1307; x_wconf 78' lang='lat' dir='ltr'>Gai.</span> <span class='ocrx_word' id='word_1_228' title='bbox 931 1280 960 1306; x_wconf 91' lang='lat' dir='ltr'>II.</span> <span class='ocrx_word' id='word_1_229' title='bbox 984 1283 1039 1307; x_wconf 92' lang='lat'>114.</span> <span class='ocrx_word' id='word_1_230' title='bbox 1060 1281 1119 1319; x_wconf 66' lang='lat' dir='ltr'>Hp.</span> 
     </span>
     <span class='ocr_line' id='line_1_26' title="bbox 280 1323 1120 1361; baseline -0.002 -9"><span class='ocrx_word' id='word_1_231' title='bbox 280 1325 376 1352; x_wconf 83' lang='lat' dir='ltr'>XXIII.</span> <span class='ocrx_word' id='word_1_232' title='bbox 397 1327 435 1351; x_wconf 88' lang='grc'>10.</span> <span class='ocrx_word' id='word_1_233' title='bbox 462 1324 492 1351; x_wconf 85' lang='lat' dir='ltr'>sr.</span> <span class='ocrx_word' id='word_1_234' title='bbox 515 1327 535 1351; x_wconf 91' lang='lat'>1.</span> <span class='ocrx_word' id='word_1_235' title='bbox 560 1334 598 1361; x_wconf 84' lang='lat' dir='ltr'>pr.</span> <span class='ocrx_word' id='word_1_236' title='bbox 623 1324 639 1350; x_wconf 92' lang='grc'>1.</span> <span class='ocrx_word' id='word_1_237' title='bbox 661 1324 676 1350; x_wconf 94' lang='lat' dir='ltr'>l.</span> <span class='ocrx_word' id='word_1_238' title='bbox 701 1326 742 1350; x_wconf 81' lang='lat'>37.</span> <span class='ocrx_word' id='word_1_239' title='bbox 764 1326 803 1350; x_wconf 77' lang='lat'>13.</span> <span class='ocrx_word' id='word_1_240' title='bbox 829 1324 858 1350; x_wconf 81' lang='lat' dir='ltr'>fr.</span> <span class='ocrx_word' id='word_1_241' title='bbox 881 1325 902 1349; x_wconf 92' lang='grc'>1.</span> <span class='ocrx_word' id='word_1_242' title='bbox 928 1334 965 1360; x_wconf 86' lang='lat' dir='ltr'>pr.</span> <span class='ocrx_word' id='word_1_243' title='bbox 991 1323 1023 1350; x_wconf 83' lang='lat' dir='ltr'>de</span> <span class='ocrx_word' id='word_1_244' title='bbox 1045 1324 1120 1351; x_wconf 77' lang='lat' dir='ltr'>milit.</span> 
     </span>
     <span class='ocr_line' id='line_1_27' title="bbox 281 1369 486 1394; baseline -0.005 0"><span class='ocrx_word' id='word_1_245' title='bbox 281 1373 382 1394; x_wconf 77' lang='lat' dir='ltr'>testam.</span> <span class='ocrx_word' id='word_1_246' title='bbox 401 1369 443 1394; x_wconf 84' lang='lat'>29.</span> <span class='ocrx_word' id='word_1_247' title='bbox 465 1369 486 1393; x_wconf 94' lang='lat'>1.</span> 
     </span>
    </p>
   </div>
   <div class='ocr_carea' id='block_1_7' title="bbox 279 1416 1143 1755">
    <p class='ocr_par' dir='ltr' id='par_1_7' title="bbox 279 1416 1143 1755">
     <span class='ocr_line' id='line_1_28' title="bbox 314 1416 1121 1454; baseline 0 -9"><span class='ocrx_word' id='word_1_248' title='bbox 314 1419 527 1450; x_wconf 64' lang='lat' dir='ltr'>Quondam.</span> <span class='ocrx_word' id='word_1_249' title='bbox 556 1418 678 1451; x_wconf 86' lang='lat' dir='ltr'>(Advb.)</span> <span class='ocrx_word' id='word_1_250' title='bbox 709 1418 802 1445; x_wconf 84' lang='lat' dir='ltr'>Olim.</span> <span class='ocrx_word' id='word_1_251' title='bbox 840 1416 857 1443; x_wconf 77' lang='lat'>1.</span> <span class='ocrx_word' id='word_1_252' title='bbox 877 1418 938 1452; x_wconf 76' lang='lat' dir='ltr'>Sy.</span> <span class='ocrx_word' id='word_1_253' title='bbox 962 1417 1121 1454; x_wconf 78' lang='lat' dir='ltr'>Aliquando.</span> 
     </span>
     <span class='ocr_line' id='line_1_29' title="bbox 281 1455 1143 1495; baseline -0.002 -7"><span class='ocrx_word' id='word_1_254' title='bbox 281 1461 324 1489; x_wconf 86' lang='lat' dir='ltr'>Cf.</span> <span class='ocrx_word' id='word_1_255' title='bbox 347 1461 371 1487; x_wconf 91' lang='lat' dir='ltr'>h.</span> <span class='ocrx_word' id='word_1_256' title='bbox 392 1471 416 1487; x_wconf 84' lang='lat' dir='ltr'>v.</span> <span class='ocrx_word' id='word_1_257' title='bbox 441 1461 461 1495; x_wconf 90' lang='lat'>5.</span> <span class='ocrx_word' id='word_1_258' title='bbox 481 1463 505 1486; x_wconf 77' lang='lat'>2.</span> <span class='ocrx_word' id='word_1_259' title='bbox 547 1460 577 1486; x_wconf 93' lang='lat'>11.</span> <span class='ocrx_word' id='word_1_260' title='bbox 599 1462 666 1494; x_wconf 77' lang='lat' dir='ltr'>Op.</span> <span class='ocrx_word' id='word_1_261' title='bbox 690 1460 773 1487; x_wconf 70' lang='lat' dir='ltr'>Nunc.</span> <span class='ocrx_word' id='word_1_262' title='bbox 799 1460 828 1486; x_wconf 82' lang='lat' dir='ltr'>fr.</span> <span class='ocrx_word' id='word_1_263' title='bbox 850 1462 906 1487; x_wconf 77' lang='lat'>144.</span> <span class='ocrx_word' id='word_1_264' title='bbox 931 1460 963 1487; x_wconf 81' lang='lat' dir='ltr'>de</span> <span class='ocrx_word' id='word_1_265' title='bbox 982 1459 1012 1487; x_wconf 70' lang='lat' dir='ltr'>V.</span> <span class='ocrx_word' id='word_1_266' title='bbox 1033 1460 1060 1486; x_wconf 92' lang='lat' dir='ltr'>S.</span> <span class='ocrx_word' id='word_1_267' title='bbox 1080 1462 1120 1487; x_wconf 85' lang='lat'>50.</span> <span class='ocrx_word' id='word_1_268' title='bbox 1142 1455 1143 1469; x_wconf 52' lang='lat'>¹</span> 
     </span>
     <span class='ocr_line' id='line_1_30' title="bbox 282 1503 1121 1540; baseline 0 -11"><span class='ocrx_word' id='word_1_269' title='bbox 282 1505 321 1530; x_wconf 81' lang='grc'>16.</span> <span class='ocrx_word' id='word_1_270' title='bbox 359 1504 433 1539; x_wconf 78' lang='lat' dir='ltr'>Quae</span> <span class='ocrx_word' id='word_1_271' title='bbox 458 1503 554 1540; x_wconf 89' lang='lat' dir='ltr'>quond.</span> <span class='ocrx_word' id='word_1_272' title='bbox 580 1503 691 1530; x_wconf 80' lang='lat' dir='ltr'>suerunt.</span> <span class='ocrx_word' id='word_1_273' title='bbox 719 1520 748 1523; x_wconf 97' lang='lat'><strong>—</strong></span> <span class='ocrx_word' id='word_1_274' title='bbox 774 1503 938 1530; x_wconf 80' lang='lat' dir='ltr'>Praesentes.</span> <span class='ocrx_word' id='word_1_275' title='bbox 962 1503 992 1530; x_wconf 80' lang='lat' dir='ltr'>fr.</span> <span class='ocrx_word' id='word_1_276' title='bbox 1011 1504 1035 1529; x_wconf 88' lang='lat'>3.</span> <span class='ocrx_word' id='word_1_277' title='bbox 1055 1503 1077 1537; x_wconf 86' lang='lat'>5.</span> <span class='ocrx_word' id='word_1_278' title='bbox 1100 1505 1121 1530; x_wconf 93' lang='lat'>1.</span> 
     </span>
     <span class='ocr_line' id='line_1_31' title="bbox 281 1546 1122 1584; baseline 0 -11"><span class='ocrx_word' id='word_1_279' title='bbox 281 1547 313 1573; x_wconf 78' lang='lat' dir='ltr'>de.</span> <span class='ocrx_word' id='word_1_280' title='bbox 332 1546 429 1584; x_wconf 86' lang='lat' dir='ltr'>postuI.</span> <span class='ocrx_word' id='word_1_281' title='bbox 448 1547 472 1572; x_wconf 86' lang='lat'>3.</span> <span class='ocrx_word' id='word_1_282' title='bbox 494 1548 515 1572; x_wconf 96' lang='grc'>1.</span> <span class='ocrx_word' id='word_1_283' title='bbox 552 1546 594 1572; x_wconf 90' lang='lat' dir='ltr'>III.</span> <span class='ocrx_word' id='word_1_284' title='bbox 616 1548 682 1574; x_wconf 78' lang='lat' dir='ltr'>Cn.</span> <span class='ocrx_word' id='word_1_285' title='bbox 703 1546 757 1581; x_wconf 80' lang='lat' dir='ltr'>Qui</span> <span class='ocrx_word' id='word_1_286' title='bbox 777 1546 874 1583; x_wconf 80' lang='lat' dir='ltr'>quond.</span> <span class='ocrx_word' id='word_1_287' title='bbox 894 1547 1021 1573; x_wconf 83' lang='lat' dir='ltr'>adversus</span> <span class='ocrx_word' id='word_1_288' title='bbox 1041 1556 1122 1583; x_wconf 82' lang='lat' dir='ltr'>popu-</span> 
     </span>
     <span class='ocr_line' id='line_1_32' title="bbox 281 1589 1120 1626; baseline -0.002 -9"><span class='ocrx_word' id='word_1_289' title='bbox 281 1590 334 1617; x_wconf 86' lang='lat' dir='ltr'>lum</span> <span class='ocrx_word' id='word_1_290' title='bbox 354 1589 383 1615; x_wconf 80' lang='lat' dir='ltr'>R.</span> <span class='ocrx_word' id='word_1_291' title='bbox 404 1605 435 1609; x_wconf 92' lang='lat'>—</span> <span class='ocrx_word' id='word_1_292' title='bbox 456 1594 646 1626; x_wconf 67' lang='lat' dir='ltr'>pugnaverunt,</span> <span class='ocrx_word' id='word_1_293' title='bbox 667 1596 692 1616; x_wconf 83' lang='lat' dir='ltr'>et</span> <span class='ocrx_word' id='word_1_294' title='bbox 712 1589 806 1616; x_wconf 71' lang='lat' dir='ltr'>deinde</span> <span class='ocrx_word' id='word_1_295' title='bbox 826 1591 889 1616; x_wconf 82' lang='lat' dir='ltr'>victi</span> <span class='ocrx_word' id='word_1_296' title='bbox 908 1600 936 1615; x_wconf 82' lang='lat' dir='ltr'>se</span> <span class='ocrx_word' id='word_1_297' title='bbox 957 1589 1120 1616; x_wconf 65' lang='lat' dir='ltr'>dediderunt.</span> 
     </span>
     <span class='ocr_line' id='line_1_33' title="bbox 280 1631 1121 1669; baseline -0.002 -9"><span class='ocrx_word' id='word_1_298' title='bbox 280 1632 337 1660; x_wconf 75' lang='lat' dir='ltr'>Gai.</span> <span class='ocrx_word' id='word_1_299' title='bbox 357 1632 375 1659; x_wconf 94' lang='lat' dir='ltr'>l.</span> <span class='ocrx_word' id='word_1_300' title='bbox 397 1634 435 1658; x_wconf 68' lang='lat'>14.</span> <span class='ocrx_word' id='word_1_301' title='bbox 473 1631 547 1659; x_wconf 76' lang='lat' dir='ltr'>onr</span> <span class='ocrx_word' id='word_1_302' title='bbox 569 1632 666 1669; x_wconf 90' lang='lat' dir='ltr'>quond.</span> <span class='ocrx_word' id='word_1_303' title='bbox 687 1632 845 1669; x_wconf 77' lang='lat' dir='ltr'>(privigni.)</span> <span class='ocrx_word' id='word_1_304' title='bbox 870 1632 900 1659; x_wconf 87' lang='lat' dir='ltr'>fr.</span> <span class='ocrx_word' id='word_1_305' title='bbox 922 1635 961 1659; x_wconf 87' lang='lat'>15.</span> <span class='ocrx_word' id='word_1_306' title='bbox 987 1632 1019 1658; x_wconf 83' lang='lat' dir='ltr'>de</span> <span class='ocrx_word' id='word_1_307' title='bbox 1038 1632 1068 1660; x_wconf 83' lang='lat' dir='ltr'>R.</span> <span class='ocrx_word' id='word_1_308' title='bbox 1090 1632 1121 1658; x_wconf 72' lang='lat' dir='ltr'>N.</span> 
     </span>
     <span class='ocr_line' id='line_1_34' title="bbox 279 1674 1120 1712; baseline 0 -10"><span class='ocrx_word' id='word_1_309' title='bbox 279 1677 321 1702; x_wconf 87' lang='lat'>23.</span> <span class='ocrx_word' id='word_1_310' title='bbox 335 1678 359 1702; x_wconf 88' lang='lat'>2.</span> <span class='ocrx_word' id='word_1_311' title='bbox 392 1674 499 1710; x_wconf 79' lang='lat' dir='ltr'>Quoad.</span> <span class='ocrx_word' id='word_1_312' title='bbox 519 1685 626 1701; x_wconf 79' lang='lat' dir='ltr'>uxorem</span> <span class='ocrx_word' id='word_1_313' title='bbox 646 1676 701 1701; x_wconf 78' lang='lat' dir='ltr'>cius</span> <span class='ocrx_word' id='word_1_314' title='bbox 720 1674 878 1712; x_wconf 70' lang='lat' dir='ltr'>iusepuItam</span> <span class='ocrx_word' id='word_1_315' title='bbox 893 1675 1014 1712; x_wconf 83' lang='lat' dir='ltr'>relinqui.</span> <span class='ocrx_word' id='word_1_316' title='bbox 1034 1675 1064 1702; x_wconf 79' lang='lat' dir='ltr'>fr.</span> <span class='ocrx_word' id='word_1_317' title='bbox 1079 1676 1120 1702; x_wconf 79' lang='grc'>28.</span> 
     </span>
     <span class='ocr_line' id='line_1_35' title="bbox 280 1717 1121 1755; baseline -0.001 -10"><span class='ocrx_word' id='word_1_318' title='bbox 280 1719 312 1746; x_wconf 79' lang='lat' dir='ltr'>de</span> <span class='ocrx_word' id='word_1_319' title='bbox 332 1717 404 1754; x_wconf 71' lang='lat' dir='ltr'>relig.</span> <span class='ocrx_word' id='word_1_320' title='bbox 426 1720 465 1744; x_wconf 94' lang='lat'>11.</span> <span class='ocrx_word' id='word_1_321' title='bbox 487 1719 509 1744; x_wconf 64' lang='lat'>7.</span> <span class='ocrx_word' id='word_1_322' title='bbox 547 1718 655 1744; x_wconf 82' lang='lat' dir='ltr'>Maritus</span> <span class='ocrx_word' id='word_1_323' title='bbox 678 1717 775 1754; x_wconf 85' lang='lat' dir='ltr'>quond.</span> <span class='ocrx_word' id='word_1_324' title='bbox 796 1722 865 1744; x_wconf 84' lang='lat' dir='ltr'>tuus.</span> <span class='ocrx_word' id='word_1_325' title='bbox 891 1728 912 1744; x_wconf 91' lang='lat' dir='ltr'>c.</span> <span class='ocrx_word' id='word_1_326' title='bbox 931 1720 972 1744; x_wconf 82' lang='lat'>24.</span> <span class='ocrx_word' id='word_1_327' title='bbox 998 1718 1030 1744; x_wconf 86' lang='lat' dir='ltr'>de</span> <span class='ocrx_word' id='word_1_328' title='bbox 1053 1723 1121 1755; x_wconf 82' lang='lat' dir='ltr'>pact.</span> 
     </span>
    </p>
   </div>
   <div class='ocr_carea' id='block_1_8' title="bbox 278 1760 1122 1831">
    <p class='ocr_par' dir='ltr' id='par_1_8' title="bbox 278 1760 1122 1831">
     <span class='ocr_line' id='line_1_36' title="bbox 278 1760 1122 1798; baseline 0.001 -11"><span class='ocrx_word' id='word_1_329' title='bbox 278 1764 303 1788; x_wconf 89' lang='lat'>2.</span> <span class='ocrx_word' id='word_1_330' title='bbox 323 1762 347 1787; x_wconf 85' lang='lat'>3.</span> <span class='ocrx_word' id='word_1_331' title='bbox 385 1760 491 1796; x_wconf 84' lang='lat' dir='ltr'>Quond.</span> <span class='ocrx_word' id='word_1_332' title='bbox 516 1760 643 1788; x_wconf 83' lang='lat' dir='ltr'>dominus.</span> <span class='ocrx_word' id='word_1_333' title='bbox 670 1771 689 1787; x_wconf 90' lang='lat' dir='ltr'>c.</span> <span class='ocrx_word' id='word_1_334' title='bbox 711 1762 734 1787; x_wconf 89' lang='lat'>6.</span> <span class='ocrx_word' id='word_1_335' title='bbox 759 1771 791 1787; x_wconf 86' lang='lat' dir='ltr'>an</span> <span class='ocrx_word' id='word_1_336' title='bbox 815 1771 884 1787; x_wconf 82' lang='lat' dir='ltr'>serv.</span> <span class='ocrx_word' id='word_1_337' title='bbox 908 1771 956 1798; x_wconf 82' lang='lat' dir='ltr'>pro</span> <span class='ocrx_word' id='word_1_338' title='bbox 977 1771 1024 1788; x_wconf 87' lang='lat' dir='ltr'>suo</span> <span class='ocrx_word' id='word_1_339' title='bbox 1044 1761 1122 1788; x_wconf 78' lang='lat' dir='ltr'>facto.</span> 
     </span>
     <span class='ocr_line' id='line_1_37' title="bbox 280 1806 365 1831; baseline 0 -1"><span class='ocrx_word' id='word_1_340' title='bbox 280 1807 304 1831; x_wconf 73' lang='grc'>4.</span> <span class='ocrx_word' id='word_1_341' title='bbox 326 1806 365 1830; x_wconf 74' lang='grc'>14.</span> 
     </span>
    </p>
   </div>
   <div class='ocr_carea' id='block_1_9' title="bbox 281 1854 1123 2181">
    <p class='ocr_par' dir='ltr' id='par_1_9' title="bbox 281 1854 1123 2181">
     <span class='ocr_line' id='line_1_38' title="bbox 316 1854 1120 1890; baseline 0 -8"><span class='ocrx_word' id='word_1_342' title='bbox 316 1854 518 1886; x_wconf 66' lang='lat' dir='ltr'>Quonialu.</span> <span class='ocrx_word' id='word_1_343' title='bbox 539 1854 660 1888; x_wconf 81' lang='lat' dir='ltr'>(Advb.)</span> <span class='ocrx_word' id='word_1_344' title='bbox 684 1857 782 1888; x_wconf 72' lang='lat' dir='ltr'>Quia,</span> <span class='ocrx_word' id='word_1_345' title='bbox 805 1857 1075 1890; x_wconf 79' lang='lat' dir='ltr'>Quandoquidem.</span> <span class='ocrx_word' id='word_1_346' title='bbox 1103 1855 1120 1882; x_wconf 91' lang='lat'>1.</span> 
     </span>
     <span class='ocr_line' id='line_1_39' title="bbox 282 1897 1121 1934; baseline 0.001 -10"><span class='ocrx_word' id='word_1_347' title='bbox 282 1898 343 1932; x_wconf 79' lang='lat' dir='ltr'>Sy.</span> <span class='ocrx_word' id='word_1_348' title='bbox 362 1897 471 1923; x_wconf 82' lang='lat' dir='ltr'>Idcirco.</span> <span class='ocrx_word' id='word_1_349' title='bbox 491 1897 521 1923; x_wconf 79' lang='lat' dir='ltr'>fr.</span> <span class='ocrx_word' id='word_1_350' title='bbox 539 1899 577 1924; x_wconf 85' lang='lat'>12.</span> <span class='ocrx_word' id='word_1_351' title='bbox 598 1898 630 1924; x_wconf 75' lang='lat' dir='ltr'>do</span> <span class='ocrx_word' id='word_1_352' title='bbox 649 1897 724 1924; x_wconf 86' lang='lat' dir='ltr'>cond.</span> <span class='ocrx_word' id='word_1_353' title='bbox 745 1902 771 1924; x_wconf 73' lang='lat' dir='ltr'>et</span> <span class='ocrx_word' id='word_1_354' title='bbox 790 1897 855 1924; x_wconf 63' lang='lat' dir='ltr'>dem.</span> <span class='ocrx_word' id='word_1_355' title='bbox 875 1899 916 1923; x_wconf 84' lang='lat'>35.</span> <span class='ocrx_word' id='word_1_356' title='bbox 933 1900 954 1923; x_wconf 95' lang='lat'>1.</span> <span class='ocrx_word' id='word_1_357' title='bbox 984 1899 1059 1934; x_wconf 82' lang='lat' dir='ltr'>Quia.</span> <span class='ocrx_word' id='word_1_358' title='bbox 1080 1898 1121 1925; x_wconf 80' lang='lat' dir='ltr'>Cf.</span> 
     </span>
     <span class='ocr_line' id='line_1_40' title="bbox 281 1939 1122 1977; baseline 0.004 -12"><span class='ocrx_word' id='word_1_359' title='bbox 281 1940 305 1966; x_wconf 82' lang='lat'>11.</span> <span class='ocrx_word' id='word_1_360' title='bbox 326 1950 349 1965; x_wconf 88' lang='lat' dir='ltr'>v.</span> <span class='ocrx_word' id='word_1_361' title='bbox 387 1939 430 1965; x_wconf 91' lang='lat'>111.</span> <span class='ocrx_word' id='word_1_362' title='bbox 451 1941 516 1967; x_wconf 78' lang='lat' dir='ltr'>Cn.</span> <span class='ocrx_word' id='word_1_363' title='bbox 536 1940 606 1972; x_wconf 74' lang='lat' dir='ltr'>Ideo.</span> <span class='ocrx_word' id='word_1_364' title='bbox 627 1951 706 1977; x_wconf 85' lang='lat' dir='ltr'>quon.</span> <span class='ocrx_word' id='word_1_365' title='bbox 727 1945 775 1966; x_wconf 80' lang='lat' dir='ltr'>etc.</span> <span class='ocrx_word' id='word_1_366' title='bbox 797 1940 838 1967; x_wconf 73' lang='lat' dir='ltr'>Cf.</span> <span class='ocrx_word' id='word_1_367' title='bbox 859 1951 881 1967; x_wconf 84' lang='lat' dir='ltr'>v.</span> <span class='ocrx_word' id='word_1_368' title='bbox 902 1940 972 1967; x_wconf 77' lang='lat' dir='ltr'>Ideo.</span> <span class='ocrx_word' id='word_1_369' title='bbox 1006 1941 1122 1971; x_wconf 79' lang='lat' dir='ltr'>Scilicet,</span> 
     </span>
     <span class='ocr_line' id='line_1_41' title="bbox 282 1982 1123 2022; baseline 0.004 -14"><span class='ocrx_word' id='word_1_370' title='bbox 282 1993 360 2019; x_wconf 88' lang='lat' dir='ltr'>quon.</span> <span class='ocrx_word' id='word_1_371' title='bbox 381 1987 428 2008; x_wconf 72' lang='lat' dir='ltr'>etc.</span> <span class='ocrx_word' id='word_1_372' title='bbox 454 1982 483 2008; x_wconf 76' lang='lat' dir='ltr'>fr.</span> <span class='ocrx_word' id='word_1_373' title='bbox 504 1985 527 2008; x_wconf 88' lang='lat'>9.</span> <span class='ocrx_word' id='word_1_374' title='bbox 552 1994 590 2020; x_wconf 78' lang='lat' dir='ltr'>pr.</span> <span class='ocrx_word' id='word_1_375' title='bbox 617 1985 667 2019; x_wconf 85' lang='lat' dir='ltr'>Qu.</span> <span class='ocrx_word' id='word_1_376' title='bbox 693 1988 752 2010; x_wconf 76' lang='lat' dir='ltr'>met.</span> <span class='ocrx_word' id='word_1_377' title='bbox 778 1994 798 2009; x_wconf 89' lang='lat' dir='ltr'>c.</span> <span class='ocrx_word' id='word_1_378' title='bbox 819 1986 842 2009; x_wconf 75' lang='lat'>4.</span> <span class='ocrx_word' id='word_1_379' title='bbox 862 1985 886 2009; x_wconf 83' lang='lat'>2.</span> <span class='ocrx_word' id='word_1_380' title='bbox 924 1984 1054 2020; x_wconf 78' lang='lat' dir='ltr'>Quoniam</span> <span class='ocrx_word' id='word_1_381' title='bbox 1078 1995 1123 2022; x_wconf 87' lang='lat' dir='ltr'>pu-</span> 
     </span>
     <span class='ocr_line' id='line_1_42' title="bbox 282 2025 1121 2065; baseline 0.002 -13"><span class='ocrx_word' id='word_1_382' title='bbox 282 2030 365 2052; x_wconf 76' lang='lat' dir='ltr'>tasset</span> <span class='ocrx_word' id='word_1_383' title='bbox 385 2025 488 2062; x_wconf 84' lang='lat' dir='ltr'>quidem</span> <span class='ocrx_word' id='word_1_384' title='bbox 509 2030 557 2051; x_wconf 82' lang='lat' dir='ltr'>etc.</span> <span class='ocrx_word' id='word_1_385' title='bbox 579 2042 609 2045; x_wconf 97' lang='lat'><strong>—</strong></span> <span class='ocrx_word' id='word_1_386' title='bbox 630 2026 683 2052; x_wconf 57' lang='lat' dir='ltr'>Sed</span> <span class='ocrx_word' id='word_1_387' title='bbox 704 2027 735 2057; x_wconf 76' lang='lat' dir='ltr'>si,</span> <span class='ocrx_word' id='word_1_388' title='bbox 756 2037 813 2052; x_wconf 87' lang='lat' dir='ltr'>cum</span> <span class='ocrx_word' id='word_1_389' title='bbox 833 2027 913 2053; x_wconf 76' lang='lat' dir='ltr'>sciret</span> <span class='ocrx_word' id='word_1_390' title='bbox 933 2032 981 2054; x_wconf 74' lang='lat' dir='ltr'>etc.</span> <span class='ocrx_word' id='word_1_391' title='bbox 1002 2027 1030 2054; x_wconf 88' lang='lat' dir='ltr'>sr.</span> <span class='ocrx_word' id='word_1_392' title='bbox 1047 2029 1068 2054; x_wconf 80' lang='lat'>7.</span> <span class='ocrx_word' id='word_1_393' title='bbox 1083 2038 1121 2065; x_wconf 84' lang='lat' dir='ltr'>pr.</span> 
     </span>
     <span class='ocr_line' id='line_1_43' title="bbox 283 2067 1122 2107; baseline 0.002 -12"><span class='ocrx_word' id='word_1_394' title='bbox 283 2069 314 2095; x_wconf 81' lang='lat' dir='ltr'>de</span> <span class='ocrx_word' id='word_1_395' title='bbox 335 2067 410 2094; x_wconf 81' lang='lat' dir='ltr'>cond.</span> <span class='ocrx_word' id='word_1_396' title='bbox 432 2078 451 2094; x_wconf 75' lang='lat' dir='ltr'>c.</span> <span class='ocrx_word' id='word_1_397' title='bbox 468 2067 517 2094; x_wconf 82' lang='lat' dir='ltr'>dat.</span> <span class='ocrx_word' id='word_1_398' title='bbox 535 2070 573 2093; x_wconf 86' lang='lat'>12.</span> <span class='ocrx_word' id='word_1_399' title='bbox 588 2070 610 2094; x_wconf 88' lang='lat'>4.</span> <span class='ocrx_word' id='word_1_400' title='bbox 650 2069 740 2096; x_wconf 69' lang='lat' dir='ltr'>Posse.</span> <span class='ocrx_word' id='word_1_401' title='bbox 761 2080 783 2095; x_wconf 86' lang='lat' dir='ltr'>v.</span> <span class='ocrx_word' id='word_1_402' title='bbox 805 2080 855 2095; x_wconf 89' lang='lat' dir='ltr'>uon</span> <span class='ocrx_word' id='word_1_403' title='bbox 876 2080 964 2107; x_wconf 70' lang='lat' dir='ltr'>posse,</span> <span class='ocrx_word' id='word_1_404' title='bbox 984 2070 1051 2097; x_wconf 87' lang='lat' dir='ltr'>Esse</span> <span class='ocrx_word' id='word_1_405' title='bbox 1065 2076 1122 2103; x_wconf 58' lang='lat' dir='ltr'>etc..</span> 
     </span>
     <span class='ocr_line' id='line_1_44' title="bbox 284 2110 1121 2148; baseline 0.004 -11"><span class='ocrx_word' id='word_1_406' title='bbox 284 2112 405 2148; x_wconf 80' lang='lat' dir='ltr'>quoniam</span> <span class='ocrx_word' id='word_1_407' title='bbox 425 2116 473 2137; x_wconf 82' lang='lat' dir='ltr'>etc.</span> <span class='ocrx_word' id='word_1_408' title='bbox 494 2110 553 2148; x_wconf 62' lang='lat' dir='ltr'>vlp.</span> <span class='ocrx_word' id='word_1_409' title='bbox 568 2111 651 2139; x_wconf 87' lang='lat' dir='ltr'>XXII.</span> <span class='ocrx_word' id='word_1_410' title='bbox 671 2114 694 2138; x_wconf 52' lang='lat'>4.</span> <span class='ocrx_word' id='word_1_411' title='bbox 714 2122 754 2148; x_wconf 80' lang='lat' dir='ltr'>sq.</span> <span class='ocrx_word' id='word_1_412' title='bbox 774 2112 869 2138; x_wconf 74' lang='lat' dir='ltr'>XXIV.</span> <span class='ocrx_word' id='word_1_413' title='bbox 884 2115 906 2139; x_wconf 88' lang='lat'>9.</span> <span class='ocrx_word' id='word_1_414' title='bbox 927 2115 964 2140; x_wconf 88' lang='lat'>15.</span> <span class='ocrx_word' id='word_1_415' title='bbox 985 2113 1067 2140; x_wconf 79' lang='lat' dir='ltr'>XXV.</span> <span class='ocrx_word' id='word_1_416' title='bbox 1084 2115 1121 2140; x_wconf 86' lang='lat'>14.</span> 
     </span>
     <span class='ocr_line' id='line_1_45' title="bbox 283 2153 463 2181; baseline -0.006 0"><span class='ocrx_word' id='word_1_417' title='bbox 283 2153 402 2181; x_wconf 80' lang='lat' dir='ltr'>XXVIII.</span> <span class='ocrx_word' id='word_1_418' title='bbox 426 2156 463 2180; x_wconf 88' lang='grc'>13.</span> 
     </span>
    </p>
   </div>
   <div class='ocr_carea' id='block_1_10' title="bbox 285 2208 1148 2847">
    <p class='ocr_par' dir='ltr' id='par_1_10' title="bbox 285 2208 1148 2847">
     <span class='ocr_line' id='line_1_46' title="bbox 319 2208 1135 2245; baseline 0.004 -10"><span class='ocrx_word' id='word_1_419' title='bbox 319 2210 489 2241; x_wconf 62' lang='lat' dir='ltr'>Quoque.</span> <span class='ocrx_word' id='word_1_420' title='bbox 514 2208 681 2242; x_wconf 78' lang='lat' dir='ltr'>(Conium-t.)</span> <span class='ocrx_word' id='word_1_421' title='bbox 707 2211 829 2241; x_wconf 79' lang='lat' dir='ltr'>Etiam,</span> <span class='ocrx_word' id='word_1_422' title='bbox 851 2212 897 2236; x_wconf 67' lang='lat' dir='ltr'>Et.</span> <span class='ocrx_word' id='word_1_423' title='bbox 936 2210 954 2236; x_wconf 90' lang='lat' dir='ltr'>I.</span> <span class='ocrx_word' id='word_1_424' title='bbox 971 2212 1032 2245; x_wconf 72' lang='lat' dir='ltr'>Sy.</span> <span class='ocrx_word' id='word_1_425' title='bbox 1052 2211 1135 2238; x_wconf 69' lang='lat' dir='ltr'>Item.⁴</span> 
     </span>
     <span class='ocr_line' id='line_1_47' title="bbox 286 2252 1122 2291; baseline 0.004 -13"><span class='ocrx_word' id='word_1_426' title='bbox 286 2253 315 2278; x_wconf 69' lang='lat' dir='ltr'>I&#39;r.</span> <span class='ocrx_word' id='word_1_427' title='bbox 335 2256 359 2278; x_wconf 63' lang='lat' dir='ltr'>S.</span> <span class='ocrx_word' id='word_1_428' title='bbox 378 2252 400 2285; x_wconf 83' lang='lat'>5.</span> <span class='ocrx_word' id='word_1_429' title='bbox 420 2255 443 2278; x_wconf 81' lang='grc'>4.</span> <span class='ocrx_word' id='word_1_430' title='bbox 469 2252 519 2287; x_wconf 85' lang='lat' dir='ltr'>Qu.</span> <span class='ocrx_word' id='word_1_431' title='bbox 545 2252 635 2278; x_wconf 74' lang='lat' dir='ltr'>satisd.</span> <span class='ocrx_word' id='word_1_432' title='bbox 661 2262 716 2287; x_wconf 65' lang='lat' dir='ltr'>cog.</span> <span class='ocrx_word' id='word_1_433' title='bbox 735 2255 759 2279; x_wconf 85' lang='lat'>2.</span> <span class='ocrx_word' id='word_1_434' title='bbox 779 2256 802 2278; x_wconf 69' lang='grc' dir='ltr'>ὅ.</span> <span class='ocrx_word' id='word_1_435' title='bbox 828 2253 858 2279; x_wconf 84' lang='grc' dir='ltr'>Ι“ι·.</span> <span class='ocrx_word' id='word_1_436' title='bbox 878 2255 902 2278; x_wconf 78' lang='lat'>3.</span> <span class='ocrx_word' id='word_1_437' title='bbox 923 2263 961 2290; x_wconf 87' lang='lat' dir='ltr'>pr.</span> <span class='ocrx_word' id='word_1_438' title='bbox 986 2254 1064 2287; x_wconf 79' lang='lat'>551.</span> <span class='ocrx_word' id='word_1_439' title='bbox 1085 2264 1122 2291; x_wconf 83' lang='lat' dir='ltr'>sq.</span> 
     </span>
     <span class='ocr_line' id='line_1_48' title="bbox 285 2295 1122 2327; baseline 0.004 -7"><span class='ocrx_word' id='word_1_440' title='bbox 285 2295 317 2321; x_wconf 79' lang='lat' dir='ltr'>de</span> <span class='ocrx_word' id='word_1_441' title='bbox 342 2295 421 2321; x_wconf 77' lang='lat' dir='ltr'>seriis.</span> <span class='ocrx_word' id='word_1_442' title='bbox 446 2296 468 2320; x_wconf 79' lang='grc'>2.</span> <span class='ocrx_word' id='word_1_443' title='bbox 492 2296 529 2320; x_wconf 79' lang='grc'>12.</span> <span class='ocrx_word' id='word_1_444' title='bbox 574 2295 671 2327; x_wconf 71' lang='lat' dir='ltr'>Etiam,</span> <span class='ocrx_word' id='word_1_445' title='bbox 696 2296 737 2322; x_wconf 86' lang='lat' dir='ltr'>Et.</span> <span class='ocrx_word' id='word_1_446' title='bbox 762 2296 818 2322; x_wconf 76' lang='lat' dir='ltr'>Gai.</span> <span class='ocrx_word' id='word_1_447' title='bbox 844 2295 885 2322; x_wconf 93' lang='lat' dir='ltr'>III.</span> <span class='ocrx_word' id='word_1_448' title='bbox 912 2298 968 2322; x_wconf 78' lang='lat'>126.</span> <span class='ocrx_word' id='word_1_449' title='bbox 990 2299 1045 2323; x_wconf 80' lang='lat'>133.</span> <span class='ocrx_word' id='word_1_450' title='bbox 1064 2300 1122 2323; x_wconf 82' lang='lat'>212.</span> 
     </span>
     <span class='ocr_line' id='line_1_49' title="bbox 286 2336 1125 2375; baseline 0.002 -11"><span class='ocrx_word' id='word_1_451' title='bbox 286 2337 328 2364; x_wconf 91' lang='lat' dir='ltr'>III.</span> <span class='ocrx_word' id='word_1_452' title='bbox 349 2339 414 2365; x_wconf 71' lang='lat' dir='ltr'>Cn.</span> <span class='ocrx_word' id='word_1_453' title='bbox 440 2336 552 2363; x_wconf 80' lang='lat' dir='ltr'>Priuunn</span> <span class='ocrx_word' id='word_1_454' title='bbox 577 2340 632 2364; x_wconf 80' lang='lat' dir='ltr'>suis</span> <span class='ocrx_word' id='word_1_455' title='bbox 652 2338 805 2367; x_wconf 73' lang='lat' dir='ltr'>heredibus.</span> <span class='ocrx_word' id='word_1_456' title='bbox 830 2338 925 2364; x_wconf 61' lang='lat' dir='ltr'>deindo</span> <span class='ocrx_word' id='word_1_457' title='bbox 945 2339 1075 2375; x_wconf 63' lang='lat' dir='ltr'>adgnfflis,</span> <span class='ocrx_word' id='word_1_458' title='bbox 1099 2345 1125 2366; x_wconf 66' lang='lat' dir='ltr'>ct</span> 
     </span>
     <span class='ocr_line' id='line_1_50' title="bbox 285 2368 1147 2417; baseline 0.002 -11"><span class='ocrx_word' id='word_1_459' title='bbox 285 2380 425 2417; x_wconf 79' lang='lat' dir='ltr'>aliquando</span> <span class='ocrx_word' id='word_1_460' title='bbox 445 2390 548 2416; x_wconf 62' lang='lat' dir='ltr'>quoqu«-</span> <span class='ocrx_word' id='word_1_461' title='bbox 567 2381 716 2415; x_wconf 45' lang='lat' dir='ltr'>:sutilibus</span> <span class='ocrx_word' id='word_1_462' title='bbox 740 2381 811 2408; x_wconf 72' lang='lat' dir='ltr'>Paul.</span> <span class='ocrx_word' id='word_1_463' title='bbox 831 2381 874 2408; x_wconf 65' lang='lat' dir='ltr'>IV.</span> <span class='ocrx_word' id='word_1_464' title='bbox 895 2385 917 2408; x_wconf 69' lang='lat' dir='ltr'>S.</span> <span class='ocrx_word' id='word_1_465' title='bbox 938 2382 959 2415; x_wconf 89' lang='lat'>5</span> <span class='ocrx_word' id='word_1_466' title='bbox 979 2384 1003 2408; x_wconf 94' lang='lat'>3.</span> <span class='ocrx_word' id='word_1_467' title='bbox 1040 2383 1125 2408; x_wconf 77' lang='lat' dir='ltr'>Bono·</span> <span class='ocrx_word' id='word_1_468' title='bbox 1145 2368 1147 2385; x_wconf 37' lang='grc' dir='ltr'><strong>Α</strong></span> 
     </span>
     <span class='ocr_line' id='line_1_51' title="bbox 286 2412 1147 2461; baseline 0.002 -12"><span class='ocrx_word' id='word_1_469' title='bbox 286 2433 342 2450; x_wconf 82' lang='lat' dir='ltr'>rum</span> <span class='ocrx_word' id='word_1_470' title='bbox 362 2433 465 2459; x_wconf 68' lang='lat' dir='ltr'>quoque</span> <span class='ocrx_word' id='word_1_471' title='bbox 491 2424 582 2449; x_wconf 75' lang='lat' dir='ltr'>vmtori</span> <span class='ocrx_word' id='word_1_472' title='bbox 607 2424 727 2450; x_wconf 70' lang='lat' dir='ltr'>similitor</span> <span class='ocrx_word' id='word_1_473' title='bbox 751 2425 908 2461; x_wconf 68' lang='lat' dir='ltr'>proponitur</span> <span class='ocrx_word' id='word_1_474' title='bbox 931 2430 978 2451; x_wconf 74' lang='lat' dir='ltr'>etc.</span> <span class='ocrx_word' id='word_1_475' title='bbox 1004 2425 1060 2451; x_wconf 75' lang='lat' dir='ltr'>Gai.</span> <span class='ocrx_word' id='word_1_476' title='bbox 1080 2425 1123 2451; x_wconf 76' lang='lat' dir='ltr'>IV.</span> <span class='ocrx_word' id='word_1_477' title='bbox 1146 2412 1147 2424; x_wconf 32' lang='lat' dir='ltr'>i</span> 
     </span>
     <span class='ocr_line' id='line_1_52' title="bbox 289 2465 1125 2504; baseline 0.004 -13"><span class='ocrx_word' id='word_1_478' title='bbox 289 2468 344 2492; x_wconf 73' lang='lat'>115.</span> <span class='ocrx_word' id='word_1_479' title='bbox 364 2465 425 2503; x_wconf 60' lang='lat' dir='ltr'>Ylp.</span> <span class='ocrx_word' id='word_1_480' title='bbox 444 2466 476 2492; x_wconf 84' lang='lat' dir='ltr'>X.</span> <span class='ocrx_word' id='word_1_481' title='bbox 497 2468 519 2491; x_wconf 78' lang='lat'>4.</span> <span class='ocrx_word' id='word_1_482' title='bbox 559 2466 708 2501; x_wconf 65' lang='lat' dir='ltr'>Quinotium</span> <span class='ocrx_word' id='word_1_483' title='bbox 734 2468 816 2493; x_wconf 80' lang='lat' dir='ltr'>invito</span> <span class='ocrx_word' id='word_1_484' title='bbox 841 2478 944 2504; x_wconf 83' lang='lat' dir='ltr'>quoque</span> <span class='ocrx_word' id='word_1_485' title='bbox 965 2478 995 2493; x_wconf 74' lang='lat' dir='ltr'>eo</span> <span class='ocrx_word' id='word_1_486' title='bbox 1015 2483 1045 2487; x_wconf 91' lang='lat'><strong>—</strong></span> <span class='ocrx_word' id='word_1_487' title='bbox 1066 2479 1125 2495; x_wconf 87' lang='lat' dir='ltr'>cou-</span> 
     </span>
     <span class='ocr_line' id='line_1_53' title="bbox 286 2508 1123 2546; baseline 0.002 -11"><span class='ocrx_word' id='word_1_488' title='bbox 286 2510 360 2546; x_wconf 68' lang='lat' dir='ltr'>soqui</span> <span class='ocrx_word' id='word_1_489' title='bbox 385 2513 504 2546; x_wconf 77' lang='lat' dir='ltr'>possunt.</span> <span class='ocrx_word' id='word_1_490' title='bbox 528 2508 584 2534; x_wconf 73' lang='lat' dir='ltr'>Gai.</span> <span class='ocrx_word' id='word_1_491' title='bbox 610 2508 627 2534; x_wconf 91' lang='lat' dir='ltr'>I.</span> <span class='ocrx_word' id='word_1_492' title='bbox 656 2511 709 2534; x_wconf 80' lang='lat'>140.</span> <span class='ocrx_word' id='word_1_493' title='bbox 735 2509 764 2535; x_wconf 88' lang='lat' dir='ltr'>II.</span> <span class='ocrx_word' id='word_1_494' title='bbox 789 2512 847 2537; x_wconf 73' lang='lat'>271.</span> <span class='ocrx_word' id='word_1_495' title='bbox 888 2510 946 2537; x_wconf 76' lang='lat' dir='ltr'>Nou</span> <span class='ocrx_word' id='word_1_496' title='bbox 970 2510 1068 2543; x_wconf 82' lang='lat' dir='ltr'>solum,</span> <span class='ocrx_word' id='word_1_497' title='bbox 1094 2528 1123 2531; x_wconf 87' lang='lat'>——</span> 
     </span>
     <span class='ocr_line' id='line_1_54' title="bbox 286 2551 1124 2588; baseline 0.001 -10"><span class='ocrx_word' id='word_1_498' title='bbox 286 2553 453 2578; x_wconf 65' lang='lat' dir='ltr'>verumetizun</span> <span class='ocrx_word' id='word_1_499' title='bbox 473 2561 576 2588; x_wconf 72' lang='lat' dir='ltr'>quoque</span> <span class='ocrx_word' id='word_1_500' title='bbox 597 2556 644 2578; x_wconf 83' lang='lat' dir='ltr'>etc.</span> <span class='ocrx_word' id='word_1_501' title='bbox 666 2551 714 2578; x_wconf 78' lang='lat' dir='ltr'>Th.</span> <span class='ocrx_word' id='word_1_502' title='bbox 736 2552 765 2578; x_wconf 78' lang='lat' dir='ltr'>C.</span> <span class='ocrx_word' id='word_1_503' title='bbox 783 2552 826 2579; x_wconf 72' lang='lat' dir='ltr'>U.</span> <span class='ocrx_word' id='word_1_504' title='bbox 846 2555 870 2579; x_wconf 78' lang='grc'>4.</span> <span class='ocrx_word' id='word_1_505' title='bbox 891 2564 911 2579; x_wconf 90' lang='lat' dir='ltr'>c.</span> <span class='ocrx_word' id='word_1_506' title='bbox 931 2556 973 2580; x_wconf 85' lang='grc'>20.</span> <span class='ocrx_word' id='word_1_507' title='bbox 993 2553 1025 2579; x_wconf 82' lang='lat' dir='ltr'>de</span> <span class='ocrx_word' id='word_1_508' title='bbox 1041 2553 1124 2579; x_wconf 69' lang='lat' dir='ltr'>Praet.</span> 
     </span>
     <span class='ocr_line' id='line_1_55' title="bbox 287 2594 1126 2630; baseline 0.005 -11"><span class='ocrx_word' id='word_1_509' title='bbox 287 2600 312 2620; x_wconf 71' lang='lat' dir='ltr'>et.</span> <span class='ocrx_word' id='word_1_510' title='bbox 331 2595 382 2630; x_wconf 82' lang='lat' dir='ltr'>Qu.</span> <span class='ocrx_word' id='word_1_511' title='bbox 403 2594 444 2621; x_wconf 81' lang='lat' dir='ltr'>Cf.</span> <span class='ocrx_word' id='word_1_512' title='bbox 465 2594 494 2620; x_wconf 81' lang='lat' dir='ltr'>sr.</span> <span class='ocrx_word' id='word_1_513' title='bbox 517 2596 537 2620; x_wconf 94' lang='lat' dir='ltr'>I.</span> <span class='ocrx_word' id='word_1_514' title='bbox 558 2595 622 2628; x_wconf 76' lang='lat'>51.</span> <span class='ocrx_word' id='word_1_515' title='bbox 643 2594 675 2621; x_wconf 79' lang='lat' dir='ltr'>de</span> <span class='ocrx_word' id='word_1_516' title='bbox 695 2594 711 2620; x_wconf 90' lang='lat'>1.</span> <span class='ocrx_word' id='word_1_517' title='bbox 733 2599 756 2619; x_wconf 77' lang='lat' dir='ltr'>ct</span> <span class='ocrx_word' id='word_1_518' title='bbox 778 2594 794 2620; x_wconf 91' lang='lat' dir='ltr'>l.</span> <span class='ocrx_word' id='word_1_519' title='bbox 819 2597 838 2621; x_wconf 91' lang='grc'>1.</span> <span class='ocrx_word' id='word_1_520' title='bbox 862 2598 882 2622; x_wconf 79' lang='grc'>1,</span> <span class='ocrx_word' id='word_1_521' title='bbox 921 2596 974 2623; x_wconf 62' lang='lat' dir='ltr'>Sod</span> <span class='ocrx_word' id='word_1_522' title='bbox 998 2601 1023 2622; x_wconf 71' lang='lat' dir='ltr'>et</span> <span class='ocrx_word' id='word_1_523' title='bbox 1044 2598 1126 2623; x_wconf 82' lang='lat' dir='ltr'>maior</span> 
     </span>
     <span class='ocr_line' id='line_1_56' title="bbox 287 2637 1124 2674; baseline 0.006 -13"><span class='ocrx_word' id='word_1_524' title='bbox 287 2646 390 2673; x_wconf 60' lang='lat' dir='ltr'>quoquo</span> <span class='ocrx_word' id='word_1_525' title='bbox 413 2638 540 2674; x_wconf 67' lang='lat' dir='ltr'>asperitas</span> <span class='ocrx_word' id='word_1_526' title='bbox 565 2637 728 2664; x_wconf 82' lang='lat' dir='ltr'>dominorum</span> <span class='ocrx_word' id='word_1_527' title='bbox 748 2653 779 2656; x_wconf 92' lang='lat'><strong>—</strong></span> <span class='ocrx_word' id='word_1_528' title='bbox 801 2644 943 2665; x_wconf 67' lang='lat' dir='ltr'>encres-mr.</span> <span class='ocrx_word' id='word_1_529' title='bbox 969 2639 1024 2666; x_wconf 75' lang='lat' dir='ltr'>Gai.</span> <span class='ocrx_word' id='word_1_530' title='bbox 1047 2639 1064 2666; x_wconf 92' lang='lat' dir='ltr'>I.</span> <span class='ocrx_word' id='word_1_531' title='bbox 1084 2642 1124 2665; x_wconf 82' lang='lat'>53.</span> 
     </span>
     <span class='ocr_line' id='line_1_57' title="bbox 288 2678 1124 2718; baseline 0.007 -15"><span class='ocrx_word' id='word_1_532' title='bbox 288 2678 361 2705; x_wconf 74' lang='lat' dir='ltr'>Sicut</span> <span class='ocrx_word' id='word_1_533' title='bbox 381 2679 497 2715; x_wconf 69' lang='lat' dir='ltr'>singulat-</span> <span class='ocrx_word' id='word_1_534' title='bbox 517 2690 571 2711; x_wconf 65' lang='lat' dir='ltr'>res,</span> <span class='ocrx_word' id='word_1_535' title='bbox 591 2695 621 2699; x_wconf 90' lang='lat'>—-</span> <span class='ocrx_word' id='word_1_536' title='bbox 644 2682 677 2707; x_wconf 82' lang='lat' dir='ltr'>ita</span> <span class='ocrx_word' id='word_1_537' title='bbox 699 2681 876 2706; x_wconf 73' lang='lat' dir='ltr'>universarum</span> <span class='ocrx_word' id='word_1_538' title='bbox 897 2692 1000 2718; x_wconf 81' lang='lat' dir='ltr'>quoque</span> <span class='ocrx_word' id='word_1_539' title='bbox 1019 2692 1124 2709; x_wconf 78' lang='lat' dir='ltr'>summa.</span> 
     </span>
     <span class='ocr_line' id='line_1_58' title="bbox 288 2720 1125 2760; baseline 0.006 -14"><span class='ocrx_word' id='word_1_540' title='bbox 288 2720 349 2757; x_wconf 69' lang='grc' dir='ltr'>ΠΡ.</span> <span class='ocrx_word' id='word_1_541' title='bbox 367 2722 462 2748; x_wconf 77' lang='lat' dir='ltr'>XXIV.</span> <span class='ocrx_word' id='word_1_542' title='bbox 481 2725 521 2749; x_wconf 82' lang='lat'>25.</span> <span class='ocrx_word' id='word_1_543' title='bbox 560 2722 596 2749; x_wconf 75' lang='lat' dir='ltr'>Vt</span> <span class='ocrx_word' id='word_1_544' title='bbox 615 2724 640 2749; x_wconf 87' lang='lat' dir='ltr'>iu</span> <span class='ocrx_word' id='word_1_545' title='bbox 660 2723 794 2760; x_wconf 85' lang='lat' dir='ltr'>provincia</span> <span class='ocrx_word' id='word_1_546' title='bbox 813 2733 918 2759; x_wconf 77' lang='lat' dir='ltr'>quoque</span> <span class='ocrx_word' id='word_1_547' title='bbox 937 2725 1057 2751; x_wconf 69' lang='lat' dir='ltr'>similitor</span> <span class='ocrx_word' id='word_1_548' title='bbox 1076 2731 1125 2751; x_wconf 74' lang='lat' dir='ltr'>etr.</span> 
     </span>
     <span class='ocr_line' id='line_1_59' title="bbox 289 2762 1125 2804; baseline 0.006 -16"><span class='ocrx_word' id='word_1_549' title='bbox 289 2762 324 2789; x_wconf 86' lang='lat' dir='ltr'>Id.</span> <span class='ocrx_word' id='word_1_550' title='bbox 345 2762 390 2788; x_wconf 79' lang='lat' dir='ltr'>XI.</span> <span class='ocrx_word' id='word_1_551' title='bbox 413 2766 449 2790; x_wconf 68' lang='lat'>123.</span> <span class='ocrx_word' id='word_1_552' title='bbox 471 2765 501 2792; x_wconf 67' lang='lat' dir='ltr'>cI&#39;.</span> <span class='ocrx_word' id='word_1_553' title='bbox 521 2768 562 2792; x_wconf 85' lang='grc'>20.</span> <span class='ocrx_word' id='word_1_554' title='bbox 600 2764 676 2792; x_wconf 73' lang='lat' dir='ltr'>Vn&#39;de</span> <span class='ocrx_word' id='word_1_555' title='bbox 702 2766 770 2791; x_wconf 68' lang='lat' dir='ltr'>inter</span> <span class='ocrx_word' id='word_1_556' title='bbox 793 2765 915 2791; x_wconf 64' lang='lat' dir='ltr'>absuntvs</span> <span class='ocrx_word' id='word_1_557' title='bbox 939 2777 1042 2804; x_wconf 72' lang='lat' dir='ltr'>quoquo</span> <span class='ocrx_word' id='word_1_558' title='bbox 1065 2767 1125 2794; x_wconf 73' lang='lat' dir='ltr'>talia</span> 
     </span>
     <span class='ocr_line' id='line_1_60' title="bbox 289 2806 1148 2847; baseline 0.007 -16"><span class='ocrx_word' id='word_1_559' title='bbox 289 2806 391 2840; x_wconf 70' lang='lat' dir='ltr'>nogotia</span> <span class='ocrx_word' id='word_1_560' title='bbox 412 2808 607 2835; x_wconf 71' lang='lat' dir='ltr'>contrahuntur.</span> <span class='ocrx_word' id='word_1_561' title='bbox 627 2808 684 2834; x_wconf 78' lang='lat' dir='ltr'>Gai.</span> <span class='ocrx_word' id='word_1_562' title='bbox 698 2808 739 2834; x_wconf 90' lang='lat' dir='ltr'>III.</span> <span class='ocrx_word' id='word_1_563' title='bbox 756 2809 812 2835; x_wconf 86' lang='lat'>136.</span> <span class='ocrx_word' id='word_1_564' title='bbox 844 2808 919 2835; x_wconf 68' lang='lat' dir='ltr'>Vitae</span> <span class='ocrx_word' id='word_1_565' title='bbox 938 2820 1040 2846; x_wconf 83' lang='lat' dir='ltr'>quoqm·</span> <span class='ocrx_word' id='word_1_566' title='bbox 1055 2821 1126 2847; x_wconf 76' lang='lat' dir='ltr'>prac-</span> <span class='ocrx_word' id='word_1_567' title='bbox 1147 2809 1148 2831; x_wconf 52' lang='grc' dir='ltr'><strong>ἶ</strong></span> 
     </span>
    </p>
   </div>
   <div class='ocr_carea' id='block_1_11' title="bbox 289 2834 1153 2885">
    <p class='ocr_par' dir='ltr' id='par_1_11' title="bbox 289 2834 1153 2885">
     <span class='ocr_line' id='line_1_61' title="bbox 289 2834 1153 2885; baseline 0.005 -10"><span class='ocrx_word' id='word_1_568' title='bbox 289 2847 422 2875; x_wconf 69' lang='lat' dir='ltr'>ferendum</span> <span class='ocrx_word' id='word_1_569' title='bbox 447 2854 545 2885; x_wconf 73' lang='lat' dir='ltr'>putare.</span> <span class='ocrx_word' id='word_1_570' title='bbox 571 2851 600 2877; x_wconf 88' lang='lat' dir='ltr'>sr.</span> <span class='ocrx_word' id='word_1_571' title='bbox 621 2854 643 2878; x_wconf 92' lang='lat'>2.</span> <span class='ocrx_word' id='word_1_572' title='bbox 669 2852 689 2885; x_wconf 87' lang='lat'>5.</span> <span class='ocrx_word' id='word_1_573' title='bbox 709 2853 750 2877; x_wconf 80' lang='grc'>24.</span> <span class='ocrx_word' id='word_1_574' title='bbox 775 2851 806 2878; x_wconf 80' lang='lat' dir='ltr'>de</span> <span class='ocrx_word' id='word_1_575' title='bbox 826 2852 858 2878; x_wconf 90' lang='lat' dir='ltr'>O.</span> <span class='ocrx_word' id='word_1_576' title='bbox 880 2851 896 2878; x_wconf 90' lang='lat'>1.</span> <span class='ocrx_word' id='word_1_577' title='bbox 919 2854 939 2878; x_wconf 92' lang='lat'>1.</span> <span class='ocrx_word' id='word_1_578' title='bbox 959 2854 983 2878; x_wconf 86' lang='lat'>2.</span> <span class='ocrx_word' id='word_1_579' title='bbox 1022 2852 1126 2879; x_wconf 77' lang='lat' dir='ltr'>Praeter</span> <span class='ocrx_word' id='word_1_580' title='bbox 1147 2834 1153 2869; x_wconf 61' lang='lat'>&#39;⁵</span> 
     </span>
    </p>
   </div>
   <div class='ocr_carea' id='block_1_12' title="bbox 1141 792 1151 2924">
    <p class='ocr_par' dir='ltr' id='par_1_12' title="bbox 1141 792 1151 2924">
     <span class='ocr_line' id='line_1_62' title="bbox 1141 792 1151 2924; baseline 0 0"><span class='ocrx_word' id='word_1_581' title='bbox 1141 792 1151 2924; x_wconf 95' lang='lat' dir='ltr'> </span> 
     </span>
    </p>
   </div>
   <div class='ocr_carea' id='block_1_13' title="bbox 1089 194 1195 236">
    <p class='ocr_par' dir='ltr' id='par_1_13' title="bbox 1089 194 1195 236">
     <span class='ocr_line' id='line_1_63' title="bbox 1089 194 1195 236; baseline 0 -11"><span class='ocrx_word' id='word_1_582' title='bbox 1089 194 1195 236; x_wconf 77' lang='lat' dir='ltr'>Quo.</span> 
     </span>
    </p>
   </div>
   <div class='ocr_carea' id='block_1_14' title="bbox 1165 277 2009 711">
    <p class='ocr_par' dir='ltr' id='par_1_14' title="bbox 1165 277 2007 347">
     <span class='ocr_line' id='line_1_64' title="bbox 1165 277 2007 316; baseline 0.004 -13"><span class='ocrx_word' id='word_1_583' title='bbox 1165 277 1228 303; x_wconf 82' lang='lat' dir='ltr'>haec</span> <span class='ocrx_word' id='word_1_584' title='bbox 1252 278 1337 303; x_wconf 78' lang='lat' dir='ltr'>omnia</span> <span class='ocrx_word' id='word_1_585' title='bbox 1364 282 1453 304; x_wconf 82' lang='lat' dir='ltr'>natura</span> <span class='ocrx_word' id='word_1_586' title='bbox 1477 288 1582 316; x_wconf 83' lang='lat' dir='ltr'>quoquc</span> <span class='ocrx_word' id='word_1_587' title='bbox 1601 278 1687 305; x_wconf 86' lang='lat' dir='ltr'>docet.</span> <span class='ocrx_word' id='word_1_588' title='bbox 1712 278 1742 305; x_wconf 69' lang='grc' dir='ltr'>[ι’.</span> <span class='ocrx_word' id='word_1_589' title='bbox 1761 281 1820 306; x_wconf 84' lang='lat'>220.</span> <span class='ocrx_word' id='word_1_590' title='bbox 1839 280 1861 313; x_wconf 84' lang='lat'>5.</span> <span class='ocrx_word' id='word_1_591' title='bbox 1880 281 1904 306; x_wconf 83' lang='lat'>3.</span> <span class='ocrx_word' id='word_1_592' title='bbox 1925 279 1957 307; x_wconf 82' lang='lat' dir='ltr'>dc</span> <span class='ocrx_word' id='word_1_593' title='bbox 1977 279 2007 306; x_wconf 79' lang='lat' dir='ltr'>V.</span> 
     </span>
     <span class='ocr_line' id='line_1_65' title="bbox 1165 319 1314 347; baseline 0 -1"><span class='ocrx_word' id='word_1_594' title='bbox 1165 319 1192 346; x_wconf 88' lang='lat' dir='ltr'>S.</span> <span class='ocrx_word' id='word_1_595' title='bbox 1212 322 1253 347; x_wconf 85' lang='lat'>50.</span> <span class='ocrx_word' id='word_1_596' title='bbox 1276 322 1314 347; x_wconf 89' lang='lat'>16.</span> 
     </span>
    </p>

    <p class='ocr_par' dir='ltr' id='par_1_15' title="bbox 1201 362 1644 402">
     <span class='ocr_line' id='line_1_66' title="bbox 1201 362 1644 402; baseline 0.002 -12"><span class='ocrx_word' id='word_1_597' title='bbox 1201 364 1372 397; x_wconf 64' lang='lat' dir='ltr'>Quoque·</span> <span class='ocrx_word' id='word_1_598' title='bbox 1410 362 1451 390; x_wconf 75' lang='lat' dir='ltr'>Cf.</span> <span class='ocrx_word' id='word_1_599' title='bbox 1472 374 1495 390; x_wconf 86' lang='lat' dir='ltr'>v.</span> <span class='ocrx_word' id='word_1_600' title='bbox 1516 365 1644 402; x_wconf 78' lang='lat' dir='ltr'>Quisque.</span> 
     </span>
    </p>

    <p class='ocr_par' dir='ltr' id='par_1_16' title="bbox 1166 405 2007 529">
     <span class='ocr_line' id='line_1_67' title="bbox 1201 405 2007 443; baseline 0.001 -10"><span class='ocrx_word' id='word_1_601' title='bbox 1201 407 1372 439; x_wconf 66' lang='lat' dir='ltr'>Quoquo.</span> <span class='ocrx_word' id='word_1_602' title='bbox 1392 405 1506 440; x_wconf 74' lang='lat' dir='ltr'>(Advb.)</span> <span class='ocrx_word' id='word_1_603' title='bbox 1526 410 1573 434; x_wconf 77' lang='lat' dir='ltr'>Ad</span> <span class='ocrx_word' id='word_1_604' title='bbox 1591 418 1806 443; x_wconf 76' lang='lat' dir='ltr'>quemcunque</span> <span class='ocrx_word' id='word_1_605' title='bbox 1824 410 1933 434; x_wconf 81' lang='lat' dir='ltr'>locum.</span> <span class='ocrx_word' id='word_1_606' title='bbox 1964 408 2007 435; x_wconf 90' lang='lat' dir='ltr'>III.</span> 
     </span>
     <span class='ocr_line' id='line_1_68' title="bbox 1168 448 2007 488; baseline -0.001 -11"><span class='ocrx_word' id='word_1_607' title='bbox 1168 450 1234 477; x_wconf 75' lang='lat' dir='ltr'>Cn.</span> <span class='ocrx_word' id='word_1_608' title='bbox 1254 448 1290 475; x_wconf 75' lang='lat' dir='ltr'>Vt</span> <span class='ocrx_word' id='word_1_609' title='bbox 1309 448 1403 475; x_wconf 82' lang='lat' dir='ltr'>muIier</span> <span class='ocrx_word' id='word_1_610' title='bbox 1422 450 1471 476; x_wconf 83' lang='lat' dir='ltr'>viri</span> <span class='ocrx_word' id='word_1_611' title='bbox 1490 451 1636 483; x_wconf 84' lang='lat' dir='ltr'>sumtibus,</span> <span class='ocrx_word' id='word_1_612' title='bbox 1658 460 1763 488; x_wconf 86' lang='lat' dir='ltr'>quoquo</span> <span class='ocrx_word' id='word_1_613' title='bbox 1783 451 1841 481; x_wconf 67' lang='lat' dir='ltr'>iret.</span> <span class='ocrx_word' id='word_1_614' title='bbox 1861 450 2007 478; x_wconf 82' lang='lat' dir='ltr'>veheretur.</span> 
     </span>
     <span class='ocr_line' id='line_1_69' title="bbox 1166 491 1659 529; baseline 0.004 -11"><span class='ocrx_word' id='word_1_615' title='bbox 1166 491 1196 518; x_wconf 83' lang='lat' dir='ltr'>sr.</span> <span class='ocrx_word' id='word_1_616' title='bbox 1216 492 1257 518; x_wconf 85' lang='lat'>26.</span> <span class='ocrx_word' id='word_1_617' title='bbox 1277 492 1299 526; x_wconf 87' lang='lat'>5.</span> <span class='ocrx_word' id='word_1_618' title='bbox 1319 494 1342 518; x_wconf 96' lang='lat'>3.</span> <span class='ocrx_word' id='word_1_619' title='bbox 1363 491 1395 518; x_wconf 79' lang='lat' dir='ltr'>de</span> <span class='ocrx_word' id='word_1_620' title='bbox 1414 497 1480 529; x_wconf 82' lang='lat' dir='ltr'>pact.</span> <span class='ocrx_word' id='word_1_621' title='bbox 1503 492 1556 519; x_wconf 90' lang='lat' dir='ltr'>dot.</span> <span class='ocrx_word' id='word_1_622' title='bbox 1575 495 1616 520; x_wconf 89' lang='lat'>23.</span> <span class='ocrx_word' id='word_1_623' title='bbox 1636 496 1659 520; x_wconf 69' lang='lat'>4.</span> 
     </span>
    </p>

    <p class='ocr_par' dir='ltr' id='par_1_17' title="bbox 1166 543 2009 711">
     <span class='ocr_line' id='line_1_70' title="bbox 1201 543 2007 579; baseline 0.002 -10"><span class='ocrx_word' id='word_1_624' title='bbox 1201 544 1485 576; x_wconf 63' lang='lat' dir='ltr'>Quoquomodo.</span> <span class='ocrx_word' id='word_1_625' title='bbox 1523 543 1644 577; x_wconf 79' lang='lat' dir='ltr'>(Advb.)</span> <span class='ocrx_word' id='word_1_626' title='bbox 1685 546 1879 579; x_wconf 80' lang='lat' dir='ltr'>Quocunque</span> <span class='ocrx_word' id='word_1_627' title='bbox 1910 547 2007 572; x_wconf 85' lang='lat' dir='ltr'>modo.</span> 
     </span>
     <span class='ocr_line' id='line_1_71' title="bbox 1166 585 2008 624; baseline 0.002 -13"><span class='ocrx_word' id='word_1_628' title='bbox 1166 585 1186 611; x_wconf 97' lang='lat' dir='ltr'>I.</span> <span class='ocrx_word' id='word_1_629' title='bbox 1205 587 1267 620; x_wconf 74' lang='lat' dir='ltr'>Sy.</span> <span class='ocrx_word' id='word_1_630' title='bbox 1289 586 1544 622; x_wconf 75' lang='lat' dir='ltr'>Quomodocunque.</span> <span class='ocrx_word' id='word_1_631' title='bbox 1569 585 1610 613; x_wconf 79' lang='lat' dir='ltr'>Cf.</span> <span class='ocrx_word' id='word_1_632' title='bbox 1630 586 1655 613; x_wconf 72' lang='lat' dir='ltr'>In.</span> <span class='ocrx_word' id='word_1_633' title='bbox 1675 597 1699 613; x_wconf 75' lang='lat' dir='ltr'>v.</span> <span class='ocrx_word' id='word_1_634' title='bbox 1737 588 1903 624; x_wconf 81' lang='lat' dir='ltr'>Quocunque</span> <span class='ocrx_word' id='word_1_635' title='bbox 1921 586 2008 613; x_wconf 84' lang='lat' dir='ltr'>modo.</span> 
     </span>
     <span class='ocr_line' id='line_1_72' title="bbox 1166 628 2009 667; baseline 0.004 -13"><span class='ocrx_word' id='word_1_636' title='bbox 1166 628 1222 655; x_wconf 77' lang='lat' dir='ltr'>Gai.</span> <span class='ocrx_word' id='word_1_637' title='bbox 1248 628 1265 655; x_wconf 95' lang='lat'>1.</span> <span class='ocrx_word' id='word_1_638' title='bbox 1293 631 1331 655; x_wconf 90' lang='lat'>15.</span> <span class='ocrx_word' id='word_1_639' title='bbox 1357 629 1417 667; x_wconf 69' lang='grc' dir='ltr'>ΠΙ).</span> <span class='ocrx_word' id='word_1_640' title='bbox 1442 629 1460 656; x_wconf 88' lang='lat' dir='ltr'>I.</span> <span class='ocrx_word' id='word_1_641' title='bbox 1488 631 1526 655; x_wconf 94' lang='lat' dir='ltr'>ll.</span> <span class='ocrx_word' id='word_1_642' title='bbox 1570 629 1630 665; x_wconf 90' lang='lat' dir='ltr'>Quo</span> <span class='ocrx_word' id='word_1_643' title='bbox 1656 629 1789 657; x_wconf 83' lang='lat' dir='ltr'>voluerint</span> <span class='ocrx_word' id='word_1_644' title='bbox 1812 630 1899 657; x_wconf 87' lang='lat' dir='ltr'>modo.</span> <span class='ocrx_word' id='word_1_645' title='bbox 1937 629 2009 666; x_wconf 86' lang='lat' dir='ltr'>Quo-</span> 
     </span>
     <span class='ocr_line' id='line_1_73' title="bbox 1166 671 2007 711; baseline 0.002 -13"><span class='ocrx_word' id='word_1_646' title='bbox 1166 671 1244 698; x_wconf 87' lang='lat' dir='ltr'>modo</span> <span class='ocrx_word' id='word_1_647' title='bbox 1264 671 1355 703; x_wconf 67' lang='lat' dir='ltr'>velint.</span> <span class='ocrx_word' id='word_1_648' title='bbox 1376 677 1399 698; x_wconf 78' lang='lat' dir='ltr'>et</span> <span class='ocrx_word' id='word_1_649' title='bbox 1421 671 1553 709; x_wconf 87' lang='lat' dir='ltr'>quomodo</span> <span class='ocrx_word' id='word_1_650' title='bbox 1573 673 1685 709; x_wconf 81' lang='lat' dir='ltr'>possint.</span> <span class='ocrx_word' id='word_1_651' title='bbox 1722 673 1819 711; x_wconf 80' lang='lat' dir='ltr'>Aquuo</span> <span class='ocrx_word' id='word_1_652' title='bbox 1840 673 1927 700; x_wconf 86' lang='lat' dir='ltr'>modo.</span> <span class='ocrx_word' id='word_1_653' title='bbox 1951 672 2007 699; x_wconf 83' lang='lat' dir='ltr'>Gai.</span> 
     </span>
    </p>
   </div>
   <div class='ocr_carea' id='block_1_15' title="bbox 1142 714 2009 795">
    <p class='ocr_par' dir='ltr' id='par_1_18' title="bbox 1142 714 2009 795">
     <span class='ocr_line' id='line_1_74' title="bbox 1143 714 2009 753; baseline 0.002 -12"><span class='ocrx_word' id='word_1_654' title='bbox 1143 733 1144 737; x_wconf 70' lang='lat'>.</span> <span class='ocrx_word' id='word_1_655' title='bbox 1166 714 1195 741; x_wconf 92' lang='lat'>11.</span> <span class='ocrx_word' id='word_1_656' title='bbox 1218 717 1274 741; x_wconf 88' lang='lat'>114.</span> <span class='ocrx_word' id='word_1_657' title='bbox 1295 715 1324 742; x_wconf 79' lang='lat' dir='ltr'>fr.</span> <span class='ocrx_word' id='word_1_658' title='bbox 1348 718 1369 741; x_wconf 94' lang='lat'>1.</span> <span class='ocrx_word' id='word_1_659' title='bbox 1389 726 1429 752; x_wconf 85' lang='lat' dir='ltr'>pr.</span> <span class='ocrx_word' id='word_1_660' title='bbox 1450 715 1479 741; x_wconf 87' lang='lat' dir='ltr'>fr.</span> <span class='ocrx_word' id='word_1_661' title='bbox 1498 717 1540 741; x_wconf 83' lang='lat'>24.</span> <span class='ocrx_word' id='word_1_662' title='bbox 1561 724 1599 751; x_wconf 83' lang='lat' dir='ltr'>sq.</span> <span class='ocrx_word' id='word_1_663' title='bbox 1620 715 1650 742; x_wconf 81' lang='lat' dir='ltr'>fr.</span> <span class='ocrx_word' id='word_1_664' title='bbox 1670 718 1711 742; x_wconf 71' lang='lat'>40.</span> <span class='ocrx_word' id='word_1_665' title='bbox 1732 727 1770 753; x_wconf 83' lang='lat' dir='ltr'>pr.</span> <span class='ocrx_word' id='word_1_666' title='bbox 1791 716 1821 743; x_wconf 68' lang='grc' dir='ltr'>[ι’.</span> <span class='ocrx_word' id='word_1_667' title='bbox 1841 719 1883 742; x_wconf 79' lang='lat'>44.</span> <span class='ocrx_word' id='word_1_668' title='bbox 1908 715 1941 742; x_wconf 82' lang='lat' dir='ltr'>de</span> <span class='ocrx_word' id='word_1_669' title='bbox 1964 716 2009 742; x_wconf 74' lang='lat' dir='ltr'>mi-</span> 
     </span>
     <span class='ocr_line' id='line_1_75' title="bbox 1142 757 2007 795; baseline 0 -11"><span class='ocrx_word' id='word_1_670' title='bbox 1142 776 1145 790; x_wconf 59' lang='lat'>2</span> <span class='ocrx_word' id='word_1_671' title='bbox 1166 757 1203 784; x_wconf 88' lang='lat' dir='ltr'>lit.</span> <span class='ocrx_word' id='word_1_672' title='bbox 1224 762 1325 784; x_wconf 74' lang='lat' dir='ltr'>testam.</span> <span class='ocrx_word' id='word_1_673' title='bbox 1349 760 1391 784; x_wconf 84' lang='lat'>29.</span> <span class='ocrx_word' id='word_1_674' title='bbox 1414 760 1436 784; x_wconf 91' lang='lat'>1.</span> <span class='ocrx_word' id='word_1_675' title='bbox 1461 758 1490 784; x_wconf 85' lang='lat' dir='ltr'>fr.</span> <span class='ocrx_word' id='word_1_676' title='bbox 1514 760 1534 784; x_wconf 96' lang='lat' dir='ltr'>l.</span> <span class='ocrx_word' id='word_1_677' title='bbox 1555 768 1593 795; x_wconf 85' lang='lat' dir='ltr'>pr.</span> <span class='ocrx_word' id='word_1_678' title='bbox 1619 757 1651 784; x_wconf 85' lang='lat' dir='ltr'>de</span> <span class='ocrx_word' id='word_1_679' title='bbox 1670 758 1700 784; x_wconf 91' lang='lat' dir='ltr'>B.</span> <span class='ocrx_word' id='word_1_680' title='bbox 1721 759 1748 785; x_wconf 89' lang='lat' dir='ltr'>P.</span> <span class='ocrx_word' id='word_1_681' title='bbox 1776 770 1807 786; x_wconf 83' lang='lat' dir='ltr'>ex</span> <span class='ocrx_word' id='word_1_682' title='bbox 1832 764 1934 785; x_wconf 81' lang='lat' dir='ltr'>testam.</span> <span class='ocrx_word' id='word_1_683' title='bbox 1954 758 2007 784; x_wconf 84' lang='lat' dir='ltr'>mil.</span> 
     </span>
    </p>
   </div>
   <div class='ocr_carea' id='block_1_16' title="bbox 1165 800 2009 1095">
    <p class='ocr_par' dir='ltr' id='par_1_19' title="bbox 1165 800 2009 1095">
     <span class='ocr_line' id='line_1_76' title="bbox 1165 800 2008 838; baseline 0.001 -12"><span class='ocrx_word' id='word_1_684' title='bbox 1165 802 1206 826; x_wconf 87' lang='lat'>37.</span> <span class='ocrx_word' id='word_1_685' title='bbox 1229 802 1267 827; x_wconf 74' lang='lat'>13.</span> <span class='ocrx_word' id='word_1_686' title='bbox 1294 811 1314 828; x_wconf 88' lang='lat' dir='ltr'>c.</span> <span class='ocrx_word' id='word_1_687' title='bbox 1338 803 1380 828; x_wconf 82' lang='lat'>37.</span> <span class='ocrx_word' id='word_1_688' title='bbox 1404 812 1442 838; x_wconf 81' lang='lat' dir='ltr'>pr.</span> <span class='ocrx_word' id='word_1_689' title='bbox 1469 800 1500 827; x_wconf 80' lang='lat' dir='ltr'>de</span> <span class='ocrx_word' id='word_1_690' title='bbox 1524 801 1596 827; x_wconf 77' lang='lat' dir='ltr'>inoff.</span> <span class='ocrx_word' id='word_1_691' title='bbox 1621 805 1722 828; x_wconf 83' lang='lat' dir='ltr'>testam.</span> <span class='ocrx_word' id='word_1_692' title='bbox 1747 804 1770 829; x_wconf 92' lang='lat'>3.</span> <span class='ocrx_word' id='word_1_693' title='bbox 1796 803 1837 828; x_wconf 78' lang='lat'>28.</span> <span class='ocrx_word' id='word_1_694' title='bbox 1880 801 1923 827; x_wconf 94' lang='lat'>111.</span> <span class='ocrx_word' id='word_1_695' title='bbox 1942 802 2008 829; x_wconf 74' lang='lat' dir='ltr'>Gn.</span> 
     </span>
     <span class='ocr_line' id='line_1_77' title="bbox 1166 843 2008 880; baseline 0.001 -11"><span class='ocrx_word' id='word_1_696' title='bbox 1166 844 1361 880; x_wconf 87' lang='lat' dir='ltr'>Quoquomodo</span> <span class='ocrx_word' id='word_1_697' title='bbox 1382 849 1407 870; x_wconf 78' lang='lat' dir='ltr'>et</span> <span class='ocrx_word' id='word_1_698' title='bbox 1426 844 1624 880; x_wconf 74' lang='lat' dir='ltr'>quibuscunque</span> <span class='ocrx_word' id='word_1_699' title='bbox 1642 844 1732 871; x_wconf 85' lang='lat' dir='ltr'>verbis</span> <span class='ocrx_word' id='word_1_700' title='bbox 1751 844 1889 878; x_wconf 89' lang='lat' dir='ltr'>(ultimum</span> <span class='ocrx_word' id='word_1_701' title='bbox 1908 843 2008 870; x_wconf 83' lang='lat' dir='ltr'>dictare</span> 
     </span>
     <span class='ocr_line' id='line_1_78' title="bbox 1165 886 2008 920; baseline 0.001 -8"><span class='ocrx_word' id='word_1_702' title='bbox 1165 886 1311 920; x_wconf 85' lang='lat' dir='ltr'>iudicium.)</span> <span class='ocrx_word' id='word_1_703' title='bbox 1330 887 1397 913; x_wconf 66' lang='lat' dir='ltr'>Nov.</span> <span class='ocrx_word' id='word_1_704' title='bbox 1417 886 1475 913; x_wconf 59' lang='lat' dir='ltr'>YaI.</span> <span class='ocrx_word' id='word_1_705' title='bbox 1496 886 1537 913; x_wconf 86' lang='lat' dir='ltr'>III.</span> <span class='ocrx_word' id='word_1_706' title='bbox 1558 886 1589 913; x_wconf 75' lang='lat' dir='ltr'>de</span> <span class='ocrx_word' id='word_1_707' title='bbox 1608 891 1710 914; x_wconf 80' lang='lat' dir='ltr'>testam.</span> <span class='ocrx_word' id='word_1_708' title='bbox 1730 887 1761 914; x_wconf 88' lang='grc' dir='ltr'>Π,</span> <span class='ocrx_word' id='word_1_709' title='bbox 1780 889 1822 914; x_wconf 84' lang='grc'>21.</span> <span class='ocrx_word' id='word_1_710' title='bbox 1849 898 1863 914; x_wconf 92' lang='lat' dir='ltr'>c</span> <span class='ocrx_word' id='word_1_711' title='bbox 1893 889 1914 913; x_wconf 93' lang='lat' dir='ltr'>l.</span> <span class='ocrx_word' id='word_1_712' title='bbox 1942 887 1964 920; x_wconf 84' lang='lat'>5.</span> <span class='ocrx_word' id='word_1_713' title='bbox 1983 888 2008 913; x_wconf 86' lang='lat'>3.</span> 
     </span>
     <span class='ocr_line' id='line_1_79' title="bbox 1165 928 2009 966; baseline 0 -11"><span class='ocrx_word' id='word_1_714' title='bbox 1165 928 1256 966; x_wconf 68' lang='lat' dir='ltr'>Neque</span> <span class='ocrx_word' id='word_1_715' title='bbox 1277 931 1345 956; x_wconf 83' lang='lat' dir='ltr'>enim</span> <span class='ocrx_word' id='word_1_716' title='bbox 1365 929 1550 966; x_wconf 86' lang='lat' dir='ltr'>quoquomodo</span> <span class='ocrx_word' id='word_1_717' title='bbox 1571 931 1698 966; x_wconf 81' lang='lat' dir='ltr'>cuiusque</span> <span class='ocrx_word' id='word_1_718' title='bbox 1722 932 1840 957; x_wconf 75' lang='lat' dir='ltr'>interest.</span> <span class='ocrx_word' id='word_1_719' title='bbox 1865 930 1894 956; x_wconf 83' lang='lat' dir='ltr'>fr.</span> <span class='ocrx_word' id='word_1_720' title='bbox 1914 930 1956 955; x_wconf 78' lang='lat'>23.</span> <span class='ocrx_word' id='word_1_721' title='bbox 1976 929 2009 956; x_wconf 86' lang='lat' dir='ltr'>de</span> 
     </span>
     <span class='ocr_line' id='line_1_80' title="bbox 1165 972 2007 1010; baseline 0 -12"><span class='ocrx_word' id='word_1_722' title='bbox 1165 977 1231 1010; x_wconf 86' lang='lat' dir='ltr'>pact.</span> <span class='ocrx_word' id='word_1_723' title='bbox 1251 976 1275 998; x_wconf 84' lang='lat'>2.</span> <span class='ocrx_word' id='word_1_724' title='bbox 1292 975 1330 999; x_wconf 70' lang='lat'>14⁴</span> <span class='ocrx_word' id='word_1_725' title='bbox 1363 972 1547 1008; x_wconf 69' lang='lat' dir='ltr'>Obligatioues</span> <span class='ocrx_word' id='word_1_726' title='bbox 1567 973 1753 1010; x_wconf 84' lang='lat' dir='ltr'>quoquomodo</span> <span class='ocrx_word' id='word_1_727' title='bbox 1773 977 1930 999; x_wconf 79' lang='lat' dir='ltr'>contractae.</span> <span class='ocrx_word' id='word_1_728' title='bbox 1951 972 2007 999; x_wconf 73' lang='lat' dir='ltr'>Gai.</span> 
     </span>
     <span class='ocr_line' id='line_1_81' title="bbox 1165 1015 2007 1053; baseline 0 -12"><span class='ocrx_word' id='word_1_729' title='bbox 1165 1015 1194 1041; x_wconf 95' lang='lat' dir='ltr'>lI.</span> <span class='ocrx_word' id='word_1_730' title='bbox 1223 1017 1264 1041; x_wconf 63' lang='lat'>35.</span> <span class='ocrx_word' id='word_1_731' title='bbox 1311 1015 1438 1042; x_wconf 62' lang='lat' dir='ltr'>ltoseisso</span> <span class='ocrx_word' id='word_1_732' title='bbox 1467 1026 1606 1052; x_wconf 86' lang='lat' dir='ltr'>quoquom.</span> <span class='ocrx_word' id='word_1_733' title='bbox 1636 1022 1721 1053; x_wconf 83' lang='lat' dir='ltr'>pacto.</span> <span class='ocrx_word' id='word_1_734' title='bbox 1751 1016 1823 1042; x_wconf 87' lang='lat' dir='ltr'>Paul.</span> <span class='ocrx_word' id='word_1_735' title='bbox 1848 1016 1866 1042; x_wconf 89' lang='grc' dir='ltr'>Ι.</span> <span class='ocrx_word' id='word_1_736' title='bbox 1893 1017 1914 1042; x_wconf 91' lang='lat' dir='ltr'>l.</span> <span class='ocrx_word' id='word_1_737' title='bbox 1943 1016 1965 1049; x_wconf 87' lang='lat'>5.</span> <span class='ocrx_word' id='word_1_738' title='bbox 1984 1016 2007 1041; x_wconf 83' lang='lat'>3.</span> 
     </span>
     <span class='ocr_line' id='line_1_82' title="bbox 1166 1058 2008 1095; baseline 0 -11"><span class='ocrx_word' id='word_1_739' title='bbox 1166 1058 1316 1094; x_wconf 85' lang='lat' dir='ltr'>Quoquom.</span> <span class='ocrx_word' id='word_1_740' title='bbox 1341 1058 1443 1086; x_wconf 77' lang='lat' dir='ltr'>soluto.</span> <span class='ocrx_word' id='word_1_741' title='bbox 1469 1068 1490 1084; x_wconf 91' lang='lat' dir='ltr'>s.</span> <span class='ocrx_word' id='word_1_742' title='bbox 1514 1058 1638 1088; x_wconf 80' lang='lat' dir='ltr'>dircinto.</span> <span class='ocrx_word' id='word_1_743' title='bbox 1665 1060 1838 1085; x_wconf 83' lang='lat' dir='ltr'>matrimonio.</span> <span class='ocrx_word' id='word_1_744' title='bbox 1860 1058 1889 1085; x_wconf 72' lang='lat' dir='ltr'>fr.</span> <span class='ocrx_word' id='word_1_745' title='bbox 1908 1060 1951 1084; x_wconf 78' lang='lat'>20.</span> <span class='ocrx_word' id='word_1_746' title='bbox 1970 1068 2008 1095; x_wconf 83' lang='lat' dir='ltr'>pr.</span> 
     </span>
    </p>
   </div>
   <div class='ocr_carea' id='block_1_17' title="bbox 1142 1100 1899 1137">
    <p class='ocr_par' dir='ltr' id='par_1_20' title="bbox 1142 1100 1899 1137">
     <span class='ocr_line' id='line_1_83' title="bbox 1142 1100 1899 1137; baseline 0.003 -11"><span class='ocrx_word' id='word_1_747' title='bbox 1142 1109 1144 1120; x_wconf 58' lang='lat' dir='ltr'><strong><em>z</em></strong></span> <span class='ocrx_word' id='word_1_748' title='bbox 1166 1100 1198 1127; x_wconf 79' lang='lat' dir='ltr'>de</span> <span class='ocrx_word' id='word_1_749' title='bbox 1218 1100 1291 1137; x_wconf 69' lang='lat' dir='ltr'>relig.</span> <span class='ocrx_word' id='word_1_750' title='bbox 1314 1103 1352 1127; x_wconf 94' lang='lat'>11.</span> <span class='ocrx_word' id='word_1_751' title='bbox 1374 1103 1396 1127; x_wconf 92' lang='lat'>7.</span> <span class='ocrx_word' id='word_1_752' title='bbox 1417 1101 1446 1127; x_wconf 76' lang='lat' dir='ltr'>fr.</span> <span class='ocrx_word' id='word_1_753' title='bbox 1466 1103 1508 1127; x_wconf 85' lang='grc'>29.</span> <span class='ocrx_word' id='word_1_754' title='bbox 1529 1102 1594 1135; x_wconf 90' lang='lat'>5.1.</span> <span class='ocrx_word' id='word_1_755' title='bbox 1615 1102 1662 1128; x_wconf 75' lang='lat' dir='ltr'>sol.</span> <span class='ocrx_word' id='word_1_756' title='bbox 1684 1104 1793 1128; x_wconf 72' lang='lat' dir='ltr'>matrim.</span> <span class='ocrx_word' id='word_1_757' title='bbox 1813 1103 1855 1128; x_wconf 77' lang='lat'>24.</span> <span class='ocrx_word' id='word_1_758' title='bbox 1875 1105 1899 1128; x_wconf 80' lang='lat'>3.</span> 
     </span>
    </p>
   </div>
   <div class='ocr_carea' id='block_1_18' title="bbox 1164 1152 2009 1275">
    <p class='ocr_par' dir='ltr' id='par_1_21' title="bbox 1164 1152 2009 1275">
     <span class='ocr_line' id='line_1_84' title="bbox 1202 1152 2008 1189; baseline 0 -11"><span class='ocrx_word' id='word_1_759' title='bbox 1202 1152 1403 1183; x_wconf 66' lang='lat' dir='ltr'>Quorsum.</span> <span class='ocrx_word' id='word_1_760' title='bbox 1441 1154 1488 1179; x_wconf 62' lang='lat' dir='ltr'>Ad</span> <span class='ocrx_word' id='word_1_761' title='bbox 1510 1162 1602 1187; x_wconf 81' lang='lat' dir='ltr'>quam</span> <span class='ocrx_word' id='word_1_762' title='bbox 1622 1162 1690 1179; x_wconf 80' lang='lat' dir='ltr'>rem.</span> <span class='ocrx_word' id='word_1_763' title='bbox 1729 1155 1776 1179; x_wconf 69' lang='grc' dir='ltr'>Διί</span> <span class='ocrx_word' id='word_1_764' title='bbox 1794 1163 1881 1187; x_wconf 85' lang='lat' dir='ltr'>quem</span> <span class='ocrx_word' id='word_1_765' title='bbox 1895 1154 2008 1189; x_wconf 86' lang='lat' dir='ltr'>finem.</span> 
     </span>
     <span class='ocr_line' id='line_1_85' title="bbox 1164 1194 2009 1232; baseline -0.001 -11"><span class='ocrx_word' id='word_1_766' title='bbox 1164 1194 1208 1221; x_wconf 87' lang='lat' dir='ltr'>IH.</span> <span class='ocrx_word' id='word_1_767' title='bbox 1229 1196 1295 1222; x_wconf 65' lang='lat'>(7²1.</span> <span class='ocrx_word' id='word_1_768' title='bbox 1320 1194 1385 1221; x_wconf 70' lang='lat' dir='ltr'>Nam</span> <span class='ocrx_word' id='word_1_769' title='bbox 1410 1205 1536 1231; x_wconf 82' lang='lat' dir='ltr'>quorsum</span> <span class='ocrx_word' id='word_1_770' title='bbox 1557 1196 1674 1228; x_wconf 82' lang='lat' dir='ltr'>uomina,</span> <span class='ocrx_word' id='word_1_771' title='bbox 1699 1197 1795 1232; x_wconf 75' lang='lat' dir='ltr'>inquit.</span> <span class='ocrx_word' id='word_1_772' title='bbox 1821 1196 1872 1222; x_wconf 85' lang='lat' dir='ltr'>nisi</span> <span class='ocrx_word' id='word_1_773' title='bbox 1896 1200 1923 1222; x_wconf 89' lang='lat' dir='ltr'>ut</span> <span class='ocrx_word' id='word_1_774' title='bbox 1943 1195 2009 1222; x_wconf 57' lang='lat' dir='ltr'>eta?</span> 
     </span>
     <span class='ocr_line' id='line_1_86' title="bbox 1165 1237 1684 1275; baseline 0.002 -11"><span class='ocrx_word' id='word_1_775' title='bbox 1165 1238 1195 1264; x_wconf 81' lang='lat' dir='ltr'>fr.</span> <span class='ocrx_word' id='word_1_776' title='bbox 1217 1239 1239 1264; x_wconf 86' lang='lat'>7.</span> <span class='ocrx_word' id='word_1_777' title='bbox 1260 1237 1282 1271; x_wconf 87' lang='lat'>5</span> <span class='ocrx_word' id='word_1_778' title='bbox 1302 1240 1326 1264; x_wconf 84' lang='lat'>2.</span> <span class='ocrx_word' id='word_1_779' title='bbox 1346 1237 1379 1264; x_wconf 79' lang='lat' dir='ltr'>de</span> <span class='ocrx_word' id='word_1_780' title='bbox 1398 1238 1492 1275; x_wconf 83' lang='lat' dir='ltr'>supell.</span> <span class='ocrx_word' id='word_1_781' title='bbox 1513 1238 1562 1274; x_wconf 79' lang='lat' dir='ltr'>leg.</span> <span class='ocrx_word' id='word_1_782' title='bbox 1581 1240 1623 1265; x_wconf 86' lang='lat'>33.</span> <span class='ocrx_word' id='word_1_783' title='bbox 1644 1241 1684 1265; x_wconf 90' lang='lat'>10.</span> 
     </span>
    </p>
   </div>
   <div class='ocr_carea' id='block_1_19' title="bbox 1166 1289 2011 2108">
    <p class='ocr_par' dir='ltr' id='par_1_22' title="bbox 1166 1289 2011 1714">
     <span class='ocr_line' id='line_1_87' title="bbox 1201 1289 2008 1324; baseline -0.001 -9"><span class='ocrx_word' id='word_1_784' title='bbox 1201 1290 1312 1320; x_wconf 65' lang='lat' dir='ltr'>Quot.</span> <span class='ocrx_word' id='word_1_785' title='bbox 1352 1291 1418 1322; x_wconf 82' lang='lat' dir='ltr'>Quo</span> <span class='ocrx_word' id='word_1_786' title='bbox 1442 1299 1577 1316; x_wconf 80' lang='lat' dir='ltr'>numero.</span> <span class='ocrx_word' id='word_1_787' title='bbox 1619 1289 1661 1316; x_wconf 94' lang='lat'>111.</span> <span class='ocrx_word' id='word_1_788' title='bbox 1683 1290 1749 1317; x_wconf 74' lang='lat' dir='ltr'>Cn.</span> <span class='ocrx_word' id='word_1_789' title='bbox 1779 1289 1853 1324; x_wconf 77' lang='lat' dir='ltr'>Quot</span> <span class='ocrx_word' id='word_1_790' title='bbox 1878 1289 1931 1315; x_wconf 79' lang='lat' dir='ltr'>sint</span> <span class='ocrx_word' id='word_1_791' title='bbox 1955 1290 2008 1322; x_wconf 82' lang='lat' dir='ltr'>(sc.</span> 
     </span>
     <span class='ocr_line' id='line_1_88' title="bbox 1166 1331 2008 1368; baseline -0.001 -10"><span class='ocrx_word' id='word_1_792' title='bbox 1166 1332 1361 1365; x_wconf 51' lang='lat' dir='ltr'>instrumenta)</span> <span class='ocrx_word' id='word_1_793' title='bbox 1382 1331 1413 1358; x_wconf 84' lang='lat' dir='ltr'>de</span> <span class='ocrx_word' id='word_1_794' title='bbox 1427 1342 1476 1368; x_wconf 81' lang='lat' dir='ltr'>qua</span> <span class='ocrx_word' id='word_1_795' title='bbox 1495 1342 1523 1358; x_wconf 81' lang='lat' dir='ltr'>re</span> <span class='ocrx_word' id='word_1_796' title='bbox 1542 1333 1603 1364; x_wconf 79' lang='lat' dir='ltr'>sint.</span> <span class='ocrx_word' id='word_1_797' title='bbox 1624 1332 1767 1359; x_wconf 75' lang='lat' dir='ltr'>subnotent</span> <span class='ocrx_word' id='word_1_798' title='bbox 1786 1331 1844 1358; x_wconf 85' lang='lat' dir='ltr'>sibi.</span> <span class='ocrx_word' id='word_1_799' title='bbox 1865 1331 1894 1358; x_wconf 87' lang='lat' dir='ltr'>sr.</span> <span class='ocrx_word' id='word_1_800' title='bbox 1911 1333 1951 1357; x_wconf 90' lang='lat'>15.</span> <span class='ocrx_word' id='word_1_801' title='bbox 1970 1342 2008 1368; x_wconf 80' lang='lat' dir='ltr'>pr.</span> 
     </span>
     <span class='ocr_line' id='line_1_89' title="bbox 1166 1374 2010 1402; baseline -0.001 -1"><span class='ocrx_word' id='word_1_802' title='bbox 1166 1375 1198 1401; x_wconf 86' lang='lat' dir='ltr'>de</span> <span class='ocrx_word' id='word_1_803' title='bbox 1222 1375 1277 1401; x_wconf 78' lang='lat' dir='ltr'>reb.</span> <span class='ocrx_word' id='word_1_804' title='bbox 1302 1379 1369 1401; x_wconf 81' lang='lat' dir='ltr'>auct.</span> <span class='ocrx_word' id='word_1_805' title='bbox 1394 1375 1445 1401; x_wconf 90' lang='lat' dir='ltr'>iud.</span> <span class='ocrx_word' id='word_1_806' title='bbox 1471 1376 1512 1401; x_wconf 70' lang='lat'>42.</span> <span class='ocrx_word' id='word_1_807' title='bbox 1533 1377 1557 1401; x_wconf 88' lang='lat'>5.</span> <span class='ocrx_word' id='word_1_808' title='bbox 1578 1374 1610 1401; x_wconf 81' lang='lat' dir='ltr'>cs.</span> <span class='ocrx_word' id='word_1_809' title='bbox 1635 1374 1685 1402; x_wconf 90' lang='lat' dir='ltr'>Th.</span> <span class='ocrx_word' id='word_1_810' title='bbox 1706 1374 1737 1402; x_wconf 89' lang='lat' dir='ltr'>C.</span> <span class='ocrx_word' id='word_1_811' title='bbox 1757 1375 1802 1401; x_wconf 85' lang='lat' dir='ltr'>IX.</span> <span class='ocrx_word' id='word_1_812' title='bbox 1822 1376 1863 1400; x_wconf 81' lang='grc'>42.</span> <span class='ocrx_word' id='word_1_813' title='bbox 1888 1384 1909 1400; x_wconf 86' lang='lat' dir='ltr'>c.</span> <span class='ocrx_word' id='word_1_814' title='bbox 1930 1375 1952 1400; x_wconf 93' lang='lat'>7.</span> <span class='ocrx_word' id='word_1_815' title='bbox 1978 1374 2010 1400; x_wconf 88' lang='lat' dir='ltr'>de</span> 
     </span>
     <span class='ocr_line' id='line_1_90' title="bbox 1166 1417 2011 1456; baseline 0 -12"><span class='ocrx_word' id='word_1_816' title='bbox 1166 1418 1226 1445; x_wconf 83' lang='lat' dir='ltr'>bon.</span> <span class='ocrx_word' id='word_1_817' title='bbox 1246 1428 1346 1456; x_wconf 89' lang='lat' dir='ltr'>proscr.</span> <span class='ocrx_word' id='word_1_818' title='bbox 1385 1417 1438 1444; x_wconf 80' lang='lat' dir='ltr'>Tot</span> <span class='ocrx_word' id='word_1_819' title='bbox 1457 1417 1593 1444; x_wconf 82' lang='lat' dir='ltr'>mensibus</span> <span class='ocrx_word' id='word_1_820' title='bbox 1613 1417 1778 1454; x_wconf 66' lang='lat' dir='ltr'>eIugeantur.</span> <span class='ocrx_word' id='word_1_821' title='bbox 1801 1422 1866 1454; x_wconf 77' lang='lat' dir='ltr'>quot</span> <span class='ocrx_word' id='word_1_822' title='bbox 1884 1427 2011 1444; x_wconf 85' lang='lat' dir='ltr'>annorum</span> 
     </span>
     <span class='ocr_line' id='line_1_91' title="bbox 1166 1459 2010 1496; baseline -0.002 -8"><span class='ocrx_word' id='word_1_823' title='bbox 1166 1461 1337 1488; x_wconf 76' lang='lat' dir='ltr'>decesserint.</span> <span class='ocrx_word' id='word_1_824' title='bbox 1357 1460 1440 1487; x_wconf 77' lang='lat' dir='ltr'>Vatic.</span> <span class='ocrx_word' id='word_1_825' title='bbox 1461 1461 1482 1495; x_wconf 95' lang='lat'>5.</span> <span class='ocrx_word' id='word_1_826' title='bbox 1501 1462 1560 1487; x_wconf 89' lang='lat'>321.</span> <span class='ocrx_word' id='word_1_827' title='bbox 1581 1460 1612 1487; x_wconf 80' lang='lat' dir='ltr'>cf.</span> <span class='ocrx_word' id='word_1_828' title='bbox 1633 1460 1689 1487; x_wconf 76' lang='lat' dir='ltr'>Gai.</span> <span class='ocrx_word' id='word_1_829' title='bbox 1709 1460 1727 1487; x_wconf 95' lang='lat' dir='ltr'>I.</span> <span class='ocrx_word' id='word_1_830' title='bbox 1749 1461 1806 1487; x_wconf 83' lang='lat'>188.</span> <span class='ocrx_word' id='word_1_831' title='bbox 1826 1459 1870 1487; x_wconf 84' lang='lat' dir='ltr'>IV.</span> <span class='ocrx_word' id='word_1_832' title='bbox 1887 1462 1908 1486; x_wconf 94' lang='lat'>1.</span> <span class='ocrx_word' id='word_1_833' title='bbox 1937 1460 2010 1496; x_wconf 86' lang='lat' dir='ltr'>Quot</span> 
     </span>
     <span class='ocr_line' id='line_1_92' title="bbox 1166 1503 2009 1541; baseline -0.001 -11"><span class='ocrx_word' id='word_1_834' title='bbox 1166 1504 1315 1536; x_wconf 82' lang='lat' dir='ltr'>mensibus,</span> <span class='ocrx_word' id='word_1_835' title='bbox 1336 1521 1367 1524; x_wconf 87' lang='lat'><em>-</em></span> <span class='ocrx_word' id='word_1_836' title='bbox 1388 1509 1451 1541; x_wconf 81' lang='lat' dir='ltr'>quot</span> <span class='ocrx_word' id='word_1_837' title='bbox 1471 1504 1565 1530; x_wconf 77' lang='lat' dir='ltr'>diebus</span> <span class='ocrx_word' id='word_1_838' title='bbox 1586 1504 1729 1541; x_wconf 76' lang='lat' dir='ltr'>(legetur.)</span> <span class='ocrx_word' id='word_1_839' title='bbox 1754 1503 1784 1530; x_wconf 86' lang='lat' dir='ltr'>fr.</span> <span class='ocrx_word' id='word_1_840' title='bbox 1807 1505 1845 1529; x_wconf 87' lang='lat'>12.</span> <span class='ocrx_word' id='word_1_841' title='bbox 1866 1504 1887 1537; x_wconf 96' lang='lat'>5.</span> <span class='ocrx_word' id='word_1_842' title='bbox 1907 1504 1931 1530; x_wconf 88' lang='lat'>6.</span> <span class='ocrx_word' id='word_1_843' title='bbox 1957 1503 2009 1538; x_wconf 89' lang='lat' dir='ltr'>Qu.</span> 
     </span>
     <span class='ocr_line' id='line_1_93' title="bbox 1166 1546 2011 1584; baseline -0.004 -10"><span class='ocrx_word' id='word_1_844' title='bbox 1166 1547 1222 1574; x_wconf 81' lang='lat' dir='ltr'>dies</span> <span class='ocrx_word' id='word_1_845' title='bbox 1243 1547 1318 1584; x_wconf 78' lang='lat' dir='ltr'>legat.</span> <span class='ocrx_word' id='word_1_846' title='bbox 1338 1549 1379 1574; x_wconf 85' lang='lat'>36.</span> <span class='ocrx_word' id='word_1_847' title='bbox 1399 1550 1423 1574; x_wconf 75' lang='lat'>2.</span> <span class='ocrx_word' id='word_1_848' title='bbox 1461 1547 1521 1574; x_wconf 77' lang='lat' dir='ltr'>Non</span> <span class='ocrx_word' id='word_1_849' title='bbox 1545 1547 1649 1584; x_wconf 74' lang='lat' dir='ltr'>plures.</span> <span class='ocrx_word' id='word_1_850' title='bbox 1674 1557 1750 1584; x_wconf 85' lang='lat' dir='ltr'>quam</span> <span class='ocrx_word' id='word_1_851' title='bbox 1774 1551 1838 1583; x_wconf 85' lang='lat' dir='ltr'>quot</span> <span class='ocrx_word' id='word_1_852' title='bbox 1857 1555 1934 1572; x_wconf 84' lang='lat' dir='ltr'>manu</span> <span class='ocrx_word' id='word_1_853' title='bbox 1953 1546 2011 1583; x_wconf 81' lang='lat' dir='ltr'>capi</span> 
     </span>
     <span class='ocr_line' id='line_1_94' title="bbox 1166 1588 2008 1628; baseline -0.004 -11"><span class='ocrx_word' id='word_1_854' title='bbox 1166 1595 1286 1628; x_wconf 79' lang='lat' dir='ltr'>possunt.</span> <span class='ocrx_word' id='word_1_855' title='bbox 1312 1590 1371 1628; x_wconf 78' lang='lat' dir='ltr'>le.</span> <span class='ocrx_word' id='word_1_856' title='bbox 1396 1591 1467 1618; x_wconf 86' lang='lat' dir='ltr'>XIX.</span> <span class='ocrx_word' id='word_1_857' title='bbox 1493 1592 1517 1617; x_wconf 92' lang='lat'>6.</span> <span class='ocrx_word' id='word_1_858' title='bbox 1559 1591 1646 1626; x_wconf 71' lang='lat' dir='ltr'>Quot,</span> <span class='ocrx_word' id='word_1_859' title='bbox 1673 1607 1702 1610; x_wconf 93' lang='lat'>—-</span> <span class='ocrx_word' id='word_1_860' title='bbox 1729 1589 1837 1616; x_wconf 85' lang='lat' dir='ltr'>totidem</span> <span class='ocrx_word' id='word_1_861' title='bbox 1863 1594 1910 1616; x_wconf 83' lang='lat' dir='ltr'>etc.</span> <span class='ocrx_word' id='word_1_862' title='bbox 1936 1588 1965 1615; x_wconf 82' lang='lat' dir='ltr'>fr.</span> <span class='ocrx_word' id='word_1_863' title='bbox 1985 1590 2008 1614; x_wconf 81' lang='lat'>2.</span> 
     </span>
     <span class='ocr_line' id='line_1_95' title="bbox 1166 1631 2010 1670; baseline -0.002 -10"><span class='ocrx_word' id='word_1_864' title='bbox 1166 1635 1188 1667; x_wconf 90' lang='lat'>5.</span> <span class='ocrx_word' id='word_1_865' title='bbox 1208 1636 1250 1660; x_wconf 81' lang='lat'>32.</span> <span class='ocrx_word' id='word_1_866' title='bbox 1270 1634 1302 1660; x_wconf 87' lang='lat' dir='ltr'>de</span> <span class='ocrx_word' id='word_1_867' title='bbox 1323 1633 1356 1660; x_wconf 94' lang='lat' dir='ltr'>O.</span> <span class='ocrx_word' id='word_1_868' title='bbox 1377 1633 1394 1660; x_wconf 95' lang='lat' dir='ltr'>I.</span> <span class='ocrx_word' id='word_1_869' title='bbox 1415 1636 1438 1661; x_wconf 95' lang='lat'>1.</span> <span class='ocrx_word' id='word_1_870' title='bbox 1457 1636 1481 1660; x_wconf 82' lang='lat'>2.</span> <span class='ocrx_word' id='word_1_871' title='bbox 1507 1633 1557 1660; x_wconf 83' lang='lat' dir='ltr'>Th.</span> <span class='ocrx_word' id='word_1_872' title='bbox 1577 1633 1608 1660; x_wconf 92' lang='lat' dir='ltr'>C.</span> <span class='ocrx_word' id='word_1_873' title='bbox 1628 1633 1698 1660; x_wconf 79' lang='lat' dir='ltr'>XIII.</span> <span class='ocrx_word' id='word_1_874' title='bbox 1716 1634 1740 1659; x_wconf 88' lang='lat'>3.</span> <span class='ocrx_word' id='word_1_875' title='bbox 1766 1643 1786 1659; x_wconf 92' lang='lat' dir='ltr'>c.</span> <span class='ocrx_word' id='word_1_876' title='bbox 1806 1633 1830 1659; x_wconf 81' lang='lat'>8.</span> <span class='ocrx_word' id='word_1_877' title='bbox 1849 1642 1888 1670; x_wconf 84' lang='lat' dir='ltr'>pr.</span> <span class='ocrx_word' id='word_1_878' title='bbox 1908 1631 1940 1658; x_wconf 83' lang='lat' dir='ltr'>de</span> <span class='ocrx_word' id='word_1_879' title='bbox 1959 1641 2010 1658; x_wconf 86' lang='lat' dir='ltr'>me-</span> 
     </span>
     <span class='ocr_line' id='line_1_96' title="bbox 1166 1676 1348 1714; baseline -0.005 -11"><span class='ocrx_word' id='word_1_880' title='bbox 1166 1677 1216 1703; x_wconf 83' lang='lat' dir='ltr'>dic.</span> <span class='ocrx_word' id='word_1_881' title='bbox 1237 1682 1263 1703; x_wconf 79' lang='lat' dir='ltr'>et</span> <span class='ocrx_word' id='word_1_882' title='bbox 1282 1676 1348 1714; x_wconf 85' lang='lat' dir='ltr'>prof.</span> 
     </span>
    </p>

    <p class='ocr_par' dir='ltr' id='par_1_23' title="bbox 1166 1725 2011 2108">
     <span class='ocr_line' id='line_1_97' title="bbox 1202 1725 2010 1762; baseline -0.004 -8"><span class='ocrx_word' id='word_1_883' title='bbox 1202 1727 1427 1759; x_wconf 62' lang='lat' dir='ltr'>QuoffanniS·</span> <span class='ocrx_word' id='word_1_884' title='bbox 1467 1729 1597 1762; x_wconf 80' lang='lat' dir='ltr'>Quoque</span> <span class='ocrx_word' id='word_1_885' title='bbox 1621 1738 1710 1754; x_wconf 81' lang='lat' dir='ltr'>anno.</span> <span class='ocrx_word' id='word_1_886' title='bbox 1748 1726 1766 1753; x_wconf 91' lang='lat'>1.</span> <span class='ocrx_word' id='word_1_887' title='bbox 1789 1727 1851 1761; x_wconf 82' lang='lat' dir='ltr'>Sy.</span> <span class='ocrx_word' id='word_1_888' title='bbox 1875 1725 1904 1752; x_wconf 89' lang='lat' dir='ltr'>In</span> <span class='ocrx_word' id='word_1_889' title='bbox 1927 1734 2010 1752; x_wconf 80' lang='lat' dir='ltr'>annos</span> 
     </span>
     <span class='ocr_line' id='line_1_98' title="bbox 1166 1768 2011 1806; baseline -0.001 -10"><span class='ocrx_word' id='word_1_890' title='bbox 1166 1769 1292 1806; x_wconf 71' lang='lat' dir='ltr'>singulos.</span> <span class='ocrx_word' id='word_1_891' title='bbox 1318 1770 1347 1796; x_wconf 83' lang='lat' dir='ltr'>fr.</span> <span class='ocrx_word' id='word_1_892' title='bbox 1370 1771 1409 1796; x_wconf 86' lang='lat'>12.</span> <span class='ocrx_word' id='word_1_893' title='bbox 1434 1770 1456 1804; x_wconf 87' lang='lat'>5.</span> <span class='ocrx_word' id='word_1_894' title='bbox 1482 1772 1506 1796; x_wconf 88' lang='lat'>6.</span> <span class='ocrx_word' id='word_1_895' title='bbox 1545 1771 1596 1806; x_wconf 87' lang='lat' dir='ltr'>Qu.</span> <span class='ocrx_word' id='word_1_896' title='bbox 1621 1770 1677 1797; x_wconf 81' lang='lat' dir='ltr'>dies</span> <span class='ocrx_word' id='word_1_897' title='bbox 1703 1770 1779 1806; x_wconf 79' lang='lat' dir='ltr'>legat.</span> <span class='ocrx_word' id='word_1_898' title='bbox 1805 1770 1847 1796; x_wconf 81' lang='lat'>36.</span> <span class='ocrx_word' id='word_1_899' title='bbox 1866 1771 1889 1795; x_wconf 85' lang='lat'>2.</span> <span class='ocrx_word' id='word_1_900' title='bbox 1928 1768 2011 1804; x_wconf 84' lang='lat' dir='ltr'>Quot-</span> 
     </span>
     <span class='ocr_line' id='line_1_99' title="bbox 1167 1812 2011 1848; baseline -0.002 -9"><span class='ocrx_word' id='word_1_901' title='bbox 1167 1813 1256 1844; x_wconf 79' lang='lat' dir='ltr'>aunis‚</span> <span class='ocrx_word' id='word_1_902' title='bbox 1281 1812 1323 1839; x_wconf 79' lang='lat' dir='ltr'>vel</span> <span class='ocrx_word' id='word_1_903' title='bbox 1347 1817 1411 1848; x_wconf 82' lang='lat' dir='ltr'>quot</span> <span class='ocrx_word' id='word_1_904' title='bbox 1430 1813 1580 1845; x_wconf 88' lang='lat' dir='ltr'>mensibus,</span> <span class='ocrx_word' id='word_1_905' title='bbox 1603 1813 1744 1845; x_wconf 74' lang='lat' dir='ltr'>Annuum,</span> <span class='ocrx_word' id='word_1_906' title='bbox 1768 1814 1824 1839; x_wconf 81' lang='lat' dir='ltr'>sive</span> <span class='ocrx_word' id='word_1_907' title='bbox 1847 1816 2011 1838; x_wconf 80' lang='lat' dir='ltr'>menstruum</span> 
     </span>
     <span class='ocr_line' id='line_1_100' title="bbox 1166 1854 2010 1893; baseline -0.002 -12"><span class='ocrx_word' id='word_1_908' title='bbox 1166 1855 1396 1893; x_wconf 80' lang='lat' dir='ltr'>(praestandum.)</span> <span class='ocrx_word' id='word_1_909' title='bbox 1423 1855 1453 1882; x_wconf 78' lang='lat' dir='ltr'>fr.</span> <span class='ocrx_word' id='word_1_910' title='bbox 1473 1857 1497 1882; x_wconf 84' lang='lat'>8.</span> <span class='ocrx_word' id='word_1_911' title='bbox 1521 1857 1543 1890; x_wconf 91' lang='lat'>5</span> <span class='ocrx_word' id='word_1_912' title='bbox 1561 1858 1603 1883; x_wconf 84' lang='grc'>24.</span> <span class='ocrx_word' id='word_1_913' title='bbox 1628 1856 1660 1883; x_wconf 86' lang='lat' dir='ltr'>de</span> <span class='ocrx_word' id='word_1_914' title='bbox 1684 1861 1806 1882; x_wconf 79' lang='lat' dir='ltr'>transact.</span> <span class='ocrx_word' id='word_1_915' title='bbox 1825 1857 1849 1880; x_wconf 86' lang='lat'>2.</span> <span class='ocrx_word' id='word_1_916' title='bbox 1871 1857 1910 1881; x_wconf 90' lang='lat'>15.</span> <span class='ocrx_word' id='word_1_917' title='bbox 1935 1854 1966 1880; x_wconf 83' lang='lat' dir='ltr'>fr.</span> <span class='ocrx_word' id='word_1_918' title='bbox 1985 1854 2010 1880; x_wconf 88' lang='lat'>6.</span> 
     </span>
     <span class='ocr_line' id='line_1_101' title="bbox 1168 1897 2010 1935; baseline 0 -11"><span class='ocrx_word' id='word_1_919' title='bbox 1168 1899 1199 1925; x_wconf 80' lang='lat' dir='ltr'>de</span> <span class='ocrx_word' id='word_1_920' title='bbox 1225 1909 1282 1924; x_wconf 82' lang='lat' dir='ltr'>ann.</span> <span class='ocrx_word' id='word_1_921' title='bbox 1307 1898 1382 1935; x_wconf 83' lang='lat' dir='ltr'>legat.</span> <span class='ocrx_word' id='word_1_922' title='bbox 1406 1900 1447 1925; x_wconf 89' lang='lat'>33.</span> <span class='ocrx_word' id='word_1_923' title='bbox 1470 1901 1491 1925; x_wconf 96' lang='grc'>1.</span> <span class='ocrx_word' id='word_1_924' title='bbox 1516 1899 1547 1926; x_wconf 83' lang='lat' dir='ltr'>fr.</span> <span class='ocrx_word' id='word_1_925' title='bbox 1570 1902 1608 1926; x_wconf 91' lang='lat'>12.</span> <span class='ocrx_word' id='word_1_926' title='bbox 1633 1900 1653 1933; x_wconf 93' lang='lat'>5.</span> <span class='ocrx_word' id='word_1_927' title='bbox 1674 1901 1697 1925; x_wconf 89' lang='lat'>6.</span> <span class='ocrx_word' id='word_1_928' title='bbox 1722 1899 1738 1925; x_wconf 95' lang='lat' dir='ltr'>l.</span> <span class='ocrx_word' id='word_1_929' title='bbox 1758 1900 1800 1925; x_wconf 87' lang='lat'>36.</span> <span class='ocrx_word' id='word_1_930' title='bbox 1819 1900 1843 1924; x_wconf 87' lang='grc'>2.</span> <span class='ocrx_word' id='word_1_931' title='bbox 1880 1897 1924 1924; x_wconf 92' lang='lat' dir='ltr'>III.</span> <span class='ocrx_word' id='word_1_932' title='bbox 1944 1898 2010 1925; x_wconf 75' lang='grc' dir='ltr'>οη.</span> 
     </span>
     <span class='ocr_line' id='line_1_102' title="bbox 1168 1939 2010 1978; baseline -0.002 -10"><span class='ocrx_word' id='word_1_933' title='bbox 1168 1942 1330 1978; x_wconf 79' lang='lat' dir='ltr'>Quotannis,</span> <span class='ocrx_word' id='word_1_934' title='bbox 1360 1943 1386 1968; x_wconf 87' lang='lat' dir='ltr'>in</span> <span class='ocrx_word' id='word_1_935' title='bbox 1410 1952 1493 1968; x_wconf 80' lang='lat' dir='ltr'>annos</span> <span class='ocrx_word' id='word_1_936' title='bbox 1519 1942 1651 1978; x_wconf 71' lang='lat' dir='ltr'>singulos,</span> <span class='ocrx_word' id='word_1_937' title='bbox 1681 1942 1750 1969; x_wconf 84' lang='lat' dir='ltr'>dato.</span> <span class='ocrx_word' id='word_1_938' title='bbox 1775 1942 1803 1968; x_wconf 76' lang='lat' dir='ltr'>I&#39;r.</span> <span class='ocrx_word' id='word_1_939' title='bbox 1826 1943 1865 1967; x_wconf 87' lang='lat'>17.</span> <span class='ocrx_word' id='word_1_940' title='bbox 1889 1941 1910 1975; x_wconf 89' lang='lat'>5</span> <span class='ocrx_word' id='word_1_941' title='bbox 1931 1942 1953 1966; x_wconf 94' lang='lat'>1.</span> <span class='ocrx_word' id='word_1_942' title='bbox 1977 1939 2010 1966; x_wconf 74' lang='lat' dir='ltr'>(Ie</span> 
     </span>
     <span class='ocr_line' id='line_1_103' title="bbox 1167 1982 2009 2021; baseline -0.004 -10"><span class='ocrx_word' id='word_1_943' title='bbox 1167 1995 1224 2011; x_wconf 84' lang='lat' dir='ltr'>ann.</span> <span class='ocrx_word' id='word_1_944' title='bbox 1247 1984 1323 2021; x_wconf 78' lang='lat' dir='ltr'>legat.</span> <span class='ocrx_word' id='word_1_945' title='bbox 1342 1986 1427 2011; x_wconf 81' lang='lat'>33.1.</span> <span class='ocrx_word' id='word_1_946' title='bbox 1451 1984 1480 2011; x_wconf 86' lang='lat' dir='ltr'>fr.</span> <span class='ocrx_word' id='word_1_947' title='bbox 1503 1987 1543 2012; x_wconf 88' lang='lat'>13.</span> <span class='ocrx_word' id='word_1_948' title='bbox 1563 1985 1595 2012; x_wconf 82' lang='lat' dir='ltr'>de</span> <span class='ocrx_word' id='word_1_949' title='bbox 1614 1986 1667 2012; x_wconf 78' lang='lat' dir='ltr'>trit.</span> <span class='ocrx_word' id='word_1_950' title='bbox 1687 1987 1757 2012; x_wconf 84' lang='lat' dir='ltr'>vino.</span> <span class='ocrx_word' id='word_1_951' title='bbox 1777 1987 1818 2010; x_wconf 83' lang='lat'>33.</span> <span class='ocrx_word' id='word_1_952' title='bbox 1838 1985 1862 2010; x_wconf 86' lang='lat'>6.</span> <span class='ocrx_word' id='word_1_953' title='bbox 1900 1982 2009 2013; x_wconf 83' lang='lat' dir='ltr'>Cavere,</span> 
     </span>
     <span class='ocr_line' id='line_1_104' title="bbox 1167 2025 2008 2064; baseline -0.006 -9"><span class='ocrx_word' id='word_1_954' title='bbox 1167 2039 1195 2055; x_wconf 85' lang='lat' dir='ltr'>se</span> <span class='ocrx_word' id='word_1_955' title='bbox 1215 2029 1355 2064; x_wconf 79' lang='lat' dir='ltr'>quotannis</span> <span class='ocrx_word' id='word_1_956' title='bbox 1375 2033 1567 2064; x_wconf 79' lang='lat' dir='ltr'>praestaturum</span> <span class='ocrx_word' id='word_1_957' title='bbox 1587 2029 1761 2064; x_wconf 81' lang='lat' dir='ltr'>(quincunces</span> <span class='ocrx_word' id='word_1_958' title='bbox 1780 2026 1895 2060; x_wconf 83' lang='lat' dir='ltr'>usuras.)</span> <span class='ocrx_word' id='word_1_959' title='bbox 1918 2025 1948 2052; x_wconf 84' lang='lat' dir='ltr'>fr.</span> <span class='ocrx_word' id='word_1_960' title='bbox 1969 2026 2008 2050; x_wconf 80' lang='lat'>17.</span> 
     </span>
     <span class='ocr_line' id='line_1_105' title="bbox 1167 2067 2009 2108; baseline -0.005 -11"><span class='ocrx_word' id='word_1_961' title='bbox 1167 2082 1205 2108; x_wconf 85' lang='lat' dir='ltr'>pr.</span> <span class='ocrx_word' id='word_1_962' title='bbox 1226 2071 1259 2097; x_wconf 87' lang='lat' dir='ltr'>de</span> <span class='ocrx_word' id='word_1_963' title='bbox 1277 2081 1348 2097; x_wconf 90' lang='lat' dir='ltr'>usur.</span> <span class='ocrx_word' id='word_1_964' title='bbox 1368 2072 1409 2097; x_wconf 74' lang='grc'>22,</span> <span class='ocrx_word' id='word_1_965' title='bbox 1432 2072 1453 2097; x_wconf 93' lang='grc'>1.</span> <span class='ocrx_word' id='word_1_966' title='bbox 1492 2072 1572 2107; x_wconf 84' lang='lat' dir='ltr'>Quot.</span> <span class='ocrx_word' id='word_1_967' title='bbox 1593 2071 1756 2098; x_wconf 84' lang='lat' dir='ltr'>observatur.</span> <span class='ocrx_word' id='word_1_968' title='bbox 1777 2070 1806 2097; x_wconf 85' lang='lat' dir='ltr'>fr.</span> <span class='ocrx_word' id='word_1_969' title='bbox 1825 2072 1850 2096; x_wconf 78' lang='lat'>2.</span> <span class='ocrx_word' id='word_1_970' title='bbox 1870 2069 1891 2103; x_wconf 88' lang='lat'>5.</span> <span class='ocrx_word' id='word_1_971' title='bbox 1911 2069 1952 2094; x_wconf 87' lang='grc'>33.</span> <span class='ocrx_word' id='word_1_972' title='bbox 1977 2067 2009 2094; x_wconf 85' lang='lat' dir='ltr'>de</span> 
     </span>
    </p>
   </div>
   <div class='ocr_carea' id='block_1_20' title="bbox 1168 2114 1326 2141">
    <p class='ocr_par' dir='ltr' id='par_1_24' title="bbox 1168 2114 1326 2141">
     <span class='ocr_line' id='line_1_106' title="bbox 1168 2114 1326 2141; baseline -0.006 0"><span class='ocrx_word' id='word_1_973' title='bbox 1168 2115 1200 2141; x_wconf 86' lang='grc' dir='ltr'>Ο.</span> <span class='ocrx_word' id='word_1_974' title='bbox 1221 2114 1238 2141; x_wconf 90' lang='grc' dir='ltr'>Ι.</span> <span class='ocrx_word' id='word_1_975' title='bbox 1260 2115 1281 2140; x_wconf 94' lang='lat' dir='ltr'>l.</span> <span class='ocrx_word' id='word_1_976' title='bbox 1302 2116 1326 2140; x_wconf 80' lang='lat'>2.</span> 
     </span>
    </p>
   </div>
   <div class='ocr_carea' id='block_1_21' title="bbox 1169 2165 2010 2462">
    <p class='ocr_par' dir='ltr' id='par_1_25' title="bbox 1169 2165 2010 2462">
     <span class='ocr_line' id='line_1_107' title="bbox 1203 2165 2009 2200; baseline -0.006 -5"><span class='ocrx_word' id='word_1_977' title='bbox 1203 2168 1471 2200; x_wconf 50' lang='lat' dir='ltr'>numinianum</span> <span class='ocrx_word' id='word_1_978' title='bbox 1487 2178 1508 2195; x_wconf 86' lang='lat' dir='ltr'>s.</span> <span class='ocrx_word' id='word_1_979' title='bbox 1524 2168 1773 2196; x_wconf 77' lang='lat' dir='ltr'>Cottidianus.</span> <span class='ocrx_word' id='word_1_980' title='bbox 1789 2165 1917 2199; x_wconf 79' lang='lat' dir='ltr'>(Adiect.)</span> <span class='ocrx_word' id='word_1_981' title='bbox 1932 2165 1962 2198; x_wconf 68' lang='grc' dir='ltr'>ξ.</span> <span class='ocrx_word' id='word_1_982' title='bbox 1974 2166 2009 2192; x_wconf 84' lang='grc'>1.</span> 
     </span>
     <span class='ocr_line' id='line_1_108' title="bbox 1171 2208 2010 2247; baseline -0.004 -10"><span class='ocrx_word' id='word_1_983' title='bbox 1171 2214 1232 2245; x_wconf 85' lang='lat' dir='ltr'>Qui</span> <span class='ocrx_word' id='word_1_984' title='bbox 1251 2213 1401 2246; x_wconf 78' lang='lat' dir='ltr'>quotidie</span> <span class='ocrx_word' id='word_1_985' title='bbox 1413 2213 1477 2247; x_wconf 76' lang='lat' dir='ltr'>sit,</span> <span class='ocrx_word' id='word_1_986' title='bbox 1499 2222 1522 2238; x_wconf 74' lang='grc' dir='ltr'>τ.</span> <span class='ocrx_word' id='word_1_987' title='bbox 1544 2213 1704 2246; x_wconf 75' lang='lat' dir='ltr'>competit.</span> <span class='ocrx_word' id='word_1_988' title='bbox 1736 2209 1754 2235; x_wconf 94' lang='lat' dir='ltr'>I.</span> <span class='ocrx_word' id='word_1_989' title='bbox 1769 2210 1830 2243; x_wconf 61' lang='lat' dir='ltr'>Sl]-</span> <span class='ocrx_word' id='word_1_990' title='bbox 1852 2208 1933 2244; x_wconf 83' lang='lat' dir='ltr'>Quod</span> <span class='ocrx_word' id='word_1_991' title='bbox 1948 2217 2010 2244; x_wconf 86' lang='lat' dir='ltr'>quo-</span> 
     </span>
     <span class='ocr_line' id='line_1_109' title="bbox 1169 2250 2010 2291; baseline -0.005 -11"><span class='ocrx_word' id='word_1_992' title='bbox 1169 2255 1232 2281; x_wconf 67' lang='lat' dir='ltr'>tidie</span> <span class='ocrx_word' id='word_1_993' title='bbox 1251 2255 1309 2291; x_wconf 89' lang='lat' dir='ltr'>quis</span> <span class='ocrx_word' id='word_1_994' title='bbox 1329 2253 1415 2280; x_wconf 71' lang='lat' dir='ltr'>Imbvt.</span> <span class='ocrx_word' id='word_1_995' title='bbox 1454 2256 1514 2290; x_wconf 86' lang='lat' dir='ltr'>Quo</span> <span class='ocrx_word' id='word_1_996' title='bbox 1539 2254 1656 2290; x_wconf 75' lang='lat' dir='ltr'>quotidie</span> <span class='ocrx_word' id='word_1_997' title='bbox 1679 2253 1764 2290; x_wconf 83' lang='lat' dir='ltr'>possit</span> <span class='ocrx_word' id='word_1_998' title='bbox 1788 2253 1832 2277; x_wconf 78' lang='lat' dir='ltr'>uti.</span> <span class='ocrx_word' id='word_1_999' title='bbox 1871 2250 2010 2286; x_wconf 75' lang='lat' dir='ltr'>Quotidia-</span> 
     </span>
     <span class='ocr_line' id='line_1_110' title="bbox 1169 2294 2008 2331; baseline -0.005 -8"><span class='ocrx_word' id='word_1_1000' title='bbox 1169 2308 1229 2324; x_wconf 88' lang='lat' dir='ltr'>num</span> <span class='ocrx_word' id='word_1_1001' title='bbox 1258 2297 1305 2331; x_wconf 73' lang='lat' dir='ltr'>[al.</span> <span class='ocrx_word' id='word_1_1002' title='bbox 1332 2297 1540 2330; x_wconf 77' lang='lat' dir='ltr'>Cott1diauum.]</span> <span class='ocrx_word' id='word_1_1003' title='bbox 1571 2297 1600 2323; x_wconf 83' lang='lat' dir='ltr'>fr.</span> <span class='ocrx_word' id='word_1_1004' title='bbox 1624 2299 1646 2323; x_wconf 77' lang='grc' dir='ltr'>Τ,</span> <span class='ocrx_word' id='word_1_1005' title='bbox 1676 2294 1802 2330; x_wconf 74' lang='lat' dir='ltr'>Qucinud.</span> <span class='ocrx_word' id='word_1_1006' title='bbox 1827 2295 1917 2320; x_wconf 53' lang='lat' dir='ltr'>servin</span> <span class='ocrx_word' id='word_1_1007' title='bbox 1941 2294 1965 2320; x_wconf 77' lang='lat' dir='ltr'>S.</span> <span class='ocrx_word' id='word_1_1008' title='bbox 1985 2294 2008 2320; x_wconf 85' lang='lat'>6.</span> 
     </span>
     <span class='ocr_line' id='line_1_111' title="bbox 1170 2335 2009 2376; baseline -0.005 -10"><span class='ocrx_word' id='word_1_1009' title='bbox 1170 2341 1199 2367; x_wconf 84' lang='lat' dir='ltr'>I&#39;r.</span> <span class='ocrx_word' id='word_1_1010' title='bbox 1221 2342 1242 2366; x_wconf 94' lang='lat'>1.</span> <span class='ocrx_word' id='word_1_1011' title='bbox 1267 2341 1304 2374; x_wconf 88' lang='lat'>55.</span> <span class='ocrx_word' id='word_1_1012' title='bbox 1324 2342 1348 2366; x_wconf 76' lang='lat'>2.</span> <span class='ocrx_word' id='word_1_1013' title='bbox 1369 2350 1407 2376; x_wconf 88' lang='lat' dir='ltr'>sq.</span> <span class='ocrx_word' id='word_1_1014' title='bbox 1433 2339 1465 2366; x_wconf 70' lang='lat' dir='ltr'>de</span> <span class='ocrx_word' id='word_1_1015' title='bbox 1489 2350 1552 2376; x_wconf 82' lang='lat' dir='ltr'>aqua</span> <span class='ocrx_word' id='word_1_1016' title='bbox 1577 2343 1646 2375; x_wconf 86' lang='lat' dir='ltr'>quot.</span> <span class='ocrx_word' id='word_1_1017' title='bbox 1671 2340 1711 2364; x_wconf 80' lang='lat'>43.</span> <span class='ocrx_word' id='word_1_1018' title='bbox 1736 2340 1776 2363; x_wconf 86' lang='lat'>20.</span> <span class='ocrx_word' id='word_1_1019' title='bbox 1814 2337 1856 2362; x_wconf 95' lang='lat' dir='ltr'>III.</span> <span class='ocrx_word' id='word_1_1020' title='bbox 1878 2338 1943 2364; x_wconf 77' lang='lat' dir='ltr'>Gn.</span> <span class='ocrx_word' id='word_1_1021' title='bbox 1967 2335 2009 2363; x_wconf 88' lang='lat' dir='ltr'>Ad</span> 
     </span>
     <span class='ocr_line' id='line_1_112' title="bbox 1169 2378 2008 2420; baseline -0.005 -11"><span class='ocrx_word' id='word_1_1022' title='bbox 1169 2394 1245 2420; x_wconf 83' lang='lat' dir='ltr'>quem</span> <span class='ocrx_word' id='word_1_1023' title='bbox 1265 2383 1424 2409; x_wconf 87' lang='lat' dir='ltr'>cottidianus</span> <span class='ocrx_word' id='word_1_1024' title='bbox 1444 2384 1517 2409; x_wconf 70' lang='lat' dir='ltr'>navis</span> <span class='ocrx_word' id='word_1_1025' title='bbox 1537 2386 1660 2418; x_wconf 76' lang='lat' dir='ltr'>quaestus</span> <span class='ocrx_word' id='word_1_1026' title='bbox 1680 2381 1807 2418; x_wconf 67' lang='lat' dir='ltr'>pervenit.</span> <span class='ocrx_word' id='word_1_1027' title='bbox 1829 2380 1887 2406; x_wconf 78' lang='lat' dir='ltr'>Gai.</span> <span class='ocrx_word' id='word_1_1028' title='bbox 1904 2378 1947 2405; x_wconf 73' lang='lat' dir='ltr'>IV.</span> <span class='ocrx_word' id='word_1_1029' title='bbox 1968 2380 2008 2405; x_wconf 82' lang='grc'>71.</span> 
     </span>
     <span class='ocr_line' id='line_1_113' title="bbox 1170 2422 2007 2462; baseline -0.007 -9"><span class='ocrx_word' id='word_1_1030' title='bbox 1170 2426 1197 2452; x_wconf 90' lang='lat' dir='ltr'>In</span> <span class='ocrx_word' id='word_1_1031' title='bbox 1217 2436 1266 2453; x_wconf 91' lang='lat' dir='ltr'>usu</span> <span class='ocrx_word' id='word_1_1032' title='bbox 1285 2426 1438 2462; x_wconf 84' lang='lat' dir='ltr'>quotidiano</span> <span class='ocrx_word' id='word_1_1033' title='bbox 1458 2425 1555 2452; x_wconf 70' lang='lat' dir='ltr'>lauhs-ri.</span> <span class='ocrx_word' id='word_1_1034' title='bbox 1575 2424 1645 2450; x_wconf 77' lang='lat' dir='ltr'>Paul.</span> <span class='ocrx_word' id='word_1_1035' title='bbox 1663 2424 1692 2449; x_wconf 81' lang='lat' dir='ltr'>V.</span> <span class='ocrx_word' id='word_1_1036' title='bbox 1713 2426 1736 2450; x_wconf 84' lang='lat'>6.</span> <span class='ocrx_word' id='word_1_1037' title='bbox 1757 2424 1839 2457; x_wconf 83' lang='lat'>516.</span> <span class='ocrx_word' id='word_1_1038' title='bbox 1860 2423 1888 2448; x_wconf 80' lang='lat' dir='ltr'>I&#39;r.</span> <span class='ocrx_word' id='word_1_1039' title='bbox 1906 2423 1927 2447; x_wconf 94' lang='lat'>1.</span> <span class='ocrx_word' id='word_1_1040' title='bbox 1948 2422 1969 2455; x_wconf 93' lang='lat'>5.</span> <span class='ocrx_word' id='word_1_1041' title='bbox 1984 2422 2007 2447; x_wconf 88' lang='grc'>6.</span> 
     </span>
    </p>
   </div>
   <div class='ocr_carea' id='block_1_22' title="bbox 1146 2464 2009 2585">
    <p class='ocr_par' dir='ltr' id='par_1_26' title="bbox 1146 2464 2009 2585">
     <span class='ocr_line' id='line_1_114' title="bbox 1146 2464 2009 2506; baseline -0.006 -11"><span class='ocrx_word' id='word_1_1042' title='bbox 1146 2486 1147 2503; x_wconf 53' lang='lat' dir='ltr'>i</span> <span class='ocrx_word' id='word_1_1043' title='bbox 1170 2474 1238 2495; x_wconf 74' lang='lat' dir='ltr'>naut.</span> <span class='ocrx_word' id='word_1_1044' title='bbox 1259 2479 1332 2506; x_wconf 81' lang='lat' dir='ltr'>caup.</span> <span class='ocrx_word' id='word_1_1045' title='bbox 1353 2472 1376 2495; x_wconf 80' lang='lat'>4.</span> <span class='ocrx_word' id='word_1_1046' title='bbox 1397 2471 1420 2495; x_wconf 90' lang='lat'>9.</span> <span class='ocrx_word' id='word_1_1047' title='bbox 1459 2467 1550 2493; x_wconf 66' lang='lat' dir='ltr'>Victus</span> <span class='ocrx_word' id='word_1_1048' title='bbox 1571 2467 1739 2502; x_wconf 80' lang='lat' dir='ltr'>quotidianus</span> <span class='ocrx_word' id='word_1_1049' title='bbox 1764 2466 1807 2500; x_wconf 83' lang='lat' dir='ltr'>[aI.</span> <span class='ocrx_word' id='word_1_1050' title='bbox 1829 2464 2009 2497; x_wconf 73' lang='lat' dir='ltr'>cottidianus]</span> 
     </span>
     <span class='ocr_line' id='line_1_115' title="bbox 1146 2506 2009 2550; baseline -0.006 -12"><span class='ocrx_word' id='word_1_1051' title='bbox 1146 2538 1147 2550; x_wconf 19' lang='grc' dir='ltr'>ἵ</span> <span class='ocrx_word' id='word_1_1052' title='bbox 1170 2512 1199 2538; x_wconf 70' lang='grc' dir='ltr'>[ι’.</span> <span class='ocrx_word' id='word_1_1053' title='bbox 1220 2514 1243 2538; x_wconf 82' lang='grc'>6.</span> <span class='ocrx_word' id='word_1_1054' title='bbox 1265 2513 1286 2545; x_wconf 88' lang='lat'>5.</span> <span class='ocrx_word' id='word_1_1055' title='bbox 1306 2514 1329 2538; x_wconf 87' lang='lat'>3.</span> <span class='ocrx_word' id='word_1_1056' title='bbox 1351 2511 1382 2538; x_wconf 83' lang='lat' dir='ltr'>de</span> <span class='ocrx_word' id='word_1_1057' title='bbox 1403 2511 1444 2537; x_wconf 76' lang='lat' dir='ltr'>oss.</span> <span class='ocrx_word' id='word_1_1058' title='bbox 1466 2510 1539 2536; x_wconf 75' lang='lat' dir='ltr'>l’roc.</span> <span class='ocrx_word' id='word_1_1059' title='bbox 1561 2514 1584 2535; x_wconf 70' lang='grc' dir='ltr'>οἱ</span> <span class='ocrx_word' id='word_1_1060' title='bbox 1608 2509 1665 2545; x_wconf 64' lang='lat' dir='ltr'>Lug.</span> <span class='ocrx_word' id='word_1_1061' title='bbox 1689 2512 1709 2535; x_wconf 96' lang='lat' dir='ltr'>I.</span> <span class='ocrx_word' id='word_1_1062' title='bbox 1733 2511 1770 2535; x_wconf 89' lang='lat'>16.</span> <span class='ocrx_word' id='word_1_1063' title='bbox 1792 2509 1821 2535; x_wconf 83' lang='lat' dir='ltr'>I&#39;r.</span> <span class='ocrx_word' id='word_1_1064' title='bbox 1839 2511 1878 2534; x_wconf 75' lang='grc'>18.</span> <span class='ocrx_word' id='word_1_1065' title='bbox 1897 2508 1956 2541; x_wconf 84' lang='lat'>57.</span> <span class='ocrx_word' id='word_1_1066' title='bbox 1977 2506 2009 2534; x_wconf 84' lang='lat' dir='ltr'>de</span> 
     </span>
     <span class='ocr_line' id='line_1_116' title="bbox 1146 2552 2007 2585; baseline -0.007 -3"><span class='ocrx_word' id='word_1_1067' title='bbox 1146 2579 1147 2583; x_wconf 72' lang='grc'>,</span> <span class='ocrx_word' id='word_1_1068' title='bbox 1170 2565 1239 2581; x_wconf 87' lang='lat' dir='ltr'>mun.</span> <span class='ocrx_word' id='word_1_1069' title='bbox 1259 2559 1285 2581; x_wconf 79' lang='lat' dir='ltr'>et</span> <span class='ocrx_word' id='word_1_1070' title='bbox 1304 2554 1364 2580; x_wconf 78' lang='lat' dir='ltr'>lion.</span> <span class='ocrx_word' id='word_1_1071' title='bbox 1384 2556 1424 2580; x_wconf 82' lang='lat'>50.</span> <span class='ocrx_word' id='word_1_1072' title='bbox 1445 2554 1468 2578; x_wconf 75' lang='lat'>4.</span> <span class='ocrx_word' id='word_1_1073' title='bbox 1490 2568 1521 2572; x_wconf 64' lang='grc'>»-</span> <span class='ocrx_word' id='word_1_1074' title='bbox 1541 2553 1572 2585; x_wconf 82' lang='lat'>§.</span> <span class='ocrx_word' id='word_1_1075' title='bbox 1594 2553 1628 2578; x_wconf 68' lang='lat'>².</span> <span class='ocrx_word' id='word_1_1076' title='bbox 1652 2554 1817 2583; x_wconf 78' lang='lat' dir='ltr'>Usilalus,</span> <span class='ocrx_word' id='word_1_1077' title='bbox 1842 2552 2007 2585; x_wconf 64' lang='lat' dir='ltr'>fulguris.</span> 
     </span>
    </p>
   </div>
   <div class='ocr_carea' id='block_1_23' title="bbox 1170 2592 2009 2888">
    <p class='ocr_par' dir='ltr' id='par_1_27' title="bbox 1170 2592 2009 2888">
     <span class='ocr_line' id='line_1_117' title="bbox 1170 2592 2008 2631; baseline -0.006 -8"><span class='ocrx_word' id='word_1_1078' title='bbox 1170 2597 1213 2623; x_wconf 71' lang='lat' dir='ltr'>III.</span> <span class='ocrx_word' id='word_1_1079' title='bbox 1232 2599 1297 2625; x_wconf 76' lang='lat' dir='ltr'>Cn.</span> <span class='ocrx_word' id='word_1_1080' title='bbox 1316 2595 1433 2622; x_wconf 75' lang='lat' dir='ltr'>Adsidua</span> <span class='ocrx_word' id='word_1_1081' title='bbox 1454 2600 1476 2621; x_wconf 62' lang='lat' dir='ltr'>vt</span> <span class='ocrx_word' id='word_1_1082' title='bbox 1498 2595 1647 2631; x_wconf 85' lang='lat' dir='ltr'>quotidiana</span> <span class='ocrx_word' id='word_1_1083' title='bbox 1668 2594 1712 2627; x_wconf 81' lang='lat' dir='ltr'>[nI.</span> <span class='ocrx_word' id='word_1_1084' title='bbox 1728 2593 1830 2627; x_wconf 55' lang='lat' dir='ltr'>count]</span> <span class='ocrx_word' id='word_1_1085' title='bbox 1851 2592 2008 2630; x_wconf 75' lang='lat' dir='ltr'>comparatio</span> 
     </span>
     <span class='ocr_line' id='line_1_118' title="bbox 1171 2637 2009 2675; baseline -0.006 -10"><span class='ocrx_word' id='word_1_1086' title='bbox 1171 2650 1314 2666; x_wconf 64' lang='lat' dir='ltr'>servorum.</span> <span class='ocrx_word' id='word_1_1087' title='bbox 1335 2639 1363 2664; x_wconf 79' lang='lat' dir='ltr'>I&#39;r.</span> <span class='ocrx_word' id='word_1_1088' title='bbox 1381 2641 1421 2664; x_wconf 84' lang='grc'>41.</span> <span class='ocrx_word' id='word_1_1089' title='bbox 1442 2649 1480 2675; x_wconf 87' lang='lat' dir='ltr'>pr.</span> <span class='ocrx_word' id='word_1_1090' title='bbox 1502 2638 1533 2663; x_wconf 80' lang='lat' dir='ltr'>de</span> <span class='ocrx_word' id='word_1_1091' title='bbox 1553 2648 1641 2675; x_wconf 87' lang='lat' dir='ltr'>usurp.</span> <span class='ocrx_word' id='word_1_1092' title='bbox 1661 2639 1739 2663; x_wconf 58' lang='grc' dir='ltr'>Α11.3,</span> <span class='ocrx_word' id='word_1_1093' title='bbox 1777 2637 1847 2663; x_wconf 61' lang='lat' dir='ltr'>Ilaec</span> <span class='ocrx_word' id='word_1_1094' title='bbox 1866 2637 1933 2662; x_wconf 81' lang='lat' dir='ltr'>actio</span> <span class='ocrx_word' id='word_1_1095' title='bbox 1951 2644 2009 2671; x_wconf 81' lang='lat' dir='ltr'>per-</span> 
     </span>
     <span class='ocr_line' id='line_1_119' title="bbox 1171 2676 2006 2719; baseline -0.008 -10"><span class='ocrx_word' id='word_1_1096' title='bbox 1171 2692 1245 2719; x_wconf 88' lang='lat' dir='ltr'>quam</span> <span class='ocrx_word' id='word_1_1097' title='bbox 1265 2682 1410 2708; x_wconf 67' lang='lat' dir='ltr'>necessaria</span> <span class='ocrx_word' id='word_1_1098' title='bbox 1431 2686 1478 2711; x_wconf 70' lang='lat' dir='ltr'>est„</span> <span class='ocrx_word' id='word_1_1099' title='bbox 1499 2686 1524 2706; x_wconf 71' lang='lat' dir='ltr'>et</span> <span class='ocrx_word' id='word_1_1100' title='bbox 1544 2681 1583 2706; x_wconf 79' lang='lat' dir='ltr'>vis</span> <span class='ocrx_word' id='word_1_1101' title='bbox 1604 2682 1659 2707; x_wconf 80' lang='lat' dir='ltr'>eius</span> <span class='ocrx_word' id='word_1_1102' title='bbox 1680 2681 1704 2706; x_wconf 91' lang='lat' dir='ltr'>in</span> <span class='ocrx_word' id='word_1_1103' title='bbox 1726 2690 1773 2705; x_wconf 79' lang='lat' dir='ltr'>usu</span> <span class='ocrx_word' id='word_1_1104' title='bbox 1793 2678 1943 2715; x_wconf 85' lang='lat' dir='ltr'>quotidiano</span> <span class='ocrx_word' id='word_1_1105' title='bbox 1963 2676 2006 2710; x_wconf 78' lang='lat' dir='ltr'>[al.</span> 
     </span>
     <span class='ocr_line' id='line_1_120' title="bbox 1171 2719 2008 2757; baseline -0.007 -6"><span class='ocrx_word' id='word_1_1106' title='bbox 1171 2724 1273 2757; x_wconf 66' lang='lat' dir='ltr'>cottid]</span> <span class='ocrx_word' id='word_1_1107' title='bbox 1299 2729 1345 2750; x_wconf 79' lang='lat' dir='ltr'>est.</span> <span class='ocrx_word' id='word_1_1108' title='bbox 1372 2724 1399 2750; x_wconf 75' lang='lat' dir='ltr'>I&#39;r.</span> <span class='ocrx_word' id='word_1_1109' title='bbox 1424 2726 1444 2750; x_wconf 96' lang='lat' dir='ltr'>I.</span> <span class='ocrx_word' id='word_1_1110' title='bbox 1470 2724 1501 2750; x_wconf 83' lang='lat' dir='ltr'>ad</span> <span class='ocrx_word' id='word_1_1111' title='bbox 1521 2723 1607 2750; x_wconf 74' lang='lat' dir='ltr'>exhib.</span> <span class='ocrx_word' id='word_1_1112' title='bbox 1630 2725 1668 2749; x_wconf 57' lang='lat'>10.</span> <span class='ocrx_word' id='word_1_1113' title='bbox 1688 2725 1711 2748; x_wconf 83' lang='lat'>4.</span> <span class='ocrx_word' id='word_1_1114' title='bbox 1748 2722 1856 2748; x_wconf 59' lang='lat' dir='ltr'>PII-nius</span> <span class='ocrx_word' id='word_1_1115' title='bbox 1875 2737 1907 2741; x_wconf 86' lang='lat'>·-</span> <span class='ocrx_word' id='word_1_1116' title='bbox 1926 2719 2008 2746; x_wconf 81' lang='lat' dir='ltr'>adtin-</span> 
     </span>
     <span class='ocr_line' id='line_1_121' title="bbox 1170 2761 2008 2803; baseline -0.007 -10"><span class='ocrx_word' id='word_1_1117' title='bbox 1170 2777 1223 2803; x_wconf 71' lang='lat' dir='ltr'>gas.</span> <span class='ocrx_word' id='word_1_1118' title='bbox 1244 2766 1392 2803; x_wconf 85' lang='lat' dir='ltr'>quotidiana</span> <span class='ocrx_word' id='word_1_1119' title='bbox 1414 2766 1461 2801; x_wconf 73' lang='lat' dir='ltr'>[aI.</span> <span class='ocrx_word' id='word_1_1120' title='bbox 1482 2766 1588 2800; x_wconf 61' lang='lat' dir='ltr'>count]</span> <span class='ocrx_word' id='word_1_1121' title='bbox 1609 2767 1677 2792; x_wconf 79' lang='lat' dir='ltr'>eniin</span> <span class='ocrx_word' id='word_1_1122' title='bbox 1697 2770 1766 2791; x_wconf 83' lang='lat' dir='ltr'>sunt.</span> <span class='ocrx_word' id='word_1_1123' title='bbox 1787 2765 1816 2791; x_wconf 82' lang='lat' dir='ltr'>fr.</span> <span class='ocrx_word' id='word_1_1124' title='bbox 1833 2766 1874 2790; x_wconf 79' lang='lat'>25.</span> <span class='ocrx_word' id='word_1_1125' title='bbox 1894 2762 1926 2789; x_wconf 84' lang='lat' dir='ltr'>de</span> <span class='ocrx_word' id='word_1_1126' title='bbox 1945 2761 2008 2787; x_wconf 80' lang='lat' dir='ltr'>Iibe—</span> 
     </span>
     <span class='ocr_line' id='line_1_122' title="bbox 1170 2805 2007 2845; baseline -0.006 -10"><span class='ocrx_word' id='word_1_1127' title='bbox 1170 2815 1216 2836; x_wconf 83' lang='lat' dir='ltr'>rat.</span> <span class='ocrx_word' id='word_1_1128' title='bbox 1238 2809 1285 2845; x_wconf 76' lang='lat' dir='ltr'>leg.</span> <span class='ocrx_word' id='word_1_1129' title='bbox 1305 2811 1346 2835; x_wconf 85' lang='lat'>34.</span> <span class='ocrx_word' id='word_1_1130' title='bbox 1366 2812 1389 2835; x_wconf 77' lang='lat'>3.</span> <span class='ocrx_word' id='word_1_1131' title='bbox 1428 2808 1615 2835; x_wconf 66' lang='lat' dir='ltr'>Commontarii</span> <span class='ocrx_word' id='word_1_1132' title='bbox 1635 2808 1692 2834; x_wconf 75' lang='lat' dir='ltr'>Caii</span> <span class='ocrx_word' id='word_1_1133' title='bbox 1717 2809 1812 2838; x_wconf 77' lang='lat' dir='ltr'>nostri,</span> <span class='ocrx_word' id='word_1_1134' title='bbox 1836 2811 1887 2832; x_wconf 76' lang='lat' dir='ltr'>tam</span> <span class='ocrx_word' id='word_1_1135' title='bbox 1906 2805 2007 2830; x_wconf 79' lang='lat' dir='ltr'>institu-</span> 
     </span>
     <span class='ocr_line' id='line_1_123' title="bbox 1172 2847 2006 2888; baseline -0.008 -10"><span class='ocrx_word' id='word_1_1136' title='bbox 1172 2853 1280 2883; x_wconf 74' lang='lat' dir='ltr'>tionum,</span> <span class='ocrx_word' id='word_1_1137' title='bbox 1301 2862 1375 2888; x_wconf 80' lang='lat' dir='ltr'>quam</span> <span class='ocrx_word' id='word_1_1138' title='bbox 1395 2862 1480 2879; x_wconf 85' lang='lat' dir='ltr'>rerum</span> <span class='ocrx_word' id='word_1_1139' title='bbox 1501 2851 1716 2888; x_wconf 81' lang='lat' dir='ltr'>quotidianarum.</span> <span class='ocrx_word' id='word_1_1140' title='bbox 1737 2850 1854 2877; x_wconf 84' lang='lat' dir='ltr'>Prooem.</span> <span class='ocrx_word' id='word_1_1141' title='bbox 1870 2847 1931 2873; x_wconf 84' lang='lat' dir='ltr'>Inst.</span> <span class='ocrx_word' id='word_1_1142' title='bbox 1948 2847 1970 2880; x_wconf 90' lang='lat'>5.</span> <span class='ocrx_word' id='word_1_1143' title='bbox 1983 2848 2006 2872; x_wconf 87' lang='lat'>6.</span> 
     </span>
    </p>
   </div>
   <div class='ocr_carea' id='block_1_24' title="bbox 1949 2889 2006 2916">
    <p class='ocr_par' dir='ltr' id='par_1_28' title="bbox 1949 2889 2006 2916">
     <span class='ocr_line' id='line_1_124' title="bbox 1949 2889 2006 2916; baseline 0 0"><span class='ocrx_word' id='word_1_1144' title='bbox 1949 2889 2006 2916; x_wconf 69' lang='lat' dir='ltr'>Gaii</span> 
     </span>
    </p>
   </div>
  </div>
 </body>
</html>
