2197 3121
283 176 347 208 360

320 261 486 286 Exnore.
525 259 574 291 (cs.
601 269 624 284 v.
645 258 776 290 Exutus.)
813 258 844 291 §-
865 258 899 284 1.
939 258 1131 289 Detrahere.

286 303 464 336 Depone-re.
484 304 631 329 Prie-ure.
652 300 773 328 111.(711.
793 299 930 327 Paternam
945 310 1039 326 exuere
1052 301 1132 326 virtu-

286 350 344 371 tem.
366 344 415 371 Th.
427 344 457 371 C.
469 345 526 371 XII.
540 346 560 370 l.
581 355 601 370 c.
617 346 672 370 155.
685 343 717 370 de
738 343 825 370 decur.
864 344 947 370 Exuat
970 343 1130 379 dIgnItatem.

286 388 322 414 lb.
337 388 380 414 lx.
396 391 420 414 2.
443 398 463 413 c.
480 390 500 413 1.
520 387 552 413 de
577 387 664 413 exhib.
681 387 741 413 reis.
780 387 854 422 Quas
875 397 937 413 vero
958 387 1008 419 (sc.
1029 386 1084 419 res)
1097 400 1130 405 —

286 432 510 457 inores⁴civitatis
540 431 696 456 conunercio
720 435 853 457 exueruut.
881 430 910 455 t‘r.
934 430 975 455 :31.
1001 429 1023 462 5.

286 479 369 500 eontr.
391 479 449 500 emt.
476 475 515 499 15.
542 475 564 499 l.
602 472 721 510 Propriis
745 473 913 500 thcnltatibns
938 476 1054 498 exuatur.
1080 471 1129 498 Th.

286 563 462 588 Excusare.
500 558 517 584 Ι.
539 560 600 593 Sy.
620 558 753 586 Liberare.
774 559 804 585 fr.
824 561 845 584 l.
866 558 887 591 5.
903 560 926 584 4.
947 557 979 584 dc
998 558 1130 595 publicati.

286 605 327 630 39.
348 605 370 628 4.
409 602 450 628 III.
479 603 544 629 Cn.
564 601 756 638 Praerogativa.
778 612 844 638 quae
864 601 932 627 solet
952 612 965 627 a
985 602 1131 639 personali-

287 646 336 672 bus
356 644 508 671 muneribus
528 655 633 672 exuere.
652 644 682 671 fr.
702 647 725 671 6.
746 645 768 678 5.
784 646 806 671 4.
828 643 860 670 de
879 654 948 670 mun.
969 649 995 670 et
1014 644 1074 672 hon.
1089 647 1130 671 50.

286 692 309 715 ⁴1.
349 688 506 715 Aetionibus
526 698 621 715 exuere
639 698 677 715 se.
697 688 793 723 quibus
814 692 873 713 ante
895 689 1052 714 sententiam
1072 688 1132 714 sub-

286 734 370 758 iectus
391 731 483 758 suerat.
503 731 533 758 sr.
553 734 577 758 2.
598 731 630 757 de.
650 735 715 756 sent.
736 740 806 768 pass.
827 732 868 756 43.
888 732 929 756 23.
966 730 1049 757 Nemo
1069 730 1132 757 deli-

287 776 336 801 ctis
357 775 473 805 exuitur,
494 775 626 811 (quamvis
646 774 732 810 capite
751 774 868 800 minutus
888 773 944 805 sit.)
964 773 995 800 t'r.
1014 776 1039 800 2.
1064 774 1086 808 5.
1106 776 1130 800 3.

287 818 320 845 (18
345 828 399 855 cap.
424 818 514 844 minut.
540 820 563 843 4.
590 819 613 843 5.
656 815 768 843 Liberos
793 826 856 843 suos
876 827 972 844 exuere
990 821 1130 854 potestate.

288 861 337 887 Th.
359 861 389 887 C.
410 859 454 886 YI.
474 862 497 886 4.
518 870 539 886 c.
562 861 600 885 16.
622 859 654 885 de
674 859 758 886 Praet.
779 864 804 885 et
825 860 877 895 Qu.

321 905 433 931 13qu-
471 902 503 929 cf.
523 913 546 929 v.
566 902 659 929 Exsul.

322 947 542 974 Exundare.
563 948 668 980 Ripas
681 947 799 981 egredi.
820 945 862 972 111.
875 947 941 973 Cn.
963 946 1047 983 OpuS.
1061 946 1131 983 qnod

287 993 346 1028 quis
367 990 436 1021 feeit.
457 994 483 1015 ut
498 999 590 1025 aquam
605 988 766 1015 excluderet.
788 999 853 1025 quae
869 988 1016 1015 exundante
1037 989 1132 1026 palude

287 1036 312 1061 in
338 1043 426 1069 agrum
451 1033 506 1058 eius
531 1031 643 1058 refluere
666 1031 744 1058 solet.
772 1031 802 1058 sr.
830 1034 852 1058 1.
877 1032 898 1066 5.
918 1034 941 1058 2.
969 1031 1001 1058 (18
1021 1043 1086 1069 aqua
1107 1037 1130 1059 et

288 1088 346 1114 aqu.
366 1076 402 1114 pl.
422 1077 463 1102 39.
483 1077 507 1101 3.

322 1121 508 1147 Exurere·
548 1119 746 1144 Comburere.
767 1116 785 1143 I.
808 1118 868 1152 Sy.
889 1117 1041 1144 Incendere.
1062 1117 1132 1144 Coll.

288 1163 339 1190 LL.
361 1162 394 1189 M.
413 1160 471 1188 XII.
492 1162 515 1187 7.
537 1160 567 1187 sr.
587 1162 629 1187 28.
653 1160 675 1194 5.
697 1162 737 1186 12.
762 1159 794 1186 de
818 1170 895 1197 poen.
915 1162 956 1187 43.
978 1163 1017 1187 19.
1056 1161 1134 1188 Com-

289 1251 329 1275 15.
350 1250 373 1274 l.
393 1247 423 1274 fr.
443 1248 467 1273 4.
488 1246 520 1273 (18
540 1247 604 1283 imp.
629 1247 655 1272 in
675 1256 717 1273 res
736 1246 790 1273 dot.
812 1248 853 1273 25.
877 1249 898 1273 1.
936 1247 991 1283 Igni
1011 1258 1132 1274 cremare.

287 1291 360 1318 Paul.
380 1290 412 1317 V.
431 1292 473 1316 23.
493 1290 579 1323 §.17.
601 1288 631 1315 Υ.
651 1291 692 1316 24.
713 1290 735 1324 5.
756 1291 778 1316 1.
804 1289 834 1316 fr.
854 1291 896 1316 28.
921 1291 958 1324 55.
982 1293 1020 1317 ll.
1041 1301 1080 1327 sq.
1102 1290 1132 1317 sr.

287 1337 329 1362 38.
351 1335 372 1368 5.
394 1335 416 1359 l.
437 1332 469 1359 de.
489 1343 565 1370 poen.
585 1334 626 1359 48.
649 1334 687 1359 19.
726 1332 768 1359 III.
781 1334 847 1360 (711.
867 1333 955 1359 Aedes
969 1338 1132 1365 corruerunt.

287 1377 330 1404 wl
350 1381 457 1403 exustae
477 1381 545 1402 sunt.
565 1375 595 1402 fr.
615 1378 638 1402 5.
659 1376 681 1410 5.
701 1377 725 1402 2.
746 1375 797 1411 Qu.
818 1376 888 1402 mod.
910 1376 992 1403 ususf.
1013 1379 1074 1403 754.
1104 1376 1132 1403 Si

288 1420 393 1447 tabulae
412 1429 464 1446 non
484 1424 664 1456 compareant,
683 1419 727 1446 vel
746 1424 855 1446 exustae
875 1420 935 1446 sint.
957 1419 987 1446 fr.
1007 1422 1047 1446 10.
1067 1421 1089 1454 5.
1108 1422 1133 1446 2.

291 1469 393 1491 testam.
415 1462 534 1499 quemad.
560 1473 600 1499 ap.
624 1464 666 1488 29.
690 1463 714 1488 3.
752 1461 852 1488 Furcae
871 1462 975 1491 subiici.
995 1462 1038 1489 vel
1057 1464 1133 1489 vivos

290 1507 370 1533 exuri.
391 1505 421 1532 sr.
441 1507 464 1532 9.
486 1505 568 1539 5.11.
590 1504 620 1531 sr.
639 1507 681 1532 38.
702 1504 724 1538 5.
745 1506 768 1531 l.
791 1505 824 1531 de
843 1515 919 1543 poen.
939 1506 981 1532 48.
1003 1507 1042 1532 19.
1081 1506 1135 1541 Qui

290 1548 414 1576 exurendi
435 1548 597 1575 damnantur.
618 1548 648 1574 fr.
670 1550 692 1574 1.
713 1547 746 1574 de
766 1547 854 1574 cadav.
874 1549 958 1585 punit.
977 1549 1019 1574 48.
1038 1550 1081 1574 24.

324 1592 496 1620 Exustio.
535 1593 729 1618 Combuscio.
755 1590 798 1617 III.
813 1592 879 1618 0111.
900 1590 1074 1617 Flammarum
1094 1602 1135 1617 ex-

290 1635 440 1663 ustionibus
459 1635 631 1671 mancipetur.
669 1633 719 1660 Th.
744 1632 775 1660 C.
799 1633 845 1660 IX.
869 1636 911 1660 21.
937 1644 958 1660 c.
978 1635 1003 1660 5.
1024 1633 1056 1660 de
1076 1634 1133 1660 fals.
1156 1631 1157 1634 ¹

288 1683 385 1706 monet.

324 1722 483 1749 Exutus.
521 1718 642 1753 (Partic.)
679 1719 710 1752 ξ.
730 1720 765 1746 1.
786 1721 956 1746 Privatus.
994 1719 1036 1746 111.
1067 1721 1133 1747 Cn.

290 1766 344 1802 Qui
363 1769 456 1792 exutus
477 1767 517 1789 est
536 1761 622 1788 bonis.
642 1761 673 1789 sr.
692 1764 734 1789 25.
754 1762 776 1796 5.
792 1764 815 1788 7.
836 1763 888 1797 Qu.
909 1763 935 1788 iu
955 1761 985 1788 fr.
1007 1762 1077 1789 cred.
1092 1765 1133 1789 42.

290 1812 314 1834 S.
335 1808 362 1834 et=
386 1807 416 1834 sr.
437 1808 460 1832 3.
483 1806 504 1839 5.
524 1807 547 1832 3.
570 1805 602 1831 de
622 1804 688 1831 adm.
713 1810 738 1831 et
758 1816 812 1842 per.
832 1806 874 1831 26.
896 1806 918 1831 7.
956 1805 1043 1832 Exuto
1064 1807 1134 1832 omni

291 1850 448 1889 patrimonio
468 1859 526 1881 suo,
546 1859 576 1875 ac
594 1848 661 1875 fisco
680 1848 822 1876 vindicato.
844 1847 893 1874 Th.
914 1848 945 1874 C.
965 1848 998 1874 Χ.
1014 1850 1053 1874 11.
1075 1851 1134 1875 c.1.

292 1894 324 1920 de
348 1893 372 1920 h.
398 1903 440 1929 qu.
465 1902 494 1918 sc
518 1891 599 1918 deser.
620 1906 654 1910 —
672 1891 704 1925 §.
724 1892 760 1918 8.
786 1893 980 1923 Liberatus,
1000 1893 1133 1926 Expers.

292 1937 309 1963 I.
327 1938 390 1972 Sy.
409 1936 534 1962 Exemtus
554 1933 707 1971 (stipendiis
727 1935 789 1967 etc.)
812 1934 857 1960 ¹Ib.
877 1933 945 1960 VIII.
965 1935 989 1960 4.
1010 1945 1031 1961 c.
1050 1937 1092 1961 24.
1113 1946 1133 1961 c.

292 1981 334 2006 26.
355 1979 387 2006 de
407 1977 534 2005 cohortal.
571 1976 613 2003 III.
634 1978 700 2005 Gn.
737 1976 830 2004 Fundo
851 1987 863 2003 a
883 1987 951 2003 nexu
971 1977 1048 2004 huius
1069 1978 1133 2014 legIs

292 2027 378 2049 exuto.
399 2021 435 2047 Ib.
456 2020 511 2047 Vll.
533 2021 572 2046 18.
593 2030 614 2046 c.
637 2021 675 2046 12.
695 2020 761 2054 5.1.
782 2020 814 2047 de
834 2020 962 2047 desertor.

327 2066 443 2099 Eydo.
483 2063 515 2090 cf.
536 2073 559 2090 v.
580 2062 664 2090 Eudo.

293 2174 438 2220 Faba.
476 2196 580 2220 Genus
599 2194 783 2229 leguminis.
822 2193 864 2219 III.
879 2194 945 2221 Cn.
964 2193 1097 2230 Lupinum
1111 2199 1136 2219 et
1157 2205 1158 2212 ι

296 2236 379 2262 sabam
399 2236 523 2272 ..t‘ruges··
547 2237 637 2273 potius
661 2235 726 2268 dici,
753 2237 812 2273 quia
836 2246 889 2262 non
908 2237 996 2268 arista,
1016 2236 1063 2263 sed
1083 2236 1136 2262 sili·
1157 2241 1159 2271 ξ

295 2290 344 2315 qua
365 2280 538 2305 eontinentur.
559 2279 588 2305 sr.
609 2281 649 2306 77.
670 2278 702 2305 de
716 2278 747 2306 V.
762 2279 789 2305 S.
810 2280 906 2305 50.16.
944 2279 974 2306 Si
992 2282 1061 2306 2000
1084 2290 1133 2306 mo-
1158 2274 1159 2283 ¹

295 2322 398 2348 dimum
417 2322 491 2348 sabae
511 2332 558 2358 per
577 2321 694 2358 singulas
713 2321 839 2348 factiones
858 2321 1064 2349 stabulorum—
1078 2332 1136 2348 cou—

297 2364 411 2391 tulerint.
433 2364 483 2390 Th.
505 2364 536 2390 C.
556 2364 614 2391 XV.
636 2367 675 2391 10.
696 2374 718 2391 c.
737 2367 761 2391 2.
783 2364 815 2391 de
835 2375 893 2401 equ.
914 2365 996 2392 rurul.

330 2409 467 2434 Faber.
507 2408 704 2441 Operarius,
724 2409 868 2444 Artifex.
906 2408 948 2435 Ul.
974 2409 1040 2436 οη.
1060 2408 1137 2435 Fabri

297 2539 320 2562 6.
358 2536 542 2568 tascularius,
567 2540 610 2562 aut
633 2534 705 2562 saber
729 2539 898 2572 argentarius.
922 2538 953 2564 sr.
977 2540 1019 2563 39.
1046 2547 1084 2574 pr.
1105 2536 1137 2562 de

299 2589 360 2605 auro
380 2589 430 2615 arg.
450 2580 492 2605 34.
505 2581 530 2605 2.
571 2578 625 2614 Qui
643 2588 722 2605 manu
740 2580 837 2605 virtum
857 2581 991 2612 rimantur,
1012 2585 1055 2606 aut
1075 2579 1137 2605 tole-

299 2627 364 2647 rant.
385 2621 456 2657 tiguli
478 2621 601 2648 videlicet
625 2625 668 2648 aut.
691 2620 765 2648 fabri.
791 2621 840 2648 Tb.
861 2623 892 2649 C.
913 2623 982 2649 XIII.
1009 2624 1030 2649 1.
1055 2633 1076 2648 c.
1098 2624 1136 2648 10,

300 2663 331 2689 de
352 2664 425 2690 lustr.
447 2663 534 2690 collat.
572 2663 717 2692 Fabrorum
740 2664 892 2697 collegium,
917 2676 937 2692 s,
959 2676 1062 2702 corpus.
1100 2665 1136 2691 Il).

299 2705 356 2732 Mt.
386 2709 406 2731 1.
431 2717 451 2732 r.
475 2709 518 2733 62.
541 2706 573 2733 de
597 2706 731 2734 decurion.
751 2707 820 2733 XIV.
846 2711 869 2733 a.
895 2718 915 2734 c.
938 2710 959 2734 l.
981 2708 1013 2735 de
1033 2713 1136 2734 ceuton.
1158 2718 1159 2721 ¹

302 2749 331 2773 Si
352 2747 431 2773 fabris
452 2749 568 2779 dnobus.
592 2749 634 2776 vel
659 2750 817 2787 pictoribus.
838 2766 870 2769 -
891 2750 954 2786 qnid
978 2751 1139 2788 adscriptum

301 2792 342 2817 sit.
364 2791 393 2817 t'r.
415 2792 453 2816 13.
474 2792 495 2823 5.
513 2794 532 2818 1.
554 2791 586 2818 de
605 2802 672 2818 man.
692 2797 794 2819 testam.
814 2794 893 2819 4001.
924 2792 1009 2824 Fabri,
1029 2794 1071 2820 vel
1085 2795 1139 2830 opi-
1159 2793 1160 2796 ’

303 2834 377 2859 tie-ns.
403 2834 446 2868 qui
467 2844 496 2857 eo
522 2834 570 2859 Ioci
596 2840 744 2871 operantur.
770 2835 799 2862 t'r.
820 2838 842 2862 5.
863 2836 885 2869 5.
906 2836 928 2861 3.
951 2835 983 2861 (Ie
1003 2837 1034 2862 (J.
1056 2836 1086 2862 N.
1108 2835 1137 2862 N.

1051 425 1154 455 Ldo'

1152 468 1153 486 l
1176 483 1230 499 soc.
1254 475 1292 499 17.
1311 475 1336 500 2.
1357 474 1386 499 l'r.
1409 475 1448 499 12.
1473 472 1505 500 de
1529 484 1640 501 manum.
1659 477 1701 501 40.
1723 476 1745 501 l.
1770 474 1802 501 cl'.
1822 475 1892 502 Cotl.
1912 476 1964 502 LL.
1984 476 2018 503 M.

287 517 318 544 C.
338 517 381 544 XI.
402 519 443 542 24.
464 526 485 542 c.
505 517 528 541 5.
549 515 582 542 de
601 521 700 553 patroc.
719 517 887 549 vicor.-§.
908 517 943 542 Β.
964 517 1129 546 Liberure,
1152 530 1153 535 =

1016 175 1104 205 Exv
1127 192 1169 197 —-
1194 176 1285 206 PAR.

1176 258 1216 284 39.
1236 260 1259 283 2.
1298 257 1414 284 Pretium
1434 260 1564 289 materiae.
1586 264 1608 285 et
1629 260 1764 286 mercedes
1784 261 1922 288 fabrorum.
1943 262 1972 288 fr.
1993 264 2017 288 7.

1177 301 1197 334 5.
1222 302 1260 327 12.
1281 300 1313 327 de
1332 300 1363 327 A.
1385 300 1415 327 R.
1436 301 1469 328 D.
1489 304 1528 329 41.
1552 304 1573 328 1.

1212 344 1347 375 Fabia,
1369 354 1390 370 s.
1410 345 1544 372 Fau-ia.
1574 347 1690 372 Sumen
1711 348 1809 381 Iegis,
1831 349 1864 374 de
1882 350 2017 381 plagia>

1176 388 1239 413 riis
1258 389 1446 413 roera-endis
1465 390 1560 415 Iutae.
1598 388 1641 415 III.
1663 390 1729 416 Cn.
1767 390 1795 415 Si
1815 389 1928 427 plagium
1949 390 2017 419 feeit.

1175 429 1217 456 vel
1238 431 1397 467 suppressit,
1418 430 1496 456 Fabia
1515 432 1598 458 teneri
1618 432 1667 464 (se.
1688 432 1767 464 enm.)
1788 431 1818 458 l'r.
1838 434 1879 458 51.
1894 434 1914 466 5.
1931 435 1952 459 1.
1970 444 2018 470 pro

1176 515 1246 542 XIV.
1266 518 1290 542 2.
1329 515 1380 542 Cui
1399 517 1436 542 rei
1456 517 1532 542 etiam
1552 516 1593 543 Iex
1608 517 1686 543 Fabia
1702 523 1884 554 prospexerat.
1906 524 1930 545 et
1944 520 1971 546 S.
1987 519 2017 546 C.

1176 559 1297 585 Modesto
1318 559 1381 585 Cos.
1403 559 1505 585 factum.
1527 559 1556 586 sr.
1578 562 1600 588 l.
1620 561 1641 594 5.
1661 563 1686 587 2.
1707 560 1739 587 de
1759 560 1860 596 fugitiv.
1882 563 1921 588 11.
1941 564 1965 588 4,
1987 561 2018 588 cf.

1177 602 1199 628 Γι-
1229 604 1268 628 19.
1289 602 1311 636 5.
1331 604 1355 629 3.
1376 613 1468 629 coan
1490 602 1541 628 div.
1563 604 1602 629 10.
1621 605 1645 629 3.
1684 603 1805 641 Capitale
1818 605 1916 630 crimen
1930 604 2020 631 adver-

1152 670 1154 678 <
1177 655 1222 671 sus
1243 655 1300 671 eum
1320 656 1351 671 ex
1371 645 1426 681 Iege
1447 645 1525 672 Fabia
1547 645 1579 672 de
1597 646 1683 683 plagio
1703 648 1828 673 nascitur.
1850 647 1879 673 l'r.
1893 649 1915 673 1.
1935 646 1966 673 cf.
1988 647 2018 674 fr.

1177 690 1200 714 7.
1221 688 1253 714 de
1272 687 1302 714 L.
1322 688 1384 715 Fal).
1405 692 1446 715 43.
1468 691 1507 715 15.
1532 700 1553 715 e.
1575 692 1597 716 l.
1618 700 1657 726 sq.
1682 691 1739 717 eod.
1760 692 1783 717 9.
1803 693 1846 716 20.
1885 689 2019 726 cognitio,

1176 731 1319 758 Accusatio
1339 736 1364 758 et
1382 742 1475 769 poena.
1496 732 1560 767 legis
1581 732 1684 763 Fabiae.
1704 743 1724 759 s.
1745 733 1848 759 Faviae.
1875 732 1945 759 Coll.
1964 732 2018 759 LL.

1177 774 1210 801 Μ.
1230 774 1301 801 XIV.
1319 776 1344 801 3.
1363 774 1436 801 Paul.
1457 775 1487 802 II.
1507 777 1548 802 31.
1569 776 1590 809 5.
1610 777 1652 802 31.
1666 775 1698 802 V.
1719 778 1742 802 6.
1763 776 1784 810 5.
1807 778 1846 802 14.
1867 776 1896 802 sr.
1916 778 1940 802 3.
1960 776 1981 810 5.
1998 777 2019 802 l.

1176 817 1192 843 I.
1214 817 1230 844 I.
1251 821 1291 844 48.
1314 819 1352 844 15.
1391 818 1464 845 Furti
1490 819 1573 849 actio.
1600 824 1625 845 et
1644 819 1709 855 legis
1730 819 1832 846 Fabiae.
1853 819 1903 846 Th.
1923 819 1954 846 C.
1975 819 2020 846 IX.

1177 863 1219 886 20.
1242 871 1263 887 c.
1285 862 1306 886 1.
1326 861 1388 886 vict.
1411 860 1479 887 civil.
1500 871 1537 897 ag.

1213 904 1402 934 Fabiana,
1423 913 1443 930 S.
1464 905 1651 933 Faviana.
1689 907 1788 933 Aetio
1811 907 1948 940 patroni
1973 915 2020 931 re-

1153 961 1155 972 ι
1179 949 1364 973 ror-fitorio.
1393 948 1482 973 eirca
1501 949 1656 983 fraudem
1682 950 1798 975 liberti
1823 950 1913 975 rebus
1938 951 2020 975 alie-

1177 993 1266 1017 natis
1285 992 1492 1017 commissam.
1530 990 1572 1017 III.
1596 993 1662 1018 Cn.
1688 991 1802 1017 Fabiano
1823 996 1846 1017 et
1868 990 2020 1018 Calvisiana

1178 1033 1275 1059 iudicio
1295 1033 1463 1059 revocabitur
1482 1033 1516 1065 id,
1537 1034 1608 1070 quod
1633 1034 1774 1061 alienatum
1794 1038 1842 1061 est.
1866 1034 1898 1060 sr.
1920 1035 1959 1060 16.
1978 1044 2020 1071 pr.

1179 1076 1210 1103 (le
1230 1078 1286 1102 iure
1305 1081 1371 1113 patr.
1390 1078 1432 1103 37.
1453 1079 1493 1103 14.
1514 1077 1544 1103 l'r.
1563 1080 1587 1103 2.
1608 1077 1638 1104 fr.
1657 1079 1681 1104 3.
1702 1078 1739 1111 55.
1759 1080 1783 1103 2.
1804 1088 1862 1114 sqq.
1887 1077 1916 1104 Τι’.
1938 1079 1978 1104 13.
1999 1078 2021 1104 si

1179 1130 1221 1156 qu.
1249 1121 1275 1145 in
1300 1120 1330 1145 sr.
1355 1124 1420 1157 patr.
1445 1121 1487 1146 38.
1511 1122 1534 1146 5.
1583 1119 1697 1146 Fabiana
1725 1120 1836 1147 formula
1865 1125 2023 1147 revocantur

560 1202 572 1229 s
735 1203 749 1236 ς
917 1203 933 1230 d
1148 1189 1156 1200 .
1178 1166 1258 1199 (quac
1281 1163 1307 1188 in
1332 1162 1449 1189 fraudem
1473 1164 1578 1200 patroni
1602 1174 1616 1189 a
1639 1163 1734 1190 liberto
1755 1163 1943 1200 quoquomodo
1963 1163 2023 1190 alie-

288 1206 392 1236 burere,
412 1205 539 1231 Demere.
570 1213 590 1230 r.
611 1205 651 1229 57.
671 1213 710 1240 pr.
752 1203 817 1237 5.1.
838 1214 896 1240 sqq.
937 1215 949 1230 e
969 1208 1052 1230 contr.
1073 1209 1132 1230 emt.
1155 1201 1156 1205 ¹

1178 1211 1237 1232 nata
1263 1206 1345 1240 sunt.)
1371 1206 1445 1232 Paul.
1469 1206 1510 1232 III.
1535 1208 1558 1233 3.
1585 1207 1607 1240 5.
1634 1208 1655 1233 l.
1693 1206 1721 1233 In
1740 1206 1856 1233 Fabiana
1875 1207 1978 1233 actione
1997 1211 2023 1233 et

1179 1249 1302 1276 Pauliana
1321 1264 1352 1268 —
1373 1254 1531 1276 revocantur
1550 1254 1599 1276 etc.
1619 1249 1649 1276 fr.
1663 1252 1705 1276 38.
1726 1250 1746 1283 5
1761 1252 1785 1276 4.
1800 1249 1832 1275 (le
1846 1259 1917 1275 usur.
1931 1250 1972 1275 22.
1988 1251 2010 1275 1.

1214 1292 1394 1319 Fabfica.
1432 1293 1468 1326 §-
1495 1294 1530 1319 1.
1562 1294 1662 1319 Actus
1675 1294 1879 1329 fabricandi.
1916 1291 1936 1318 I.
1960 1293 2022 1326 Sy.

1178 1336 1337 1363 fabricatio.
1375 1335 1416 1362 Cf.
1442 1335 1468 1362 h.
1492 1345 1516 1362 v.
1542 1335 1633 1372 Opim,
1658 1346 1679 1362 s.
1705 1336 1794 1373 Opera
1814 1335 1895 1361 urbis.
1920 1333 1970 1361 Th.
1991 1334 2023 1361 C.

1178 1379 1222 1406 YI.
1242 1382 1265 1405 4.
1292 1389 1312 1405 c.
1334 1380 1374 1405 13.
1399 1388 1439 1416 pr.
1463 1378 1500 1412 55.
1525 1380 1550 1404 2.
1576 1388 1615 1415 sq.
1641 1378 1673 1405 de
1692 1378 1778 1405 Praet.
1804 1383 1830 1405 et
1848 1378 1900 1414 Qu.
1919 1377 1978 1404 XV.
1999 1379 2021 1404 l.

1179 1433 1200 1449 c.
1222 1425 1261 1448 15.
1282 1432 1340 1458 sqq.
1362 1421 1394 1448 de
1413 1431 1474 1459 opp.
1495 1421 1557 1459 pub.
1594 1421 1637 1448 HI.
1660 1423 1726 1449 (7η.
1745 1421 1874 1448 Excusari
1894 1431 1907 1446 a
1926 1420 2022 1448 fabrica

1178 1467 1290 1492 navium.
1312 1465 1342 1491 fr.
1361 1466 1385 1490 5.
1405 1474 1445 1502 pr.
1466 1464 1499 1491 de
1517 1469 1633 1491 veterau.
1653 1466 1695 1491 49.
1711 1465 1750 1491 18.
1770 1464 1846 1491 Fabr.
1866 1463 1976 1490 insulae.
1993 1463 2023 1491 sr.

1178 1511 1202 1535 2.
1222 1509 1244 1543 5.
1265 1510 1287 1535 7.
1308 1507 1340 1534 de
1360 1518 1390 1534 eo
1411 1518 1453 1544 qu.
1474 1518 1496 1534 c.
1515 1507 1582 1535 loco.
1606 1509 1644 1534 13.
1659 1510 1683 1534 4.
1721 1507 1761 1534 Ne
1781 1517 1831 1544 qua
1851 1517 1982 1544 synagoga
1996 1508 2023 1533 in

1179 1562 1274 1578 novam
1298 1550 1422 1577 fabricam
1447 1556 1544 1587 surgat.
1569 1550 1637 1578 Nov.
1662 1550 1712 1578 Th.
1731 1550 1762 1577 Π.
1788 1550 1819 1577 de
1843 1549 1898 1576 Iud.
1918 1549 1936 1576 1.
1956 1551 1980 1576 6.
2001 1560 2023 1576 c.

1181 1597 1202 1621 1.
1222 1595 1244 1629 5.
1269 1596 1293 1620 3.
1334 1593 1389 1620 Nec
1413 1604 1502 1620 earum
1525 1595 1580 1627 (sc.
1608 1594 1748 1627 arborum)
1773 1594 1875 1621 radices
1899 1592 2024 1619 fabricam

1179 1638 1276 1664 formae
1296 1641 1472 1673 corrumpant.
1494 1636 1543 1663 Th.
1559 1636 1582 1663 C
1604 1636 1663 1663 XV.
1682 1638 1706 1662 2.
1728 1646 1749 1663 c.
1770 1638 1793 1663 l.
1814 1635 1846 1662 ι18
1865 1635 1974 1672 aquaed.
1991 1651 2023 1655 —-

1179 1682 1210 1714 ξ.
1234 1682 1269 1707 2.
1300 1681 1345 1714 Op
1355 1681 1508 1715 isicium,
1528 1681 1595 1706 Ars.
1633 1679 1676 1705 III.
1698 1680 1764 1706 (7η.
1792 1678 1877 1705 Faber
1900 1678 2024 1705 mandatu

1179 1725 1254 1750 amici
1273 1724 1314 1749 sui
1334 1723 1397 1749 emit
1415 1732 1520 1749 servum
1539 1722 1587 1754 Χ,
1612 1726 1637 1747 et
1661 1721 1785 1748 fabricam
1811 1721 1909 1748 docuit.
1930 1721 1961 1748 fr.
1980 1723 2023 1748 26.

1179 1768 1200 1801 5.
1221 1770 1244 1793 δ’.
1265 1765 1350 1792 mand.
1372 1767 1412 1791 17.
1433 1767 1455 1791 1.
1476 1764 1508 1792 cf.
1529 1764 1558 1791 fr.
1581 1766 1620 1791 19.
1640 1765 1662 1798 5.
1684 1767 1706 1791 l.
1727 1764 1760 1791 de
1779 1765 1854 1791 instr.
1874 1764 1924 1801 leg.
1942 1766 1984 1791 33.
1999 1766 2022 1791 7.

1180 1826 1212 1829 —
1231 1810 1262 1843 §.
1286 1811 1323 1836 ³.
1344 1810 1462 1840 Lacus,
1483 1818 1542 1842 qno
1558 1809 1763 1843 fabricatur.
1805 1809 1952 1835 Taberna
1965 1809 2023 1844 fa-

1179 1855 1316 1879 brorum.
1351 1851 1393 1878 III.
1414 1852 1480 1879 Cn.
1501 1851 1592 1888 Optio.
1613 1860 1633 1877 s.
1654 1849 1831 1883 primicerius,
1852 1850 1972 1877 fabricae..
1992 1850 2022 1876 t'r.

1179 1897 1202 1922 6.
1223 1895 1256 1922 de
1275 1896 1330 1921 iure
1351 1895 1457 1921 immun.
1482 1896 1523 1920 50.
1548 1896 1572 1920 6.
1605 1892 1654 1920 Th.
1676 1892 1707 1919 C.
1727 1893 1759 1919 X.
1779 1896 1820 1920 22,
1847 1904 1868 1920 c.
1887 1895 1911 1920 3.
1938 1892 1970 1919 dc
1989 1892 2023 1919 Ia-

1180 1939 1292 1965 bricens.
1331 1938 1359 1963 Si
1384 1939 1443 1974 quis
1468 1938 1636 1974 praeposItus
1661 1936 1739 1962 fuerit:
1764 1941 1804 1962 aut
1831 1936 1958 1965 fabricae,
1980 1941 2022 1962 aut

1180 1982 1271 2010 classi.
1296 1986 1339 2007 aut
1363 1980 1447 2007 laetis.
1474 1980 1524 2006 Th.
1551 1980 1581 2006 C.
1602 1979 1658 2005 VII.
1683 1981 1724 2005 20.
1753 1990 1773 2005 c.
1796 1981 1834 2005 10.
1856 1979 1888 2005 de
1906 1983 2021 2005 veteram.

1180 2025 1306 2053 Fabricis.
1328 2034 1375 2050 seu
1395 2023 1453 2050 aliis
1473 2023 1599 2060 operibus
1620 2022 1737 2058 deputati
1757 2023 1839 2055 (servi
1858 2021 1980 2058 publici.)
2000 2033 2020 2048 c.

1180 2071 1203 2094 ὅ,
1224 2067 1256 2093 de
1276 2077 1344 2093 serv.
1365 2066 1437 2102 sugit.
1458 2068 1481 2092 6.
1504 2067 1526 2092 1.

1215 2110 1437 2137 Palu-icaro.
1476 2110 1685 2137 Conseruere,
1706 2109 1886 2143 Cousirere.
1924 2107 1941 2133 1.
1960 2108 2022 2141 Sy.

1180 2151 1292 2183 Facere,
1318 2151 1466 2178 Aeditieare
1490 2150 1646 2184 (insulam.)
1670 2150 1700 2175 sr.
1721 2151 1760 2175 12.
1785 2150 1806 2183 5.
1827 2152 1850 2176 6.
1877 2150 1909 2176 (1(Ι
1929 2160 1978 2177 usu
1997 2155 2021 2176 et

1181 2194 1239 2220 hab.
1261 2196 1283 2220 7.
1303 2196 1326 2220 δ’.
1348 2194 1377 2220 fr.
1399 2197 1439 2220 72.
1460 2204 1497 2231 pr.
1518 2194 1540 2228 5.
1559 2196 1583 2221 2.
1604 2193 1634 2219 sr.
1654 2194 1695 2219 84.
1717 2192 1749 2219 dc
1768 2192 1799 2219 Υ.
1820 2192 1852 2218 Ο.
1873 2195 1914 2219 -15,
1938 2194 1958 2219 1.
1978 2192 2021 2219 III.

1182 2239 1247 2265 sn·
1279 2237 1318 2263 Ex
1342 2238 1407 2263 meis
1429 2236 1523 2263 tabulis
1544 2246 1644 2267 navem,
1669 2240 1709 2261 aut
1731 2237 1881 2264 armarium.
1901 2240 1944 2262 aut
1962 2235 2022 2262 sub-

1182 2280 1287 2307 sellium
1307 2280 1442 2307 fabricare.
1466 2280 1523 2306 Gai.
1543 2278 1573 2305 11.
1594 2280 1634 2305 79.
1655 2278 1686 2304 cs.
1708 2278 1769 2315 Ylp.
1791 2279 1831 2304 III.
1852 2281 1875 2304 6.
1897 2278 1926 2305 t'r.
1945 2280 1969 2305 3.
1990 2278 2022 2305 de

1158 2347 1159 2351 .
1182 2334 1236 2349 vae.
1258 2327 1283 2349 et
1303 2333 1356 2349 exc.
1377 2325 1418 2349 50.
1434 2325 1457 2348 5.
1496 2322 1524 2348 Si
1545 2326 1666 2358 coeptum
1685 2323 1718 2347 sit
1739 2327 1872 2356 argentum
1892 2322 2021 2353 fabricari,

1158 2387 1159 2390 .
1182 2366 1298 2393 nondum
1322 2366 1475 2403 perfectum.
1500 2364 1529 2391 I'r.
1557 2366 1596 2390 19.
1622 2364 1643 2397 5
1673 2366 1708 2390 11.
1730 2364 1762 2390 dv
1781 2375 1844 2390 auro
1864 2374 1915 2401 arg.
1935 2366 1977 2391 34.
1996 2366 2020 2390 2.

1158 2424 1159 2434 ι
1182 2408 1310 2446 Sepulcra
1330 2408 1492 2439 subvertere,
1512 2412 1537 2433 et
1557 2407 1729 2433 substantiam
1750 2407 1894 2434 fabricandi
1912 2407 1944 2433 ad
1963 2417 2021 2444 pro-

297 2451 405 2479 terrarii.
425 2451 486 2476 item
507 2450 618 2485 tignarii,
638 2455 773 2486 putatores
794 2456 842 2477 etc.
864 2451 935 2478 Paul.
956 2451 998 2478 111.
1019 2453 1042 2478 6.
1063 2452 1084 2485 5
1096 2453 1136 2477 50.
1158 2451 1159 2468 ³

298 2493 375 2519 Fabri
396 2493 535 2529 sagittarii,
561 2493 653 2518 aerarii
677 2497 724 2519 etc.
749 2493 778 2520 sr.
799 2496 823 2520 6.
844 2494 876 2521 dc
895 2495 951 2521 iure
970 2495 1075 2521 immun.
1096 2496 1136 2519 5⁰,
1158 2499 1160 2516 ἰ

1182 2453 1252 2489 prias
1273 2451 1351 2477 aedes
1371 2450 1520 2476 transferre.
1542 2449 1590 2475 Th.
1612 2450 1642 2477 C.
1664 2450 1707 2476 IX.
1730 2452 1769 2476 17.
1790 2462 1811 2477 c.
1825 2452 1849 2477 3.
1870 2449 1902 2476 de.
1921 2449 2019 2487 sepulc.

1182 2494 1244 2521 viol.
1290 2494 1407 2530 Namque
1436 2494 1512 2519 etiam
1536 2493 1665 2530 inspectio
1697 2495 1830 2520 materiam
1854 2492 1919 2519 salso
1946 2492 2020 2519 sabri-

1182 2537 1265 2564 eando
1285 2538 1415 2563 instruero
1433 2540 1529 2572 potest.
1550 2535 1579 2561 fr.
1599 2538 1623 2562 2.
1644 2536 1665 2568 5.
1680 2537 1703 2562 (5.
1724 2541 1826 2563 testam.
1847 2535 1965 2572 quemad.
1979 2544 2018 2572 ap.

1181 2583 1222 2606 29.
1249 2582 1274 2606 3.

1218 2621 1447 2650 Fabrieatio.
1489 2622 1674 2657 Confectio,
1696 2623 1904 2656 Composilio.
1924 2620 1941 2646 I.
1957 2621 2018 2653 Sy·

1182 2665 1299 2692 Fabrica.
1325 2664 1374 2690 Th.
1395 2663 1424 2689 C.
1445 2663 1461 2689 I.
1482 2663 1499 2690 l.
1525 2674 1545 2690 c.
1565 2666 1588 2690 2.
1610 2674 1648 2701 pr.
1669 2674 1689 2690 e.
1710 2666 1733 2690 4.
1771 2665 1925 2691 Contextio.
1950 2662 2019 2688 Con>

1183 2708 1304 2734 structio.
1327 2706 1360 2732 lb.
1382 2706 1436 2732 111,
1459 2709 1497 2732 17.
1519 2717 1540 2733 c.
1561 2709 1583 2733 l.
1604 2707 1636 2733 de
1657 2706 1736 2733 lusor.
1759 2706 1859 2733 Uanub.
1896 2705 1938 2731 III.
1953 2706 2018 2732 (Ἶι.

1184 2751 1322 2777 Armorum
1348 2749 1497 2779 fabricatio.
1522 2759 1655 2776 murorum
1680 2749 1800 2781 resectio,
1819 2748 1958 2785 adparatus
1978 2758 2019 2773 an—

1184 2803 1276 2825 nonae,
1297 2792 1395 2829 reliqua
1416 2803 1503 2830 opera.
1524 2792 1590 2818 Νῦν.
1611 2791 1668 2818 Val.
1689 2792 1731 2818 111.
1751 2802 1809 2828 neq.
1829 2790 1897 2817 dom.
1917 2790 1968 2816 div.
1989 2790 2017 2816 II.

1185 2838 1223 2862 10.
1245 2846 1265 2862 c.
1290 2837 1309 2861 1.
1335 2836 1355 2869 5.
1377 2837 1400 2862 3.
1444 2834 1523 2871 Quod
1548 2836 1650 2861 cunctis
1673 2834 1822 2866 moenibus,
1847 2833 2019 2860 fabricationi-

1970 2887 2019 2913 qna:
