2197 3121
961 166 1034 197 EDI
1057 183 1100 188 —
1124 166 1215 198 EFF.

225 251 320 277 absens
344 251 403 287 quis
428 251 528 281 emisit,
556 248 678 287 compelli
705 258 762 275 eum
786 248 819 275 acl
847 248 989 275 editionem
1014 258 1066 274 non

224 303 313 331 posse.
334 293 364 320 fr.
384 296 408 320 5.
429 293 461 320 de
482 293 594 331 pollicit.
612 294 653 318 50.
674 293 713 318 12.
752 291 918 328 Magistratus
939 296 964 317 et
983 300 1068 318 sacer-

225 336 357 363 dotiorum
377 336 514 363 editiones.
547 335 597 362 Th.
622 334 652 361 C.
677 334 735 361 XY.
761 336 785 360 5.
811 344 832 360 c.
859 336 880 360 1.
901 334 933 361 de
953 339 1068 372 spectac.
1088 356 1089 380 ᾖ

224 379 267 405 Ad
291 379 448 411 editionem,
472 379 514 405 vel
539 379 742 404 nominationem
762 377 901 404 Praeturae
926 378 1065 414 pertinere.
1087 387 1089 415 ;

225 421 262 448 lb.
282 421 327 448 YI.
347 424 371 448 4.
392 433 412 449 c.
427 423 468 449 28.
489 421 521 447 de
536 421 652 447 Praetor.
672 419 727 446 Sub
749 419 865 456 qualibet
884 419 1000 446 editione
1018 419 1067 446 lar·
1087 421 1089 452 1

225 465 282 500 giri.
303 464 340 490 lb.
361 464 419 491 XV.
439 466 463 491 9.
483 474 504 491 c.
526 466 548 490 1.
568 463 600 490 de
620 473 727 500 expens.
747 462 832 489 ludor.
1087 471 1088 496 g

262 508 407 534 Editor.
425 507 801 540 Q11in11111era‚=velludos
813 504 1066 532 exhihenlllcn.
1086 514 1088 533 t

1889 171 1952 202 313

1145 248 1333 276 Edulitas.
1371 249 1402 276 ct.
1422 259 1446 276 v.
1466 249 1604 276 Aedilitas.

1144 292 1351 319 Effectum.
1372 292 1489 325 (Subst.)
1515 295 1681 329 Effectus.
1719 293 1761 320 111.
1782 294 1848 321 Cn.
1868 293 1951 321 Fraus

1111 344 1169 361 cum
1189 335 1282 361 effecto
1303 334 1347 367 [al.
1368 335 1474 368 effectu]
1494 337 1520 362 in
1540 335 1596 371 lege
1616 336 1691 363 Aelia
1705 336 1795 363 Sentia
1815 338 1950 374 accipitur.

1111 376 1140 403 fr.
1156 379 1178 404 l.
1192 378 1213 411 3.
1230 379 1250 404 1.
1265 377 1297 403 de
1316 377 1433 404 statulib.
1447 379 1488 404 40.
1504 380 1526 404 7.
1565 379 1708 409 inauditus.
1723 390 1752 406 ac
1771 381 1828 406 sine
1848 380 1951 411 effecto,

1110 429 1226 446 remeare
1244 421 1365 457 protinus
1384 420 1512 447 iubeatur.
1551 421 1601 448 Th.
1622 421 1652 448 C.
1672 422 1730 448 XII.
1752 424 1791 448 12.
1817 432 1837 448 c.
1859 424 1898 448 11.
1919 422 1952 449 de

1110 461 1186 498 legat.
1207 467 1233 489 et
1252 463 1321 490 decr.

1144 506 1330 533 Effectus.
1369 505 1487 539 (Subst.)
1525 508 1556 540 §-
1578 509 1612 534 1.
1651 510 1801 540 Factum,
1826 510 1884 534 Res
1903 509 1951 544 ef·

225 549 349 576 Editores
371 559 514 581 munerum.
535 550 591 575 sive.
614 548 743 575 ludorum.
763 548 786 574 si
806 547 929 574 editionis
948 552 1066 584 tempore
1087 545 1205 583 3ferta.
1245 548 1275 574 Il.
1288 550 1355 583 Op.
1375 548 1484 576 Nomen.
1505 548 1535 575 fr.
1558 551 1578 575 1.
1599 550 1681 583 319.
1703 556 1731 577 ut
1750 550 1826 587 legat.
1846 560 1914 577 serv.
1929 561 1950 577 c.

225 592 319 619 abesse
337 593 491 620 voluissent.
511 592 548 618 lb.
560 591 603 618 Vl.
624 594 647 618 4.
668 602 689 618 c.
706 592 745 617 18.
766 590 797 617 cf.
819 601 839 617 e.
856 593 880 616 5.
900 600 922 617 c.
937 592 960 616 7.
976 601 997 616 c.
1011 592 1053 616 31.
1086 585 1088 615 ἶ

261 636 409 663 Editus.
447 635 563 668 (Subst)
601 637 826 665 Excrementa,
853 635 993 660 Stercus.
1021 632 1088 662 III.{

226 679 292 705 (7η-
313 678 341 704 In
362 678 518 715 quibusdam
537 679 681 715 provinciis
701 682 726 703 ct
745 675 816 702 editu
835 675 934 702 bubum
948 675 980 701 ad
999 675 1066 702 hanc
1086 680 1088 710 ,ἵ

225 730 279 747 rem
298 726 413 748 utuntur.
434 721 464 748 fr.
484 724 524 747 55.
546 722 566 754 3.
587 722 610 746 6.
631 720 662 746 de
681 719 756 755 legat.
775 718 818 745 111.
839 719 906 751 (32.)

259 764 444 791 Educet-e.
482 765 512 798 §.
536 765 570 790 1.
603 764 731 789 Docere.
769 760 812 787 ΙΙΙ.
839 762 901 789 (7η.
933 761 962 788 Si
982 761 1088 798 liliu1u3

225 807 280 833 eius
300 806 404 833 litteras
431 807 574 833 edocuerit.
598 805 628 832 t'r.
648 806 671 831 6.
696 805 717 838 3.
739 806 761 831 7.
786 803 819 830 dc
843 804 960 831 statulib.
980 807 1021 831 40.
1042 807 1064 831 7.
1087 807 1088 824 ἶ

225 865 257 868 -
276 849 308 883 §.
336 851 371 876 2.
393 852 574 881 Instruere,
594 850 741 875 Probare.
778 846 797 873 I.
815 848 877 881 Sy.
897 847 1006 874 Referre
1025 848 1065 877 ad.

223 891 306 918 Educ.
331 892 487 929 (aliquem.)
515 892 564 918 Th.
585 891 616 918 C.
640 890 685 917 IX.
708 892 750 917 21.
776 901 797 917 c.
817 892 840 917 6.
867 890 899 917 de
919 890 977 917 sals.
996 901 1065 917 mon.

223 933 379 962 Perdocere.
400 934 522 962 Probare.
554 934 590 960 lb.
610 933 641 960 II.
663 935 702 960 17.
728 944 748 960 c.
770 935 792 960 1.
812 943 851 970 pr.
871 934 952 968 331.
973 944 1013 970 sq.
1034 934 1066 960 de
1088 944 1089 949 ¹

224 977 248 1003 h.
269 987 312 1014 qu.
332 988 389 1004 ven.
410 983 458 1004 aet.
494 977 536 1004 III.
557 978 623 1004 Cn.
643 976 672 1003 Si
691 976 722 1002 ab
743 987 774 1003 eo
795 993 825 997 —-
846 978 877 1008 is.
898 978 971 1003 cuius
991 977 1023 1003 de
1037 988 1066 1003 ea

223 1029 251 1045 re
271 1021 343 1046 notio
364 1025 412 1052 est,
432 1019 542 1047 edoctus
562 1019 647 1046 fuerit.
667 1019 698 1045 l'r.
712 1020 736 1045 8.
757 1019 790 1045 de
809 1019 920 1046 caluinn.
939 1021 964 1047 3.
983 1021 1007 1046 6.
1036 1020 1065 1046 Si
1087 1032 1088 1048 1

223 1063 283 1098 quis
302 1068 394 1100 postea
413 1062 517 1100 plenius
537 1064 682 1089 instructus
707 1062 769 1098 quid
794 1062 884 1091 faciat.
908 1064 1065 1090 instrumen-

223 1106 266 1132 tis.
286 1105 329 1132 vel
348 1105 469 1142 epistolis
489 1106 639 1137 amicorum.
660 1106 724 1131 iuris
744 1106 785 1132 sui
804 1105 922 1132 edoctus.
942 1105 972 1132 fr.
988 1108 1028 1132 11.
1043 1107 1064 1140 3.

225 1149 264 1174 12.
284 1147 317 1174 de
336 1148 424 1175 interr.
445 1150 471 1174 in
491 1149 554 1174 iure.
576 1150 616 1174 11.
638 1150 659 1174 l.
681 1158 701 1174 c.
721 1149 745 1174 8.
777 1148 829 1184 Qu.
850 1154 951 1175 testam.
971 1149 1019 1175 fac.
1038 1159 1064 1186 p.

222 1191 246 1216 6.
265 1192 307 1217 22.
344 1190 395 1217 Per
414 1186 609 1228 suggestionem
630 1191 748 1218 edocere.
769 1190 836 1217 Nov.
852 1191 901 1218 Th.
921 1191 951 1218 11.
971 1191 1003 1218 de
1016 1202 1063 1218 am.

221 1233 296 1260 milit.
316 1234 368 1260 sori
387 1244 426 1271 pr.
447 1234 464 1261 1.
485 1236 508 1261 9.
530 1245 551 1261 c.
570 1236 594 1260 2.
615 1235 636 1268 3.
660 1236 680 1260 l.
1086 1232 1088 1258 1

255 1277 446 1304 Edueare.
483 1279 633 1308 Nutrire,
660 1283 689 1303 et
717 1279 901 1304 instituere.
939 1277 980 1304 111.
998 1259 1087 1306 Οη.1

223 1319 319 1351 Alere.
345 1329 366 1346 S.
386 1319 517 1346 Alimenta
541 1325 689 1357 praestare,
716 1324 741 1346 et
765 1319 884 1346 educare.
904 1320 935 1346 fr.
958 1322 979 1347 1.
998 1321 1063 1354 3.1.
1086 1328 1087 1362 1

226 1361 271 1388 ubi
295 1372 357 1400 pup.
376 1365 418 1389 27.
444 1364 469 1388 2.
495 1372 517 1389 c.
540 1365 564 1389 3.
586 1363 618 1389 de
637 1362 722 1389 alend.
742 1362 787 1389 lib.
810 1364 834 1388 5.
854 1365 895 1389 25.
933 1363 962 1390 Si
982 1363 1065 1390 disce-

226 1409 324 1442 ptetur,
344 1405 389 1432 ubi
408 1406 516 1437 morari.
535 1405 578 1431 vel
598 1405 642 1432 ubi
661 1405 766 1432 educari
784 1405 915 1443 pupillum
935 1411 1063 1444 oporteat.

224 1447 255 1474 fr.
275 1450 298 1474 5.
320 1448 337 1474 l.
358 1448 375 1475 l.
394 1450 436 1474 27.
455 1450 479 1474 2.
521 1448 603 1475 Enixa
623 1448 706 1475 filium
726 1450 862 1485 exposuit,
882 1449 925 1476 hic
943 1449 1063 1476 sublatus
1085 1453 1086 1482 j

222 1491 253 1517 ab
268 1491 319 1517 alio
333 1491 459 1518 educatus
472 1496 520 1517 est.
535 1491 565 1517 fr.
578 1493 620 1518 29.
635 1491 667 1518 de
679 1501 790 1518 manum.
804 1496 906 1518 testam.
921 1494 962 1519 40.
977 1494 1001 1519 4.
1021 1493 1063 1519 Ad

221 1534 343 1570 antiquos
357 1539 474 1571 penates,
489 1534 533 1560 ubi
547 1535 640 1560 censiti
654 1539 732 1571 atque
746 1534 856 1565 educati.
873 1537 979 1572 natique
993 1541 1062 1562 sunt.

222 1586 243 1602 c.
257 1577 281 1602 6.
297 1576 329 1603 de
343 1576 447 1613 agricol.
464 1578 502 1603 11.
518 1578 558 1603 47.
574 1576 605 1603 cf.
625 1577 655 1603 fr.
672 1579 694 1603 1.
715 1578 792 1611 3.15.
806 1579 829 1604 si
843 1588 886 1614 qu.
906 1579 932 1604 in
951 1578 982 1605 fr.
995 1584 1061 1616 patr.

220 1620 262 1645 35.
281 1621 305 1645 5.
341 1620 436 1646 Donec
454 1619 533 1646 binos
554 1619 653 1646 liberos
673 1619 856 1647 educaveritis.
877 1620 907 1647 fr.
928 1623 968 1648 77.
988 1622 1021 1648 ad
1034 1622 1062 1648 S.
1084 1613 1085 1648 1

222 1660 253 1687 C.
274 1661 354 1688 Treb.
372 1664 414 1689 36.
436 1664 458 1688 1.
502 1662 538 1688 Yt
556 1662 628 1689 filius
648 1663 717 1700 apud
736 1663 909 1690 substitutum
928 1664 1061 1692 educetur.
1084 1696 1085 1700 Ἰ

223 1703 271 1737 [al.
292 1704 472 1739 educaretur.]
494 1705 524 1732 fr.
546 1707 567 1731 l.
594 1706 659 1739 3.1.
680 1705 724 1732 ubi
744 1716 807 1743 pup.
826 1708 867 1732 27.
887 1709 912 1733 2.
936 1707 968 1734 cf.
988 1707 1018 1734 fr.
1037 1710 1061 1735 5.
1084 1710 1085 1713 ’

223 1746 306 1779 §.14.
326 1747 358 1773 de
377 1758 480 1783 agnose.
501 1753 525 1774 et
545 1748 629 1775 aleud.
642 1750 684 1774 25.
698 1750 722 1775 3.
760 1748 841 1784 Quod
859 1751 955 1776 nutrici
974 1750 1062 1777 datum
1083 1730 1085 1782 1

222 1794 263 1815 est
281 1789 313 1815 ad
332 1789 495 1816 educendum
515 1790 558 1823 [al.
579 1791 762 1825 educandum]
782 1791 812 1818 fr.
832 1793 873 1818 28.
894 1792 916 1825 3.
936 1794 958 1819 l.
979 1793 1011 1819 cf.
1031 1794 1060 1820 fr.
1083 1796 1085 1809 1

221 1835 245 1858 2.
266 1831 299 1858 de
318 1832 406 1858 donat.
426 1834 472 1859 int..
493 1832 525 1859 V.
544 1835 586 1859 24.
608 1835 629 1859 l.
1083 1865 1084 1872 ἵ

256 1875 456 1902 Educatio.
495 1877 672 1902 Institutio
695 1882 724 1902 et
747 1879 928 1911 disciplina
945 1888 1061 1912 puero·
1083 1879 1084 1925 1

220 1927 296 1944 rum.
334 1918 377 1944 Ill.
393 1919 458 1945 Cn..
477 1918 545 1945 Hinc
569 1917 706 1945 descendit
726 1935 757 1938 -
777 1918 919 1946 liberorum
942 1931 1062 1957 procrea-

222 1961 267 1988 tio,
286 1961 347 1987 hinc
366 1961 494 1987 educatio,
515 1960 545 1987 fr.
568 1963 589 1987 1.
609 1962 630 1995 3.
650 1963 674 1987 3.
697 1961 729 1988 de
749 1961 767 1988 1.
788 1967 814 1988 et
832 1962 850 1989 I.
872 1965 894 1989 1.
912 1965 932 1990 1.
953 1964 1062 1991 Susten-
1083 1965 1084 1968 ’

221 2005 284 2034 tatio
304 2004 346 2030 vel
366 2003 485 2030 educatio
505 2004 643 2040 (orphanis
668 2009 746 2040 atque
770 2006 858 2041 egenis
877 2020 911 2024 —
931 2016 1062 2044 compare-

223 2047 286 2079 tur.)
311 2057 332 2073 c.
351 2048 392 2073 35.
415 2046 447 2072 de
471 2047 551 2083 episc.
576 2052 599 2073 et
625 2046 686 2073 cler.
709 2049 730 2073 1.
750 2048 773 2074 3.
811 2047 853 2074 Ad
873 2048 1061 2076 exhibitionem

222 2088 397 2121 educationis‚
421 2090 578 2121 ministeria,
602 2089 742 2126 studiaque
767 2090 916 2126 (erogata.)
940 2102 960 2118 e.
981 2094 1004 2119 2.
1029 2092 1061 2119 de
1082 2113 1083 2122 ,

223 2130 290 2158 alim.
309 2143 371 2170 pup.
392 2134 415 2158 5.
436 2134 493 2158 50(
1082 2126 1083 2133 1

257 2175 461 2202 Educatur.
499 2176 670 2201 Nutritor.
706 2175 748 2202 Ill.
778 2177 840 2204 Cn.
872 2176 1060 2214 paedagogum,

224 2221 266 2242 aut
286 2219 424 2249 nutricem,
443 2217 656 2247 educatoreulve,
676 2223 720 2244 aut
739 2218 870 2245 alumnum
889 2219 1059 2253 alumnamve.

224 2263 268 2285 aut
290 2258 476 2287 collactaneum
498 2262 688 2287 manumittere.
714 2262 735 2295 3.
756 2263 779 2287 5.
799 2261 817 2288 Ι,
847 2262 900 2298 Qui
920 2268 946 2290 et
964 2274 1007 2301 qu.
1028 2276 1060 2292 ex
1081 2285 1082 2301 ,

225 2312 245 2327 e.
265 2310 332 2327 man.
353 2303 374 2327 l.
393 2304 417 2329 6.
436 2303 467 2330 fr.
488 2305 527 2330 13.
549 2303 581 2330 de
599 2314 665 2330 man.
685 2303 756 2330 vind.
777 2306 818 2330 40.
837 2307 861 2331 2.
1081 2307 1082 2315 ¹

258 2344 443 2371 Educere.
480 2346 510 2379 ξ.
540 2348 574 2373 1.
604 2348 772 2373 Dedmere.
810 2347 830 2373 I.
850 2349 912 2382 Sy.
946 2349 1058 2382 Ducere,
1080 2347 1082 2352 ’

225 2386 351 2412 Derivare
370 2386 493 2422 (aquam.)
517 2388 547 2414 fr.
566 2390 607 2415 29.
628 2389 660 2416 de
680 2389 706 2416 S.
728 2389 755 2416 P.
775 2389 807 2416 R.
826 2391 850 2416 8.
870 2393 894 2417 3.
914 2406 947 2410 -
967 2393 998 2425 ξ.
1022 2394 1057 2420 2.

226 2430 420 2459 Producere,
440 2431 644 2458 Protrahere.
680 2432 722 2459 III.
744 2434 809 2460 Cn.
833 2433 876 2460 Ad
894 2434 1007 2462 iudicem
1026 2452 1058 2455 —

224 2471 250 2496 in
270 2471 310 2496 ius
330 2470 447 2499 educito.
471 2482 616 2510 nomenque
641 2477 696 2502 eius
720 2476 829 2503 deserto.
850 2476 892 2503 Fr.
911 2476 940 2503 L.
962 2477 1056 2505 Servil.

225 2523 246 2538 c.
266 2516 289 2538 S.
326 2512 400 2540 Illico
421 2513 452 2540 ad
470 2514 602 2551 publicum
622 2517 709 2545 lumen
729 2519 817 2551 educi.
841 2530 874 2546 ne
893 2521 986 2557 poenis
1006 2532 1059 2548 car-

225 2557 292 2581 ceris
310 2557 459 2592 perimatur.
497 2556 546 2583 Th.
566 2558 596 2585 C.
615 2560 659 2587 IX.
679 2563 702 2588 3.
728 2572 749 2588 c.
770 2564 792 2589 1.
818 2563 848 2589 cf.
875 2574 895 2590 c.
915 2566 938 2590 2.
963 2564 996 2591 de
1015 2575 1057 2591 cu-

224 2597 293 2624 stod.
313 2609 380 2624 reor.
400 2598 521 2626 Classem
534 2600 566 2627 de
579 2601 777 2640 Carthaginensi
795 2611 874 2642 portu
885 2623 914 2627 —
927 2607 1058 2634 eduxisse.

192 2658 197 2663 .
226 2640 291 2667 Nov.
311 2640 414 2667 Valent.
434 2642 475 2668 111.
496 2642 527 2669 de
547 2644 618 2670 redd.
638 2646 692 2672 iure
711 2658 771 2674 arm.
791 2647 821 2674 II.
841 2650 864 2675 9.
890 2659 910 2675 c.
933 2652 954 2676 l.
975 2666 1007 2670 —
1026 2651 1057 2684 §-

225 2685 261 2711 3.
282 2686 434 2712 Educ-are.
456 2685 486 2711 cf.
507 2686 531 2712 h.
551 2697 574 2712 v.

259 2727 403 2754 EduliS.
424 2727 551 2761 (Adiect.)
572 2732 619 2756 Ad
638 2735 819 2759 vescendum
838 2741 941 2768 aptus.
961 2736 979 2762 1.
996 2737 1057 2771 Sy.
1079 2727 1080 2771 1

225 2769 409 2796 Esculentum.
429 2770 634 2807 potulentuinve.
658 2772 758 2800 Edulia.
783 2775 813 2802 fr.
832 2778 855 2802 6.
876 2778 897 2811 3.
918 2780 941 2805 3.
962 2779 994 2805 de
1013 2780 1056 2806 off.
1079 2784 1080 2792 ¹

227 2811 300 2839 Proc.
322 2818 347 2839 ct
366 2812 427 2841 Leff.
449 2816 470 2839 1.
493 2815 529 2839 16,
552 2814 573 2840 f·-
603 2817 633 2840 1³
662 2815 693 2841 dc
713 2816 756 2842 oll'.
776 2816 861 2845 Praes.
884 2823 904 2846 1.
927 2823 964 2847 18,
1078 2836 1079 2846 1

1108 591 1150 616 36.
1169 590 1337 619 3.111.(*n.
1357 592 1460 619 Ell'ectn
1481 591 1568 618 fratris
1588 593 1671 619 aufert
1689 599 1790 630 partein
1809 593 1951 625 dimidiam.

1110 638 1135 659 et
1154 634 1177 659 si
1196 633 1238 660 hic
1258 644 1309 660 non
1329 639 1439 672 peteret,
1459 645 1523 661 suus
1544 635 1618 661 solus
1636 646 1690 662 rem
1715 637 1852 663 habiturus
1872 641 1950 663 esset.

1109 675 1140 702 fr.
1168 678 1207 702 15.
1232 687 1271 714 pr.
1296 677 1328 704 de
1352 677 1428 714 legat.
1452 683 1550 715 praest.
1573 679 1614 704 37.
1634 681 1658 705 5.
1696 679 1725 706 Si
1744 681 1892 716 paciscatur
1911 690 1951 706 so-

1087 715 1088 735 1
1111 720 1181 751 cius.
1202 735 1233 739 —
1255 720 1350 747 effectu
1374 721 1477 748 tollitur
1500 722 1622 748 societas.
1648 722 1678 748 fr.
1705 724 1743 748 14.
1768 723 1790 756 3.
1810 724 1833 749 4.
1858 732 1950 749 comm.

1111 762 1162 788 div.
1184 764 1223 789 10,
1243 764 1267 789 3.
1304 762 1332 789 In
1352 763 1393 790 his
1413 774 1471 790 cum
1491 765 1586 791 effectu
1605 766 1658 791 vim
1676 775 1771 802 passus
1791 770 1839 791 est.
1859 765 1889 792 fr.
1910 767 1949 791 14.

1111 805 1133 839 3.
1155 807 1195 831 14.
1216 806 1267 841 Qu.
1288 811 1348 832 met.
1368 817 1390 833 c.
1409 808 1433 833 4.
1453 810 1477 833 2.
1510 824 1542 827 -
1573 809 1604 841 §.
1629 810 1664 835 2.
1689 810 1865 835 Esset-ulio
1890 811 1950 839 rei,

1110 850 1240 874 Exitus.
1278 848 1296 874 Ι.
1317 850 1378 883 Sy.
1410 849 1525 881 Tenere.
1550 851 1677 883 Efficere,
1696 851 1826 877 Effectum
1845 851 1948 877 habere.

1087 884 1089 934 j
1110 890 1140 917 sr.
1162 892 1184 917 1.
1204 891 1226 925 ς.
1248 893 1288 917 10.
1313 891 1344 917 ad
1369 890 1396 918 S.
1422 892 1452 919 C.
1479 893 1560 931 Turp.
1587 895 1628 920 48.
1650 896 1690 920 16.
1715 894 1745 920 fr.
1768 896 1807 920 15.
1832 894 1853 927 ς’.
1875 896 1897 920 l.
1918 893 1950 920 d.»

1111 938 1187 960 castr.
1207 943 1264 970 pec.
1285 935 1326 960 49.
1348 936 1387 960 17.
1426 935 1496 962 Vtile
1516 947 1587 968 csse,
1612 936 1715 963 Valere.
1740 937 1770 963 fr.
1790 938 1831 963 68.
1856 936 1889 963 de
1907 937 1950 963 he-

1087 972 1089 981 *
1111 976 1165 1002 red.
1186 977 1246 1002 inst.
1265 977 1308 1002 28.
1326 979 1350 1002 5.
1388 977 1418 1004 11.
1443 980 1510 1012 Op.
1538 979 1697 1006 Destinatio.
1729 979 1770 1006 Cf.
1790 979 1815 1006 h.
1835 990 1858 1006 v.
1884 980 1905 1013 3.
1927 981 1949 1005 l.

1110 1019 1249 1046 Voluntas.
1270 1018 1320 1046 Th.
1341 1018 1371 1046 C.
1391 1020 1436 1047 lx.
1456 1023 1497 1048 43.
1519 1032 1539 1048 c.
1559 1024 1582 1048 3.
1603 1033 1642 1059 pr.
1668 1022 1700 1049 ad
1719 1022 1748 1048 L.
1769 1022 1831 1049 Cor.
1852 1022 1884 1049 de
1903 1023 1949 1049 sic.

1087 1060 1088 1099 ζ
1110 1062 1153 1089 ΙΙΙ.
1173 1064 1238 1090 Gn.
1264 1061 1333 1089 Cum
1352 1063 1470 1090 eiusdem
1489 1066 1629 1101 potcstatis
1649 1071 1702 1095 est.
1726 1065 1890 1102 eundemque
1908 1065 1951 1092 ha-

1109 1105 1155 1131 bet
1179 1105 1300 1131 effectum
1325 1106 1379 1137 (se.
1399 1107 1493 1139 actio.)
1518 1107 1547 1134 fr.
1567 1109 1608 1134 47.
1633 1109 1654 1142 3
1677 1111 1699 1134 l.
1725 1108 1758 1134 de
1778 1108 1809 1135 N.
1830 1108 1861 1135 G.
1880 1110 1905 1135 3.
1925 1110 1948 1135 5.

1111 1148 1245 1184 Quantum
1264 1147 1297 1174 ad
1320 1149 1373 1174 vim
1393 1153 1418 1175 ct
1437 1149 1559 1176 effectum
1579 1150 1656 1187 legati
1674 1152 1796 1188 pertinet.
1815 1151 1846 1178 fr.
1865 1153 1907 1177 30.
1927 1151 1948 1185 3.

1109 1193 1132 1217 2.
1153 1191 1185 1217 de
1205 1191 1280 1227 legat.
1300 1191 1319 1217 I.
1340 1192 1407 1224 (30.)
1446 1192 1521 1227 Quae
1535 1194 1590 1219 iure
1604 1203 1656 1220 non
1669 1194 1816 1225 valuerunt,
1835 1193 1877 1220 vel
1897 1204 1949 1220 nou

1110 1234 1257 1261 habuerunt
1276 1234 1406 1260 effectum.
1426 1234 1456 1261 fr.
1476 1237 1518 1262 54.
1539 1235 1571 1262 de
1590 1236 1666 1263 cond.
1686 1236 1773 1263 indeb.
1795 1239 1834 1263 12.
1853 1238 1877 1263 6.
1908 1237 1949 1263 De

1109 1282 1169 1304 actu
1188 1278 1410 1309 manumittentis,
1433 1288 1463 1304 ac
1482 1288 1534 1305 non
1552 1280 1642 1316 potius
1662 1279 1694 1306 de
1713 1280 1808 1306 effectu
1827 1279 1950 1306 beneficii

1110 1321 1258 1356 cogitatum.
1283 1319 1313 1346 fr.
1333 1321 1356 1346 6.
1381 1330 1420 1357 pr.
1446 1320 1479 1347 de
1498 1332 1566 1348 serv.
1592 1327 1694 1359 export.
1715 1324 1754 1348 18.
1776 1324 1798 1348 7.
1835 1322 1871 1348 Vt
1890 1332 1950 1348 con—

1109 1364 1208 1389 stiterit
1226 1364 1371 1394 institutio.
1392 1368 1418 1390 et
1437 1380 1469 1383 —
1489 1370 1518 1391 ut
1541 1365 1664 1392 effectum
1688 1365 1789 1392 habeat.
1814 1364 1845 1392 fr.
1865 1366 1906 1391 49.
1926 1366 1948 1398 3.

1086 1398 1087 1419 1
1110 1407 1132 1432 l.
1153 1405 1186 1432 de
1204 1405 1294 1432 hered.
1314 1407 1375 1433 inst.
1388 1408 1429 1432 28.
1444 1408 1467 1432 5.
1505 1406 1624 1434 Pendere
1642 1408 1877 1445 acceptilationem.
1897 1418 1949 1434 non

1108 1450 1200 1486 ipsam,
1221 1449 1269 1475 sed
1289 1449 1409 1475 effectum
1429 1450 1493 1476 eius.
1514 1449 1544 1476 sr.
1563 1452 1604 1477 32.
1625 1451 1647 1484 3.
1661 1452 1703 1477 23.
1723 1451 1756 1477 de
1774 1450 1835 1478 don.
1854 1452 1900 1477 int.
1916 1450 1948 1477 V.

1106 1494 1148 1518 24.
1170 1494 1192 1518 l.
1228 1492 1287 1518 Etsi
1316 1492 1410 1519 effectu
1438 1492 1547 1519 sceleris
1574 1494 1655 1530 potiri
1683 1503 1735 1519 non
1758 1499 1872 1530 possunt
1900 1499 1948 1520 etc.

1085 1548 1086 1568 1
1107 1535 1179 1562 Paul.
1200 1534 1231 1562 V.
1251 1537 1275 1562 4.
1296 1536 1317 1569 3.
1337 1537 1360 1561 5.
1398 1535 1433 1561 Et
1451 1537 1533 1572 magis
1553 1542 1594 1562 est
1613 1541 1641 1563 ut
1653 1537 1748 1573 possit,
1768 1553 1801 1556 —
1821 1547 1887 1574 quae
1906 1547 1949 1563 res

1084 1598 1086 1612 Ξ
1107 1580 1142 1605 ita
1162 1578 1283 1605 effectum
1303 1577 1418 1608 habebit,
1438 1579 1460 1604 si
1480 1584 1529 1605 etc.
1549 1578 1579 1605 sr.
1598 1580 1640 1606 38.
1664 1580 1687 1613 3.
1707 1581 1729 1605 4.
1751 1579 1782 1606 de
1802 1578 1833 1605 V.
1854 1579 1887 1606 Ο.
1906 1581 1947 1605 45.

1109 1623 1131 1648 l.
1151 1622 1183 1648 ct'.
1208 1621 1238 1648 fr.
1258 1623 1282 1648 5.
1307 1621 1372 1655 3.1.
1397 1621 1430 1647 de
1454 1620 1486 1647 Ο.
1510 1621 1541 1648 N.
1562 1621 1593 1648 N.
1620 1623 1662 1649 39.
1683 1624 1705 1648 l.
1743 1622 1793 1648 Per
1812 1632 1878 1658 quos
1898 1623 1947 1655 (sc.

1084 1662 1085 1694 ]
1107 1665 1284 1702 adparitores)
1304 1674 1365 1690 suas
1385 1665 1517 1691 iussiones
1537 1665 1569 1692 ad
1588 1666 1709 1692 effectum
1735 1665 1880 1702 perducere
1903 1675 1948 1701 po-

1107 1709 1176 1734 terit.
1196 1708 1288 1734 Iuliani
1308 1718 1347 1744 ep.
1368 1717 1427 1734 nov.
1448 1718 1469 1734 e.
1488 1710 1530 1734 22.
1550 1708 1571 1741 3.
1592 1710 1633 1735 84.
1671 1707 1840 1734 Sanctionem
1858 1708 1949 1734 obser-

1106 1751 1205 1777 vationi
1228 1755 1371 1787 perpetuae
1395 1750 1554 1786 effectuique
1575 1751 1726 1787 mancipari.
1750 1750 1816 1777 Nov.
1842 1750 1892 1777 Th.
1916 1751 1946 1777 II.

1106 1793 1139 1819 de
1158 1793 1224 1819 amb.
1244 1792 1294 1819 loc.
1315 1792 1368 1819 lim.
1387 1792 1406 1818 I.
1425 1794 1467 1819 24.
1488 1803 1508 1819 c.
1530 1795 1553 1819 1.
1573 1794 1595 1826 3.
1615 1794 1639 1819 6.
1660 1810 1692 1813 -—
1713 1794 1743 1827 §.
1759 1795 1795 1820 3.
1817 1795 1947 1821 Firma-

1083 1832 1085 1856 1
1106 1842 1256 1867 mentum,
1277 1837 1500 1870 :lztgmentunr
1541 1835 1559 1862 1.
1580 1837 1641 1870 Sy.
1668 1835 1735 1862 Cum
1759 1846 1801 1867 re,
1826 1836 1894 1863 Cum
1913 1836 1947 1863 es-

1106 1878 1175 1905 l'ectu
1195 1878 1308 1911 (habere
1333 1878 1363 1904 Β.
1388 1877 1495 1910 Pnem.)
1518 1877 1580 1915 Ylp.
1604 1878 1699 1905 XXIII.
1720 1880 1743 1906 6.
1763 1878 1884 1906 XXVIII.
1906 1881 1945 1906 13.

1083 1931 1084 1960 2
1106 1921 1136 1948 Il.
1160 1923 1227 1955 Op.
1247 1920 1425 1951 verbotenus,
1445 1937 1477 1940 —
1497 1920 1566 1948 Cum
1585 1921 1680 1948 effectu
1699 1922 1852 1959 (accipere.)
1872 1921 1902 1948 fr.
1924 1924 1945 1948 l.

1106 1965 1142 1998 33.
1165 1966 1186 1990 l.
1207 1974 1247 2000 sq.
1268 1963 1319 1999 Qu.
1341 1964 1427 2000 quisq.
1448 1965 1496 1990 iur.
1516 1967 1540 1991 2.
1559 1966 1583 1991 2.
1604 1964 1634 1990 fr.
1654 1967 1677 1990 5.
1698 1965 1719 1999 3.
1733 1967 1757 1991 2.
1778 1975 1810 1991 ne
1829 1975 1871 2001 qu.
1887 1975 1945 1991 eum

1106 2017 1149 2043 qu.
1169 2008 1195 2033 in
1215 2008 1264 2033 ius.
1283 2008 1308 2032 2.
1329 2009 1351 2033 7.
1389 2006 1457 2033 Cum
1482 2007 1576 2034 effectu
1600 2006 1685 2033 videri
1706 2009 1872 2044 pervenisse,
1892 2018 1945 2033 non

1105 2050 1187 2086 prima
1207 2051 1315 2076 ratione.
1340 2050 1370 2076 fr.
1389 2052 1413 2076 2.
1434 2051 1455 2084 3.
1475 2053 1499 2077 3.
1524 2050 1556 2077 de
1576 2049 1663 2076 hered.
1683 2060 1706 2076 v.
1732 2055 1780 2076 act.
1805 2049 1881 2076 vend.
1903 2052 1942 2076 18.

1106 2095 1128 2118 4.
1165 2092 1207 2118 111.
1235 2094 1300 2120 sn.
1325 2093 1411 2128 Quam
1431 2096 1479 2126 (sc.
1499 2093 1640 2125 actionem)
1660 2092 1819 2129 Papinianus
1838 2092 1944 2129 quidem

1082 2141 1083 2159 1
1106 2140 1189 2172 negat.
1208 2135 1306 2162 Paulus
1326 2141 1411 2162 autem
1427 2137 1483 2162 sine
1503 2136 1597 2162 effectu
1611 2135 1777 2172 derelinquit.
1797 2135 1943 2162 Marcianus

1105 2183 1191 2205 autem
1209 2178 1354 2215 distinguit.
1380 2189 1400 2205 c.
1422 2181 1461 2205 10.
1480 2189 1519 2216 pr.
1540 2179 1572 2205 de
1591 2178 1678 2215 adopt.
1701 2180 1724 2205 S.
1745 2181 1786 2204 4³5.
1823 2177 1891 2205 Cum
1910 2178 1943 2204 et'-

1105 2221 1175 2248 fectu
1194 2223 1330 2259 percipere
1350 2223 1394 2255 (ex
1413 2222 1512 2253 bonis.)
1532 2222 1561 2248 fr.
1584 2223 1622 2247 15.
1643 2221 1664 2254 3.
1685 2224 1707 2247 4.
1728 2220 1760 2248 ad
1773 2221 1803 2247 L.
1817 2220 1886 2247 Falc.
1900 2223 1940 2246 35.

1103 2268 1127 2292 2.
1166 2265 1234 2292 Cum
1259 2266 1300 2292 eff.
1325 2265 1456 2300 querelam
1479 2265 1634 2291 instituisse.
1655 2264 1684 2290 l'r.
1704 2266 1746 2290 25.
1771 2266 1791 2298 3.
1813 2266 1835 2290 1.
1856 2264 1887 2289 de
1906 2265 1941 2289 in-

1105 2309 1148 2335 off.
1169 2314 1271 2335 testam.
1292 2311 1315 2334 5.
1336 2311 1359 2334 2.

1137 2351 1388 2378 Effeminare.
1426 2352 1463 2377 ln
1480 2352 1653 2377 mollitiem
1672 2352 1852 2377 muliebrem
1870 2359 1940 2375 con-

1103 2401 1233 2421 vertere.
1282 2394 1324 2420 111.
1351 2395 1412 2421 (7η.
1442 2392 1500 2419 Nou
1524 2392 1598 2419 illum
1622 2392 1791 2430 supercilium
1810 2406 1839 2410 -
1860 2396 1940 2417 terre-

1103 2437 1154 2467 hit.
1174 2447 1226 2463 non
1251 2436 1410 2464 effelninabit
1433 2441 1545 2463 mentem
1571 2446 1688 2462 severam
1712 2434 1821 2470 quilibet
1845 2444 1939 2460 census

1102 2480 1215 2507 oblatus.
1235 2480 1300 2506 Nov.
1313 2480 1433 2506 Marciau.
1453 2480 1547 2506 nemin.
1567 2479 1653 2506 exhib.
1673 2478 1705 2504 de
1723 2486 1796 2513 prov.
1811 2476 1852 2503 III.
1874 2478 1896 2502 l.
1916 2487 1937 2503 e.

1105 2525 1125 2549 l.
1154 2524 1219 2557 3.1.
1256 2523 1406 2550 Effeminati
1433 2524 1460 2549 in
1487 2524 1559 2548 viros
1584 2521 1691 2558 pudoris
1720 2520 1938 2546 contaminatione

1102 2565 1209 2592 foedari.
1230 2565 1299 2592 Coll.
1318 2565 1371 2592 LL.
1391 2565 1424 2592 M.
1444 2565 1476 2591 V.
1495 2567 1519 2591 3.

1137 2609 1302 2636 merre-
1340 2609 1370 2642 §-
1395 2610 1429 2635 1.
1455 2610 1650 2642 Exportfcre.
1687 2604 1729 2631 111.
1752 2606 1817 2633 (7η.
1841 2604 1937 2631 Efferri

1103 2651 1272 2687 cognovimus
1299 2651 1422 2678 cadavera
1441 2655 1601 2676 mortuorum
1620 2658 1667 2684 per
1686 2648 1827 2674 consertam
1844 2648 1936 2685 populi

1101 2694 1281 2730 frequentiam.
1302 2693 1350 2720 Th.
1372 2694 1402 2721 C.
1422 2694 1465 2720 IX.
1488 2694 1525 2718 17.
1547 2702 1566 2717 c.
1587 2692 1611 2716 5.
1631 2692 1690 2724 31.
1711 2690 1743 2717 de
1761 2690 1860 2727 sepulc.
1873 2690 1933 2717 viol.

1103 2753 1135 2757 -
1155 2737 1185 2770 ἓ.
1204 2738 1240 2764 2.
1260 2739 1413 2767 Budare,
1439 2738 1571 2770 ,iugera
1608 2733 1650 2759 111.
1675 2734 1740 2761 Cn.
1765 2733 1934 2770 Compositae

1101 2781 1173 2817 pacis
1194 2780 1216 2806 si
1236 2781 1284 2806 erit
1304 2778 1433 2805 efferenda
1453 2776 1636 2813 tranquillitas.
1657 2775 1705 2803 Th.
1720 2776 1749 2803 C.
1765 2776 1831 2802 VIII.
1852 2778 1891 2801 11.
1911 2786 1923 2800 r

1102 2826 1124 2849 4.
1146 2833 1177 2849 ne
1197 2833 1239 2858 qu.
1259 2823 1319 2859 pub.
1341 2822 1389 2848 laet
1418 2820 1463 2853 (cf.
1483 2830 1507 2845 v,
1527 2819 1640 2850 Elatus.)

1460 2865 1492 2887 40
