2197 3121
282 177 344 208 402

282 261 324 286 23.
351 259 372 293 5.
394 260 416 285 1.
437 258 469 284 de
488 267 578 295 usurp.
603 259 644 283 41.
669 259 693 283 3.
732 256 812 283 Omni
831 266 926 292 genere
946 256 1127 289 (manumitti.)

283 302 314 330 fr.
333 304 375 329 26.
395 301 427 328 de
447 311 557 327 manum.
578 302 619 326 40.
643 301 663 326 l.
702 300 868 336 Quocunque
887 298 1128 336 genere—Quid-

283 355 315 372 ve
335 344 404 371 aliud
425 343 476 370 alio
496 353 598 379 genere.
621 342 693 369 Paul.
714 342 744 369 II.
763 344 805 369 31.
826 343 847 377 5.
869 345 908 369 15.
930 342 961 368 Υ.
982 344 1006 368 4.
1026 342 1109 376 5.15.

319 389 536 415 Geometra.
578 388 699 413 Terrae
717 396 847 412 mensor.
885 385 927 411 ΙΙΙ.
953 386 1019 412 Cn.
1050 384 1127 411 Prae-

284 435 404 467 ceptores
433 429 579 456 studiorum
606 429 769 461 liberalium,
794 445 826 448 —
851 428 984 459 rhetoreS,
1004 437 1127 463 gramma-

284 474 337 504 tici,
356 477 511 508 geometrae.
533 472 563 498 fr.
587 473 607 499 l.
628 482 666 509 pr.
693 471 726 499 de
750 477 816 498 extr.
841 481 914 507 cogn.
935 473 977 497 50.
999 473 1038 497 13.
1078 470 1128 497 Va-

283 517 326 542 tic.
346 516 446 549 §.150.
484 515 637 546 mechanici,
658 520 683 541 et
702 520 849 551 geometrae
869 519 894 540 et
914 513 1058 540 architecti.
1076 513 1125 540 Th.

284 558 314 586 C.
334 557 403 584 XIII.
423 559 446 584 4.
468 568 489 584 c.
503 559 527 584 3.
548 557 580 584 de
601 568 689 584 excus.
710 558 776 584 artif.

318 601 551 629 Geometria.
596 602 802 628 mensuraria
834 607 950 627 terrae.
993 599 1037 626 ΠΙ.
1060 601 1126 627 Cn.

283 645 335 671 Ars
354 643 544 670 mathematica.
576 660 608 664 --
639 644 691 670 Ars
711 644 876 679 geometriae.
897 654 920 669 c.
940 645 964 670 2.
985 642 1018 669 de
1037 642 1122 669 malef.
1149 640 1150 643 ¹

284 688 308 714 9.
330 688 368 713 18.

319 731 476 757 (ἔθνει-ε.
514 730 544 763 §-
566 731 599 757 1.
621 732 733 761 Ferre,
754 732 905 757 Portare.
936 729 955 755 1.
978 730 1040 763 Sy.
1058 728 1127 755 Esse

285 783 342 800 cum
362 772 458 806 (telo.)
479 772 587 799 Portare
607 772 730 805 (telum.)
757 773 786 799 fr.
807 774 831 799 3.
857 773 879 806 5.
901 774 923 798 l.
948 771 978 799 fr.
1001 773 1041 798 ll.
1061 771 1081 805 5.
1102 774 1126 798 2.

285 815 317 842 ad
341 815 371 842 L.
395 815 442 842 Iul.
467 815 500 842 de
522 817 548 842 ri
572 816 636 853 pub.
660 818 702 842 48.
722 817 746 842 6.
772 814 844 842 Paul.
865 814 897 841 V.
916 817 958 841 23.
979 815 1001 849 5.
1022 816 1046 841 7.

285 861 351 887 Gn.
371 858 450 885 Arma
470 864 572 890 tenere,
597 858 639 885 vel
663 868 762 895 gerere.
786 858 834 885 lul.
860 869 900 895 ep.
921 868 981 884 nov.
1003 868 1024 884 c.
1043 859 1085 884 21.
1105 858 1127 892 5.

284 904 325 930 81.
363 902 401 935 Si,
421 907 450 929 ut
469 901 591 928 habiliter
604 912 719 937 gemmae
733 903 786 938 geri
801 902 914 939 possint,
934 900 1051 927 inclusae
1065 910 1127 927 auro

285 945 389 972 fuerint.
410 945 441 971 fr.
459 947 500 971 20.
521 944 553 971 de
573 954 635 971 auro
655 954 707 981 arg.
727 946 769 971 34.
788 947 812 970 2.
833 961 865 964 -
884 945 916 978 §.
939 945 974 970 ἓ.
1007 945 1127 979 Agere,

284 990 462 1020 Exercere,
482 989 653 1014 Exhibere.
673 987 691 1014 I.
711 989 772 1022 Sy.
792 988 886 1024 Agere,
905 986 941 1013 Se.
960 997 1050 1023 gerere
1067 988 1127 1023 (pro

284 1030 390 1064 libero.)
410 1030 442 1057 fr.
463 1033 500 1057 10.
522 1041 561 1067 sq.
581 1030 614 1057 de
633 1030 736 1057 liberali
755 1041 776 1057 c.
789 1033 832 1057 40.
848 1032 888 1057 12.
926 1029 1022 1056 Facere
1043 1030 1128 1066 quasi,

285 1073 330 1100 Vti
350 1079 480 1110 tamquam
500 1073 612 1107 (heres)
633 1073 732 1100 Cerere
745 1083 793 1110 pro
808 1073 937 1107 (herede.)
952 1073 1009 1099 Gai.
1024 1072 1054 1098 II.
1071 1074 1127 1098 166.

285 1116 346 1154 le.
366 1117 450 1143 XXII.
469 1118 511 1143 26.
544 1116 615 1143 Paul.
636 1116 679 1143 IV.
699 1118 723 1143 8.
753 1117 774 1150 5.
795 1118 836 1143 25.
867 1116 897 1143 fr.
917 1118 958 1142 20.
979 1126 1017 1153 ρι’,
1046 1116 1083 1149 55.
1106 1117 1128 1141 l.

285 1170 343 1196 sqq.
363 1159 396 1187 de
416 1160 448 1187 Α,
467 1170 492 1186 v.
512 1159 545 1186 Ο.
565 1159 596 1186 Η.
615 1161 656 1186 29.
677 1162 700 1186 2.

286 1208 409 1240 potenter
427 1213 456 1229 se
474 1207 555 1239 gerat,
575 1207 603 1229 ut
622 1207 675 1229 etc.
701 1202 730 1229 fr.
751 1204 774 1228 9.
806 1203 827 1236 5.
847 1204 871 1229 5.
891 1202 924 1229 de
943 1202 986 1229 off.
1007 1201 1083 1228 Proe.
1103 1206 1129 1228 et

285 1245 347 1283 Leg.
366 1248 388 1273 1.
410 1248 448 1273 16.
487 1246 554 1272 Cum
578 1247 683 1283 saepius
708 1244 835 1272 seditiose
859 1250 885 1271 et
909 1244 1075 1271 turbulenter
1100 1254 1128 1270 se

285 1290 423 1326 gesserint.
444 1289 474 1316 fr.
494 1290 535 1315 28.
555 1290 577 1322 5.
596 1291 620 1315 3.
641 1288 673 1315 de
692 1298 769 1325 poen.
790 1289 831 1314 48.
847 1289 886 1314 19.
924 1288 1006 1320 Bene,
1026 1304 1058 1308 —
1078 1287 1129 1314 Ne,-

285 1332 421 1369 gligenter,
441 1342 470 1358 se
489 1342 587 1367 gerere.
613 1331 642 1358 fr.
664 1333 704 1357 18.
725 1330 757 1357 de
776 1330 862 1357 fideic.
882 1330 946 1357 libb.
959 1333 1000 1358 40.
1015 1335 1040 1358 5.
1060 1331 1090 1358 fr.
1103 1334 1127 1358 9.

285 1375 308 1409 5.
321 1377 344 1401 4.
365 1375 398 1402 de
417 1375 484 1401 adm.
503 1385 552 1401 rer.
567 1374 598 1401 ad
619 1376 667 1401 civ.
687 1376 728 1400 50.
742 1377 766 1400 δ.
799 1374 853 1410 Qui
866 1384 894 1400 se
908 1384 955 1411 pro
969 1374 1053 1401 milite
1071 1384 1127 1411 ges·

286 1419 329 1449 sit,
349 1417 390 1444 vel
410 1417 510 1444 illicitis
529 1418 676 1454 insignibus
697 1427 760 1443 usus
781 1422 828 1444 est.
849 1417 879 1444 fr.
900 1419 941 1444 27.
962 1418 984 1452 5.
1003 1421 1027 1444 2.
1048 1417 1080 1444 de
1097 1417 1127 1444 L.

287 1461 368 1488 Corn.
393 1460 425 1487 de
449 1460 506 1487 fals.
530 1463 570 1487 45.
597 1463 636 1486 10.
674 1460 780 1486 Omissa
805 1461 934 1492 cretione,
960 1471 1007 1498 pro
1032 1461 1128 1487 herede

286 1515 384 1541 gerere.
405 1504 461 1530 Gai.
481 1503 510 1530 II.
534 1505 589 1530 176.
610 1514 668 1540 sqq.
688 1503 730 1530 III.
751 1505 792 1530 85.
813 1503 874 1541 ΠΡ.
893 1504 977 1530 XXII.
991 1505 1033 1530 34.
1067 1503 1129 1530 Vni-

286 1548 356 1574 versi
380 1546 501 1573 fiduciam
525 1552 627 1582 gerant.
653 1552 681 1573 ut
705 1552 752 1573 etc.
778 1557 799 1573 c.
824 1548 847 1573 9.
873 1547 917 1573 ubi
938 1558 1007 1574 caus.
1027 1548 1083 1574 fise.
1104 1549 1127 1574 3.

286 1592 328 1618 26.
359 1606 391 1609 —
424 1590 454 1623 §-
484 1591 521 1616 3.
554 1592 815 1622 Admim'xlrare‚
840 1591 1019 1622 Tros-tare,
1041 1592 1128 1617 Cele-

286 1636 392 1661 brare.
413 1632 458 1667 (cf.
477 1643 502 1660 v.
522 1632 653 1666 Gestum.)
673 1632 761 1667 [Sy.
780 1632 980 1659 Administrare.
1001 1632 1042 1660 Cf.
1059 1633 1084 1659 h.
1103 1643 1127 1659 v.

286 1677 308 1710 5.
328 1679 352 1703 3.
389 1676 482 1713 Agere.
503 1676 547 1702 Cf.
564 1675 589 1702 h.
609 1685 632 1701 v.
653 1676 673 1709 5.
694 1677 717 1702 7.
755 1675 863 1707 Facere,
883 1676 1014 1703 Exercere
1039 1678 1129 1712 (nego—

288 1720 351 1746 tium
372 1720 435 1752 etc.)
457 1719 487 1745 fr.
507 1721 531 1745 4.
551 1720 573 1753 5.
593 1720 617 1744 2.
637 1718 669 1744 de
688 1718 713 1745 h.
734 1729 776 1755 qu.
797 1724 851 1745 not.
871 1719 958 1745 infam.
977 1721 1001 1745 3.
1016 1722 1039 1746 2.
1060 1719 1089 1746 fr.
1106 1721 1127 1745 1.

287 1772 326 1799 pr.
346 1762 368 1796 5.
387 1764 411 1788 2.
431 1762 462 1788 fr.
481 1764 505 1788 3.
525 1762 606 1796 55.1.
627 1771 659 1798 sq
704 1760 756 1796 Qu.
776 1762 803 1788 in
822 1762 852 1788 fr.
873 1761 943 1788 cred.
958 1764 999 1788 42.
1013 1763 1037 1788 8.
1064 1761 1127 1788 Tra-

288 1810 358 1831 ctare
378 1806 528 1838 <rationes.)
549 1804 579 1831 fr.
598 1806 621 1831 8.
642 1804 671 1830 fr.
694 1806 733 1830 13.
754 1805 775 1838 5.
789 1807 813 1831 2.
834 1804 867 1831 de
885 1815 951 1831 man.
972 1807 1128 1831 testam.40.

288 1850 312 1874 4.
349 1848 571 1875 Οοηῑτει118Γ(“.Γι·.
597 1849 639 1874 33.
667 1847 700 1873 de
727 1847 802 1874 cond.
829 1848 916 1874 indeb.
942 1850 981 1875 12.
1002 1850 1025 1874 6,
1055 1848 1086 1875 fr.
1104 1850 1128 1875 2.

290 1891 326 1924 55
349 1892 371 1916 1.
391 1900 430 1927 sq.
451 1891 483 1917 de
503 1891 535 1917 Ο.
556 1895 581 1916 et
600 1890 630 1916 A.
650 1891 692 1916 44.
713 1892 735 1916 7.
755 1889 798 1916 III.
811 1892 876 1918 Cn.
896 1890 956 1917 Non
975 1891 1046 1928 quod
1066 1893 1129 1918 scri-

289 1938 372 1971 ptum,
387 1933 433 1959 sed
448 1933 518 1970 quod
532 1938 634 1970 gestum
650 1938 699 1959 est.
720 1934 893 1970 (inspicitur.)
913 1944 935 1960 c.
948 1936 972 1961 3.
1001 1934 1064 1961 Plus
1077 1934 1128 1961 val.

289 1976 359 2013 quod
379 1987 417 2013 ag.
437 1978 461 2002 4.
480 1979 521 2002 22.
559 1977 687 2012 Quaeque
712 1986 760 2012 per
780 1986 838 2002 eum
857 1993 889 1996 —
909 1982 973 2009 acta,
993 1978 1068 2008 facta.
1088 1988 1129 2014 ge-

289 2024 381 2056 staque
401 2024 470 2046 sunt.
491 2020 520 2046 fr.
540 2021 564 2045 2.
588 2019 610 2053 5.
632 2020 653 2044 l.
679 2018 711 2045 de
735 2029 788 2045 cur.
812 2019 873 2046 bon.
896 2019 920 2046 d.
940 2022 982 2046 42.
1003 2022 1025 2047 7.
1046 2020 1077 2047 cf.
1097 2020 1127 2047 fr.

291 2064 329 2089 19.
350 2073 388 2099 sq.
409 2062 442 2089 do
461 2062 491 2088 V.
512 2062 539 2088 S.
559 2064 600 2088 50.
623 2063 654 2087 16
700 2062 810 2088 Gestum
824 2078 856 2082 -
871 2062 983 2099 qualiter
1002 2063 1128 2099 qualiter;

289 2106 344 2132 sive
364 2110 514 2132 contractus
534 2106 576 2135 sit,
597 2106 652 2131 sive
672 2104 734 2141 quid
760 2105 830 2132 aliud
855 2107 972 2142 contigit.
993 2106 1024 2132 fr.
1045 2109 1068 2133 7.
1088 2117 1127 2143 pr.

290 2148 323 2175 (18
342 2150 431 2175 minor.
452 2150 475 2175 4.
495 2151 519 2175 4.
557 2148 631 2184 Quae.
649 2149 705 2174 iure
724 2153 796 2184 gesta
816 2153 884 2175 sunt.
905 2148 935 2175 fr.
951 2150 975 2175 4.
996 2148 1028 2175 de
1041 2148 1065 2176 h.
1085 2159 1126 2185 qu.

291 2192 317 2218 in
336 2196 436 2217 testam.
458 2191 508 2218 del.
528 2193 570 2218 28.
590 2193 614 2217 4.
651 2190 710 2217 Non
730 2190 843 2217 alienare
868 2192 891 2217 ei
916 2191 969 2224 (sc.
989 2202 1044 2218 rem
1064 2191 1129 2218 Cae-

291 2235 389 2266 sariS,)
414 2234 460 2260 sed
485 2234 624 2270 diligenter
647 2244 737 2270 gerere
755 2235 924 2260 commissum
944 2239 991 2261 est.
1011 2234 1041 2261 fr.
1064 2237 1084 2261 1.
1105 2235 1127 2268 5.

293 2279 313 2303 1.
333 2276 366 2303 de
384 2276 428 2302 oss.
448 2276 523 2303 I’roc.
552 2277 628 2304 Caes.
656 2279 678 2303 1.

290 2321 332 2346 40.
351 2319 373 2353 5.
392 2322 416 2345 2.
436 2319 468 2345 de
487 2325 554 2356 pact.
573 2322 597 2346 2.
618 2321 658 2346 14.
696 2319 776 2355 Quod
800 2321 839 2352 vi,
859 2325 978 2347 metusve
998 2330 1083 2353 causa,
1103 2331 1127 2347 v.

291 2362 371 2398 Quod
390 2367 475 2388 metus
495 2372 584 2391 causa.
608 2367 709 2398 gestum
733 2364 790 2389 erit.
816 2362 845 2389 fr.
867 2365 889 2389 1.
910 2364 961 2399 Qu.
982 2368 1041 2390 met.
1063 2374 1084 2390 c.
1104 2365 1127 2390 4.

290 2407 313 2431 2.
351 2405 426 2441 Quae
446 2404 616 2431 fraudationis
641 2416 717 2432 causa
741 2411 814 2442 gesta
839 2411 923 2433 erunt.
948 2407 978 2433 fr.
1000 2409 1022 2434 1.
1047 2417 1086 2444 pr.
1106 2407 1128 2441 5.

290 2450 314 2474 2,
336 2448 365 2475 sr.
385 2450 410 2474 3.
431 2448 483 2483 Qu.
503 2449 528 2474 in
548 2447 579 2474 fr.
599 2448 668 2474 cred.
688 2450 728 2475 42.
748 2452 771 2475 8.
809 2448 851 2475 Ad
873 2454 959 2476 actum
977 2449 1129 2486 gerendum,

291 2492 438 2528 pretiumve
457 2490 678 2527 participandum,
703 2493 815 2523 (venum
834 2501 863 2518 se
882 2491 937 2518 dari
956 2493 1036 2530 pati.)
1056 2492 1085 2519 fr.
1105 2494 1128 2519 6.

292 2535 313 2567 5.
333 2535 358 2559 5.
378 2533 411 2559 de
430 2534 518 2560 iniust.
542 2538 611 2570 rupt.
634 2535 676 2559 28.
695 2535 718 2559 3.
756 2533 869 2566 Omnes,
889 2536 934 2571 qui
951 2536 1008 2562 iure
1026 2540 1129 2562 tutores

293 2581 362 2608 sunt,
382 2581 408 2602 et
426 2581 520 2611 gerunt
538 2575 653 2603 tutelam.
674 2575 704 2602 fr.
721 2578 742 2602 1.
763 2577 784 2609 5.
800 2579 839 2604 19.
860 2577 892 2604 de
911 2582 959 2604 tut.
979 2583 1005 2605 et
1023 2584 1070 2605 rat.
1086 2580 1129 2605 27.

291 2620 316 2644 3.
354 2618 447 2651 Mater,
471 2629 529 2645 cum
552 2618 667 2645 filiorum
685 2628 792 2645 suorum
816 2621 1001 2656 patrimonium
1020 2626 1129 2658 gereret.

294 2670 315 2686 c.
334 2662 358 2686 6.
378 2671 416 2697 pr.
436 2661 468 2687 ad
487 2661 514 2688 S.
535 2661 566 2688 C.
586 2660 681 2688 Vellei.
700 2663 724 2688 4.
744 2663 786 2688 29.
824 2663 903 2697 Quod
927 2674 974 2700 per
992 2674 1036 2690 aes
1057 2669 1082 2691 et
1101 2664 1129 2690 li·

293 2703 365 2729 bram
385 2709 486 2739 gestum
506 2709 553 2730 est.
574 2704 630 2731 Gai.
650 2704 692 2731 Ill.
714 2706 770 2731 1753.
808 2705 911 2732 Bellum
930 2716 1026 2742 gerere.
1054 2706 1083 2733 fr.
1103 2709 1127 2733 2.

293 2746 315 2780 5.
334 2747 376 2771 24.
398 2746 430 2772 de
454 2747 486 2772 0.
511 2747 527 2773 1.
550 2749 572 2773 1.
591 2749 615 2773 2.
651 2747 779 2784 Rempub.
804 2758 901 2784 gerere.
926 2749 955 2775 sr.
976 2751 1016 2776 ll.
1036 2760 1076 2787 pr.
1097 2749 1129 2776 de

294 2798 364 2815 usur.
383 2790 424 2814 22.
446 2790 468 2814 1.
505 2790 616 2816 Gestum
635 2791 661 2816 in
680 2790 782 2827 republ.
803 2790 833 2817 fr.
853 2794 876 2817 2.
897 2791 961 2825 5.1.
983 2792 1015 2818 ad
1033 2793 1127 2819 munic.

294 2832 335 2857 50.
357 2833 378 2857 1.
415 2830 565 2858 Provincias
584 2842 674 2869 gerere
694 2832 742 2867 [al.
763 2833 878 2871 regere]
898 2833 928 2860 fr.
947 2836 971 2860 2.
992 2835 1074 2868 5.11.
1095 2834 1128 2861 de

1083 814 1126 841 IIl.
1149 831 1150 835 =

738 1159 780 1186 III.
801 1161 863 1187 Cn.
883 1159 913 1186 Si
933 1160 992 1196 quis
1012 1163 1064 1185 tam
1083 1159 1146 1192 illl-⁷

706 2278 745 2303 19.
782 2276 833 2303 Pro
853 2277 905 2303 fide
924 2278 961 2303 rei
980 2282 1076 2313 gestae.
1097 2277 1127 2304 fr.
1150 2292 1151 2295 ¹

1013 173 1105 204 GEO
1132 192 1170 197 —
1195 173 1289 205 GES.

1172 256 1206 283 Ο.
1225 256 1242 283 I.
1264 258 1286 283 1.
1305 258 1330 282 2.
1372 256 1551 293 magistratum
1577 257 1678 289 (neve)
1702 259 1801 294 petito,
1828 268 1894 285 neve
1920 259 2016 295 capito,

1172 309 1238 326 neve
1257 300 1349 335 gerito,
1368 310 1434 326 neve
1453 299 1559 326 habeto.
1580 299 1645 326 Tab.
1665 299 1768 327 Heracl.
1789 300 1833 327 lin.
1847 303 1889 328 21.
1905 312 1944 338 sq.
1965 312 2016 329 aer.

1173 342 1255 380 Neap.
1275 342 1309 369 cf.
1330 342 1359 369 fr.
1383 345 1404 368 l.
1424 343 1446 376 5.
1465 344 1489 369 5.
1509 343 1542 369 de
1561 343 1660 380 postul.
1674 344 1697 369 3.
1715 345 1736 370 1.
1775 343 1957 371 Gereudorum
1971 344 2016 371 ho-

1149 411 1150 414 ,
1172 396 1264 412 norum
1288 385 1408 413 facultas.
1433 385 1464 412 fr.
1493 387 1531 412 14.
1558 387 1578 420 5.
1603 388 1627 412 5.
1653 385 1685 412 de
1710 396 1779 413 mun.
1805 392 1831 413 et
1849 387 1910 414 hon.
1930 390 1972 414 50.
1992 390 2016 414 4.

1172 428 1203 455 cf.
1225 429 1254 455 fr.
1276 431 1297 455 l.
1318 430 1339 463 5.
1358 431 1383 455 3.
1404 428 1436 455 de
1456 428 1501 454 off.
1522 428 1665 464 Quaestor.
1693 431 1715 455 l.
1737 431 1776 455 13.
1814 429 1910 456 Nullus
1929 430 2018 458 haere-

1173 473 1239 498 ticus
1260 472 1363 503 militet,
1383 471 1426 498 vel
1445 481 1521 497 curas
1541 471 1662 508 publicas
1682 477 1762 508 gerat.
1787 472 1833 499 Iul.
1855 483 1895 510 ep.
1915 483 1974 500 nov.
1995 484 2015 501 c.

1173 516 1230 541 102.
1251 515 1273 549 ξ.
1293 516 1354 541 364.

1207 558 1365 585 (ἰθῐίῐίο.
1404 559 1524 584 Genio.
1561 556 1604 584 III.
1629 559 1694 585 Gn.
1725 557 1801 584 Licet
1827 569 1859 585 ex
1882 558 1935 585 hoc
1958 559 2017 596 ipso

1171 611 1256 637 neque
1279 611 1327 638 pro
1352 600 1450 627 herede
1473 601 1575 636 geritio,
1605 600 1653 634 [al.
1678 602 1794 637 gestio.]
1819 611 1905 638 neque
1936 601 2016 628 aditio

1171 646 1354 682 praesumitur.
1375 644 1404 670 fr.
1426 645 1466 669 14.
1486 644 1508 677 5.
1529 646 1552 670 Β.
1573 643 1606 670 de
1625 643 1698 680 relig.
1721 646 1761 670 11.
1782 646 1804 670 7.

1209 688 1417 714 Germana.
1455 686 1497 713 Cf.
1517 697 1540 713 v.
1561 686 1707 714 Germanus
1728 686 1860 721 (Adiect.)

1208 730 1431 757 Germania.
1463 732 1643 757 Provincia
1663 732 1796 765 imperii
1815 732 1856 761 R,
1876 731 2017 757 Rhenum

1172 783 1282 799 versus
1306 775 1441 810 finibus
1473 775 1606 799 Galliae
1634 775 1846 800 contermino.
1882 772 1925 799 III.
1950 773 2017 801 οη.

1173 814 1280 842 Praedia
1307 817 1332 842 in
1357 816 1496 842 Germania
1520 821 1592 842 trans
1618 816 1740 843 Rhenum
1765 817 1834 842 emit.
1861 816 1890 842 fr.
1918 817 1957 842 11.
1977 825 2017 853 pr.

1173 858 1205 885 de
1225 860 1300 886 evict.
1321 861 1362 886 21.
1382 861 1406 885 2.
1445 859 1473 885 Si
1488 859 1577 885 eadem
1591 860 1734 896 provincia,
1754 863 1846 896 postea
1860 858 1954 888 divisa,
1967 858 2018 885 sub

1165 901 1276 928 ‘duobus
1296 901 1468 928 Praesidibus
1489 903 1631 928 constituta
1646 906 1695 934 est,
1714 901 1787 928 velut
1801 901 1950 933 Germania,
1963 901 2018 938 My-

1173 946 1218 971 sia.
1238 944 1269 971 fr.
1289 947 1313 971 3.
1334 944 1367 971 de
1386 945 1430 972 off.
1451 945 1551 972 adsess.
1570 948 1591 972 Ι.
1605 947 1648 971 22.
1685 944 1714 971 In
1735 944 1873 971 Germania
1893 944 2018 972 inferiore

1172 988 1392 1024 Agrippinenses.
1413 988 1442 1014 fr.
1463 990 1486 1014 8.
1506 989 1528 1022 5.
1547 990 1572 1014 2.
1592 987 1625 1014 de
1644 987 1744 1014 censib.
1763 990 1805 1014 50.
1827 990 1867 1014 15.

1209 1031 1472 1057 Germanicus.
1509 1032 1540 1064 §.
1560 1032 1595 1057 1.
1633 1032 1752 1058 Nomen
1771 1037 1801 1057 et
1815 1032 1901 1067 filii
1920 1037 1949 1057 et
1968 1040 2018 1057 ne-

1170 1076 1261 1108 potis
1282 1075 1472 1100 Oetaeiani.
1509 1073 1552 1100 III.
1573 1075 1638 1102 Cn.
1665 1074 1759 1100 Edicta
1785 1073 1935 1100 Germanici
1954 1072 2019 1100 Cae-

1173 1118 1239 1143 saris
1263 1116 1374 1143 militem
1399 1116 1563 1143 desertorem
1587 1116 1729 1149 faciebant,
1753 1118 1797 1153 qui
1822 1122 1871 1143 etc.
1896 1116 1927 1143 fr.
1951 1117 1975 1143 4.
1995 1116 2017 1150 5.

1175 1162 1214 1187 13.
1235 1160 1268 1186 de
1286 1159 1317 1186 R.
1332 1159 1365 1186 M.
1385 1161 1426 1186 49.
1449 1161 1488 1186 16.
1526 1159 1560 1186 D.
1576 1161 1710 1195 Augustus
1731 1169 1783 1186 non
1802 1164 1862 1186 ante
1882 1158 2019 1185 Tiberium

1173 1203 1317 1240 adoptavit.
1338 1213 1415 1239 quam
1434 1203 1457 1229 is
1477 1202 1662 1229 Germanicum
1681 1202 1829 1240 adoptavit.
1849 1203 1926 1236 511.
1946 1201 1964 1228 I.
1985 1201 2018 1228 de

1173 1246 1261 1283 adopt.
1283 1248 1305 1272 l.
1327 1248 1369 1272 ll.
1400 1261 1432 1265 -
1465 1246 1495 1279 §.
1521 1247 1556 1272 2.
1592 1247 1726 1273 Titulus
1749 1247 1965 1276 honorarius,
1985 1246 2019 1271 ob

1174 1292 1354 1316 Germanos
1381 1291 1542 1321 devictos,
1571 1290 1833 1323 Imperator-ibus
1861 1289 2017 1314 tributus.

1172 1331 1215 1358 ΙΙΙ.
1240 1333 1302 1360 Gn.
1339 1332 1403 1369 Imp.
1429 1331 1506 1358 Caes.
1530 1331 1603 1358 Flav.
1627 1331 1802 1363 lastinianus,
1821 1330 2017 1362 Alamannicus,

1174 1375 1313 1407 Gothicus,
1335 1392 1364 1396 —
1386 1375 1559 1402 Germanicus
1580 1379 1628 1401 etc.
1648 1374 1768 1402 Prooem.
1788 1374 1853 1401 Inst.
1874 1373 1983 1407 (Rubr.)

1209 1420 1435 1446 Germanus.
1457 1417 1574 1451 (Subst.)
1605 1420 1800 1444 Germaniae
1819 1420 1936 1445 incola.
1973 1415 2017 1443 III.

1173 1462 1239 1489 Cn.
1258 1461 1300 1488 Ab
1321 1461 1444 1487 hostibus
1469 1466 1575 1498 captus,
1599 1465 1691 1497 utputa
1716 1472 1728 1487 a
1749 1460 1887 1487 Germanis
1911 1464 1937 1486 et
1955 1458 2018 1486 Par-

1173 1504 1235 1530 this.
1255 1504 1284 1530 fr.
1304 1506 1346 1531 24.
1367 1504 1399 1531 cf.
1420 1504 1451 1531 fr.
1470 1506 1512 1530 27.
1533 1503 1566 1530 de
1586 1505 1681 1541 captiv.
1701 1506 1742 1531 49.
1764 1506 1804 1531 15.

1209 1548 1435 1574 Germanus.
1446 1546 1575 1581 (Adiect.)
1596 1549 1638 1573 Ab
1657 1549 1760 1573 eodem
1777 1553 1872 1581 patre
1892 1548 2015 1573 eadem-

1174 1600 1229 1624 que
1248 1597 1350 1617 matre
1366 1596 1565 1625 prognatus.
1602 1589 1633 1616 11.
1649 1591 1717 1623 01).
1749 1588 1881 1628 Germani,
1902 1604 1934 1608 —-
1955 1587 2018 1615 Vte-

1173 1634 1223 1659 rini
1243 1633 1371 1665 (fratres.)
1393 1633 1442 1659 Th.
1459 1632 1489 1659 C.
1509 1633 1539 1659 II.
1563 1634 1601 1659 19.
1622 1643 1643 1658 c.
1659 1634 1681 1658 l.
1702 1632 1734 1659 de
1748 1632 1819 1659 inoff.
1834 1637 1938 1658 testam.
1953 1631 2017 1658 Ger-

1173 1686 1271 1707 manae,
1291 1677 1511 1712 consanguineae,
1532 1675 1574 1702 vel
1594 1676 1694 1702 sororis
1715 1676 1832 1702 uterinae
1850 1674 1931 1701 filius.
1951 1675 1973 1708 5.
1993 1676 2017 1701 4.

1173 1718 1191 1745 1.
1211 1718 1244 1745 de
1263 1718 1333 1755 legit.
1353 1729 1409 1755 agn.
1430 1728 1501 1745 succ.
1520 1720 1544 1744 3.
1564 1721 1588 1745 2.

1209 1762 1555 1789 Gerontoeomium.
1588 1763 1719 1796 Asylum
1739 1763 1908 1793 debilium,
1928 1763 2016 1788 senio

1173 1806 1405 1832 laborantium.
1440 1804 1472 1830 II.
1495 1806 1561 1832 (711.
1597 1804 1764 1831 Donationes
1784 1804 1871 1831 facere
1890 1820 1922 1823 —
1941 1804 1968 1830 in
1987 1803 2015 1830 S.

1174 1847 1319 1879 eeclesiam,
1338 1847 1381 1873 vel
1400 1848 1427 1873 in
1446 1847 1650 1879 xenodochium,
1670 1847 1713 1873 vel
1732 1848 1759 1874 in
1778 1847 1969 1878 nosocomium,
1983 1862 2015 1866 -

1173 1891 1215 1917 vel
1239 1892 1265 1917 in
1288 1891 1513 1927 gerontocomium
1539 1895 1588 1917 etc.
1618 1901 1639 1917 c.
1667 1892 1707 1917 19.
1732 1901 1753 1917 c.
1777 1892 1820 1917 22.
1844 1901 1884 1927 sq.
1909 1889 1943 1916 de
1967 1888 2015 1916 SS.

1174 1934 1237 1961 eccl.
1259 1936 1281 1960 1.
1301 1937 1326 1960 2.

1209 1987 1384 2012 Gerulus.
1423 1986 1616 2012 Nunc-tator.
1653 1984 1672 2010 I.
1696 1985 1758 2018 Sy.
1797 1982 2016 2020 Officiales,per

1174 2038 1241 2065 quos
1266 2029 1390 2054 convenit
1414 2032 1486 2063 gesta
1510 2028 1660 2054 transmitti.
1686 2026 1778 2053 Geruli
1798 2026 1970 2059 (litterarum,
1990 2036 2014 2052 v.

1173 2073 1332 2107 gestorum.)
1370 2070 1419 2096 Th.
1445 2070 1475 2096 C.
1498 2071 1544 2097 XI.
1568 2072 1610 2096 30.
1635 2079 1656 2095 ο.
1681 2071 1722 2095 29.
1748 2080 1769 2096 c.
1789 2071 1830 2095 31.
1856 2068 1889 2095 de
1909 2079 1968 2106 app.
1990 2074 2015 2095 et

1173 2124 1250 2151 poen.
1273 2113 1304 2139 cf.
1325 2113 1392 2139 Vlll.
1415 2115 1454 2139 11.
1475 2123 1496 2139 c.
1515 2115 1539 2138 4.
1561 2122 1593 2138 ne
1612 2122 1655 2148 qu.
1675 2111 1737 2149 pub.
1758 2111 1817 2138 laet.

1209 2166 1338 2192 Gesta.
1375 2163 1417 2190 Cf.
1436 2173 1461 2189 v.
1482 2162 1600 2189 Gestum.
1620 2163 1642 2197 5.
1661 2164 1686 2189 2.

1209 2216 1382 2242 (aestate.
1421 2215 1451 2247 5.
1471 2215 1505 2241 l.
1526 2217 1680 2246 Portare,
1703 2215 1847 2240 rsectare.
1885 2213 1928 2240 ΠΙ.
1948 2215 2014 2242 Gn.

1173 2258 1276 2289 Mulier,
1296 2268 1372 2294 quam
1392 2258 1418 2283 in
1437 2262 1511 2284 utero
1531 2256 1597 2283 nihil
1615 2261 1717 2293 gestare
1736 2257 1881 2284 constabat.
1902 2257 1933 2284 fr.
1943 2259 1968 2284 4.
1982 2257 2016 2284 de

1174 2300 1241 2327 S.C.
1261 2300 1343 2327 Silan.
1362 2302 1404 2327 29.
1425 2303 1448 2327 5.
1486 2299 1678 2327 Deambulandi
1704 2304 1729 2325 et
1755 2300 1875 2335 gestandi
1899 2301 1953 2334 (ius
1971 2299 2015 2327 ha-

1173 2344 1257 2376 bere.)
1278 2343 1308 2370 fr.
1330 2345 1369 2370 12.
1390 2344 1411 2377 5.
1433 2345 1455 2369 l.
1476 2343 1508 2370 de
1527 2353 1576 2369 usu
1596 2347 1621 2368 et
1640 2342 1720 2369 habit.
1736 2344 1758 2369 7.
1773 2346 1796 2369 ὅ.
1835 2343 1903 2370 Cum
1922 2348 1966 2370 aut
1980 2343 2015 2370 la-

1173 2387 1261 2418 vandi,
1281 2391 1324 2413 aut
1342 2386 1471 2423 gestandi,
1491 2390 1533 2412 aut
1552 2384 1673 2411 ludorum
1693 2387 1774 2422 gratia
1788 2385 1930 2423 (prodierit
1938 2385 2015 2413 Prae-

1175 2430 1241 2463 tor.)
1268 2429 1297 2456 fr.
1324 2431 1346 2456 7.
1371 2429 1404 2455 de.
1427 2439 1537 2455 manum.
1562 2428 1633 2455 vind.
1659 2430 1700 2455 40,
1720 2431 1744 2455 2.
1781 2429 1873 2465 Equus
1893 2428 2013 2466 gestandi

1175 2483 1252 2499 causa
1271 2471 1458 2499 commodatus.
1479 2470 1534 2497 Gai.
1555 2470 1598 2497 III.
1619 2473 1676 2498 196.
1709 2488 1741 2491 —
1773 2473 1804 2505 §-
1824 2473 1860 2498 Β.
1881 2474 2012 2504 Gerere,

1174 2518 1344 2543 Exltibere.
1380 2513 1424 2540 III.
1445 2514 1510 2541 Gn.
1531 2513 1585 2549 Qui
1604 2525 1652 2551 per
1670 2514 1774 2541 diversa
1793 2514 1881 2541 officia
1904 2514 2013 2541 militiae

1174 2563 1334 2585 sacramenta
1357 2560 1499 2592 gestarunt.
1537 2556 1586 2583 Th.
1607 2557 1638 2583 C.
1657 2557 1714 2584 XII.
1734 2559 1757 2584 6.
1783 2568 1804 2584 c.
1824 2559 1848 2583 5.
1873 2556 1906 2583 de
1924 2566 2011 2584 susce-

1174 2607 1242 2639 ptor.

1210 2650 1392 2679 Gestatio.
1441 2651 1546 2677 Lucus
1555 2671 1561 2682 ‚
1588 2661 1645 2685 per
1677 2661 1763 2685 quem
1793 2652 1909 2677 lectica
1937 2651 2010 2683 quis

1173 2705 1190 2728 p
1199 2706 1212 2721 o
1221 2701 1250 2720 rt
1258 2700 1289 2720 o!
1298 2704 1313 2719 ιι
1321 2703 1342 2719 r.
1379 2692 1420 2719 III.
1438 2694 1504 2720 Cn.
1524 2693 1701 2725 Gestationes,
1720 2693 1764 2720 vel
1778 2691 2009 2720 deambulationes.

1175 2736 1216 2763 Cf.
1235 2747 1260 2763 v.
1280 2735 1472 2762 Deambulatio.

1209 2791 1452 2819 Gesticulari.
1497 2794 1624 2818 Gestum
1646 2793 1780 2827 facere,
1807 2790 2010 2816 histrionum

1171 2844 1262 2861 more.
1298 2833 1341 2860 III.
1363 2835 1429 2861 Gn.
1454 2833 1483 2860 In
1507 2834 1583 2860 aliam
1606 2844 1683 2871 quam
1707 2833 1868 2869 voluptatem
1891 2831 1944 2864 (sc.
1969 2831 2007 2858 in-
