2197 3121
250 179 312 209 554

1079 169 1169 202 SAC.

251 260 284 287 de
297 258 414 287 statulib.
436 260 479 285 40.
493 260 518 285 7.
557 256 600 283 III.
615 257 681 284 Cn.
701 254 815 282 Pecunia
833 255 860 282 in
873 252 979 281 sacculo
999 253 1101 289 signato
1123 253 1125 267 ¹
1147 256 1260 289 oportet.
1284 250 1315 278 fr.
1334 252 1376 278 32.
1399 251 1422 285 §.
1441 253 1464 279 4.
1490 251 1523 278 de
1541 261 1592 278 rec.
1613 260 1655 288 qu.
1675 250 1729 278 arb.
1748 253 1772 278 4.
1791 251 1816 278 8.
1851 250 1990 278 Publicum

252 303 380 340 deposita.
418 300 561 328 Saeculum
591 309 649 325 cum
677 300 787 336 pecunia
812 296 996 334 (obsignare.)
1023 296 1052 323 fr.
1078 297 1101 323 l.

251 347 274 381 §.
292 348 334 373 36.
353 345 444 383 depoS.
466 345 505 370 16.
525 345 549 369 3.
571 342 601 369 fr.
621 343 646 368 8.
667 341 700 368 (18
719 340 748 368 L.
769 351 861 368 comm.
883 342 922 366 18.
938 341 962 366 3.
983 338 1054 366 Paul.
1069 338 1100 366 11.

255 391 296 416 12.
316 389 338 422 §.
359 391 382 414 5.
420 387 524 413 Vetitas
549 386 575 412 in
602 384 708 412 sacculo
733 389 802 411 artes
823 387 976 411 exercentes
997 383 1104 415 (saccu—

258 432 341 464 larIi.)
362 431 403 457 Cf.
423 440 447 456 v.
468 428 646 455 Saecularius.

290 476 442 502 Sat-cus-
478 471 556 505 §·l.
576 473 830 505 Receptaculum
850 472 890 496 ad
907 471 1103 503 portandum

249 520 458 555 frumentum
485 521 540 542 etc.
583 514 626 540 III.
646 515 713 542 Gn.
742 513 841 540 Saccus
865 512 983 538 succan-ii.
1011 510 1054 538 Cf.
1078 521 1102 537 v.

255 561 400 587 SaccariuS.
421 574 453 577 —
474 557 505 591 ξ.
525 558 560 584 2.
582 558 751 584 crumena.
789 556 807 582 1.
819 557 881 590 Sy.
902 553 1040 581 sacculus.
1060 553 1102 580 Cf.

256 604 280 631 h.
304 613 328 630 v.
366 601 407 628 III.
429 602 495 629 Cn.
525 600 637 627 Saccum
666 609 830 626 nummorum
858 597 1009 634 (deponere
1036 597 1103 630 etc.)

255 647 285 673 fr.
304 647 346 672 21.
367 645 389 679 §.
411 646 432 670 l.
453 643 482 670 fr.
504 645 544 670 77.
565 642 597 669 de
618 642 678 669 surt.
699 644 739 669 47.
757 644 781 668 2.
819 640 925 668 Debere
945 641 1033 667 statim
1052 639 1104 666 sol-

255 699 331 719 vere;
351 698 408 715 cum
428 686 517 723 aliquo
537 686 641 713 scilicet
660 688 866 723 temperamento
886 684 1013 720 temporis
1028 682 1104 710 intel-

256 731 388 769 ligendum
408 735 457 762 est⁷
477 740 526 756 nec
545 730 614 756 enim
635 739 693 756 cum
712 738 789 755 sacco
803 726 876 753 adire
890 725 976 753 debet.
997 725 1028 753 fr.
1047 727 1104 752 105.

255 775 288 803 de
308 774 387 801 solut.
408 775 449 800 46.
468 774 493 799 3.

290 818 442 845 Saccus.
474 818 592 843 Nomen
612 817 707 842 servi.
736 813 779 840 III.
795 814 861 841 Gn.
881 812 990 843 Saccus,
1010 821 1104 838 servus

255 860 367 891 medius,
387 865 412 886 et
433 875 463 880 —
484 858 594 885 ancillae
607 868 687 887 meae.
707 873 738 876 —
759 856 835 883 liberi
855 860 944 882 sunto.
965 854 996 882 fr.
1010 856 1051 882 44.
1072 854 1105 881 de

255 914 323 931 man.
343 908 445 929 testam.
470 904 511 929 40.
531 903 554 928 4.

293 948 497 974 Sacellum.
534 946 637 972 Locus
661 953 785 978 parvus
807 948 1029 974 consecratus,
1055 939 1105 974 (ad

257 1000 312 1016 rem
336 989 450 1016 divinam
475 987 645 1020 faciendam.)
682 986 700 1013 1.
721 988 783 1021 Sy.
808 985 896 1013 Locus
921 994 1031 1022 parvuS,
1055 983 1105 1010 deo

258 1038 392 1061 sacratus.
422 1041 480 1058 cum
505 1041 556 1057 ara.
581 1029 624 1057 Fr.
650 1029 681 1057 C.
706 1029 839 1061 Trebatii,
867 1028 945 1055 1.Cti.
965 1027 1016 1065 Ap.
1036 1026 1106 1054 Gell.

259 1076 303 1103 Vl.
325 1078 364 1102 12.

293 1120 423 1147 Sacer.
447 1116 588 1151 (Adiect.)
616 1116 646 1149 ξ.
661 1116 696 1142 l·
719 1115 796 1141 Deis
817 1115 978 1148 (superis)
1000 1123 1108 1140 conse-

258 1169 381 1189 cratus.
418 1161 436 1187 I.
457 1161 519 1194 Sy.
545 1159 625 1196 Quod
649 1158 757 1185 deorum
778 1157 896 1184 habetur.
922 1157 1039 1183 Sacrum.
1063 1155 1105 1182 Fr.

260 1205 291 1232 C.
312 1204 445 1235 Trebatii,
468 1202 549 1230 Leti.
569 1203 620 1240 Ap.
644 1200 758 1228 Maon-ob.
784 1205 881 1227 saturn.
907 1199 949 1226 III.
969 1201 993 1226 3.
1031 1199 1106 1234 Quae

260 1248 311 1275 diis
330 1248 435 1285 superis
455 1251 623 1273 consecratae
643 1248 712 1276 sunt,
733 1243 828 1270 Sacrae
848 1243 924 1276 (res.)
954 1242 1010 1269 Gai.
1031 1242 1061 1268 11.
1082 1243 1106 1268 4.

259 1291 291 1318 II.
305 1293 373 1325 Op·
393 1289 553 1325 Religiosus.
573 1287 615 1315 Cf.
635 1286 659 1313 h.
680 1297 704 1313 v.
725 1287 746 1320 ξ.
764 1287 823 1313 LA.
844 1286 965 1313 Sanctus.
985 1285 1015 1312 fr.
1032 1287 1054 1311 1.
1067 1294 1106 1322 pr.

260 1334 291 1361 fr.
312 1335 336 1360 6.
362 1333 384 1366 ξ.
403 1334 428 1358 2.
454 1331 486 1358 de
505 1331 537 1358 R.
556 1331 589 1358 D.
610 1332 633 1357 1.
653 1331 677 1357 8,
702 1329 732 1356 fr.
755 1332 775 1356 l.
796 1340 836 1367 pr.
862 1329 891 1356 fr.
910 1331 934 1356 2.
960 1338 993 1355 ne
1019 1338 1061 1365 qu.
1081 1329 1108 1354 in

261 1377 320 1403 Ioco
346 1385 411 1402 sacr.
435 1376 477 1401 43.
497 1375 522 1401 6.
560 1373 698 1400 Profauus.
723 1372 764 1399 Cf.
785 1372 810 1399 h.
830 1383 853 1399 v.
878 1373 900 1406 ξ.
922 1374 944 1398 1.
981 1371 1026 1398 111.
1042 1372 1108 1399 Gu-

263 1418 345 1456 Quod
364 1428 417 1445 non
437 1428 470 1444 ex
489 1418 644 1444 auctoritate
659 1415 751 1454 populi
764 1415 795 1442 R.
810 1420 990 1442 consecratum
1012 1419 1061 1447 est,
1076 1430 1106 1434 ——

262 1462 371 1500 proprie
390 1470 493 1487 sacrum
513 1470 565 1486 non
586 1464 635 1491 est,
655 1464 741 1485 tamen
759 1468 807 1496 pro
821 1468 896 1484 sacro
910 1457 1030 1484 habetur.
1051 1456 1108 1483 Gai.

263 1505 293 1532 II.
315 1507 338 1531 7.
377 1503 469 1534 Sacra.
490 1502 533 1529 vel
552 1502 675 1538 religiosa
694 1511 750 1533 reS,
775 1501 816 1527 vel
837 1501 929 1528 usibus
949 1500 1063 1538 publicis
1082 1500 1109 1526 in

263 1552 418 1587 perpetuum
438 1546 536 1572 relicta.
557 1545 587 1572 fr.
607 1548 649 1572 83.
669 1545 691 1579 §.
711 1546 735 1570 5.
755 1544 788 1571 de
807 1544 838 1571 V.
859 1544 891 1570 0.
912 1546 954 1571 45.
976 1546 997 1570 l.
1018 1543 1048 1570 fr.
1070 1544 1109 1569 17.

263 1601 302 1629 pr
323 1590 355 1616 de
374 1589 406 1616 V.
427 1588 455 1615 S.
475 1591 516 1615 50.
538 1590 578 1615 16.
599 1588 660 1625 le.
679 1586 777 1614 XXIV.
797 1588 821 1614 9.
842 1586 898 1613 Gai.
913 1586 943 1613 11.
961 1587 1002 1612 48.
1024 1586 1054 1612 fr.
1067 1588 1109 1612 22.

264 1634 294 1661 fr.
315 1635 356 1660 72.
376 1633 397 1666 ξ
419 1634 441 1658 l.
463 1631 495 1658 de
515 1636 598 1658 contr.
619 1636 678 1657 emt.
701 1632 739 1656 ls.
760 1631 781 1656 1.
819 1628 891 1656 Cura
910 1629 1020 1661 aedium,
1040 1628 1111 1655 loco-

265 1686 376 1713 rumque
396 1684 538 1701 sacrorum.
563 1674 594 1701 fr.
615 1675 637 1700 1.
658 1674 679 1707 ξ.
698 1674 722 1699 3.
744 1682 776 1698 nc
795 1682 837 1709 qu.
858 1673 884 1698 in
904 1672 963 1699 loco
983 1682 1048 1698 sacr.
1069 1674 1110 1698 43.

265 1722 289 1747 6.
326 1717 523 1746 Certamiuibus
548 1717 631 1743 sacris
655 1716 804 1747 deservire,
828 1725 852 1741 v.
877 1716 1006 1742 coronari.
1032 1714 1062 1742 fr.
1087 1716 1110 1740 4.

265 1773 305 1801 pr.
330 1762 361 1789 de
386 1761 410 1788 h.
437 1771 479 1798 qu.
500 1765 554 1786 not.
578 1759 623 1786 inf.
643 1761 666 1785 3.
686 1761 710 1785 2.
732 1758 761 1785 fr.
781 1760 804 1786 6.
824 1759 845 1792 ξ.
868 1760 907 1785 13.
930 1758 962 1784 de
983 1762 1110 1784 excusatt.

265 1807 350 1832 211.
377 1821 405 1825 -—
433 1804 464 1837 ξ.
480 1804 565 1830 LA.
589 1804 651 1835 Qui
674 1804 746 1828 sine
763 1803 897 1836 piaculo
917 1803 1025 1828 occidi
1041 1807 1112 1835 pot-

267 1855 320 1876 est.
349 1847 392 1874 III.
408 1849 473 1875 Gn.
491 1846 629 1877 Patronus,
649 1846 673 1871 si
687 1844 774 1871 clienti
790 1844 906 1871 fraudem
920 1844 1020 1876 feccrit,
1039 1853 1113 1870 sacer

269 1892 340 1918 esto!
360 1890 388 1917 L.
403 1889 517 1917 Romuli.
532 1899 552 1915 c.
569 1891 590 1915 l.
611 1888 688 1925 Ipsus
707 1887 762 1914 Iovi
781 1897 855 1914 sacer
874 1889 943 1914 esto!
963 1886 993 1914 L.
1013 1886 1114 1913 Numae

269 1934 358 1971 Pomp.
376 1944 397 1960 c.
414 1934 452 1959 13.
475 1949 504 1952 —
525 1932 556 1965 δ.
571 1933 606 1959 2.
622 1933 794 1963 colendus,
816 1933 964 1957 Sanctus.
991 1929 1113 1957 HLGn.

269 1978 350 2005 Sacer
375 1987 403 2003 ac
427 1974 585 2002 venerabilis
610 1975 797 2012 (episcopus.)
827 1973 877 2000 Th.
898 1972 929 2000 C.
950 1973 968 2000 I.
992 1974 1016 2000 6.
1044 1983 1066 2000 c.
1090 1974 1113 1998 4.

270 2019 376 2055 (ch.)
397 2018 429 2045 de
449 2018 492 2044 off.
512 2017 564 2044 Prf.
585 2017 630 2043 Vr.
668 2017 756 2043 Sacris
776 2016 925 2042 nominibus
945 2016 1034 2042 debita
1060 2018 1115 2048 (re-

271 2062 414 2095 verentia.)
435 2061 472 2087 lb.
492 2059 560 2086 Vlll.
576 2062 615 2086 ls.
636 2070 656 2086 c.
675 2061 695 2086 l.
716 2070 754 2097 pr.
775 2059 807 2085 de
826 2064 935 2085 matern.
955 2058 1016 2085 bon.
1047 2058 1115 2085 Vrbs

272 2116 353 2133 sacra.
376 2115 396 2131 c.
417 2107 439 2130 2.
465 2103 497 2130 de
516 2108 586 2129 naut.
606 2102 674 2129 foen.
694 2104 718 2128 4.
737 2104 778 2128 353.
804 2117 835 2121 —
860 2102 890 2135 §.
911 2103 995 2128 ΕΗΔ.
1018 2103 1116 2136 Impe-

272 2151 385 2179 rialis.
407 2148 620 2180 Principalis.
659 2145 750 2179 [Sy.
769 2144 928 2181 Principum.
948 2143 1115 2181 Principalis,

273 2192 352 2219 Sacra
373 2190 540 2223 (constitutio
560 2190 622 2220 etc.)
647 2188 676 2215 fr.
698 2190 737 2214 la.
757 2197 796 2224 pr.
820 2187 856 2221 ἐξ.
876 2189 900 2213 3.
920 2189 943 2213 5,
964 2190 988 2214 8.
1009 2187 1041 2214 de
1061 2188 1116 2213 iure

273 2235 340 2262 fisci.
359 2235 400 2259 49.
418 2235 456 2259 14.
477 2232 526 2259 Th.
546 2232 577 2259 C.
596 2230 641 2258 XI.
661 2234 703 2257 20.
724 2240 744 2257 c.
767 2232 788 2256 1.
809 2240 848 2266 sq.
869 2229 902 2256 de
920 2230 1007 2256 collat.
1028 2230 1115 2257 donat.

274 2277 386 2308 Noster,
415 2275 535 2302 Divinus.
561 2275 597 2301 lb.
618 2274 661 2300 lx.
680 2276 722 2300 22.
748 2284 769 2300 c.
792 2274 813 2298 1.
837 2272 861 2298 si
885 2282 927 2309 qu.
952 2272 1002 2299 sol.
1026 2273 1116 2300 circul.

274 2320 343 2348 XIII.
364 2321 386 2346 4.
414 2329 435 2345 c.
454 2320 478 2344 4.
503 2317 535 2344 de
559 2327 647 2344 excas.
673 2316 741 2344 artif.
766 2315 825 2348 (Cf.
850 2325 873 2342 ν.
898 2314 1003 2342 Noster.
1029 2316 1050 2349 §.
1074 2316 1116 2349 3.)

276 2363 318 2390 III.
334 2364 400 2391 (7η.
421 2361 503 2392 Sacri,
523 2371 553 2386 ac
572 2361 676 2397 privati,
696 2360 788 2386 aerarii
807 2359 925 2385 comites.
962 2358 1060 2385 Comes
1079 2368 1118 2385 sa—

277 2415 392 2437 crarum,
416 2415 445 2431 ac
464 2405 632 2441 privatarum.
655 2403 691 2429 lb.
711 2402 756 2429 XI.
778 2404 817 2428 1⁸.
838 2412 859 2428 c.
881 2403 904 2428 l.
941 2401 995 2437 Qui
1015 2412 1028 2428 a
1045 2411 1118 2438 prae-

276 2449 323 2476 bit.
347 2449 425 2475 tiron.
451 2447 508 2474 XII.
534 2448 555 2473 l.
580 2457 601 2473 c.
629 2448 685 2472 120.
714 2445 746 2472 (18
770 2444 904 2471 dccurion.
945 2444 986 2471 Ex
1012 2443 1119 2470 metallo

277 2491 423 2528 Principis,
448 2490 490 2516 vel
514 2500 545 2516 ex
569 2494 672 2516 moneta
691 2498 777 2520 sacra,
801 2488 888 2514 furari.
913 2487 943 2514 fr.
962 2488 1004 2514 38.
1023 2497 1062 2524 pr.
1087 2486 1119 2513 de

278 2544 354 2572 poen.
373 2536 415 2560 45.
438 2535 476 2560 19.
514 2533 615 2559 Contra
637 2532 722 2568 leges,
747 2535 772 2557 et
795 2540 882 2557 sacras
907 2531 1118 2557 constitutiones.

279 2577 308 2604 fr.
332 2579 373 2604 27.
400 2576 432 2603 de
456 2586 484 2603 re
508 2575 560 2602 iud.
586 2577 627 2601 42.
650 2577 671 2601 1.
707 2573 839 2601 Libellum
864 2573 980 2610 l'rincipi
1004 2572 1119 2604 dedisse,

281 2624 306 2645 et
325 2630 426 2646 sacrum
441 2619 597 2655 rescriptum
612 2622 774 2654 exspectare.
795 2616 824 2642 fr.
839 2618 862 2642 Δ1.
883 2616 915 2642 (18
929 2615 1025 2653 adpell.
1040 2616 1120 2652 recip.

280 2663 322 2688 49.
346 2664 369 2687 5.
393 2662 424 2689 cf.
450 2661 479 2688 fr.
499 2663 540 2688 43.
565 2661 598 2687 de
622 2661 652 2687 Α.
677 2661 707 2687 E.
728 2660 758 2686 V.
784 2660 823 2686 19.
846 2660 867 2684 1.
905 2658 1014 2685 Sacrum
1037 2658 1121 2685 nostri

282 2704 395 2731 numinis
419 2703 550 2730 iudIcium.
579 2703 629 2730 Th.
655 2702 685 2730 C.
710 2702 754 2729 XI.
777 2704 818 2728 30.
844 2712 865 2728 c.
887 2702 928 2727 49.
954 2701 986 2727 de
1012 2700 1071 2738 adp.
1096 2705 1122 2727 et

282 2756 358 2784 poen.
399 2746 459 2772 vice
479 2757 551 2774 sacra
571 2756 738 2782 cognoscere.
758 2745 795 2771 lb.
816 2754 837 2771 c.
859 2745 898 2770 16.

316 2789 512 2817 Sacerdos.
548 2790 579 2823 ξ.
597 2790 631 2815 1.
654 2790 809 2815 Minister
827 2796 1007 2817 sacrorum,
1028 2788 1123 2813 Anti-

282 2838 352 2859 xtcs.
390 2830 431 2857 111.
447 2832 511 2859 Cn.
532 2832 615 2859 Cuius
630 2832 679 2865 (sc.
694 2831 748 2864 dci)
769 2831 851 2858 sacris
865 2839 957 2857 vacare
971 2829 1122 2856 sacerdotes

1148 296 1190 322 ius
1204 296 1230 322 in
1244 295 1335 327 sacris,
1355 295 1381 320 in
1395 294 1586 326 sacerdotibus.
1606 294 1632 320 in
1646 293 1841 330 magistratibus
1859 295 1989 321 consistit.

1148 338 1178 365 fr.
1200 340 1222 364 1.
1241 338 1262 372 §.
1283 340 1307 364 2.
1327 336 1360 364 de
1379 337 1397 364 I.
1418 341 1443 364 et
1461 337 1480 364 Ι.
1502 339 1524 364 l.
1544 339 1567 363 l.
1605 336 1689 363 Cuius
1711 338 1766 371 (sc.
1786 337 1921 370 iustitiae)
1939 347 1991 364 me·

1149 382 1200 408 rito
1219 382 1278 418 quis
1298 390 1347 407 nos
1367 379 1519 406 sacerdotes
1538 379 1662 417 adpellet.
1687 379 1717 406 fr.
1739 381 1761 406 1.
1781 380 1803 414 §.
1826 381 1847 406 1.
1868 379 1902 406 ib.
1923 381 1945 406 l.
1967 381 1990 406 l.

1148 439 1180 444 —
1199 424 1231 458 §0
1247 425 1282 451 Β.
1302 425 1500 458 Episcopus,
1525 425 1706 458 Presbyter.
1742 422 1760 449 1.
1780 423 1843 457 Sy.
1862 421 1991 455 Amisum,

1147 467 1305 504 Episcopus.
1325 465 1367 493 Cf.
1387 476 1412 492 v.
1431 466 1560 492 Antistes.
1579 466 1601 500 §.
1617 468 1642 492 2.
1678 465 1722 492 III.
1736 466 1803 494 Gn.
1822 464 1991 498 Sacerdotes,

1150 514 1175 536 et
1194 510 1315 536 ministri.
1335 508 1385 536 Th.
1399 508 1430 535 C.
1444 507 1515 535 XVI.
1533 510 1558 535 2.
1579 518 1600 535 c.
1615 510 1657 535 31.
1678 507 1710 535 de
1730 509 1811 546 episc.
1831 507 1895 535 eccl.
1927 507 1993 535 Tam

1148 552 1314 585 sacerdotes,
1338 561 1416 589 quam
1435 551 1540 584 clerici,
1562 550 1684 588 laicique.
1707 550 1745 578 lb.
1768 550 1840 578 XVI.
1859 553 1883 578 5.
1907 561 1929 578 c.
1948 553 1991 578 52.

1148 606 1187 634 pr.
1208 595 1240 622 de
1260 595 1356 622 haeret.

1182 638 1451 667 §acen-dotalis.
1481 636 1622 671 (Adiect.)
1654 639 1701 664 Aa
1721 639 1906 664 sacerdotes
1924 647 1993 672 spe-

1149 687 1249 709 ctans.
1286 681 1305 708 1.
1324 683 1387 716 Sy.
1415 679 1584 718 Episcopalis
1609 679 1783 713 (audientia.)
1810 679 1848 706 lb.
1871 678 1944 706 XVI.
1967 680 1992 705 2.

1125 763 1126 768 1
1149 735 1170 751 c.
1190 726 1232 751 45.
1256 734 1278 750 c.
1297 725 1339 750 47.
1364 723 1397 750 de
1421 724 1502 761 episc.
1523 722 1586 749 eccl.
1622 722 1666 749 111.
1681 724 1746 751 Gn.
1766 722 1930 749 Sacerdotali
1950 721 1993 749 ad-

1149 768 1280 794 sumtione
1299 767 1485 804 episcoporum
1498 775 1594 792 nomeu
1607 765 1738 792 infamant.
1757 766 1795 792 lb.
1808 765 1880 792 XVI.
1892 768 1916 792 5.
1933 775 1955 792 c.
1969 767 1993 792 5.

1149 810 1181 837 (18
1200 809 1298 837 haeret.
1335 809 1427 847 Neque
1452 809 1549 845 cinguli
1573 809 1753 846 praerogativa
1772 824 1805 829 —
1824 813 1927 841 utetur,
1951 818 1995 835 ne-

1149 863 1199 891 que
1218 852 1376 880 sacerdotali
1396 852 1541 890 privilegio.
1562 851 1610 879 lul.
1631 862 1671 889 ep.
1690 861 1750 878 nov.
1771 862 1792 878 c.
1812 852 1853 878 96.
1873 851 1895 885 §.
1914 853 1974 878 357.

1184 896 1453 924 sacerdotalis.
1468 895 1586 929 (Subst.)
1608 897 1781 926 Sacerdoae,
1801 896 1994 922 Sacerdoeio

1144 941 1293 976 functus.
1330 938 1349 965 I.
1368 939 1430 973 Sy.
1454 938 1507 974 Qui
1527 948 1621 964 munus
1641 937 1783 964 sacerdotii
1803 941 1995 973 transegerunt.

1150 981 1342 1009 Sacerdotales.
1366 980 1533 1008 Sacerdotes.
1563 979 1613 1007 Th.
1638 980 1669 1007 C.
1695 980 1750 1007 Vll.
1777 981 1816 1006 13.
1845 990 1867 1006 c.
1890 982 1933 1006 22.
1962 979 1996 1006 de

1150 1027 1229 1052 tiron.
1253 1024 1312 1052 XII.
1333 1026 1356 1051 l.
1382 1034 1404 1050 c.
1425 1025 1484 1050 145.
1507 1033 1529 1050 c.
1556 1024 1613 1049 176.
1638 1022 1670 1049 de
1694 1022 1828 1050 decurion.
1851 1021 1922 1050 XVI.
1941 1024 1995 1049 5-c.

1151 1079 1173 1095 c.
1193 1070 1233 1094 54.
1254 1068 1292 1102 ἓξ.
1314 1069 1335 1093 1.
1356 1068 1379 1092 4.
1399 1066 1432 1093 de
1451 1066 1547 1093 haeret.
1586 1065 1629 1092 111.
1648 1067 1715 1093 Gn.
1734 1065 1866 1097 Illustres,
1886 1081 1919 1085 —
1938 1075 1997 1103 spe-

1153 1110 1272 1142 ctabiles,
1286 1124 1318 1130 ——
1338 1114 1484 1141 senatores,
1498 1125 1530 1129 -
1551 1108 1699 1141 clarissimi,
1713 1124 1745 1128 —
1761 1107 1950 1140 sacerdotales,
1963 1123 1996 1128 —

1152 1153 1322 1191 principales,
1344 1167 1374 1172 -—
1395 1151 1560 1179 decuriones.
1579 1152 1616 1179 lb.
1638 1162 1659 1179 c.
1679 1154 1720 1178 52.
1740 1162 1780 1189 pr.
1800 1151 1817 1178 l.
1833 1151 1849 1178 l.
1870 1150 1998 1178 Sacerdo—

1152 1197 1232 1229 tales,
1258 1201 1284 1223 et
1301 1195 1434 1222 Flamines
1453 1195 1587 1233 perpetui,
1608 1199 1686 1231 atque
1705 1195 1782 1221 etiam
1801 1194 1997 1221 Duumvirales.

1152 1240 1189 1266 lb.
1208 1239 1265 1266 XII.
1285 1241 1309 1265 5.
1329 1249 1351 1265 c.
1369 1240 1395 1265 2.
1415 1238 1545 1274 Quemad.
1565 1247 1635 1264 mun.
1655 1238 1704 1264 civ.

1187 1282 1465 1311 Sacerdotium.
1509 1283 1628 1308 Munus
1655 1287 1685 1307 et
1712 1282 1864 1315 dignitas
1892 1290 1998 1307 sacer-

1154 1328 1248 1353 dotis.
1285 1325 1304 1352 I.
1324 1326 1386 1359 Sy.
1410 1324 1531 1351 Flaminii
1551 1324 1644 1350 honor.
1671 1322 1721 1350 Th.
1741 1322 1771 1350 C.
1791 1322 1851 1350 XII.
1872 1324 1894 1349 1.
1915 1333 1936 1349 c.
1955 1324 1998 1350 21.

1154 1369 1186 1396 de
1206 1369 1340 1396 decurion.
1376 1367 1545 1405 Episcopalis
1564 1366 1648 1393 locuS.
1671 1365 1708 1392 Ib.
1728 1364 1800 1392 XVI.
1818 1367 1842 1392 2.
1863 1375 1884 1392 c.
1903 1366 1945 1392 35.
1966 1364 1999 1392 de

1154 1414 1236 1450 episc.
1256 1411 1320 1439 eccl.
1353 1410 1523 1438 sacerdotale
1536 1409 1711 1448 privilegium.
1730 1408 1779 1435 Iul.
1794 1418 1834 1446 ep.
1848 1418 1907 1436 nov.
1922 1418 1942 1435 c.
1955 1410 1998 1435 22.

1153 1457 1174 1490 ξ.
1194 1457 1235 1482 87.
1256 1465 1277 1481 c.
1297 1456 1338 1482 96.
1358 1455 1377 1489 §.
1400 1456 1460 1481 357.
1496 1453 1540 1480 111.
1561 1454 1627 1481 Gn.
1650 1452 1844 1488 magistratum,
1868 1462 1892 1479 v.
1911 1451 1999 1478 Hono-

1153 1508 1220 1531 rem,
1245 1503 1289 1524 aut
1312 1497 1488 1524 sacerdotium
1511 1498 1619 1534 (petere
1639 1496 1705 1529 etc.)
1730 1494 1760 1521 fr.
1782 1496 1804 1521 l.
1829 1495 1850 1528 §.
1873 1496 1893 1522 l.
1917 1494 1951 1521 ad
1967 1494 1998 1522 L.

1154 1542 1201 1569 Iul.
1223 1541 1290 1568 amb.
1310 1542 1352 1568 48.
1375 1542 1414 1567 14.
1434 1539 1506 1567 Paul.
1526 1539 1558 1566 V.
1577 1538 1658 1566 3o.A.
1678 1538 1699 1572 §.
1722 1539 1744 1564 l.
1764 1537 1794 1564 fr.
1813 1539 1853 1564 11.
1873 1537 1905 1564 de
1925 1536 2000 1574 polli-

1155 1586 1197 1612 cit.
1225 1587 1265 1612 50.
1292 1586 1331 1611 12.
1373 1583 1541 1619 Magistratus
1571 1587 1597 1609 et
1625 1580 1832 1608 sacerdotiorum
1860 1580 2000 1607 editiones.

1155 1628 1205 1655 Th.
1230 1627 1260 1654 C.
1284 1626 1343 1654 XV.
1362 1629 1386 1653 5.
1411 1636 1433 1653 c.
1455 1628 1478 1653 l.
1503 1625 1535 1652 de
1559 1629 1672 1663 spectac.
1711 1624 1785 1660 Quas
1809 1624 1862 1657 (sc.
1882 1624 1999 1660 virgines

1155 1671 1291 1704 Vestales)
1310 1671 1387 1697 ctiam
1406 1674 1520 1700 veteres,
1540 1670 1567 1695 in
1585 1668 1712 1694 honorem
1731 1666 1881 1699 sacerdotii,
1900 1666 1999 1693 liberas

1156 1724 1215 1741 esse
1234 1713 1382 1740 voluerunt.
1403 1712 1460 1739 Gai.
1480 1712 1498 1739 1.
1520 1713 1578 1738 145.
1599 1710 1631 1738 cf.
1652 1710 1682 1737 fr.
1695 1712 1737 1737 32.
1758 1710 1780 1744 ξ.
1793 1711 1818 1737 4.
1838 1709 1871 1736 (18
1890 1719 1941 1736 rec.
1956 1719 1999 1746 qu.

1156 1758 1209 1784 arb.
1234 1759 1257 1784 4.
1277 1758 1300 1784 8.
1338 1755 1478 1786 Flaminis.
1502 1754 1545 1781 vel
1568 1753 1711 1781 sacerdotii
1735 1753 1900 1790 provinciae,
1924 1762 2000 1779 orna-

1156 1805 1251 1828 menta.
1271 1799 1321 1827 Th.
1341 1798 1372 1826 C.
1392 1798 1436 1826 lv.
1456 1800 1480 1825 6.
1502 1808 1523 1825 c.
1541 1799 1564 1824 3.
1585 1797 1618 1824 de
1637 1801 1720 1823 natur.
1739 1795 1777 1823 fil.
1796 1795 1853 1823 XII.
1874 1797 1896 1821 l.
1917 1804 1938 1822 c.
1958 1796 1999 1822 75.

1158 1844 1190 1871 de
1209 1843 1343 1870 decurion.
1364 1841 1405 1869 Cf.
1426 1841 1455 1869 fr.
1478 1843 1516 1868 17.
1536 1851 1575 1878 pr.
1595 1840 1628 1867 de
1647 1850 1716 1866 mun.
1737 1844 1762 1865 et
1781 1839 1842 1865 hon.
1862 1840 1904 1865 50.
1923 1839 1948 1865 4.

1192 1886 1498 1914 Sacramentum.
1535 1885 1566 1918 ς’.
1585 1885 1620 1910 1.
1645 1885 1704 1910 Bes
1723 1892 1843 1909 sacrae.
1882 1882 2000 1917 Myste-

1158 1931 1248 1956 rinm.
1286 1928 1305 1955 1.
1321 1930 1383 1963 Sy.
1403 1927 1593 1959 caerimoniae,
1612 1925 1716 1962 Religio
1735 1924 1931 1958 (Iudaeorum.)
1950 1923 1999 1951 Th.

1160 1972 1190 2000 C.
1210 1972 1253 1999 IlI.
1275 1974 1296 1998 l.
1318 1982 1339 1998 c.
1359 1974 1383 1998 5.
1403 1970 1436 1997 de
1456 1975 1539 1997 contr.
1560 1974 1619 1996 emt.
1638 1968 1709 1996 XVI.
1729 1969 1753 1995 8.
1773 1978 1794 1994 c.
1811 1969 1850 1994 13.
1871 1977 1892 1994 c.
1907 1968 1949 1994 23.
1968 1965 2001 1993 de

1159 2015 1214 2042 Iud.
1230 2031 1261 2034 —
1281 2015 1360 2049 §.2.
1380 2015 1540 2041 Pecuniae
1558 2022 1690 2043 summa,
1710 2021 1799 2046 quum
1820 2011 1999 2045 litiganti-

1160 2061 1216 2085 bus
1235 2060 1418 2092 imperabat
1438 2059 1592 2087 Praetor,
1617 2056 1660 2087 (in
1680 2053 1814 2091 publicum
1833 2051 2001 2083 inferendam,

1161 2111 1245 2138 neque
1263 2099 1433 2138 repetendam
1452 2099 1483 2125 ab
1503 2098 1560 2130 illo,
1580 2099 1624 2134 qui
1639 2107 1714 2124 causa
1730 2096 1855 2128 caderet.)
1879 2094 1921 2122 III.
1934 2096 2005 2123 Gn·

1161 2144 1230 2181 Lege
1249 2144 1373 2180 agebatur
1392 2159 1423 2162 —
1444 2146 1607 2168 sacramento
1627 2145 1675 2167 etc.
1697 2156 1727 2160 —
1754 2138 1913 2165 sacramenti
1932 2138 2000 2164 actio

1161 2187 1290 2223 generalis
1316 2191 1377 2213 erat.
1407 2185 1464 2212 Gai.
1489 2184 1532 2211 IV.
1558 2186 1598 2211 12.
1622 2193 1662 2220 sq.
1686 2184 1728 2209 20.
1751 2183 1793 2208 31.
1835 2180 1948 2216 Quando
1973 2185 2002 2208 tu

1162 2231 1255 2257 iniuria
1283 2229 1466 2260 vindicavisti,
1494 2227 1518 2254 D
1549 2228 1616 2253 aeris
1639 2228 1801 2253 sacramento
1826 2228 1851 2250 te
1875 2233 2001 2260 provoco.

1161 2273 1198 2300 Id.
1218 2272 1261 2299 lv.
1284 2274 1322 2299 16.
1342 2274 1383 2298 95.
1405 2271 1492 2298 Valer.
1512 2270 1614 2297 Probus
1635 2268 1666 2295 de
1685 2272 1738 2294 not.
1757 2266 1788 2292 Ιὶ.
1808 2276 1832 2292 v.
1853 2268 1886 2302 Q.
1914 2265 2002 2293 Poena

1162 2317 1318 2343 sacramenti
1344 2319 1388 2341 aut
1416 2314 1583 2350 quiugenaria
1611 2315 1677 2342 erat,
1705 2314 1749 2336 aut
1773 2309 2001 2346 quinquagenaria.

1163 2358 1219 2385 Gai.
1240 2357 1282 2384 IV.
1305 2360 1343 2384 14.
1364 2356 1396 2384 cf.
1418 2358 1457 2383 16.
1495 2354 1608 2382 Prae-‘les
1632 2354 1689 2390 ipsc
1710 2351 1817 2378 Praetor
1838 2351 1869 2378 ab
1890 2356 2003 2389 utroque

1162 2401 1307 2439 accipiebat
1326 2400 1495 2431 sacramenti,
1522 2396 1591 2434 quod
1615 2397 1641 2422 in
1666 2394 1800 2432 publicum
1823 2393 1941 2421 cedebat.
1963 2394 2001 2421 Id.

1162 2443 1206 2471 IV.
1228 2446 1266 2470 16.
1287 2443 1318 2470 cf.
1344 2454 1364 2470 c.
1387 2445 1426 2469 13.
1453 2458 1482 2462 -
1507 2441 1538 2474 §0
1556 2441 1593 2466 3.
1620 2439 1864 2465 Iusiurandum.
1900 2437 1919 2464 I.
1937 2438 2002 2472 Sy.

1163 2487 1346 2518 Iuramentum,
1367 2483 1555 2512 Iusiurandum.
1570 2481 1611 2508 Cf.
1626 2481 1650 2507 h.
1665 2490 1705 2507 vv.
1724 2480 1821 2512 Iuram,
1836 2479 2002 2507 Sacramenta

1163 2530 1297 2567 praebere.
1322 2529 1351 2556 L.
1371 2529 1445 2555 Rom.
1465 2527 1543 2561 Burg.
1562 2526 1603 2551 23.
1629 2523 1677 2556 (al.
1697 2523 1758 2555 24.)
1794 2522 1837 2549 Ill.
1856 2524 1923 2550 Gn·
1941 2522 2002 2550 Sce-

1166 2572 1258 2598 lestam
1282 2573 1348 2598 inire
1372 2571 1524 2600 factionem,
1548 2572 1591 2594 aut
1615 2566 1736 2593 factionis
1760 2566 1844 2602 ipsius
1867 2567 2002 2603 suscipere

1165 2619 1334 2641 sacrauwnta.
1359 2613 1408 2640 Th.
1429 2612 1459 2639 C.
1480 2612 1523 2637 lx.
1546 2613 1584 2637 14.
1609 2620 1630 2636 c.
1650 2611 1674 2636 3.
1699 2618 1736 2646 pr.
1761 2607 1793 2634 ad
1816 2607 1846 2634 L.
1867 2608 1947 2636 Corn.
1969 2607 2002 2635 de

1165 2658 1239 2684 sicar.
1262 2673 1294 2677 —
1320 2657 1351 2689 ξ.
1371 2657 1409 2682 -Ι,
1433 2655 1598 2690 Officium
1619 2653 1856 2686 stipendiorum
1869 2652 2000 2687 facien-

1165 2703 1281 2727 dorum.
1318 2699 1336 2725 1.
1356 2700 1417 2732 Sy.
1442 2697 1542 2723 Militia.
1567 2696 1603 2723 Ib.
1623 2694 1666 2721 Vl.
1689 2695 1727 2720 13.
1752 2703 1772 2719 c.
1794 2695 1818 2720 l.
1841 2692 1873 2720 de
1892 2703 1957 2720 com.
1975 2697 2002 2718 et

1165 2743 1262 2769 tribun.
1282 2740 1365 2769 schol.
1390 2740 1564 2776 Obsequium.
1584 2737 1625 2765 Cf.
1645 2737 1669 2763 h.
1689 2747 1713 2763 v.
1737 2736 1758 2770 §.
1778 2738 1802 2762 2.
1827 2735 2000 2773 Stipendium.

1166 2785 1208 2812 Cf.
1229 2785 1253 2812 h.
1273 2795 1296 2811 v.
1335 2783 1379 2810 lll.
1398 2785 1462 2811 Gn.
1492 2781 1669 2809 l'rohibentur
1692 2789 1814 2806 accusare
1837 2793 1869 2798 -
1893 2781 2002 2815 propter

1167 2832 1370 2858 sacramentum,
1394 2831 1422 2852 ut
1441 2826 1485 2862 qui
1504 2823 1665 2861 stipendium
1683 2827 1791 2850 merent.
1816 2821 1845 2849 fr.
1864 2822 1887 2848 8.
1911 2819 1944 2846 de
1962 2829 2001 2846 ac·
