2197 3121
273 193 336 224 836

274 276 373 302 missio.
393 274 423 301 fr.
445 276 466 301 1.
486 273 518 300 de
537 273 652 311 sponsal.
671 274 750 300 23.1.
771 272 802 300 fr.
815 275 855 300 72.
874 284 913 311 pr.
934 273 966 300 de
985 274 1041 300 iure
1054 272 1109 300 dot.

273 320 315 344 23.
334 320 358 345 3.
395 317 425 344 11.
445 319 511 351 Op.
538 316 688 343 Satisdatio.
714 316 742 343 L.
763 316 831 343 Gall.
851 316 952 354 Cisalp.
972 315 990 342 1.
1014 318 1051 343 14.
1072 325 1111 352 sq.

275 361 306 388 fr.
325 363 348 387 2.
375 361 411 394 ἐξ.
433 362 453 386 l.
473 370 531 396 sqq.
560 359 640 395 Quod
659 359 734 396 legat.
755 361 795 386 43.
815 361 839 386 3.
864 359 893 386 fr.
914 361 954 386 61.
979 358 1011 385 de
1030 358 1062 386 V.
1083 359 1110 385 S.

274 406 315 430 50.
338 405 376 429 16.
412 402 454 429 ΠΙ.
472 404 538 430 Cn.
557 402 606 434 Vt,
625 413 677 429 non
697 402 785 429 soluto
805 402 907 434 debito,
927 403 984 428 sine
1003 401 1055 428 ulla
1074 411 1112 428 re—

274 447 449 484 promissione
467 445 627 472 distrahatur
644 447 747 483 piguus.
768 445 798 472 fr.
817 447 859 472 36.
879 446 900 479 §.
923 447 944 471 l.
965 444 997 471 ad
1016 445 1111 471 munic.

275 492 316 515 50.
339 491 360 516 l.
397 488 588 526 Repmmsssio,
608 504 640 509 -
660 499 710 526 qua
730 493 869 515 contentus
888 487 937 514 fuit
956 488 991 520 is,
1014 489 1055 514 cui
1075 497 1114 514 sa-

275 531 382 559 tisdatio
405 531 556 558 debebatur.
582 531 612 558 fr.
635 533 676 559 61.
701 531 734 558 de
757 531 788 558 V.
809 531 836 557 S.
855 532 897 557 50.
919 532 958 557 16.
984 530 1016 557 cf.
1039 530 1070 557 fr.
1088 532 1113 556 2.

275 575 297 608 §.
322 576 346 601 3.
372 574 423 609 Qu.
449 573 556 610 legator.
578 576 619 602 43.
643 576 668 601 3.
709 574 904 612 ssepi-omissio:
929 589 961 593 —
984 573 1113 600 voluntati

275 616 391 644 defuncti
410 622 480 643 statu
499 618 538 643 iri.
558 617 588 644 fr.
608 619 632 644 6.
652 618 674 651 §.
696 619 718 645 l.
739 622 766 643 ut
786 617 861 653 legat.
881 626 949 643 εει-ν.
969 626 991 643 c.
1010 618 1052 643 36.
1070 618 1095 643 3.

311 660 605 693 Bepromittere.
625 662 920 695 Repromissionem
932 665 1112 694 praestare.

275 701 294 728 1.
308 703 369 737 Sy.
388 702 552 735 Promittere,
571 702 680 730 Cavere.
700 702 741 729 Cf.
761 712 784 729 v.
804 702 968 729 Promittere.
988 701 1010 736 §.
1027 704 1052 728 3.
1083 701 1115 728 ΙΙ.

277 746 344 779 Op.
368 744 510 773 Satisdare.
535 745 564 772 L.
584 745 652 772 Gall.
673 745 773 782 Cisalp.
797 745 816 772 1.
841 747 882 772 ll.
899 755 939 781 sq.
964 744 994 771 fr.
1014 746 1055 770 45.
1074 753 1114 782 pr.

275 787 309 814 de
326 798 431 825 procur.
450 790 475 815 3.
495 790 519 815 3.
539 788 569 815 fr.
589 790 611 816 9.
632 789 668 823 §§.
689 791 713 815 4.
733 798 772 825 sq.
792 788 824 815 fr.
846 790 885 815 lo.
905 798 944 825 sq.
965 787 994 814 fr.
1015 789 1055 814 13.
1075 797 1113 824 pr.

275 831 298 865 §.
320 833 342 858 1.
362 830 392 858 sr.
411 832 453 857 30.
473 831 496 865 §.
517 833 538 857 l.
559 831 591 858 de
611 831 696 858 damu.
715 831 759 858 ins.
778 833 820 858 39.
839 833 863 858 2.
884 830 913 857 fr.
931 833 953 857 1.
972 831 1010 865 ἓξ.
1029 831 1054 856 6.
1074 839 1114 867 sq.

275 874 308 901 de
327 875 388 911 stip.
408 873 493 901 Praet.
512 876 552 900 46.
573 877 596 901 5.
624 873 794 912 Restipulari.
819 873 861 900 Cf.
880 873 904 900 11.
925 884 949 900 v.
985 873 1028 900 111.
1047 875 1114 901 011.

275 916 326 944 Vel
346 922 502 955 prorogante
521 928 561 949 eo,
580 917 623 944 vel
642 918 849 954 repromittente,
868 916 911 944 vel
927 927 956 943 se
970 916 1114 953 delegante.

275 960 318 986 vel
337 961 363 987 in
382 970 411 987 se
429 961 572 997 recipiente
593 959 724 992 debitum,
748 959 925 993 (redemtus.)
950 959 980 986 fr.
1000 961 1023 985 4.
1048 959 1070 993 ᾗ.
1091 961 1113 985 1.

276 1003 309 1030 de
327 1013 437 1029 manum.
457 1005 499 1029 40.
521 1004 543 1029 l.
580 1002 643 1030 Sive
668 1003 867 1040 chirographum
892 1012 923 1029 eo
949 1003 1053 1028 nomine
1072 1001 1115 1028 de-

275 1046 357 1078 derit,
381 1047 437 1072 sive
456 1045 524 1072 nuda
543 1046 735 1083 pollicitatione
754 1046 941 1084 repromiserit.
964 1045 994 1072 fr.
1016 1047 1054 1072 10.
1074 1055 1114 1082 pr.

275 1088 309 1115 de
332 1088 357 1115 11.
377 1099 419 1125 qu.
440 1093 468 1115 ut
487 1089 539 1116 ind.
558 1091 599 1116 34.
619 1091 642 1116 9.
680 1088 809 1121 Tradere,
834 1098 858 1115 v.
878 1088 1014 1119 Reddere,
1038 1092 1064 1114 ct
1083 1087 1115 1114 de

275 1131 338 1159 dolo
357 1133 548 1169 repromittere.
568 1132 597 1159 fr.
611 1133 653 1159 58.
669 1131 701 1158 de
715 1133 791 1159 evict.
804 1133 846 1158 21.
859 1134 883 1158 2.
898 1131 930 1158 cf.
950 1130 980 1157 sr.
995 1132 1018 1157 9.
1038 1130 1075 1164 ἐξ.
1089 1132 1112 1156 5.

275 1176 299 1201 7.
325 1175 375 1210 Qu.
395 1180 455 1201 met.
476 1185 497 1201 c.
516 1178 539 1201 4.
559 1177 583 1202 2.
610 1174 640 1202 fr.
662 1176 700 1201 13.
720 1175 803 1208 §.17.
826 1174 858 1201 de
877 1174 907 1201 A.
927 1174 957 1201 E.
977 1172 1010 1200 V.
1031 1174 1070 1199 19.
1092 1174 1114 1199 1.

275 1217 369 1244 Vtrum
389 1217 422 1244 ob
442 1217 493 1244 hoc
511 1218 598 1245 solum
621 1217 694 1244 dedi:
721 1228 752 1244 ne
769 1224 863 1249 eat11r;
891 1227 936 1244 an:
961 1223 990 1243 ut
1008 1223 1032 1243 et
1050 1217 1116 1242 mihi

275 1263 487 1295 repromittatur,
507 1271 557 1288 non
570 1263 614 1288 iri.
635 1261 664 1288 fr.
678 1262 701 1287 3.
721 1271 759 1298 pr.
780 1260 811 1287 cf.
831 1260 860 1287 fr.
875 1262 898 1287 5.
913 1260 934 1294 ς’.
947 1261 972 1286 2.
992 1258 1025 1286 de
1039 1258 1115 1286 cond.

276 1313 297 1330 c.
318 1302 370 1329 dat.
392 1305 430 1330 12.
450 1305 474 1329 4.

313 1347 548 1380 Repudiato.
585 1347 616 1381 §.
635 1348 669 1374 l.
689 1348 904 1382 :idapem-uari,
929 1347 1116 1373 Abltorrere.

276 1388 294 1415 1.
314 1390 376 1423 Sy.
395 1388 521 1416 Reticere.
542 1389 582 1416 Cf.
603 1390 626 1416 h.
647 1400 670 1416 v.
690 1391 711 1424 ξ.
731 1393 754 1417 4.
783 1390 927 1427 Respuere.
947 1399 968 1415 c.
987 1390 1012 1415 3.
1033 1399 1054 1414 e.
1073 1390 1115 1414 21.

276 1431 309 1458 de
328 1431 387 1469 adp.
407 1436 433 1458 et
451 1432 563 1459 consult.
583 1434 606 1459 7.
620 1434 661 1459 62.
698 1432 741 1459 ΠΙ.
756 1434 821 1460 Cn.
842 1432 925 1459 Cuius
939 1431 1115 1458 conditionem

277 1478 376 1501 certum
400 1476 434 1501 sit
457 1480 555 1512 patrem
575 1485 626 1502 nou
647 1475 850 1513 repudiaturum.
871 1475 900 1502 fr.
922 1477 961 1502 11.
982 1474 1014 1501 de
1033 1474 1063 1501 R.
1083 1473 1115 1500 N.

275 1519 318 1544 23.
337 1519 362 1544 2.
402 1516 462 1544 Non
486 1517 518 1544 de
542 1518 675 1551 mercede,
699 1518 746 1545 sed
771 1519 802 1545 de
826 1519 932 1545 tristitia
956 1516 1116 1554 repudianda

277 1561 411 1596 cogitatur.
426 1571 447 1586 c.
462 1562 501 1587 17.
515 1560 548 1587 de
560 1561 677 1598 postlim.
692 1572 744 1588 rev.
759 1563 782 1588 8.
797 1564 837 1588 51.
858 1578 890 1582 —
910 1562 940 1595 §.
956 1562 991 1587 2.
1013 1561 1114 1587 Omic-

276 1609 353 1634 tere,
373 1605 542 1631 Abdicare.
579 1604 597 1631 l.
613 1606 674 1639 Sy.
694 1604 832 1631 Omittere.
853 1604 894 1631 Cf.
909 1603 934 1630 11,
949 1613 972 1629 v.
986 1603 1007 1637 ξ.
1021 1605 1045 1629 2.
1065 1603 1116 1629 Re-

276 1645 384 1683 pellere.
410 1646 449 1673 Cf.
470 1646 495 1673 h.
514 1657 538 1673 v.
563 1648 584 1681 ᾗ.
603 1649 628 1674 3.
665 1647 743 1674 Nolle
768 1647 799 1674 ad
824 1657 852 1673 se
876 1647 1015 1684 pertinere.
1040 1645 1071 1672 fr.
1091 1647 1115 1672 8.

276 1688 310 1715 de
328 1688 358 1715 R.
379 1689 410 1716 C.
433 1691 472 1716 12.
494 1691 515 1716 1.
553 1690 582 1717 11.
603 1692 670 1725 Op.
695 1690 872 1726 Adgnoscere.
897 1689 938 1716 Cf.
959 1689 983 1715 h.
1003 1699 1026 1715 v.
1049 1690 1071 1723 ξ.
1092 1691 1114 1715 4.
1138 1697 1139 1705 ¹

277 1731 425 1768 Adquirere
443 1732 636 1765 (hereditatem.
657 1744 680 1760 v.
695 1733 828 1770 legatum.)
849 1732 879 1759 fr.
892 1735 917 1759 2.
937 1732 969 1759 de
983 1733 1026 1759 off.
1040 1732 1115 1759 Proc.

278 1774 354 1802 Caes.
376 1777 397 1802 l.
420 1777 458 1802 19.
479 1775 509 1802 fr.
529 1777 570 1802 38.
590 1787 629 1814 pr,
649 1776 681 1802 de
700 1775 775 1811 legat.
796 1776 813 1802 I.
834 1776 901 1809 (30.)
921 1775 1010 1802 Adire.
1031 1776 1072 1803 Cf.
1090 1776 1115 1802 11.

276 1827 301 1844 v.
321 1818 342 1851 §.
361 1820 385 1844 3.
406 1818 547 1854 Quaerere.
568 1819 609 1846 Cf.
629 1819 654 1845 11.
670 1829 694 1845 v.
714 1819 736 1853 §.
750 1821 773 1845 4.
812 1818 853 1845 1¹1.
869 1820 934 1846 Gn.
955 1818 1034 1854 Quod
1048 1820 1115 1855 quis,

277 1861 301 1886 si
319 1860 396 1889 velit.
420 1861 516 1888 habere
540 1872 591 1888 uon
617 1866 718 1899 potest,
743 1861 769 1888 id
792 1861 929 1899 repudiare
948 1872 1000 1888 nou
1019 1867 1116 1900 potest.

279 1902 309 1930 fr.
330 1905 387 1930 174.
413 1905 433 1938 §.
456 1906 476 1931 1.
502 1904 533 1931 dc
557 1904 587 1931 R.
608 1905 625 1931 l.
645 1907 686 1931 50.
709 1907 747 1932 17.
785 1904 865 1939 Quod
888 1904 1047 1941 adquisitum
1067 1910 1116 1937 est,

278 1946 410 1983 repudiari
431 1957 483 1973 non
504 1953 598 1984 potest.
619 1948 648 1974 fr.
672 1950 692 1974 l.
712 1948 734 1981 §.
755 1949 776 1974 7.
797 1947 829 1974 de
849 1958 918 1974 succ.
938 1947 1015 1974 edict.
1035 1950 1076 1975 38.
1093 1951 1116 1975 9.

279 1988 350 2015 Paul.
371 1989 412 2015 111.
431 1990 492 2016 413.
513 1991 535 2024 ξ.
554 1993 593 2016 11.
625 1990 668 2017 Ius
692 1990 856 2026 adgnationis
875 2001 926 2017 nou
946 2001 1026 2028 posse
1039 1997 1116 2029 pacto

279 2031 418 2069 repudiari.
439 2033 468 2059 fr.
482 2035 523 2059 34.
543 2033 575 2059 dc
594 2039 661 2070 pact.
679 2035 703 2059 2.
720 2036 758 2059 14.
796 2033 944 2071 Repudiato
963 2044 1032 2060 novo
1052 2035 1115 2067 iure,

279 2091 311 2095 —
330 2077 461 2113 supererit
485 2081 569 2102 vetus.
593 2076 624 2102 fr.
643 2077 683 2102 91.
709 2076 741 2102 de
764 2076 794 2103 R.
815 2077 832 2103 1.
857 2079 898 2104 50.
920 2079 959 2103 17.
997 2078 1116 2113 Quorum

279 2117 411 2145 hereditas
424 2119 559 2156 repudiata
573 2124 621 2150 est,
641 2120 748 2145 cuiusve
762 2119 877 2146 conditio
891 2119 1024 2147 defecerit.
1044 2120 1116 2147 Paul.

280 2160 323 2187 1V.
343 2164 366 2187 8.
386 2161 407 2194 ξ.
426 2163 448 2187 1.
485 2162 519 2188 Et
537 2172 569 2188 ex
589 2166 753 2191 testamento.
774 2167 799 2188 et
818 2162 956 2199 legitimam
977 2164 1026 2196 (sc.
1045 2163 1118 2189 here.-

279 2203 399 2235 ditatetn)
418 2204 563 2241 repudiare.
584 2204 613 2231 fr.
635 2207 674 2231 77.
695 2204 727 2230 de
740 2205 771 2231 A.
786 2205 900 2231 v.0.11.
920 2207 961 2232 29.
980 2208 1004 2232 2.
1026 2206 1055 2232 fr.
1075 2208 1117 2232 21.
1138 2208 1140 2239 ξ

280 2246 302 2280 §.
328 2248 351 2273 4.
377 2246 409 2273 de
434 2248 488 2273 iure
512 2253 577 2288 patr.
601 2249 643 2274 37.
665 2250 704 2274 14.
734 2264 765 2267 —
795 2248 824 2281 ξ.
845 2249 881 2274 3.
912 2249 1116 2280 Ι)ι”.1εοοι”ιινι’,
1139 2254 1140 2262 ¹
1161 2248 1334 2273 sentationem
1358 2248 1383 2273 iu
1406 2246 1506 2283 reliqua
1525 2247 1657 2273 solutione
1675 2246 1750 2281 legati
1770 2250 1890 2282 reputare
1909 2256 1998 2283 posse.

281 2290 467 2316 Dixxolvere
487 2290 640 2327 (sponsalia.
661 2296 703 2317 aut
717 2291 930 2323 matrimonium.)
956 2291 973 2317 l.
989 2294 1049 2325 Sy.
1070 2291 1118 2317 lte-

280 2332 388 2369 pudium
407 2334 517 2359 mitti-re.
539 2333 567 2359 fr.
588 2336 610 2360 4.
631 2334 663 2360 de
683 2334 777 2360 divort.
797 2336 837 2359 21.
857 2336 880 2359 2.
901 2333 930 2359 fr.
944 2335 985 2359 38.
1006 2334 1053 2360 sol.
1069 2344 1118 2360 ma-
1139 2341 1140 2347 ¹

279 2376 348 2401 trini.
366 2377 408 2401 24.
428 2377 452 2401 3.
490 2375 531 2401 lll.
553 2377 618 2403 Cn.
644 2378 671 2403 Si
697 2387 746 2414 qua
771 2376 833 2403 1111111
853 2386 920 2403 uxor
939 2376 998 2405 fuit.
1024 2376 1118 2403 delude
1139 2385 1141 2395 =¹

280 2429 294 2444 a
313 2428 353 2444 me
371 2418 506 2455 repudiata
526 2420 615 2456 nupsit
635 2420 704 2446 Seio.
726 2420 755 2446 fr.
773 2422 810 2446 12.
831 2429 868 2456 pr.
890 2418 921 2445 (le
942 2418 971 2445 R.
988 2418 1018 2445 Ν.
1038 2421 1079 2446 23.
1093 2422 1117 2446 2.

281 2460 312 2487 cf.
333 2461 362 2487 fr.
381 2464 423 2488 29.
447 2461 479 2487 de
499 2472 563 2488 man.
585 2467 685 2488 testam.
706 2465 745 2489 40.
766 2464 789 2488 4.
827 2462 963 2488 Furiosam
987 2461 1118 2499 repudiari

280 2514 369 2540 posse,
390 2521 419 2525 —
441 2504 579 2541 repudiari·
597 2510 681 2531 autem
702 2516 752 2531 non
774 2515 860 2542 posse.
882 2505 911 2531 fr.
927 2506 950 2531 4.
971 2505 1003 2531 de
1022 2504 1117 2531 divort.

279 2548 321 2572 24.
341 2549 365 2573 2.
401 2547 486 2574 Etiam
510 2547 624 2574 futurum
652 2549 843 2575 matriinonium
872 2548 1003 2585 repudiari
1029 2558 1116 2585 posse.

282 2589 311 2615 fr.
332 2592 388 2617 191.
409 2590 441 2616 de
460 2590 491 2617 V.
512 2590 538 2617 S.
558 2593 599 2616 50.
622 2593 660 2617 16.

317 2634 561 2666 Bcpudiafio.
601 2635 754 2666 Omissio,
777 2635 965 2660 Dentis-tio.
997 2634 1039 2660 111.
1052 2635 1117 2662 Cn.

282 2673 393 2709 Quando
413 2677 482 2713 ipse.
507 2678 547 2703 cui
567 2676 798 2703 fideicommissum
823 2675 941 2702 relictum
966 2682 1018 2704 est.
1044 2687 1119 2714 repu-

282 2716 395 2743 diatione
415 2729 478 2745 usus
498 2719 582 2746 suerit.
603 2730 623 2745 c.
643 2721 684 2746 26.
705 2719 737 2745 de
757 2719 911 2745 fideiconnn.
931 2721 954 2745 (i.
974 2722 1015 2746 42.

318 2761 546 2792 Rvpudium.
583 2764 613 2796 ξ.
630 2764 664 2789 l.
686 2763 907 2793 Dissociaeio,
927 2772 1007 2796 qnae
1025 2754 1139 2797 spon-³

282 2805 401 2829 salium
425 2806 709 2831 interimendorum
733 2815 832 2831 cansa
851 2806 910 2841 fit.
948 2805 964 2831 I.
986 2806 1046 2839 Sy.
1068 2805 1115 2831 Re-
1137 2804 1138 2822 ἶ

281 2846 412 2873 nunciatio
436 2846 462 2872 iu
485 2848 653 2884 sponsalibus
676 2847 858 2875 discuti‹=udis.
886 2847 917 2874 fr.
941 2850 965 2874 2.
989 2849 1010 2882 §.
1035 2851 1058 2874 2.
1083 2848 1115 2875 de
1136 2845 1138 2898 ᾗ

1089 191 1180 223 REP.

1132 274 1135 282 ¹
1157 273 1252 299 divort.
1265 274 1306 300 24.
1320 273 1345 299 2.
1375 272 1407 299 Π.
1421 274 1489 307 Op.
1508 272 1669 301 Divertium.
1690 273 1720 301 fr.
1736 276 1793 301 101.
1812 275 1834 309 §.
1850 277 1871 303 1.
1891 275 1921 303 fr.
1937 278 1994 303 191.

1157 315 1189 342 de
1208 314 1239 342 V.
1260 315 1288 342 S.
1307 317 1348 342 50.
1369 316 1408 342 16.
1446 314 1487 342 111.
1507 317 1572 344 Gn.
1594 316 1743 354 Repudium
1762 317 1931 355 sponsalibus
1949 320 1995 346 1111-

1156 359 1199 390 sit,
1219 363 1297 395 atque
1315 359 1350 384 ita
1369 357 1412 384 alii
1431 360 1529 396 nupsit.
1549 359 1579 386 fr.
1598 360 1640 386 38.
1660 359 1709 386 sol.
1729 361 1838 387 matrim.
1857 363 1900 388 24.
1917 363 1942 388 3.
1962 377 1994 382 -—

1156 401 1187 434 ἕ.
1207 402 1242 428 8.
1264 403 1449 428 Dimidium
1467 405 1679 430 matrimonii.
1716 402 1735 429 1.
1755 404 1817 438 Sy.
1837 403 1994 431 Divortium.

1157 444 1200 471 Cf.
1219 443 1245 471 11.
1263 454 1288 471 v.
1307 443 1456 481 Repudium
1474 446 1585 478 mittere,
1604 445 1762 483 Repudiare.
1783 445 1825 473 Cf.
1844 445 1868 472 11.
1885 455 1909 472 v.
1929 446 1951 480 §.
1969 448 1994 473 3.

1156 487 1199 513 ΠΙ.
1220 488 1286 515 Gn.
1310 487 1373 514 Sive
1396 488 1478 514 invito
1502 492 1528 515 te
1551 488 1700 515 discessero
1723 488 1755 515 de
1774 488 1852 516 domo
1872 493 1929 521 tua,
1952 489 1996 516 vel

1157 529 1294 567 repudium
1317 529 1365 556 tibi
1389 530 1447 556 siue
1471 530 1523 557 ulla
1542 531 1648 568 querela
1667 533 1777 563 misero,
1801 531 1943 559 divortium
1962 531 1996 559 sa-

1157 577 1227 599 ctum
1245 583 1293 610 per
1312 583 1353 599 me
1371 572 1534 610 probabitur.
1555 574 1584 601 fr.
1604 576 1645 602 57.
1665 574 1698 601 de
1717 574 1777 602 don.
1798 575 1844 601 int.
1864 574 1896 601 V.
1914 577 1956 601 2⁴.
1972 577 1995 603 l.

1134 622 1136 651 ς
1157 615 1186 642 Si
1206 625 1238 642 ex
1256 615 1312 652 lege
1330 615 1467 653 repudium
1486 617 1595 644 missum
1613 628 1666 644 non
1685 619 1729 649 sit,
1749 623 1775 644 et
1791 617 1890 644 idcirco
1903 617 1997 645 mulier

1158 658 1243 685 adhuc
1262 663 1341 696 nupta
1360 668 1419 685 esse
1437 658 1564 686 videatur.
1585 659 1614 687 fr.
1633 662 1675 687 43.
1695 660 1727 687 ad
1746 659 1776 687 L.
1795 660 1843 687 Iul.
1863 660 1896 687 de
1915 660 1995 687 adult.

1158 702 1198 728 48.
1223 703 1247 727 5.
1283 701 1404 739 Repudio
1431 703 1527 734 misso,
1555 704 1674 737 (virum)
1702 702 1814 741 proinde
1837 702 1997 741 compellere

1157 749 1255 782 potest,
1275 749 1353 782 atque
1371 745 1394 771 si
1414 745 1436 771 ei
1456 755 1587 782 nunquam
1605 750 1686 783 nupta
1705 745 1806 773 fuisset.
1826 745 1883 773 Gai.
1903 746 1921 773 1.
1937 748 1996 773 137.

1158 787 1190 814 cf.
1216 787 1299 814 Vatic.
1319 788 1420 822 §.107.
1455 787 1561 820 Mulier,
1585 799 1652 826 quae
1674 788 1776 826 repudii
1799 799 1813 815 a
1832 799 1861 816 se
1880 788 1933 816 dati
1952 788 1997 816 ob-

1159 830 1257 857 latione
1282 829 1443 857 discesserit.
1468 829 1518 857 Th.
1542 830 1571 858 C.
1595 831 1638 858 111.
1659 832 1698 858 16.
1723 842 1744 858 c.
1762 833 1787 858 2.
1811 842 1851 870 pr.
1875 831 1907 859 cf.
1931 842 1953 859 e.
1973 833 1995 859 1.

1159 873 1192 900 de
1211 873 1302 911 repud.

1194 918 1439 952 Bepuguare-
1476 916 1507 950 ξ.
1522 919 1557 944 1.
1581 919 1792 952 Propulmre.
1829 917 1847 944 1.
1866 919 1928 953 Sy.
1947 917 1998 945 Re-

1158 959 1272 997 pulsare,
1290 959 1434 986 Resistere.
1456 958 1506 986 Th.
1527 958 1558 986 C.
1578 959 1622 986 ΙΧ.
1644 962 1683 987 10.
1703 970 1725 987 c.
1747 962 1769 986 1.
1789 969 1829 997 sq.
1849 960 1881 987 ad
1899 960 1929 987 L.
1949 960 1997 987 Iul.

1159 1002 1191 1029 de
1210 1004 1236 1029 vi
1254 1002 1316 1040 pub.
1336 1002 1380 1028 [X.
1395 1003 1434 1028 14.
1454 1012 1476 1028 c.
1489 1004 1513 1028 2.
1532 1001 1565 1028 ad
1579 1001 1607 1029 L.
1621 1002 1702 1029 Corn.
1722 1003 1755 1029 de
1769 1004 1844 1030 sicar.
1864 1019 1896 1023 -
1916 1004 1947 1037 ξ.
1961 1004 1997 1030 8.

1159 1047 1358 1076 Acir-errari,
1386 1046 1558 1072 Resistere.
1602 1045 1646 1072 III.
1667 1047 1733 1073 Cn.
1760 1045 1880 1083 Repugn.
1907 1055 1999 1084 perne-

1158 1088 1250 1124 gando.
1274 1088 1312 1114 Ib.
1331 1087 1376 1114 IX.
1398 1089 1436 1114 16.
1462 1097 1485 1114 c.
1503 1088 1527 1114 6.
1551 1087 1584 1114 de
1602 1088 1712 1115 malefic.
1732 1088 1764 1115 cf.
1784 1089 1829 1116 XI.
1847 1089 1890 1115 36.
1914 1099 1936 1116 c.
1957 1089 1998 1115 18.

1159 1131 1181 1165 ξ.
1200 1133 1224 1157 2.
1249 1131 1332 1167 Quor.
1356 1130 1415 1167 adp.
1439 1140 1463 1156 n.
1486 1140 1538 1157 ree.
1574 1129 1700 1157 Voluisse
1723 1131 1808 1169 palam
1832 1137 1885 1164 est,
1913 1141 1999 1169 neque

1160 1174 1239 1200 verba
1263 1175 1369 1200 omnino
1392 1177 1546 1211 repugnant.
1570 1172 1600 1200 fr.
1620 1175 1662 1200 51.
1686 1174 1708 1208 §.
1731 1176 1752 1200 l.
1777 1174 1809 1201 de
1829 1174 1917 1202 hered.
1936 1175 1998 1201 inst.

1136 1237 1138 1248 ‚
1159 1218 1200 1244 28.
1214 1219 1238 1244 5.
1267 1217 1453 1254 Repuguantes
1466 1217 1614 1254 priscorum
1631 1218 1774 1244 sententias
1794 1233 1826 1237 —
1845 1222 1998 1255 temperare.

1138 1300 1139 1306 ἵ
1160 1260 1210 1287 Th.
1230 1259 1261 1286 C.
1280 1260 1324 1286 XI.
1343 1261 1385 1286 30.
1406 1269 1427 1286 c.
1447 1261 1487 1286 56.
1508 1259 1540 1286 de
1559 1259 1618 1297 adp.
1639 1264 1665 1286 et
1683 1269 1760 1297 poen.

1195 1304 1378 1337 Repulsa.
1416 1303 1605 1338 Denegatio
1629 1305 1813 1337 petitionis.
1845 1305 1998 1330 Remotio.

1161 1345 1202 1372 111.
1219 1347 1285 1373 Gn.
1305 1346 1358 1381 Qui
1378 1346 1432 1379 (sc.
1451 1345 1545 1379 liberi)
1569 1344 1701 1382 repulsam
1721 1345 1870 1373 donationis
1889 1347 1999 1373 auctori-

1160 1394 1213 1415 tate
1231 1390 1295 1415 iuris
1314 1388 1439 1421 tulerunt,
1459 1388 1517 1415 aliis
1537 1388 1684 1415 rationibus
1703 1388 1735 1415 ad
1753 1388 1821 1415 bona
1841 1390 1922 1427 patris
1942 1399 1999 1427 per-

1160 1433 1276 1458 veniunt.
1302 1431 1385 1458 vatic.
1405 1432 1426 1466 ξ.
1445 1433 1504 1458 294.
1541 1431 1647 1458 Nullam
1665 1431 1826 1464 molestiam,
1849 1432 1892 1459 vel
1911 1432 1999 1470 repul-

1161 1485 1223 1507 sam,
1242 1485 1254 1501 a
1269 1485 1423 1512 quacunque
1434 1485 1547 1512 persona
1559 1475 1697 1512 patiantur.
1717 1474 1764 1501 Iul.
1779 1485 1818 1512 ep.
1831 1485 1891 1503 nov.
1904 1485 1926 1502 c.
1941 1476 1998 1502 115.

1160 1519 1182 1552 ξ,
1201 1520 1260 1545 470.

1196 1563 1423 1595 lle-pulsare.
1469 1562 1500 1595 §.
1520 1562 1555 1588 1.
1578 1562 1785 1594 Propulsare.
1830 1560 1849 1587 1.
1869 1561 1931 1596 Sy.
1950 1560 2000 1588 Re-

1161 1614 1283 1642 pugnare.
1309 1604 1350 1631 Cf.
1371 1604 1395 1631 h.
1415 1615 1439 1631 v.
1463 1605 1485 1639 §.
1507 1606 1530 1631 1.
1559 1620 1589 1624 —
1619 1604 1649 1637 §.
1670 1605 1705 1630 2.
1732 1605 1919 1636 Decliuare,
1942 1605 2000 1631 Ab·

1160 1649 1297 1674 horrere.
1335 1646 1377 1673 111.
1397 1648 1463 1675 011.
1483 1646 1596 1673 Felicem
1615 1646 1671 1673 fore
1690 1646 1818 1684 rempub..
1838 1647 1860 1673 si
1879 1657 1892 1673 a
1911 1646 2001 1673 nolen-

1161 1690 1240 1722 tibus.
1260 1695 1286 1716 et.
1305 1695 1378 1716 actus
1398 1690 1520 1728 publicos
1539 1688 1750 1727 repulsantibus,
1770 1689 2000 1723 (administretur.)

1137 1761 1139 1769 <
1161 1732 1226 1759 Nnv.
1247 1733 1324 1759 Marc.
1345 1743 1411 1759 nem.
1431 1732 1518 1760 exhib.
1539 1732 1572 1759 de
1590 1742 1664 1770 prov.
1685 1732 1726 1759 llI.
1749 1735 1771 1759 1.
1791 1743 1812 1759 c.
1834 1734 1856 1759 l.
1876 1742 1915 1770 pr.

1196 1777 1434 1810 Repurgare.
1477 1777 1693 1811 Expurgare,
1724 1777 1915 1802 Emundare.
1956 1774 2000 1802 111.

1161 1820 1226 1846 Cn.
1246 1818 1413 1856 Repurgaudi
1432 1818 1548 1845 fluminis
1567 1828 1643 1845 onus.
1663 1817 1712 1844 Th.
1734 1817 1765 1844 C.
1784 1817 1855 1845 XIV.
1873 1820 1914 1845 27.
1935 1828 1957 1844 c.
1975 1819 2000 1845 2.

1161 1861 1194 1888 de
1213 1861 1287 1887 Alex.
1306 1861 1377 1899 pleb.
1397 1862 1499 1898 primat.

1196 1905 1446 1939 Bepurgium.
1482 1905 1708 1940 Expurgatio.
1744 1903 1763 1930 1.
1783 1905 1845 1938 Sy.
1864 1903 1997 1931 Mundare.

1160 1947 1320 1984 Repurgium
1340 1947 1431 1973 facere.
1451 1946 1487 1973 lb.
1507 1946 1565 1973 XV.
1585 1949 1609 1973 2.
1630 1957 1651 1974 c.
1673 1949 1694 1973 1.
1715 1946 1748 1973 de
1767 1946 1875 1983 aquaed.

1197 1991 1406 2023 Reputare.
1444 1991 1474 2024 §.
1491 1991 1525 2017 l.
1547 1991 1800 2024 Computatione
1812 1992 1927 2026 fucta,
1946 1990 2000 2016 ad·

1161 2035 1318 2065 tribuere,
1344 2043 1365 2059 v.
1385 2035 1545 2060 deducere.
1582 2032 1600 2059 I.
1620 2034 1682 2067 Sy.
1719 2032 1888 2070 Computare.
1908 2032 1938 2058 fr.
1956 2032 1998 2058 48.

1162 2075 1193 2102 de
1217 2075 1296 2102 solut.
1320 2077 1362 2102 46.
1381 2077 1404 2102 3.
1442 2075 1580 2113 imputare.
1606 2075 1646 2102 Cf.
1668 2075 1691 2102 h.
1711 2085 1734 2102 v.
1759 2076 1780 2109 ξ.
1802 2077 1824 2101 1.
1861 2073 2000 2101 Deducere

1162 2119 1307 2151 (sumtus.)
1330 2118 1360 2145 fr.
1382 2120 1420 2145 10.
1440 2119 1462 2152 §.
1482 2120 1505 2145 9.
1525 2118 1610 2145 mand.
1631 2120 1670 2145 17.
1693 2121 1714 2145 1.
1752 2118 1794 2144 111.
1813 2118 1878 2145 (3¹11.
1897 2116 1999 2150 Petere,

1162 2172 1193 2187 ne
1217 2162 1241 2187 in
1266 2162 1367 2188 ratione
1386 2161 1414 2188 L.
1435 2160 1566 2188 Falcidiae
1584 2161 1705 2199 ponenda
1725 2160 1851 2187 creditum
1869 2169 1944 2186 suum
1962 2160 1998 2187 le-

1162 2205 1266 2240 gatariis
1291 2209 1431 2242 reputaret.
1455 2203 1484 2230 fr.
1507 2206 1546 2231 12.
1571 2204 1603 2231 ad
1626 2204 1655 2231 L.
1677 2203 1745 2230 Falc.
1765 2204 1807 2228 35.
1826 2204 1850 2229 2.
1887 2202 2000 2239 Reprae-

1163 2291 1191 2317 fr.
1211 2294 1253 2317 8⁸.
1273 2291 1293 2324 ξ.
1313 2292 1337 2316 5.
1358 2290 1390 2317 de
1409 2289 1484 2326 legat.
1505 2289 1533 2316 ll.
1555 2291 1630 2323 (31.)
1650 2288 1743 2315 Vsuris
1763 2289 1889 2325 pecuniae
1909 2305 1939 2309 -—
1959 2299 1999 2316 re-

1163 2335 1272 2371 putatis,
1295 2338 1321 2359 et
1340 2343 1396 2359 cuin
1417 2334 1560 2370 quantitate
1578 2332 1706 2358 fructuum
1726 2336 1910 2368 perceptorum
1930 2341 1998 2358 com-

1163 2377 1287 2413 pensatis.
1316 2376 1344 2402 fr.
1369 2378 1410 2402 40.
1434 2376 1455 2409 §.
1478 2378 1499 2402 1.
1524 2375 1556 2401 de
1578 2375 1669 2401 minor.
1695 2375 1719 2399 4.
1743 2375 1766 2400 4.
1809 2373 1997 2408 Convenietur,

1163 2424 1329 2456 reputaturus
1349 2420 1429 2456 patri,
1453 2417 1523 2454 quod
1543 2427 1572 2443 eo
1592 2417 1696 2442 nomine
1715 2418 1882 2453 praestiterit.
1906 2417 1936 2444 fr.
1957 2419 1997 2445 17.

1163 2461 1195 2488 de
1220 2462 1291 2498 relig.
1318 2464 1358 2488 11.
1384 2463 1406 2488 7.
1435 2477 1467 2481 —
1495 2461 1525 2494 δ.
1545 2461 1580 2486 2.
1610 2461 1798 2486 Adserihere
1821 2460 1930 2497 (eulpae
1953 2460 1997 2487 ali-

1140 2518 1141 2542 ]
1164 2506 1264 2537 cuius.)
1300 2505 1343 2531 Ill.
1362 2506 1427 2532 Cn.
1447 2503 1573 2539 Quamvis
1593 2518 1624 2521 —
1644 2507 1827 2529 testamentum
1847 2504 1997 2540 comproba-

1163 2549 1237 2578 verit.
1258 2552 1297 2574 est
1317 2546 1414 2583 aliquid
1433 2545 1503 2582 quod
1523 2546 1656 2571 testatoris
1670 2546 1734 2572 vitio
1748 2550 1890 2582 reputetur.
1910 2545 1940 2572 fr.
1956 2547 1995 2573 12.

1162 2590 1183 2623 ξ.
1203 2593 1226 2616 2.
1247 2590 1279 2616 de
1298 2589 1369 2616 inoff.
1389 2593 1490 2615 testam.
1511 2590 1533 2614 5.
1553 2590 1576 2614 2.

1198 2632 1416 2666 Reputnfio.
1455 2632 1680 2665 Computatio,
1704 2632 1940 2665 Compensatio.
1975 2631 1993 2658 1.

1162 2676 1223 2709 Sy.
1250 2675 1427 2711 Comparatio.
1452 2673 1481 2699 sr.
1501 2675 1523 2700 8.
1550 2673 1625 2700 locat.
1648 2675 1686 2700 19.
1705 2675 1728 2699 2.
1754 2674 1783 2700 fr.
1802 2676 1843 2701 48.
1865 2674 1896 2701 de
1915 2673 1992 2700 solut.

1161 2719 1202 2743 46.
1221 2720 1244 2743 3.
1282 2716 1324 2743 lll.
1337 2718 1402 2744 Cn.
1423 2717 1473 2742 Aut
1493 2718 1671 2753 reputationes
1691 2717 1758 2743 inter
1776 2726 1821 2743 eos
1841 2716 1932 2747 facere,
1951 2721 1994 2742 aut

1161 2770 1250 2786 curare
1269 2760 1402 2786 cautiones
1421 2760 1566 2796 interponi.
1589 2760 1685 2796 quibus
1704 2761 1772 2786 inter
1791 2769 1836 2786 eos
1855 2759 1994 2786 commuui-

1161 2808 1252 2830 ceulur
1270 2808 1318 2829 etc.
1338 2802 1366 2828 fr.
1385 2804 1422 2829 19.
1442 2802 1499 2829 sam.
1517 2804 1608 2829 ercisc.
1630 2805 1668 2829 10.
1682 2805 1706 2828 2.
1743 2802 1950 2840 Reputationem,
1969 2811 1990 2828 s.

1159 2846 1341 2884 Reputationis
1369 2847 1509 2879 rationem,
1537 2845 1634 2872 habere
1661 2845 1711 2879 (dc
1738 2844 1902 2872 mercedibus
1926 2844 1992 2877 etc.)
