2197 3121
246 165 310 196 558

248 246 292 273 Ill.
312 247 379 274 οη.
402 244 476 272 Libri
495 243 657 282 improbatae
681 240 817 273 lectionis,
841 240 934 277 magici
956 239 1024 266 forte
1047 238 1091 265 vel
1113 244 1115 272 ζ

248 288 357 316 similes.
382 287 411 314 sr.
432 291 456 314 4.
483 287 504 320 §.
527 288 548 312 1.
578 286 636 312 fam.
660 285 752 311 ercisc.
773 285 813 311 10.
832 285 857 310 2.
894 282 1009 319 Magicac
1027 282 1091 308 artis

250 332 359 359 conscii.
379 329 452 357 Paul.
472 329 503 356 Υ.
523 330 563 354 23.
584 328 622 362 §§.
644 329 683 353 17.
703 336 762 363 sqq.
800 326 828 353 Si
849 327 908 362 quis
927 334 1029 361 maguS‚
1049 323 1093 351 vel

249 375 356 405 mazicis
381 371 571 400 cantaminibus
596 369 730 397 adsuetus-
759 368 809 396 Tb.
829 368 860 396 C.
884 368 928 395 IX.
955 369 994 394 16.
1021 377 1042 394 c.
1068 368 1092 394 6.

251 404 319 445 ct'fe.
333 420 357 444 3.
378 427 399 443 c.
413 418 436 442 5.
457 414 489 441 de
508 412 619 440 malefic.
656 412 776 439 *Neratius
794 421 896 450 preces,
916 415 960 437 aut
978 411 1093 447 magicos

250 460 399 498 adparatus.
420 463 463 484 aut
475 456 605 483 sacrificia
619 456 722 482 funesta
736 454 877 481 celebrare.
898 453 935 480 lb.
956 463 977 480 c.
989 455 1012 479 7.
1027 452 1044 479 l.
1058 452 1076 479 l.

286 502 417 537 Magis.
450 499 577 532 (Subst.)
616 501 722 526 Genus
740 499 852 525 lancia.
891 495 935 523 111.
955 497 1021 523 Cn.
1041 495 1095 522 Ma-
1116 504 1117 509 ¹

250 545 336 583 gidem
356 542 544 573 commodavit;
564 542 596 574 is,
615 542 657 568 cui
677 539 896 571 commodaverat,
916 539 1020 576 pignori
1039 549 1095 565 eam
1116 536 1117 541 ¹

250 589 340 627 posuit
360 592 385 613 et
404 586 476 622 sugit.
497 584 528 612 fr.
547 585 589 611 36.
609 584 642 611 de
661 583 737 610 cond.
757 582 844 609 indeb.
860 584 899 608 12.
920 583 944 608 6.

287 630 418 664 Magn!-
457 627 583 662 (Advb.)
621 627 652 661 §.
672 628 707 653 1.
735 628 819 653 Plus.
857 624 876 651 I.
895 626 958 659 Sy.
991 623 1096 660 Quibus
1118 626 1119 632 ¹

251 675 390 712 praecipua
410 681 471 699 cura
490 680 579 698 rerum
597 669 733 697 incumbit.
771 667 824 703 Qui
843 669 1021 704 magislquam
1041 677 1096 694 cae-

253 718 300 744 teri
320 716 482 752 diligentiam
501 718 528 740 et
546 712 754 740 sollicitudinem
767 710 865 737 debent
879 710 994 745 (rebus.)
1012 709 1044 736 fr.
1055 711 1097 736 57.

252 770 290 797 pr.
305 759 338 786 de
351 758 384 785 V.
398 758 426 785 S.
439 760 482 783 50.
498 758 537 783 16.
574 755 616 782 Ill.
631 756 698 783 Cn.
717 754 800 790 Magis
819 754 955 790 magisque
968 752 1098 790 (augere.)
1119 759 1121 763 ·

251 801 302 829 Tb.
317 801 347 829 C.
362 800 417 828 VII.
431 802 473 826 20.
493 810 513 826 c.
530 802 554 826 2.
574 808 613 835 pr.
633 797 665 824 de
684 802 800 824 veteran.
837 796 921 823 multo
940 797 1022 833 magis
1040 795 1098 829 (de-

251 845 323 877 bere,
343 854 368 870 v.
387 843 489 881 posse.)
516 842 572 868 Gai.
592 839 636 866 IV.
656 842 697 867 90.
726 840 757 867 fr.
776 841 800 866 3.
821 838 854 866 de
873 839 918 866 off.
938 838 1054 866 Praetor.
1076 840 1098 865 1.

254 890 294 915 14.
315 887 344 914 ῖιπ
366 889 406 913 10.
426 887 448 920 ξ,
470 887 491 911 1.
517 884 568 920 Qu.
589 882 681 910 satisd.
701 892 756 919 cog.
776 884 800 908 2.
819 883 844 909 8.
865 881 896 910 l'r.
915 884 958 909 26.
977 882 1010 909 de
1029 882 1060 908 R.
1080 881 1099 909 I.

252 933 294 957 50.
318 931 355 957 l7.
393 927 474 964 Quod
493 928 574 963 magis
594 936 684 952 verum
704 930 752 952 est.
778 925 809 952 fr.
829 927 870 952 63.
890 926 911 960 §.
933 927 956 951 l.
975 935 1024 962 pro
1044 934 1098 951 soc.

255 975 294 1001 17.
317 975 342 999 2.
380 971 461 1008 Magis
487 969 536 1004 [al.
560 969 661 1003 maius]
685 968 846 1005 delinquere.
875 968 905 995 fr.
929 969 953 994 5.
977 968 998 1002 §.
1021 970 1042 994 l.
1067 967 1100 994 de
1121 974 1122 982 ¹

253 1026 330 1044 servo
345 1025 411 1042 corr.
427 1016 467 1040 ll.
481 1015 505 1040 3.
519 1029 552 1032 —
573 1013 604 1046 §.
619 1013 654 1039 2.
676 1013 808 1044 Potius,
822 1013 981 1046 Amplius.
1001 1010 1020 1037 I.
1035 1012 1098 1045 Sy.

253 1060 354 1087 Potius.
374 1059 396 1092 ξ.
416 1059 440 1084 6.
460 1057 478 1083 1.
499 1056 531 1083 de
550 1055 604 1082 obl.
625 1065 667 1092 qu.
687 1055 762 1092 quasi
781 1064 813 1081 ex
832 1059 914 1080 contr.
933 1055 957 1080 3.
977 1054 1018 1080 28.
1056 1053 1098 1079 111.

254 1104 320 1131 Cn.
341 1102 416 1127 Sicut
435 1099 581 1126 voluntatis
601 1103 627 1124 et
646 1097 726 1125 officii
746 1098 827 1134 magis
842 1107 918 1134 quam
932 1097 1100 1123 necessitatis

254 1150 303 1172 cst.
322 1142 522 1178 (commodare.)
542 1141 573 1168 fr.
589 1142 628 1167 17.
648 1141 670 1175 §.
683 1143 708 1167 3.
728 1139 857 1167 commod.
873 1141 912 1166 13.
932 1141 955 1166 6.
994 1138 1100 1176 Imperii

253 1189 334 1225 magis
354 1191 410 1218 est,
436 1192 512 1222 quam
536 1183 737 1211 iurisdictionis
767 1183 798 1209 l'r.
818 1185 842 1209 4.
868 1182 900 1209 de
919 1181 1011 1208 iurisd.
1030 1184 1055 1208 2.
1077 1183 1100 1208 1.
1122 1177 1124 1207 ¹,

254 1231 288 1258 ci.
313 1231 343 1257 I'r.
364 1233 388 1256 δ.
412 1239 453 1266 pr.
480 1228 512 1255 de
535 1229 563 1254 in
586 1228 628 1254 ius
652 1236 709 1253 voc.
733 1229 757 1252 2.
782 1230 806 1252 4.
846 1225 921 1261 Quae
940 1226 994 1258 (sc.
1015 1224 1100 1258 ratio)

253 1274 332 1311 vulgo
352 1271 481 1304 creditur,
502 1284 531 1288 —
558 1271 640 1306 magis
664 1270 784 1307 speciosa
809 1267 914 1295 videtur
934 1277 1011 1304 quam
1031 1277 1101 1294 vera.

255 1317 312 1344 Gai.
332 1316 349 1343 1.
372 1317 427 1342 190.
468 1313 529 1340 Ideo
549 1312 659 1344 secisse,
682 1317 710 1338 ut
729 1313 780 1349 ipsi
800 1313 881 1348 magis
901 1311 1005 1338 mulieri
1024 1320 1102 1347 quam

255 1360 306 1387 sibi
326 1358 500 1396 prospiceret.
525 1355 556 1382 fr.
576 1357 600 1382 6.
620 1365 660 1393 pr.
685 1354 717 1381 de
743 1354 819 1381 cond.
845 1365 866 1381 c.
891 1354 942 1381 dat.
964 1355 1005 1380 12.
1024 1355 1048 1380 4.
1069 1352 1101 1379 cI'.

255 1402 286 1430 fr.
300 1404 342 1429 29.
362 1411 400 1439 pr.
421 1399 454 1426 ad
473 1398 539 1426 S.C.
560 1398 629 1425 Vell.
645 1399 684 1424 16.
705 1400 728 1425 1.
766 1397 847 1433 Quod
865 1398 946 1434 magis
965 1397 1038 1424 illius
1051 1399 1101 1430 (sc.

255 1446 357 1484 proprii
377 1453 440 1470 usus
461 1442 582 1474 uxoris.)
608 1451 685 1478 quam
710 1441 855 1467 communis
878 1451 942 1468 usus
963 1450 1041 1467 causa
1059 1449 1103 1476 pa-

255 1493 340 1515 ratum
365 1490 443 1513 esset.
472 1484 505 1511 sr.
531 1486 571 1510 10.
596 1494 636 1521 pr.
661 1483 693 1510 de
715 1494 777 1510 auro
802 1494 853 1520 arg.
878 1485 921 1510 34.
947 1486 971 1510 2.
1008 1483 1102 1510 illortis

257 1540 333 1557 rausa
353 1529 459 1555 donatio
480 1532 529 1559 est,
550 1537 607 1553 cum
627 1528 686 1564 quis
706 1526 803 1553 habere
823 1537 851 1553 se
871 1526 937 1558 vult,
958 1525 1002 1560 [al.
1021 1526 1102 1562 magis
1124 1556 1126 1564 Ι

256 1583 286 1600 se
305 1572 370 1601 vult.
391 1582 414 1597 v.
429 1580 459 1596 se
477 1569 596 1603 mavult]
617 1580 693 1606 quam
712 1580 780 1602 eum,
800 1571 840 1596 cui
861 1569 949 1602 donat,
969 1570 1104 1605 magisque
1124 1572 1126 1591 ἒ

257 1627 315 1643 eum
336 1616 376 1642 cui
396 1614 490 1645 donat,
511 1623 587 1649 quam
607 1611 731 1638 heredem
754 1622 839 1639 suum.
863 1613 894 1639 l'r.
915 1614 938 1638 1.
958 1622 998 1649 pr.
1018 1611 1051 1638 de
1070 1621 1103 1637 m.
1125 1624 1127 1630 .

258 1670 279 1686 c.
299 1659 387 1685 donat.
403 1659 445 1683 39.
465 1658 491 1682 (5.
529 1655 649 1682 Tenetur
668 1656 745 1681 etiam
764 1655 835 1687 furti,
856 1656 915 1692 quis
935 1656 1004 1681 enim
1023 1655 1104 1690 magis
1125 1685 1127 1699 4

256 1701 366 1729 alienam
386 1710 441 1727 rem
460 1699 543 1726 invito
564 1697 670 1724 domino
691 1703 844 1730 contrectat,
865 1708 942 1735 quam
959 1699 1004 1734 qui
1019 1696 1104 1734 rapit?
1125 1701 1128 1738 l

257 1745 314 1772 Gai.
330 1743 372 1770 111.
385 1744 445 1768 209.
472 1741 512 1768 Ne
532 1742 600 1778 quis,
620 1740 733 1767 vexandi
753 1742 834 1777 magis
853 1741 997 1767 adversarii
1018 1750 1104 1771 causa,
1126 1756 1127 1762 κ

258 1804 290 1808 -
311 1789 336 1814 iu
356 1786 527 1823 municipium
546 1789 646 1810 evocet..
676 1783 706 1810 sr.
726 1785 750 1810 S.
775 1784 796 1817 ξ.
816 1785 839 1810 5.
865 1783 916 1819 Qu.
936 1783 1028 1810 satisd.
1049 1792 1104 1819 cog.
1126 1795 1127 1800 ¹

257 1835 274 1859 2
301 1834 324 1857 ὅ.
363 1830 432 1857 Sunt.
455 1829 524 1854 enim
547 1828 628 1863 magis
652 1827 679 1853 in
703 1826 822 1863 legandis
842 1828 897 1853 suis
918 1826 997 1853 rebus
1018 1842 1049 1846 -
1071 1825 1105 1852 fa·
1126 1834 1127 1843 ¹

259 1873 365 1901 ciliores
390 1871 548 1898 voluntates.
573 1870 603 1897 fr.
623 1870 664 1896 67.
689 1869 710 1903 §.
731 1872 754 1896 8.
775 1868 807 1895 dc
827 1868 902 1905 legat.
922 1869 953 1896 II.
974 1869 1052 1903 (31.)
1073 1885 1104 1889 -

259 1917 290 1950 ξ.
303 1917 340 1942 3.
355 1915 620 1944 Βαιὲοιιαάὶίίιιε,
639 1914 730 1939 l'eris
740 1914 876 1939 imiliua.
914 1912 956 1939 lll.
969 1914 1035 1940 Cn.
1056 1911 1106 1938 Ya-

259 1961 353 1986 riatum
377 1963 429 1988 estg
453 1956 501 1983 sed
527 1956 608 1991 magis
634 1960 687 1987 est,
711 1961 740 1982 ut
760 1960 808 1982 etc.
840 1954 912 1982 Paul.
932 1955 977 1982 III.
997 1957 1020 1981 1.
1039 1955 1061 1989 §.
1082 1956 1106 1981 1.

260 2002 417 2038 Quaeritur,
442 2010 462 2026 S.
484 2000 655 2034 Quaesitum,
675 2008 699 2024 v.
720 1998 906 2034 Quaerendum
926 2003 974 2025 est.
996 2014 1027 2018 -
1052 1997 1107 2025 Sed

260 2045 343 2081 magis
363 2044 472 2077 (visum,
492 2052 516 2068 v.
537 2040 748 2077 intelligendum)
769 2045 809 2067 est
828 2046 877 2067 etc.
902 2041 986 2067 Vatic.
1007 2041 1028 2074 ξ.
1047 2042 1106 2068 206.
1128 2034 1131 2090 ;

260 2087 291 2114 fr.
312 2089 335 2113 7.
355 2087 377 2120 ξ.
396 2088 420 2112 2.
440 2085 474 2112 de
493 2084 584 2111 Senat.
602 2086 624 2110 1.
638 2087 662 2110 9.
682 2083 713 2110 t'r.
731 2085 773 2110 32.
795 2094 833 2121 pr.
853 2084 886 2110 ad
904 2084 934 2111 L.
955 2084 1024 2121 Aqu.
1044 2086 1068 2110 9.
1082 2086 1106 2110 2.

261 2130 293 2156 fr.
308 2132 322 2155 4
350 2129 372 2163 §.
386 2131 409 2155 5.
430 2127 462 2154 de
482 2127 600 2154 statulib.
620 2129 661 2153 40.
682 2128 706 2153 7.
743 2126 891 2153 Yidvudum
910 2132 958 2159 est,
979 2137 1000 2153 s.
1014 2126 1108 2153 Videa-

261 2181 328 2199 muS.
349 2187 380 2190 —-
400 2171 434 2198 Et
453 2171 534 2207 magis
554 2175 603 2202 est,
623 2174 652 2196 ut
670 2174 720 2196 etc.
741 2171 777 2203 (v.
799 2169 852 2196 S‹·=t
872 2169 938 2196 illud
957 2170 1039 2206 inagis
1058 2175 1108 2202 est,

263 2213 334 2251 quod
355 2214 417 2245 etc.)
438 2213 467 2239 l'r.
488 2215 510 2240 7.
531 2212 563 2239 dc
583 2212 655 2239 seriis
668 2214 692 2239 2.
709 2214 748 2239 12.
769 2212 800 2239 l'r.
819 2214 850 2238 15
870 2213 890 2246 ξ.
910 2215 934 2239 2.
955 2213 987 2239 de
1006 2214 1108 2250 pignor.

261 2258 306 2284 20.
326 2258 348 2282 1.
373 2255 403 2282 sr.
424 2257 464 2282 72.
490 2256 511 2289 ξ.
532 2258 556 2282 4.
576 2255 609 2282 de
628 2255 708 2283 solut.
728 2257 769 2282 46.
789 2257 812 2282 3.
849 2255 883 2282 Et
902 2257 983 2292 magis
1004 2261 1057 2287 est,
1077 2266 1109 2282 ne
1130 2274 1133 2292 0

263 2300 405 2337 possimus.
430 2297 460 2324 fr.
482 2300 504 2324 1.
524 2299 545 2332 ξ.
568 2300 606 2325 13.
628 2298 660 2325 de
680 2298 712 2325 Ο.
734 2297 765 2325 N.
787 2298 817 2325 N.
837 2300 879 2325 39.
900 2300 923 2325 1.
961 2298 1109 2325 Dicendum
1130 2312 1134 2340 ι

264 2347 313 2374 est,
333 2341 414 2378 magis
434 2350 507 2371 csse.
528 2346 554 2366 ut
575 2347 622 2368 etc.
644 2341 674 2367 l'r.
694 2343 718 2367 4.
738 2341 760 2375 ᾖ.
779 2343 804 2367 3.
825 2341 856 2368 d«-
876 2351 948 2378 susp.
969 2346 1048 2367 tutor.
1067 2343 1109 2368 26.
1130 2354 1134 2380 3

267 2388 305 2412 10.
325 2385 352 2411 cl'
382 2384 412 2410 l‘r.
433 2385 474 2409 55.
500 2383 522 2416 ξ.
544 2385 565 2409 T.
592 2384 624 2410 de
644 2384 719 2420 legat.
740 2384 781 2411 III.
803 2386 869 2417 (32.)
907 2384 988 2420 Magis
1009 2384 1110 2411 dict-tur
1131 2390 1133 2410 l

265 2434 314 2455 etc.
335 2427 364 2454 I'r.
385 2428 426 2453 59.
447 2426 469 2460 ς’.
491 2427 513 2452 1.
534 2425 566 2452 de
586 2426 671 2453 Audit.
691 2427 767 2453 edict.
787 2430 828 2454 21.
851 2430 872 2454 l.
894 2427 925 2453 cl'.
947 2428 1003 2453 Gai.
1018 2427 1048 2454 II.
1069 2429 1109 2453 7⁸.

265 2471 307 2497 De
337 2469 383 2496 illo
408 2469 536 2506 Pompon.
566 2468 680 2495 dubitat.
707 2486 735 2490 —
766 2472 900 2507 magisque
924 2470 1037 2496 admittit
1061 2475 1110 2496 etc.
1132 2483 1134 2502 1

267 2513 351 2540 Yatic.
376 2513 398 2547 ξ.
418 2514 459 2538 89.
496 2512 552 2538 Nee
577 2511 642 2538 illud
667 2511 792 2542 admittit,
812 2527 845 2531 —
870 2513 916 2540 sed
944 2515 1024 2549 magis
1045 2513 1111 2539 arbi·
1131 2508 1135 2539 ⁴.

269 2561 350 2582 tratur
364 2561 413 2582 etc.
433 2555 464 2582 fr.
480 2557 519 2582 ll.
539 2565 579 2592 pr.
599 2554 630 2581 ad
650 2554 716 2581 SC.
737 2555 817 2581 Treb.
831 2558 871 2582 36.
895 2558 916 2582 1.
953 2555 1111 2593 Respondit.
1133 2547 1136 2576 l

269 2600 348 2631 inas-'is
369 2599 395 2625 id
415 2599 505 2635 accipi.
527 2598 557 2624 sr.
577 2600 617 2624 89.
638 2598 660 2632 ξ.
679 2600 703 2624 2.
724 2597 756 2623 dc
777 2598 854 2624 solut.
876 2601 916 2625 46.
935 2601 960 2625 3.
997 2599 1030 2625 Et
1050 2597 1113 2624 milii
1134 2596 1136 2633 1

269 2643 349 2675 magis*
368 2641 480 2667 videtur.
507 2640 536 2667 fr.
560 2643 580 2667 l.
606 2641 628 2674 ς’.
650 2642 672 2666 7.
693 2640 724 2666 de
746 2640 775 2666 Β.
798 2640 824 2666 P.
846 2652 866 2667 c.
888 2647 904 2667 t.
923 2644 965 2668 37.
985 2644 1009 2668 4.
1030 2641 1061 2667 cl'.
1083 2640 1112 2667 l‘r.

269 2685 293 2709 3.
315 2683 346 2709 dv
365 2685 454 2710 servit.
475 2684 523 2720 leg.
537 2685 579 2710 33.
593 2685 617 2710 3.
643 2683 725 2719 Magis
742 2682 848 2720 placuit.
869 2684 953 2711 vida-ri
973 2689 1021 2710 etc.
1042 2683 1113 2710 Paul.

271 2725 312 2752 III.
333 2727 355 2752 6.
377 2727 398 2759 ξ
417 2728 457 2751 24,
479 2726 511 2753 cs.
532 2726 588 2753 Gai.
608 2726 625 2753 1.
646 2728 704 2752 101.
726 2725 767 2752 III.
791 2727 846 2752 145.
862 2736 902 2762 sq.
923 2726 951 2752 l'r.
967 2728 1006 2753 13.
1027 2726 1059 2753 dc
1079 2727 1115 2752 iu·
1134 2703 1137 2758 l

271 2768 321 2795 (lic.
346 2770 369 2793 5.
393 2769 413 2793 l.
440 2769 469 2794 l'r.
489 2772 512 2795 5.
538 2770 559 2803 ξ
581 2771 601 2795 I.
627 2769 659 2795 dc
685 2768 817 2806 publicam.
842 2770 882 2795 39.
903 2771 926 2794 4.
964 2769 1114 2796 Secundum

272 2811 335 2838 hai-c
355 2811 435 2846 magis
455 2812 555 2847 opinor.
576 2812 606 2838 l'r.
621 2815 645 2839 4.
666 2813 688 2846 ξ.
702 2815 745 2839 22.
766 2811 798 2839 dc
818 2811 842 2838 d.
863 2821 894 2837 m.
915 2822 970 2838 exc.
983 2814 1024 2838 44.
1044 2814 1067 2838 4.
1087 2828 1112 2832 -

1071 155 1177 188 MAG.

1136 239 1167 272 β.
1192 240 1231 266 4.
1263 240 1329 272 Quo
1348 241 1468 275 magis,
1487 241 1504 266 i.
1524 250 1544 267 e.
1565 241 1704 267 Scilicet
1724 246 1770 272 ut,
1790 242 1843 268 Ita
1863 247 1904 268 ut.
1934 239 1977 267 III.

1114 284 1115 303 ἱ
1137 283 1204 309 Cn.
1229 281 1297 308 Cum
1317 282 1451 314 rescissio,
1471 292 1524 319 quo
1543 283 1624 318 magis
1645 282 1798 309 admittatur
1815 284 1865 316 (sc.
1883 283 1979 316 filius‚)

1114 342 1116 352 >
1137 334 1190 351 non
1209 334 1261 361 quo
1280 325 1381 357 minus,
1401 323 1563 361 adhibeatur.
1588 324 1619 352 I'r.
1638 326 1663 351 3.
1683 325 1704 360 §.
1724 327 1748 352 5.
1769 325 1801 352 de
1819 325 1851 352 B.
1870 325 1899 353 P.
1919 336 1940 353 c.
1960 330 1977 352 t.

1137 369 1178 394 37.
1190 369 1214 394 4.
1234 367 1295 403 Quo
1307 368 1402 399 miuus,
1421 377 1473 394 non
1486 378 1538 404 quo
1557 369 1637 404 magis
1657 367 1770 405 legatum
1788 368 1922 400 debeatur,
1941 370 1979 396 in-

1138 411 1252 438 tervenit
1270 414 1320 443 (sc.
1340 410 1476 444 ademtio.)
1495 411 1525 438 t'r.
1547 413 1587 438 14.
1606 421 1646 448 pr.
1667 410 1700 438 de
1719 410 1796 438 adim.
1816 411 1978 448 legat.3s.4.

1116 465 1117 486 1
1138 453 1199 480 Non
1218 463 1249 480 eo
1268 455 1354 480 animo
1374 454 1515 481 eiiciuntur
1533 456 1588 487 (sc.
1608 454 1681 487 res‚)
1706 453 1777 491 quod
1797 455 1856 491 quis
1875 464 1918 481 eas
1937 454 1980 481 ha-

1139 497 1201 524 bere
1225 507 1277 524 nou
1296 496 1365 529 vult,
1389 496 1436 523 sed
1461 507 1513 534 quo
1538 498 1620 533 magis
1640 496 1688 531 [al.
1709 497 1781 534 quod
1799 497 1898 533 magis]
1923 507 1981 524 cum

1139 541 1196 578 ipsa
1216 550 1281 567 nave
1299 539 1446 578 periculum
1464 541 1544 566 maris
1568 540 1682 576 effugiat.
1708 540 1739 567 sr.
1759 541 1782 567 9.
1807 540 1829 574 §.
1849 541 1873 566 8.
1898 539 1930 566 de
1948 540 1980 567 A.

1118 583 1170 611 .R.
1190 583 1223 610 D.
1242 585 1284 609 41.
1305 585 1327 610 1.
1364 581 1431 610 Cum
1456 582 1575 620 pupillus
1599 588 1684 616 esset,
1710 584 1781 610 reive
1804 582 1868 620 pub.
1892 593 1911 609 c.
1939 582 1982 609 ab·

1141 631 1221 658 esset,
1240 636 1326 663 neque
1344 625 1368 652 d.
1383 636 1415 652 m.
1430 625 1500 657 fecit,
1520 625 1620 659 fecerit,
1640 636 1692 663 qno
1712 626 1794 662 magis
1814 626 1878 662 reip.
1898 635 1919 652 c.
1939 625 1982 652 ab·

1141 673 1220 696 esset.
1241 668 1305 695 Tab.
1324 668 1427 696 Heracl.
1447 668 1492 696 lin.
1506 671 1548 695 42.
1566 679 1606 706 sq.
1625 679 1676 696 aer.
1690 668 1773 706 Neap.
1811 667 1892 704 Quod
1911 672 1984 695 cocr-

1143 711 1219 739 cendi
1237 711 1344 739 heredis
1363 722 1441 738 causa
1454 711 1620 748 relinquitur,
1634 722 1685 749 quo
1698 713 1780 748 magis
1793 711 1871 738 heres
1883 710 1984 747 aliquid

1142 756 1227 787 saciat,
1247 759 1291 781 aut
1309 764 1362 782 non
1381 754 1464 782 saciat.
1485 754 1541 782 Gai.
1560 754 1590 781 II.
1609 756 1669 782 235.
1687 769 1722 775 —
1748 755 1778 788 ξ.
1800 755 1839 781 4.
1847 755 1890 781 A.
1916 756 1982 788 Quo
2016 755 2037 790 ‘-

1143 801 1264 834 magi-s,
1289 799 1308 825 i.
1326 808 1346 825 e.
1368 799 1434 831 Quo
1453 800 1567 825 minus.
1604 797 1646 824 111.
1667 799 1734 826 Gn.
1758 796 1831 824 Nihil
1850 796 1983 834 probibet,

1144 852 1196 879 quo
1215 851 1280 877 mag.
1301 845 1349 867 etc.
1374 851 1396 867 c.
1414 842 1438 867 3.
1461 840 1494 868 de
1512 840 1590 867 iudic.
1610 842 1633 867 3.
1655 843 1678 867 l.
1714 840 1774 867 Non
1799 841 1916 877 oportuit
1939 841 1984 867 im-

1144 884 1230 923 pediri
1249 894 1301 921 quo
1320 893 1386 920 mag.
1400 888 1448 910 etc.
1469 894 1490 910 c.
1506 885 1527 910 l.
1548 884 1601 920 Qui
1621 884 1683 910 dare
1702 888 1750 910 tut.
1763 885 1787 910 5.
1799 885 1841 910 34.
1853 899 1885 903 —
1902 883 1933 917 ἓ.
1945 884 1983 911 5.

1145 930 1213 956 Non
1241 928 1356 962 magis,
1384 936 1406 952 v.
1430 927 1544 953 Nihilo
1572 929 1691 961 magio,
1719 928 1736 952 i.
1755 937 1775 953 e.
1801 928 1885 953 Adeo
1909 937 1984 958 non,

1145 973 1284 999 Perinde
1307 979 1374 996 non.
1411 967 1430 994 I.
1449 969 1511 1003 Sy.
1537 968 1645 1005 Neque,
1669 979 1762 1006 neque.
1787 969 1818 996 fr.
1836 972 1861 996 4.
1885 969 1918 996 de
1940 969 1984 996 off.

1120 1033 1123 1040 .
1144 1013 1262 1041 Praetor.
1288 1014 1310 1039 1.
1335 1013 1375 1038 14.
1399 1011 1431 1038 fr.
1450 1013 1474 1038 5.
1498 1011 1531 1038 de
1556 1012 1600 1038 off.
1626 1011 1714 1038 Pracs.
1740 1014 1760 1039 l.
1782 1013 1823 1039 18.
1859 1011 1902 1039 111.
1922 1013 1986 1040 Gn.

1122 1075 1123 1080 .
1145 1056 1238 1093 Neque
1262 1056 1330 1082 enim
1354 1054 1397 1081 Iex
1421 1053 1507 1081 facere.
1529 1059 1633 1092 potest,
1658 1060 1685 1082 ut
1709 1061 1758 1082 etc.
1779 1072 1810 1076 —
1830 1065 1882 1081 nou
1905 1055 1986 1091 magis

1145 1110 1222 1136 quam
1246 1103 1295 1125 etc.
1326 1097 1382 1124 Gai.
1402 1097 1444 1124 111.
1465 1098 1523 1124 194.
1559 1096 1680 1124 Latinum
1704 1097 1790 1124 facere
1812 1108 1865 1124 non
1888 1102 1987 1135 potest,

1144 1153 1193 1170 nec
1212 1142 1293 1178 magis
1314 1151 1390 1178 quam
1410 1141 1493 1167 civem
1511 1139 1543 1167 R.
1562 1139 1634 1167 Paul.
1647 1140 1692 1167 lv.
1708 1143 1747 1167 12.
1768 1141 1782 1174 §
1805 1142 1828 1168 1.
1848 1140 1880 1168 cf.
1901 1139 1985 1167 Vatic.

1145 1186 1166 1220 ξ.
1185 1187 1245 1212 329.
1282 1183 1339 1210 Nec
1363 1185 1389 1210 in
1413 1183 1527 1210 fructum
1549 1183 1658 1215 cedere,
1681 1194 1734 1211 non
1757 1184 1839 1220 magis
1864 1193 1941 1220 quam
1964 1184 1988 1210 si

1146 1233 1194 1255 etc.
1215 1227 1245 1254 fr.
1266 1228 1290 1253 7.
1309 1227 1330 1261 ς’.
1352 1229 1393 1253 12.
1412 1225 1461 1253 sol.
1481 1227 1592 1252 matrim.
1610 1228 1652 1254 24.
1670 1228 1695 1254 3.
1731 1225 1791 1253 Non
1810 1227 1891 1262 magis
1910 1226 1988 1253 lieres

1145 1271 1254 1298 reficere
1274 1269 1364 1302 debet,
1386 1286 1416 1289 —
1437 1279 1514 1306 quam
1532 1270 1555 1296 si
1575 1274 1623 1296 etc.
1647 1268 1678 1296 I'r.
1697 1270 1738 1296 65.
1762 1269 1785 1303 §.
1805 1271 1828 1295 l.
1854 1268 1886 1295 de
1906 1269 1987 1296 usufr.

1146 1316 1169 1341 7.
1192 1316 1214 1340 1.
1250 1312 1311 1339 Non
1329 1322 1420 1350 posse,
1438 1322 1462 1338 v.
1483 1312 1550 1343 fieri,
1569 1322 1593 1338 v.
1613 1313 1698 1339 teneri
1716 1317 1765 1339 etc.
1783 1328 1816 1332 —-
1835 1322 1888 1338 non
1906 1313 1988 1348 magis

1146 1367 1223 1395 quam
1243 1361 1291 1383 etc.
1322 1355 1379 1382 Gai.
1399 1354 1417 1382 I.
1441 1357 1483 1382 25.
1508 1354 1538 1381 11.
1557 1356 1617 1381 244.
1643 1354 1685 1381 III.
1709 1356 1751 1381 67.
1771 1356 1812 1382 91.
1833 1356 1890 1382 179.
1914 1354 1944 1381 sr.
1964 1356 1988 1381 6.

1146 1401 1168 1435 §.
1190 1402 1212 1426 1.
1232 1399 1265 1426 de
1284 1399 1372 1426 Senat.
1388 1399 1410 1425 l.
1430 1399 1454 1424 9.
1473 1397 1504 1425 fr.
1524 1399 1548 1424 9.
1568 1398 1590 1432 δ.
1610 1399 1632 1424 l.
1652 1397 1728 1425 locat.
1745 1399 1785 1425 19.
1803 1399 1828 1424 2.
1864 1397 1988 1424 Proximo

1146 1443 1257 1479 adgnato
1277 1452 1330 1469 non
1349 1441 1471 1473 adeunte,
1490 1440 1548 1474 (ad)
1567 1440 1738 1467 hereditatem
1752 1440 1835 1467 nihilo
1854 1442 1935 1477 magis
1951 1450 1990 1467 se-

1148 1496 1232 1524 quens
1251 1486 1307 1512 iure
1327 1484 1442 1521 legitimo
1462 1483 1615 1510 admittitur.
1635 1484 1692 1510 Gai.
1712 1483 1753 1510 III.
1773 1485 1815 1510 22.
1833 1485 1876 1511 28.

1183 1529 1377 1563 Magister.
1397 1528 1428 1562 §0
1447 1529 1482 1554 1.
1505 1529 1570 1560 Qui
1587 1529 1735 1563 negotiis
1751 1528 1898 1562 publicis
1916 1536 1990 1561 pro-

1147 1573 1322 1604 curandis,
1360 1573 1407 1598 vel
1443 1573 1494 1598 rei
1522 1572 1658 1597 bellicae
1689 1571 1991 1601 administrandae,

1145 1616 1360 1650 praepositus
1383 1621 1436 1640 est.
1474 1613 1493 1640 I.
1508 1614 1570 1648 Sy.
1596 1612 1646 1640 Cui
1666 1613 1806 1650 praecipua
1825 1622 1886 1639 cura
1906 1621 1992 1639 rerum

1148 1657 1283 1684 incumbit.
1305 1656 1334 1683 l‘r.
1354 1658 1395 1683 57.
1417 1666 1455 1693 pr.
1475 1655 1507 1682 de
1521 1655 1552 1682 Υ,
1573 1655 1600 1682 S.
1620 1658 1661 1682 50.
1683 1657 1723 1682 16.
1760 1654 1886 1692 Princeps
1905 1657 1992 1692 (agen-

1149 1702 1213 1727 tium
1237 1701 1263 1727 in
1286 1699 1393 1732 rebus.)
1422 1699 1472 1726 Th.
1493 1698 1524 1726 C.
1545 1698 1588 1725 VI.
1613 1700 1655 1725 27.
1686 1708 1707 1724 c.
1732 1700 1755 1725 5.
1779 1698 1801 1732 §.
1822 1699 1844 1724 l.
1870 1708 1891 1724 c.
1911 1699 1935 1724 6.
1960 1697 1993 1724 de

1126 1765 1127 1778 ,
1149 1748 1233 1780 agent.
1253 1744 1279 1769 in
1298 1742 1352 1769 reb.
1389 1741 1432 1768 III.
1447 1743 1512 1770 011.
1532 1741 1579 1768 His
1599 1741 1773 1768 dictatoribus
1786 1741 1903 1777 magistri
1922 1741 1994 1777 equi-

1149 1791 1204 1812 tum
1223 1785 1405 1822 iungebantur.
1430 1784 1460 1812 sr.
1479 1787 1504 1811 2.
1529 1785 1612 1819 §.19.
1633 1784 1666 1810 dc
1685 1784 1719 1811 Ο.
1738 1784 1757 1811 Ι.
1778 1786 1800 1811 1.
1821 1786 1845 1810 2.
1866 1783 1898 1810 cf.
1918 1783 1948 1811 fr.
1969 1785 1992 1810 I.

1149 1839 1189 1866 pr.
1209 1828 1242 1855 de
1261 1828 1303 1855 off.
1320 1827 1373 1854 Prs.
1386 1827 1428 1854 Pr.
1450 1829 1472 1854 1.
1494 1829 1534 1854 ll.
1571 1827 1689 1863 Magistri
1707 1826 1828 1858 militum,
1848 1826 1891 1853 vel
1906 1825 1994 1853 Comi-

1150 1877 1190 1898 tes
1210 1871 1424 1898 domesticorum.
1448 1869 1549 1907 Th.VC.
1569 1869 1614 1896 XI.
1635 1871 1674 1896 18.
1695 1880 1717 1896 c.
1738 1871 1761 1896 l.
1799 1869 1852 1905 Qui
1872 1879 1884 1896 a
1903 1868 1992 1906 praeb.

1151 1916 1229 1941 tiron.
1266 1913 1382 1950 Magistri
1408 1914 1524 1950 equitum
1549 1917 1575 1940 et
1597 1912 1728 1950 peditum,
1752 1922 1773 1939 s.
1797 1911 1832 1939 M.
1857 1913 1993 1948 utriusque

1151 1957 1267 1984 militiae.
1291 1956 1329 1983 lb.
1344 1956 1400 1983 HI.
1417 1959 1441 1983 4.
1462 1966 1483 1983 c.
1497 1957 1538 1982 24.
1558 1955 1590 1982 de
1610 1965 1679 1992 erog.
1699 1955 1753 1982 mil.
1773 1964 1868 1981 annon.
1888 1953 1955 1980 VIII.
1969 1955 1993 1980 5.

1152 2011 1173 2027 c.
1192 2002 1235 2027 30.
1255 2010 1277 2026 c.
1297 2001 1338 2026 43.
1357 2009 1397 2036 sq.
1423 1999 1455 2026 de
1475 2009 1553 2026 cursu
1572 1999 1635 2036 pub.
1673 1998 1786 2030 Comes,
1810 2002 1836 2024 et
1853 2006 1918 2033 mag.
1938 1996 1994 2023 offi-

1153 2045 1260 2070 ciorum.
1280 2042 1317 2069 lb.
1337 2042 1355 2069 I.
1375 2044 1398 2069 9.
1420 2053 1441 2069 c.
1463 2044 1484 2068 l.
1505 2041 1610 2075 (ch.)
1631 2041 1664 2068 de
1682 2041 1726 2068 off.
1745 2050 1810 2076 mag.
1829 2039 1874 2066 oss.
1894 2038 1938 2066 VI.
1951 2041 1993 2066 29.

1153 2097 1174 2113 c.
1190 2088 1230 2112 10.
1250 2084 1282 2112 de
1296 2086 1392 2112 curios.
1407 2084 1512 2112 V111.5.
1533 2094 1554 2111 c.
1569 2085 1592 2110 8.
1612 2093 1651 2121 pr.
1671 2083 1704 2110 dc
1723 2093 1801 2110 cursu
1819 2082 1881 2119 pub.
1910 2082 1996 2118 Quae-

1153 2134 1210 2156 stor
1237 2133 1315 2165 atque
1343 2127 1490 2154 officiorum
1517 2127 1647 2163 magister.
1679 2126 1717 2153 lb.
1743 2125 1786 2152 VI.
1810 2127 1834 2152 9.
1864 2135 1885 2152 c.
1912 2127 1933 2152 1.
1963 2124 1995 2152 de

1153 2172 1263 2208 Quacst.
1288 2180 1352 2206 mag.
1377 2169 1445 2196 offic.
1489 2169 1613 2206 Magister
1636 2168 1732 2196 ltaliae.
1763 2167 1800 2194 lb.
1819 2167 1838 2194 1.
1866 2169 1904 2194 15.
1929 2178 1950 2194 c.
1972 2169 1995 2194 l.

1154 2214 1258 2249 (ch.)
1284 2213 1317 2240 de
1336 2213 1379 2239 ol'l'.
1400 2212 1486 2239 Vicar.
1523 2212 1566 2239 Ad
1585 2212 1735 2248 magistrum
1755 2220 1851 2237 census
1871 2209 1995 2247 perferre.

1154 2257 1233 2295 Apud
1253 2267 1310 2283 eum
1330 2255 1466 2294 publicare
1484 2260 1533 2282 etc.
1554 2265 1574 2282 c.
1590 2257 1630 2281 18.
1650 2264 1671 2280 c.
1682 2255 1724 2280 23.
1745 2253 1777 2280 de
1797 2258 1899 2280 testam.
1915 2254 1940 2280 6.
1953 2254 1995 2279 23.

1155 2298 1334 2328 T11‚C.X1Y.
1354 2301 1378 2326 9.
1399 2309 1419 2325 c.
1442 2301 1464 2325 l.
1484 2298 1517 2324 de
1535 2297 1604 2324 stud.
1624 2296 1669 2323 lib.
1690 2295 1747 2322 urb.
1767 2296 1797 2322 R.
1835 2295 1996 2326 Rationales,

1155 2348 1180 2370 et
1203 2343 1319 2379 magistri
1342 2343 1460 2379 privatae
1485 2342 1530 2367 rei.
1561 2340 1599 2366 lb.
1618 2340 1651 2366 X.
1675 2341 1695 2365 l.
1716 2349 1737 2365 c.
1757 2341 1780 2364 2.
1801 2338 1834 2365 de
1853 2340 1909 2366 iure
1927 2339 1996 2366 fisci.

1154 2386 1211 2413 XII.
1228 2388 1250 2412 l.
1269 2396 1290 2412 c.
1309 2387 1347 2411 14.
1368 2384 1400 2411 de
1419 2384 1552 2411 decurion.
1591 2381 1643 2417 Qui
1664 2392 1721 2408 cum
1742 2381 1841 2408 bonore
1855 2381 1996 2412 Comitum,

1156 2429 1259 2456 nomine
1278 2428 1470 2463 Magistrorum,
1489 2426 1628 2452 memoria·-
1648 2425 1822 2462 praeluerint,
1840 2423 1882 2451 vel
1902 2425 1997 2461 episto-

1155 2472 1203 2503 lis,
1227 2471 1269 2498 vel
1293 2469 1400 2497 libellis.
1431 2469 1468 2495 Ib.
1487 2467 1532 2494 XI.
1559 2469 1597 2493 Iti.
1623 2478 1644 2493 c.
1668 2469 1706 2493 14.
1732 2466 1764 2493 dc
1789 2472 1854 2493 extr.
1879 2476 1900 2493 s.
1925 2465 1996 2493 sord.

1157 2514 1324 2542 Primicerius
1344 2513 1517 2539 notariorum.
1537 2527 1566 2530 —
1589 2520 1616 2536 ac
1636 2511 1794 2536 scriniorum
1812 2510 1937 2545 magistri,
1955 2508 1996 2535 vel

1158 2557 1257 2584 tribuni
1276 2561 1301 2582 et
1321 2555 1422 2581 notarii.
1442 2553 1478 2580 lb.
1499 2553 1543 2580 XI.
1567 2555 1604 2580 18.
1625 2563 1646 2580 c.
1663 2555 1684 2579 1.
1708 2553 1759 2588 Qu.
1780 2563 1792 2578 a
1812 2551 1900 2589 praeb.
1920 2552 1995 2578 tiron.

1159 2600 1190 2626 cl'.
1212 2599 1254 2625 VI.
1270 2601 1309 2625 II.
1330 2608 1350 2624 c.
1368 2599 1390 2623 I.
1411 2595 1444 2622 de
1457 2606 1522 2632 mag.
1536 2597 1615 2622 scrin.
1631 2611 1663 2616 -
1683 2596 1714 2629 §.
1729 2596 1764 2621 2.
1787 2596 1849 2628 Qui
1866 2596 1914 2621 rei
1927 2594 1995 2628 pri-

1160 2649 1253 2669 vatae
1277 2641 1416 2668 alterius
1439 2646 1548 2665 custos
1570 2640 1772 2665 constitutus
1796 2643 1842 2664 ese
1859 2643 1888 2664 et
1906 2645 1996 2663 cura-

1158 2692 1215 2712 tor.
1253 2683 1271 2710 I.
1293 2684 1355 2717 Sy·
1381 2683 1434 2717 Qui
1454 2682 1606 2717 magisterio
1626 2680 1741 2716 fungitur
1761 2680 1804 2712 (in
1822 2679 1910 2710 nave.)
1946 2676 1996 2704 Cui

1160 2737 1220 2753 cura
1242 2725 1363 2752 mandata
1389 2729 1429 2751 est
1453 2726 1552 2757 (totius
1579 2722 1678 2755 navis.)
1706 2722 1737 2749 I‘r.
1758 2724 1781 2748 1.
1809 2721 1846 2755 §§.
1870 2722 1892 2746 1.
1915 2721 1938 2745 5.
1965 2719 1996 2745 cl'.

1159 2769 1179 2802 §.
1197 2770 1235 2795 15.
1257 2767 1289 2794 de
1308 2777 1395 2794 exerc.
1416 2773 1464 2794 act.
1480 2769 1519 2794 14.
1541 2769 1563 2793 1.
1591 2765 1626 2797 Is,
1646 2775 1694 2803 per
1712 2774 1788 2802 quem
1800 2763 1866 2790 bona
1879 2767 1996 2789 veneant.

1160 2811 1216 2838 Gai.
1236 2810 1278 2837 III.
1299 2812 1338 2837 79.
1379 2810 1409 2837 ll.
1431 2811 1498 2844 Op.
1517 2809 1657 2836 Exercitor
1675 2808 1782 2842 (navis.)
1801 2805 1842 2833 Cf.
1861 2804 1886 2831 h.
1905 2815 1929 2830 v.
1957 2804 1997 2831 III.
