2197 3121
925 160 1012 191 ABH
1036 179 1074 185 —
1099 161 1179 193 ABI.

195 243 227 271 de
245 243 362 270 statulib.
381 245 422 270 40.
443 246 466 270 7.
502 242 632 269 Damnum
651 242 714 268 eius.
747 240 827 277 Quod
847 241 869 267 ei
889 241 971 269 abest.
1000 242 1031 269 fr.

196 289 235 313 12.
259 287 281 320 5.
300 288 325 313 2.
351 286 381 313 sr.
402 288 441 312 14.
460 295 499 323 pr.
534 285 584 321 Qu.
608 289 668 311 met.
694 295 715 311 0.
734 285 802 318 4.-2.
848 283 878 310 ΙΙ.
899 287 965 319 ΟΡ.
1001 285 1031 312 13

194 334 350 366 potestatem
369 328 454 355 redire
473 329 561 360 (rem).
589 326 620 354 sr.
641 329 680 354 13.
700 327 721 360 5.
740 329 764 353 2.
785 326 817 353 de
836 325 867 353 V.
887 326 914 353 S.
935 329 975 354 50.
989 329 1028 354 16.

194 371 235 398 111.
255 373 320 399 Gn.
358 370 387 397 Si
407 370 469 407 quid
492 372 518 397 in
538 370 578 396 his
598 369 684 396 damni
703 370 803 401 datum,
827 369 957 396 factumve
980 375 1028 399 est.

193 415 250 440 sive
269 413 332 450 qnid
352 424 381 439 eo
400 414 503 440 nomine
523 418 565 439 aut
584 413 658 439 abest
677 412 761 444 alicui,
782 417 825 438 aut
843 412 875 438 ad
894 422 953 438 enm
971 423 1029 449 per-

193 458 272 483 venit.
304 456 334 483 fr.
354 458 378 482 3.
402 466 441 493 pr.
465 466 556 482 comm.
576 455 627 482 div.
648 457 688 481 10.
707 457 731 481 3.
769 455 906 491 Quidquid
930 465 960 481 eo
984 465 1029 481 no—

193 501 262 526 111130
280 499 322 525 vel
346 499 420 525 abest
444 500 478 530 ei,
504 497 545 524 vel
569 498 716 524 abfuturum
740 502 788 524 est.
821 498 852 524 fr.
871 500 895 524 2.
920 498 952 524 de
971 509 1027 535 neg.

192 547 257 579 gest.
276 543 300 568 3.
320 544 343 568 5.
381 541 409 567 Si
429 541 491 578 qnid
511 542 532 567 ei
552 540 642 569 aberit.
666 541 788 576 persequi
809 540 922 567 debebit.
952 541 982 567 sr.
1003 543 1026 567 4.

193 590 305 611 contrar.
325 589 371 610 tut.
391 586 432 610 27.
452 586 475 610 4.
512 583 592 618 Quod
616 582 701 611 abest,
726 584 829 609 restitui
848 593 871 609 v.
892 585 1027 620 praestari.

193 627 223 654 fr.
241 630 283 654 21.
303 627 325 661 5.
343 630 367 653 2.
397 627 448 662 Qu.
468 631 528 652 met.
549 636 569 652 c.
589 627 612 651 4.
632 627 656 651 2.
693 625 722 651 Si
741 625 781 657 id,
806 626 877 662 qnod
902 628 924 652 ei
944 627 1027 657 abest.

192 670 224 696 ab
249 680 279 697 eo
300 686 332 689 —
353 671 450 696 servari
474 670 566 706 possit.
599 668 629 694 fr.
654 670 678 694 2.
703 668 773 701 5.1.
802 670 823 694 si
848 674 930 695 ventr.
959 679 1027 695 nom.

191 716 233 739 25.
252 716 276 739 5.
296 729 328 733 —
348 714 378 746 §.
400 715 436 740 3.
473 714 619 739 Alienum
642 721 721 742 esse,
746 711 890 738 Distare.
926 711 944 737 I.
965 713 1026 745 Sy.

192 755 247 783 Nec
266 755 311 782 ille
330 756 398 782 absit
422 766 435 781 a
460 755 584 792 (poena).
621 752 753 780 Teneatur
771 753 823 780 illa.
861 754 910 780 Th.
932 754 962 781 C.
982 754 1027 780 IX.

192 801 233 825 17.
253 809 274 825 c.
294 801 318 825 2.
339 799 371 825 de.
391 798 489 835 sepulc.
508 796 569 823 viol.
600 796 723 822 Alienum
743 806 801 822 esse
820 807 832 822 a
853 798 937 830 (sorte
957 798 1027 830 eto).

191 841 228 868 lb.
247 842 291 868 IX.
312 843 352 868 42.
377 852 397 868 c.
418 843 456 867 15.
486 840 517 866 de
536 840 596 865 bon.
615 849 716 876 proscr.
763 839 792 865 11.
814 842 881 873 Op.
916 839 945 866 Si
969 841 1026 876 quis

191 885 367 911 adfirmaverit
386 883 483 920 aliquid
497 882 589 909 adesse
602 892 687 913 servo.
708 892 755 908 nec
774 881 850 915 adsit,
870 882 912 908 vel
925 882 1026 914 abesse⁷

191 933 217 954 et
244 928 319 954 adsit.
355 927 385 953 fr.
406 928 445 952 17.
469 926 491 959 5.
510 927 551 952 20.
577 925 609 951 (10
629 924 684 951 aed.
705 925 744 951 ed.
768 927 810 951 21.
832 927 853 951 1.
898 925 939 952 ΙΠ.
961 927 1026 953 οη.

190 970 250 998 Non
269 970 377 996 multum
396 969 479 995 aberit
498 969 560 1004 quin
580 973 627 994 etc.
656 968 686 994 fr.
702 970 741 994 17.
761 967 793 994 de
812 968 927 994 statulib.
947 970 988 994 40.
1003 970 1025 994 7.

190 1014 269 1040 Absit
287 1024 299 1039 a
320 1017 367 1039 etc.
388 1022 409 1038 0.
429 1013 452 1037 7.
473 1010 504 1037 de
524 1021 613 1047 pagan.
634 1012 657 1037 1.
678 1013 717 1037 11.
745 1021 769 1037 v.
789 1016 825 1037 ut.
858 1011 907 1038 Th.
922 1011 952 1038 C.
966 1011 1025 1038 XV.

189 1058 214 1083 3.
234 1066 254 1082 c.
270 1057 293 1082 6.
314 1055 346 1082 de
365 1056 420 1081 itin.
438 1064 507 1080 mun.
537 1053 566 1080 Si
585 1053 616 1079 ab
636 1053 677 1079 his
696 1054 775 1080 rebus
795 1053 893 1080 facinus
913 1054 1025 1080 abesset.

190 1099 220 1126 fr.
239 1101 280 1125 20.
306 1098 338 1125 (10
358 1098 390 1124 Ο.
411 1102 436 1124 et
454 1097 485 1123 A.
505 1098 546 1122 44.
567 1098 589 1122 7.
628 1096 702 1132 Quae
725 1098 765 1122 vis
790 1108 802 1122 a
822 1097 949 1123 maleficio
974 1106 1026 1122 non
1046 1092 1048 1122 ⁴,

189 1141 302 1168 abesset.
327 1141 357 1167 fr.
377 1143 418 1166 20.
437 1140 454 1167 1.
492 1139 637 1176 Spondere,
658 1139 747 1166 dolum
767 1150 799 1166 m.
820 1140 892 1172 (hnic
912 1140 948 1166 rei
967 1150 1026 1176 pro-
1046 1160 1047 1164 ,

188 1185 378 1221 missionique)
402 1184 494 1210 abesse
513 1182 713 1219 abfuturumque
737 1193 808 1214 essm
833 1193 857 1209 v.
878 1187 1026 1209 curaturum
1046 1168 1048 1200 ,⁸
1070 1165 1193 1191 Abacmr'
1223 1166 1253 1192 Cf·
1274 1166 1299 1192 h'
1318 1177 1342 1192 Μ
1371 1168 1423 1202 ριυ
1438 1167 1595 1194 Μὼηῃιίῃη
1609 1175 1633 1195 ‘4
1652 1170 1841 1208 depmedmstur
1859 1181 1902 1208 ΡΨ

190 1238 233 1257 Se.
254 1232 282 1253 ut
302 1227 378 1253 dolus
397 1237 430 1253 m.
451 1227 526 1252 absit.
554 1225 584 1252 fr.
598 1227 640 1251 38.
659 1226 737 1258 513.
758 1226 788 1252 fr.
803 1228 843 1252 83.
862 1236 901 1263 pr.
922 1225 951 1252 sr.
967 1227 1024 1251 121.

188 1281 228 1308 pr.
253 1270 285 1297 de
304 1269 335 1296 Υ.
357 1270 389 1296 O.
409 1271 450 1295 45.
475 1271 497 1295 1.
522 1268 552 1294 fr.
572 1270 612 1294 44.
633 1268 654 1301 5.
674 1270 698 1294 5.
722 1268 780 1294 sam.
806 1279 856 1295 erc.
881 1271 920 1295 10.
939 1270 963 1295 2.
992 1268 1023 1294 cf.

189 1313 284 1340 Orellii
304 1314 382 1339 inser.
396 1312 467 1338 latin.
482 1311 542 1338 coll.
562 1321 602 1337 no.
617 1313 692 1337 4358.

189 1366 202 1382 a
222 1356 334 1393 (pubere
353 1357 461 1389 aetate).
490 1355 520 1381 fr.
541 1356 580 1380 14.
600 1354 632 1380 de
652 1353 678 1380 S.
699 1354 729 1380 C.
751 1354 832 1381 Silan.
851 1356 892 1381 29.
912 1357 935 1381 5.
960 1365 983 1381 v.
1001 1365 1022 1380 a.

188 1398 285 1425 villico.
315 1398 345 1425 fr.
366 1399 422 1424 166.
442 1408 481 1435 pr.
502 1397 533 1424 de
553 1397 584 1424 V.
604 1397 631 1424 S.
651 1399 691 1423 50.
712 1398 751 1424 16.

221 1442 368 1469 Abhinc
389 1441 507 1474 (Advb.)
545 1442 576 1475 ξ.
596 1442 630 1468 1.
667 1442 709 1467 Ab
733 1451 764 1467 eo
784 1443 856 1467 inde
874 1447 1022 1475 tempore.

188 1484 230 1511 III.
251 1486 317 1513 Cu.
354 1483 483 1521 Populum
508 1483 618 1510 eundem
641 1483 691 1509 hoc
715 1488 833 1520 tempore
856 1485 954 1520 putari.
980 1485 1025 1520 qui

188 1528 283 1554 abhinc
311 1526 341 1553 C.
365 1528 439 1553 annis
462 1527 563 1553 suisset.
604 1526 634 1553 fr.
658 1528 697 1552 76.
723 1526 754 1553 de
777 1526 855 1553 indic.
884 1529 907 1553 5.
931 1529 953 1552 1.
991 1542 1023 1546 —

187 1571 219 1605 ξ.
234 1573 269 1597 2.
306 1572 349 1597 Ab
369 1572 426 1597 Ιιαι·
444 1580 482 1597 re.
519 1569 538 1596 Ι.
559 1571 620 1604 Sy.
647 1569 689 1594 Ab
708 1569 755 1595 hac
775 1570 939 1606 (ingutione).
973 1569 1022 1596 Th.

188 1614 220 1640 C.
238 1612 308 1640 XVI.
328 1615 352 1639 2.
373 1623 394 1639 c.
414 1615 455 1639 40.
480 1612 512 1639 de
532 1614 612 1650 episc.
632 1612 725 1639 eceleS.
750 1623 770 1639 c.
791 1615 814 1639 5.
839 1612 871 1639 de
890 1612 939 1639 SS.
960 1612 1022 1639 cccl.
1044 1632 1046 1652 ἲ

1044 1655 1046 1688 'j
1068 1650 1097 1683 §-
1118 1651 1153 1677 2.
1185 1652 1356 1686 ΑΙιΙεὲανε,
1378 1654 1573 1685 Ε,1’οΙιιιίενε,
1594 1655 1763 1688 Deponere.
1800 1654 1819 1681 1.
1839 1657 1901 1690 Sy,

1044 1697 1046 1724 ξ
1068 1692 1178 1724 Pellere,
1197 1693 1338 1730 Expellere
1358 1696 1403 1727 (ex
1423 1695 1494 1723 urbe.
1513 1706 1537 1721 v.
1558 1707 1570 1721 a
1584 1697 1729 1723 sacerdotio
1749 1698 1818 1730 eto).
1851 1698 1900 1725 Th.

1044 1735 1046 1742 ’
1069 1735 1099 1762 C.
1118 1735 1188 1762 XIV.
1209 1738 1232 1762 9.
1259 1746 1279 1762 c.
1301 1738 1322 1762 l.
1348 1747 1369 1762 c.
1388 1739 1412 1763 3.
1442 1737 1474 1764 de
1499 1738 1567 1765 stud.
1592 1738 1636 1766 lib.
1656 1740 1711 1766 urb.
1736 1740 1767 1767 R.
1785 1741 1856 1768 XVI.
1875 1744 1899 1768 2.

188 1741 316 1768 horrenda
344 1743 479 1778 usurpatio
512 1742 543 1768 ab
576 1744 645 1768 omni
676 1743 875 1768 conversatione
905 1741 1046 1778 honesta.¹

188 1784 256 1811 Nov.
275 1784 405 1810 valentin.
424 1784 466 1811 111.
492 1784 524 1811 de
544 1785 646 1811 fructib.
666 1786 711 1811 int.
732 1786 814 1810 marit.
838 1784 868 1810 II.
893 1786 932 1810 15.
958 1795 978 1811 0.
1000 1787 1022 1810 1.
1044 1787 1045 1790 ’

189 1658 450 1727 1ὁἐὶηιοιϊθιᾞ.
481 1699 512 1732 ς.
527 1701 561 1726 1.
590 1700 792 1726 Abominari.
825 1698 867 1725 111.
883 1700 948 1726 (7η.
971 1699 1024 1725 Ab·

188 1838 227 1865 pr.
257 1843 289 1847 —
323 1827 353 1859 §·
374 1829 409 1853 2.
438 1830 601 1860 Recedere,
621 1830 768 1854 Alienum
787 1838 859 1854 esse.
895 1827 936 1853 111.
958 1829 1022 1855 Cn.

188 1871 272 1899 Iusta.
298 1880 345 1895 nec
366 1869 396 1895 ab
416 1871 545 1906 aequitate
563 1869 673 1896 naturali
696 1870 839 1895 abhorrens
859 1871 1022 1906 (exceptio).

188 1913 219 1940 fr.
233 1914 274 1939 66.
295 1912 326 1939 (le
346 1912 376 1938 R.
396 1912 415 1938 1.
435 1915 475 1938 50.
496 1915 536 1939 17.
567 1912 626 1939 ‘Non
644 1912 753 1938 multum
773 1912 902 1938 abhorret.
932 1913 957 1938 A
970 1922 1021 1948 quo

188 1966 241 1982 11011
265 1956 401 1983 abhorret.
426 1955 496 1992 qnod
521 1960 569 1982 etc.
602 1955 631 1981 fr.
652 1957 675 1981 7.
699 1956 721 1988 5.
742 1957 780 1981 11.
818 1956 869 1991 Qu.
894 1966 926 1981 ex
950 1966 971 1982 c.
996 1956 1022 1982 iu

188 2009 260 2036 poss.
280 2001 321 2025 42.
342 2001 365 2025 4.
400 1999 430 2025 fr.
449 2000 472 2024 6.
493 1999 515 2032 5.
534 2000 557 2024 3.
578 2008 669 2024 comm.
688 1998 776 2035 praed.
796 2001 820 2024 ὅ.
839 2000 863 2025 4.
902 1999 954 2034 Qui
978 2000 1022 2024 im·
1043 2019 1045 2036 .

187 2043 348 2079 petravcrint
368 2043 420 2075 (sc.
441 2041 603 2074 codicillos).
623 2042 645 2067 si
665 2041 821 2068 abhorreant
840 2052 853 2068 a
873 2042 1022 2069 conditione

188 2085 286 2111 servili.
323 2084 372 2111 Th.
394 2085 424 2111 C.
444 2084 487 2110 11.
507 2086 548 2110 37.
569 2095 590 2110 0.
612 2086 633 2110 l.
654 2084 685 2110 de
704 2085 852 2121 perl'ectiss.
872 2085 940 2120 dign.

222 2128 401 2155 Abieetus
421 2126 548 2160 (partic.)
568 2127 600 2153 cf.
619 2137 643 2153 v.
663 2128 791 2154 Abiicere.
813 2128 834 2161 5.
853 2130 877 2154 2.

222 2171 401 2198 Abiectus
426 2170 596 2203 (Adiectiu).
637 2172 734 2203 Vilis,
759 2173 918 2203 Humilis,
941 2174 1021 2199 Pro-

188 2215 336 2239 stitulns.
373 2213 402 2239 Π.
424 2215 489 2246 011.
518 2212 585 2239 Vilis
609 2217 634 2239 et
657 2212 772 2239 abiectae
796 2214 962 2240 conditionis.
989 2231 1021 2234 —

189 2255 319 2282 11030513(-
339 2266 474 2292 personae.
503 2266 523 2282 c.
538 2259 561 2282 ὅ.
581 2256 618 2289 55.
632 2257 656 2282 3.
676 2266 715 2292 sq.
736 2256 767 2282 de
786 2256 882 2283 haeret.
904 2260 926 2283 1.
945 2260 968 2284 5.
990 2258 1021 2284 cf.

189 2298 219 2325 fr.
240 2300 279 2324 17.
304 2299 386 2332 5.13.
407 2299 438 2325 de
456 2299 532 2325 iniur.
552 2300 593 2324 47.
614 2300 653 2324 10.
680 2298 791 2325 Humilis
811 2300 970 2337 abiectaque.
989 2317 1021 2321 —-

189 2341 311 2368 Nobilior
337 2341 482 2374 (fortuna).
515 2341 582 2368 Nov.
601 2341 658 2368 Val.
678 2341 719 2367 111.
745 2342 776 2368 de
794 2343 880 2369 XXX.
905 2354 962 2370 aun.
982 2355 1021 2381 pr.

189 2384 220 2411 II.
239 2386 280 2410 27.
301 2395 321 2410 c.
339 2386 360 2410 l.
374 2384 396 2417 5.
410 2386 433 2410 2.
470 2385 512 2411 111.
528 2386 592 2412 Cn.
622 2385 740 2411 Remotis
755 2385 871 2415 abiectis.
890 2389 1021 2423 pessimis.

191 2427 347 2453 criminosis.
389 2426 438 2453 Th.
459 2427 489 2454 C.
514 2427 558 2454 Yl.
581 2429 623 2453 27.
649 2439 669 2454 c.
691 2430 730 2454 18.
755 2428 787 2454 de
810 2434 892 2464 agent.
918 2432 944 2456 in
968 2432 1021 2458 reb.

191 2469 258 2504 Quis
278 2480 309 2495 ex
330 2469 426 2496 ultimis
440 2471 653 2506 negotiatoribuS,
672 2471 713 2497 vel
727 2473 885 2503 monetariis.
904 2474 1023 2501 abiectis·
1043 2494 1044 2498 .

191 2521 241 2548 que
260 2512 363 2538 officiis.
393 2523 413 2538 c.
427 2514 450 2539 6.
470 2513 502 2539 de
517 2513 643 2550 dignitatt.
666 2516 704 2540 12.
720 2516 742 2540 1.
767 2514 855 2541 Veluti
874 2516 967 2543 abiecti
987 2523 1022 2543 at-

191 2564 242 2590 quc
261 2554 402 2590 degeneres
427 2556 510 2588 (inter
533 2557 675 2583 vilissimos
695 2558 922 2591 numerabuntur).
957 2570 978 2586 c.
997 2562 1021 2587 6.

191 2597 214 2631 5.
233 2599 256 2623 5.
277 2597 308 2623 de
326 2598 424 2634 postul.
444 2600 467 2624 2.
487 2600 510 2625 6.
538 2599 621 2626 Homo
641 2600 755 2627 abiectus
776 2606 853 2638 atque
871 2602 939 2629 vitis.
971 2603 1020 2630 Th.

191 2639 222 2666 C.
241 2639 285 2665 IX.
304 2641 328 2666 3.
350 2651 371 2666 c.
390 2643 413 2667 5.
439 2641 470 2667 de
491 2647 555 2668 cust.
574 2653 640 2670 reor.
683 2644 756 2679 Quae
775 2650 943 2681 portentosae
966 2647 1022 2673 vili-

191 2683 264 2714 tatis,
289 2682 456 2720 abiectacque
479 2685 618 2721 pudicitiae
641 2691 709 2713 sunt.
745 2687 782 2713 16.
802 2687 869 2714 VIII.
890 2691 929 2716 13.
957 2700 977 2716 c.
998 2692 1020 2717 1.

191 2735 212 2751 0.
233 2727 255 2751 1.
275 2725 307 2751 (10
326 2736 413 2753 revoc.
433 2727 518 2754 donat.

224 2769 443 2803 Abigefatus.
494 2773 691 2806 Abz‘georum
718 2776 845 2801 crimen.
890 2775 931 2802 HI.
956 2777 1020 2804 Cn.

190 2808 320 2846 legium,
355 2811 396 2838 vel
420 2812 585 2849 adgressura.
609 2815 752 2851 abigeatus.
776 2818 817 2843 vel
841 2818 904 2854 quid
928 2819 1019 2846 simile.

725 1311 785 1337 Non
804 1311 913 1338 multum
932 1312 1024 1337 abesse.
1046 1323 1047 1340 ι

1890 169 1910 200 3

1076 243 1105 270 1“1·.
1126 246 1150 271 5.
1170 245 1192 278 5.
1211 246 1235 271 2.
1255 245 1287 271 de
1306 245 1337 272 R.
1356 245 1390 272 Μ.
1410 247 1450 273 49.
1472 247 1512 273 16.
1540 245 1646 273 Crimen
1666 246 1806 284 abigeatus.
1834 248 1864 276 fr.
1884 251 1908 277 2.

1075 286 1106 313 fr.
1125 289 1149 314 3.
1168 298 1208 325 pr.
1228 287 1260 314 de
1280 289 1345 325 abig.
1365 290 1406 316 47.
1426 291 1466 316 14.

1108 339 1283 373 Abigere.
1321 340 1351 373 §0
1372 341 1405 367 l.
1434 342 1617 375 Expellere,
1638 343 1774 377 Fugare.
1811 342 1830 368 1.
1847 344 1908 377 Sy.

1073 380 1214 418 Expellere
1239 381 1368 415 (alienum
1387 384 1493 419 pecus).
1524 382 1554 409 fr.
1573 384 1614 410 39.
1638 384 1702 417 5.1.
1731 384 1762 410 ad
1785 384 1815 411 L.
1838 385 1906 422 Aqu.

1073 425 1096 449 9.
1115 426 1139 450 2.
1177 441 1209 444 —
1246 425 1277 458 ἓ.
1302 427 1337 452 2.
1374 427 1604 460 Depraedandi
1630 437 1727 453 causa
1755 430 1908 455 abducere

1073 469 1234 494 animalia
1253 469 1339 494 alien
1349 478 1373 494 a.
1410 468 1428 494 I.
1449 470 1509 502 Sy.
1538 469 1684 495 Abducere.
1716 469 1756 496 Cf.
1771 470 1795 496 h.
1808 480 1833 496 v.
1847 471 1868 504 5.
1882 473 1906 497 2.

1073 509 1225 547 Subripere.
1254 510 1283 536 fr.
1297 512 1322 537 3.
1342 511 1363 544 5.
1377 513 1401 536 2.
1421 510 1453 536 de
1473 511 1537 546 abig.
1557 513 1597 538 47.
1618 513 1658 538 14.
1686 511 1716 538 fr.
1737 513 1776 538 16.
1796 513 1817 546 5.
1833 514 1855 539 7.
1875 513 1908 539 de

1072 562 1148 589 poen.
1168 555 1210 579 48.
1230 555 1270 580 19.
1307 553 1440 590 Diriperc.
1461 554 1578 580 Auferre.
1611 554 1680 581 Coll.
1697 554 1750 581 LL.
1770 555 1803 582 Μ.
1822 556 1869 582 XI.
1882 557 1906 582 3.

1072 594 1122 621 Th.
1143 595 1174 622 C.
1195 595 1224 622 ΙΙ.
1246 598 1268 622 1.
1289 606 1310 622 0.
1327 597 1350 622 ὃ.
1371 596 1403 622 de
1422 596 1512 623 inrisd.
1549 597 1590 623 ΙΙΙ.
1612 599 1677 625 οη.
1704 598 1728 624 Α
1747 598 1849 625 stabulo
1870 600 1906 632 (v.

1073 638 1104 665 de
1119 639 1197 670 stab.)
1219 639 1321 675 abigere
1335 639 1460 665 domitum
1474 650 1562 676 pecus.
1583 651 1634 667 non
1648 652 1659 667 a
1674 641 1748 674 silva,
1762 652 1810 668 nec
1822 652 1906 678 grege.

1073 680 1102 706 fr.
1122 683 1147 707 3.
1172 681 1237 714 5.1.
1262 681 1294 707 (10
1313 682 1378 718 abig.
1404 683 1444 708 47.
1466 684 1504 709 14.
1536 683 1566 709 cf.
1591 683 1660 710 Cotl.
1685 684 1737 711 LL.
1760 684 1794 711 111.
1818 684 1862 711 XI.
1881 687 1905 710 2.

1073 724 1167 750 Abacti
1182 724 1298 751 animalis
1313 726 1451 751 accusatio.
1477 736 1497 752 0.
1514 728 1535 752 1.
1555 726 1587 753 de
1600 727 1665 763 abig.
1680 729 1702 754 9.
1716 729 1757 754 38.
1777 727 1906 764 Abigendi

1072 767 1201 797 studium.
1223 769 1296 804 qnasi
1317 773 1409 797 artem.
1434 779 1563 795 exercere.
1604 769 1673 797 Coll.
1693 770 1745 797 LL.
1765 771 1798 798 Μ.
1817 771 1861 798 XI.
1882 773 1905 798 8.

1072 810 1101 836 Si
1121 812 1179 846 quis
1198 815 1249 836 tam
1269 816 1347 837 notus
1367 816 1392 837 et.
1416 816 1466 837 tam
1485 813 1570 848 gravis
1595 813 1621 839 in
1644 813 1771 850 abigendo
1795 814 1855 847 suit,
1878 820 1907 842 ut

1072 857 1120 880 etc.
1157 853 1194 879 lh.
1219 853 1263 879 XI.
1289 855 1311 880 7.
1345 870 1377 873 -
1414 855 1444 887 δ.
1465 857 1501 882 3.
1540 857 1693 883 Abortum
1718 867 1905 892 procurare.

1070 895 1088 921 I.
1109 897 1171 930 Sy.
1208 896 1362 923 Yisceribus
1390 899 1445 924 suis
1473 899 1525 924 vim
1552 898 1660 929 inferre.
1689 911 1721 926 ne
1747 906 1905 937 procrearet.

1070 938 1138 964 Data
1157 949 1236 975 opera
1255 940 1365 976 abigere.
1393 940 1497 967 Partmn
1510 941 1561 968 sibi
1579 942 1774 970 medicamentis
1793 944 1904 981 abigere.

1047 992 1048 1008 t
1070 980 1100 1007 fr.
1120 983 1144 1007 4.
1170 981 1201 1008 (10
1221 988 1286 1009 extr.
1307 985 1377 1009 crim.
1397 985 1438 1010 47.
1460 986 1498 1010 11.
1530 984 1560 1011 fr.
1580 986 1604 1011 8.
1624 986 1656 1012 3(1
1675 985 1704 1012 L.
1725 985 1787 1013 Cor.
1807 987 1839 1014 de
1858 988 1897 1014 sic

1070 1025 1110 1050 48.
1131 1025 1154 1050 8.
1180 1024 1209 1051 fr.
1223 1027 1265 1051 39.
1286 1025 1317 1052 de
1336 1036 1411 1063 poen.
1432 1029 1527 1054 48.19.
1565 1028 1605 1054 ΠΙ.
1621 1030 1686 1056 Gn.
1714 1029 1844 1063 Aborfflis,
1863 1028 1902 1055 vel

1070 1067 1176 1094 abactus
1196 1073 1295 1095 venter.
1332 1069 1404 1095 Paul.
1423 1069 1467 1096 11.
1487 1072 1510 1096 9.
1530 1071 1551 1103 5.
1572 1072 1594 1097 6.

1104 1123 1280 1157 Αϋίξθυδ.
1322 1126 1462 1150 Αἱιιιοΐοι·
1491 1128 1620 1158 peeoris
1648 1130 1758 1155 alieni.
1798 1126 1816 1153 Ι.
1841 1128 1902 1162 Sy·

1070 1218 1137 1234 cora.
1174 1208 1276 1245 Abigei.
1306 1208 1374 1235 Call,
1394 1208 1446 1235 LL.
1467 1209 1498 1235 M.
1519 1210 1563 1237 XI.
1583 1215 1606 1238 δ.
1643 1213 1685 1239 111.
1706 1215 1770 1241 (3¹11.
1797 1212 1902 1239 Discer-

1069 1261 1131 1277 nere
1155 1250 1237 1277 furem
1263 1252 1293 1277 ab
1319 1252 1416 1287 abigeo).
1446 1252 1475 1278 sr.
1497 1254 1535 1279 16.
1563 1254 1582 1280 5.
1604 1256 1625 1281 7.
1650 1255 1682 1281 de
1700 1266 1775 1292 poen.
1800 1257 1840 1282 48.
1862 1258 1901 1283 19.

1069 1294 1100 1320 cf.
1121 1293 1190 1320 Coll.
1210 1294 1262 1321 LL.
1282 1294 1315 1321 Μ.
1335 1294 1379 1321 XI.
1399 1298 1423 1321 8.
1463 1295 1625 1333 Rem-ptores
1645 1298 1800 1335 abigeorum.
1828 1298 1858 1326 sr.
1876 1301 1900 1326 3.

1068 1337 1090 1371 5.
1109 1339 1133 1363 3.
1154 1337 1185 1363 (le
1205 1337 1269 1374 abig.
1289 1339 1329 1364 47.
1350 1339 1390 1364 14.

1102 1393 1290 1419 Abiicere.
1327 1394 1358 1426 δ.
1378 1395 1412 1420 l.
1442 1395 1588 1428 Eiicere,
1610 1396 1765 1423 Deiicere.
1801 1396 1819 1423 I.
1840 1397 1901 1432 Sy-

1068 1434 1200 1461 Proiicere
1219 1436 1258 1469 (in
1277 1435 1456 1472 profundum.)
1486 1437 1515 1463 l'r.
1536 1439 1575 1464 14.
1595 1449 1633 1475 pr.
1653 1438 1675 1472 5.
1694 1440 1718 1465 2.
1738 1438 1770 1465 de
1788 1449 1901 1476 praescr.

1068 1488 1110 1504 vv.
1131 1479 1170 1504 19.
1190 1480 1213 1504 5.
1255 1478 1298 1504 111.
1319 1481 1384 1506 (711.
1418 1480 1506 1506 Onere,
1528 1491 1650 1517 pressus,
1674 1482 1700 1508 in
1722 1483 1764 1508 via
1786 1493 1841 1509 rem
1860 1482 1902 1509 ab·

1068 1522 1155 1547 iicere.
1184 1520 1214 1547 sr.
1233 1522 1257 1547 8.
1278 1521 1310 1547 de
1329 1521 1358 1548 L.
1372 1522 1458 1549 Rhod.
1479 1525 1518 1550 14.
1538 1527 1561 1551 2.
1598 1524 1627 1551 13
1640 1536 1708 1552 mare
1721 1525 1833 1552 abiicere
1852 1526 1902 1560 (re-

1068 1564 1163 1600 liquias
1187 1563 1327 1597 defuncti).
1367 1565 1397 1592 fr.
1421 1568 1462 1592 27.
1486 1577 1524 1603 pr.
1559 1567 1590 1593 d·-
1621 1569 1695 1595 cond.
1720 1570 1780 1595 inst.
1808 1570 1850 1595 28.
1878 1571 1900 1595 7.

1067 1607 1179 1633 Abiecto
1199 1607 1268 1633 furto
1289 1608 1408 1644 effugere.
1442 1609 1472 1635 fr.
1493 1611 1514 1635 7.
1539 1610 1560 1643 5.
1580 1612 1604 1636 2.
1628 1611 1660 1637 de
1679 1611 1738 1638 furt.
1757 1613 1798 1638 47.
1817 1614 1841 1638 2.
1869 1628 1901 1632 -

1068 1789 1089 1804 c.
1108 1780 1149 1804 35.
1171 1778 1202 1805 de
1222 1780 1338 1816 episcop.
1374 1780 1522 1807 Excludere
1541 1782 1708 1817 (matricula).
1740 1783 1776 1810 16.
1796 1783 1839 1811 VI.
1858 1786 1899 1811 27.

1044 1828 1046 1837 >
1068 1832 1088 1847 c.
1105 1822 1144 1847 18.
1160 1832 1180 1847 c.
1194 1823 1235 1847 23.
1255 1821 1287 1848 (10
1307 1827 1389 1858 agent.
1403 1824 1428 1849 in
1443 1824 1495 1850 reb.
1533 1824 1562 1851 11.
1584 1827 1650 1859 01).
1681 1826 1813 1863 Colligere
1832 1828 1901 1864 apud

1068 1874 1096 1890 se
1116 1864 1259 1900 (puerum).
1287 1865 1323 1891 16.
1345 1865 1375 1892 V.
1396 1868 1418 1892 7.
1439 1877 1460 1892 0.
1476 1869 1497 1893 l.
1518 1867 1549 1893 de
1569 1870 1679 1905 exposit.
1716 1870 1850 1897 Accedere
1868 1870 1899 1896 ad

1068 1907 1228 1941 (militiam).
1259 1924 1291 1927 —
1324 1908 1418 1935 Abiici.
1448 1909 1484 1936 16,
1505 1910 1547 1936 11.
1566 1912 1608 1937 30.
1633 1922 1654 1938 c.
1675 1914 1714 1938 15.
1740 1913 1772 1939 de
1790 1913 1899 1940 palatin.

1044 1965 1045 1975 t
1067 1949 1108 1975 111.
1129 1951 1193 1977 Cn.
1226 1950 1322 1977 Procul
1342 1952 1417 1978 abiici
1438 1963 1466 1978 ac
1486 1953 1588 1990 longius
1608 1955 1745 1982 amandari.
1772 1956 1809 1982 16.
1828 1956 1899 1983 XVI.

1068 1995 1089 2019 7.
1110 2003 1131 2019 c.
1151 1994 1174 2019 4.
1194 2004 1233 2030 pr.
1254 1993 1286 2020 de
1306 2000 1415 2031 apostat.
1453 1995 1557 2022 Partnm
1576 1997 1699 2031 abiicere,
1719 1998 1839 2025 alimonia
1858 1999 1900 2026 de-

1067 2046 1172 2071 negare.
1196 2036 1310 2073 publicis
1334 2037 1400 2064 locis
1425 2055 1456 2058 —
1477 2050 1614 2076 exponere.
1648 2041 1677 2068 fr.
1697 2043 1721 2068 4.
1745 2042 1777 2068 de
1795 2052 1898 2078 agnose.

1066 2084 1091 2105 et
1115 2079 1146 2105 al.
1169 2081 1211 2105 25.
1234 2081 1257 2106 3.
1308 2080 1454 2107 Absolutus
1484 2083 1600 2119 cingulo.
1634 2085 1725 2111 militia
1756 2085 1898 2112 abiicietur.

1066 2121 1115 2148 Th.
1130 2121 1161 2148 C.
1180 2122 1247 2149 VIII.
1268 2124 1291 2149 8.
1312 2134 1333 2149 0.
1353 2126 1377 2150 9.
1397 2124 1429 2151 (le
1449 2131 1595 2153 exsecutor.
1633 2126 1776 2164 Tamquam
1794 2130 1898 2165 penitus

1066 2166 1148 2202 spreti
1173 2170 1215 2192 aut
1244 2165 1351 2198 abiecti,
1380 2166 1533 2195 deiiciantnr
1561 2170 1693 2203 (militia).
1729 2171 1765 2198 16.
1790 2171 1833 2198 W.
1856 2172 1896 2196 27.

1066 2219 1087 2234 c.
1107 2210 1148 2234 23.
1173 2208 1205 2235 (le
1225 2214 1308 2245 agent.
1329 2210 1353 2235 in
1373 2211 1427 2237 reb.
1447 2227 1479 2230 —
1504 2212 1534 2245 §.
1555 2215 1591 2239 3.
1622 2214 1814 2248 Dissipare,
1835 2214 1896 2239 Do-

1066 2261 1149 2278 nare.
1191 2251 1209 2277 1.
1229 2253 1290 2286 Sy.
1324 2252 1454 2280 Proiicere
1473 2265 1526 2280 rem
1547 2255 1650 2287 (viliori
1669 2257 1778 2292 pretio).
1806 2255 1836 2281 fr.
1854 2257 1895 2282 36.

1066 2294 1088 2327 5.
1109 2296 1131 2320 1.
1159 2295 1244 2320 mand.
1266 2297 1305 2321 17.
1326 2297 1348 2322 1.
1379 2296 1409 2322 sr.
1428 2299 1469 2323 50.
1494 2297 1526 2323 de
1545 2299 1619 2324 evict.
1645 2300 1685 2324 21.
1705 2300 1729 2324 2.
1768 2297 1810 2324 111.
1831 2299 1896 2325 Cn.

1066 2337 1093 2363 In
1123 2337 1240 2364 fraudem
1267 2338 1379 2364 abiicere
1402 2341 1545 2375 pecuniam.
1579 2340 1609 2367 sr.
1634 2343 1674 2367 1⁴).
1699 2343 1721 2367 si
1745 2351 1786 2377 qn.
1811 2342 1837 2367 in
1864 2341 1895 2368 fr.

1043 2385 1131 2417 ,patu
1155 2381 1196 2406 38.
1220 2383 1244 2406 5.
1281 2397 1313 2400 —
1351 2382 1382 2414 §.
1407 2384 1446 2409 4.
1484 2385 1645 2415 Reiieere,
1681 2385 1894 2411 Contemnere.

1065 2423 1084 2449 I.
1105 2425 1165 2457 Sy.
1202 2423 1261 2449 Non
1282 2424 1430 2455 admittere.
1455 2436 1479 2452 v.
1499 2427 1622 2462 recipere.
1651 2426 1680 2452 fr.
1701 2428 1723 2452 9.
1748 2426 1778 2452 fr.
1799 2428 1838 2453 10.
1864 2427 1896 2454 de

1043 2455 1045 2475 l
1065 2467 1091 2492 in
1110 2466 1178 2492 diem
1192 2466 1250 2492 add.
1271 2469 1310 2492 18.
1329 2469 1354 2493 2.
1389 2467 1431 2494 Ill.
1447 2469 1511 2495 Cn.
1540 2468 1660 2495 Oblatam
1679 2469 1824 2501 (meliorem
1838 2480 1897 2496 con-

1043 2507 1045 2528 1
1066 2508 1207 2542 ditionem)
1228 2509 1339 2536 abiicere
1358 2512 1485 2547 sequique
1504 2513 1618 2548 primam.
1647 2511 1677 2538 fr.
1696 2513 1719 2538 9.
1740 2512 1756 2538 l.
1775 2512 1791 2539 1.
1813 2514 1852 2539 18.
1870 2516 1894 2540 2.

1043 2563 1045 2578 ι
1066 2551 1095 2578 Si
1113 2552 1191 2578 modo
1212 2553 1270 2588 quis
1290 2563 1342 2578 non
1361 2553 1499 2580 abiiciendi
1518 2554 1646 2591 privilegii
1666 2565 1741 2581 causa
1755 2555 1895 2592 stipulatus

1066 2600 1113 2621 est.
1142 2594 1172 2621 fr.
1194 2597 1233 2621 17.
1252 2606 1291 2632 pr.
1316 2596 1347 2622 de
1366 2597 1419 2623 reb.
1440 2602 1506 2623 auct.
1531 2597 1582 2623 iud.
1608 2598 1649 2624 42.
1669 2599 1692 2623 5.
1729 2598 1759 2624 Si
1783 2609 1835 2625 non
1858 2609 1895 2625 re-

1066 2639 1193 2667 stiterint.
1219 2643 1244 2664 et
1267 2639 1333 2665 hanc
1352 2641 1533 2676 pragmaticam
1552 2639 1635 2676 legem
1653 2640 1802 2667 abiecerint.
1831 2652 1851 2668 c..
1870 2644 1894 2668 5.

1066 2680 1119 2716 Qui
1137 2680 1212 2707 milit.
1231 2691 1304 2718 poss.
1325 2684 1364 2709 12.
1383 2684 1425 2709 34.

1100 2736 1227 2763 Abire.
1265 2737 1296 2769 ξ.
1316 2739 1350 2764 1.
1384 2738 1570 2770 Discedere,
1602 2739 1759 2774 Evagari.
1795 2739 1813 2765 Ι.
1833 2741 1893 2774 Sy.

1065 2777 1159 2805 Nullus
1183 2778 1243 2805 finis
1267 2780 1303 2806 rei
1328 2781 1480 2806 invenietur.
1517 2779 1606 2817 Longe
1624 2791 1665 2807 res
1685 2782 1773 2808 abibit.
1803 2781 1834 2809 fr.
1854 2784 1893 2808 15.

1042 2859 1043 2862 Ἴ
1065 2821 1087 2854 5.
1106 2822 1147 2847 33.
1167 2821 1199 2848 de
1213 2821 1297 2848 damn.
1311 2821 1354 2848 ins.
1374 2823 1414 2848 39.
1428 2824 1451 2848 2.
1471 2822 1501 2849 fr.
1517 2825 1556 2849 15.
1576 2824 1597 2857 5.
1613 2826 1635 2850 7.
1655 2824 1687 2851 de
1700 2835 1727 2851 re
1745 2825 1797 2852 iud.
1815 2827 1855 2851 42.
1870 2827 1891 2851 1.

1409 2867 1422 2891 l
1442 2866 1455 2877 ψ.
