2197 3121
270 166 334 196 618

271 247 314 274 vel
335 252 445 285 propter
464 246 696 278 necessitudinem,
715 246 756 273 vel
777 251 888 284 propter
907 247 1056 278 caritatem,
1076 246 1118 273 vel
1140 247 1142 268 l

272 300 323 327 qua
345 290 393 317 alia
414 291 522 316 ratione.
542 289 573 316 fr.
594 292 618 315 5.
637 290 659 323 5.
682 291 704 316 l.
727 290 779 325 Qu.
799 300 832 316 ex
851 300 872 316 c.
892 291 919 316 in
939 299 1012 327 poss.
1032 291 1074 316 42.
1094 291 1117 316 4.

272 333 303 360 cf.
324 333 354 360 fr.
375 335 416 359 5⁰.
441 333 462 366 5.
482 334 506 358 3.
532 332 564 358 de
584 331 659 367 legat.
680 332 698 359 I.
719 333 797 365 (30.)
835 332 865 359 Si
885 333 921 364 is,
941 342 1019 369 quem
1038 333 1119 359 nomi-

272 377 387 404 naverit.
408 380 434 401 et
453 376 541 412 potior
560 375 771 408 necessitudine,
791 380 817 402 et
836 375 946 402 idoneus
967 386 995 402 re
1013 375 1119 412 fideque

272 418 524 455 (reprehendatur.)
552 417 635 445 Vatic.
660 419 767 452 §.152
791 418 823 445 cs.
850 419 872 452 5.
896 420 955 445 210.
997 418 1118 455 Cognati,
1140 426 1141 431 ¹

271 462 316 498 qui
336 471 383 497 per
403 460 519 487 feminini
540 470 620 488 sexus
640 471 767 498 personas
792 461 987 488 necessitudine
1010 463 1119 498 iungun-

272 509 321 531 tur.
351 504 408 531 Gai.
427 503 471 530 111.
490 506 533 530 24.
576 504 702 540 Cognati,
721 504 763 531 vel
784 504 897 535 (1(1111105,
917 506 1056 541 utriusque
1075 515 1118 531 ne-

272 546 460 578 cessitudinis,
489 548 534 583 qui
557 546 615 583 lege
639 546 702 573 Iulia
727 552 753 573 ct
772 547 851 584 Papia
871 549 975 584 excepti
994 553 1064 574 sunt.
1083 562 1117 567 -

271 589 377 616 Caeteri
404 591 521 626 cognati,
544 589 586 616 vel
611 589 725 621 adfines,
750 591 865 616 amicive.
894 589 979 617 Vatic.
999 591 1115 625 55158.

271 633 329 658 216.
352 642 410 668 sqq.
448 632 489 659 Ne
508 633 576 669 qui-2,
597 634 736 660 occasione
756 634 829 665 iuria
849 635 983 670 sanguinis
1003 635 1118 661 necessi-

271 674 388 702 tudinem
407 676 533 702 vinceret.
554 675 625 702 Coll.
639 675 692 702 LL.
706 676 738 702 M.
759 675 830 702 XVI.
850 678 874 703 9.
895 677 927 703 cf.
947 676 990 703 Vl.
1010 678 1035 704 4.
1055 687 1076 703 c.
1092 679 1115 704 6.

272 717 304 745 de
324 728 396 755 susp.
415 723 461 745 tut.
476 721 499 745 5.
513 720 554 745 43.
588 720 663 755 Quae
681 720 779 756 pietate
798 718 1003 746 necessitudinis
1023 720 1116 747 ductae

271 760 304 787 ad
323 761 373 787 hoc
392 761 548 798 procedunt.
568 767 660 799 utputa
679 767 769 794 mater.
790 764 879 789 nutrix
893 773 999 799 quoque
1012 768 1038 789 et
1051 764 1115 790 avia.

272 804 301 830 fr.
324 806 346 831 l.
372 805 393 838 5.
415 806 437 831 7.
463 805 521 831 eod.
545 807 587 831 26.
609 807 647 831 10.
673 820 704 824 -
735 806 766 839 §.
787 807 824 833 3.
853 809 1000 833 Peranna
1028 808 1115 841 ipsa,

271 858 352 882 quae
374 850 644 882 propinquitatis
669 850 740 875 iure
759 851 849 876 nobis
867 851 1042 876 coniuncta
1061 856 1116 886 esst.

271 889 290 916 1.
311 891 373 924 Sy.
402 890 506 917 Nostri.
528 890 745 917 Necessitudines
765 897 882 923 nostrae,
903 892 1044 923 Adt'ectuS.
1064 892 1117 919 Ad-

271 934 366 969 gnatio.
389 933 437 959 Th.
453 933 541 960 C.1V.
559 936 582 960 4.
604 944 624 960 c.
645 936 668 960 2.
689 944 728 971 pr.
749 934 782 961 (10
801 940 902 961 testam.
924 940 949 961 et
969 935 1052 962 codic.
1074 935 1115 962 Cf.

271 986 295 1002 v.
316 976 447 1007 Adfectio,
467 976 603 1003 Adfectus
624 977 645 1011 5.
665 979 690 1003 3.
728 977 882 1015 Propinqui.
902 977 1115 1015 Propinquorum

271 1019 448 1045 necessitudo.
469 1018 506 1045 lb.
520 1019 587 1046 thl.
599 1022 622 1046 4.
638 1031 658 1046 c.
672 1022 693 1047 7.
706 1020 739 1047 (10
751 1020 926 1048 cohortal.Cf.
940 1031 963 1047 v.
976 1021 1116 1057 Adguatio.

272 1063 293 1096 5.
313 1064 337 1088 3.
376 1062 417 1088 III.
433 1063 500 1090 sn.
520 1061 560 1089 'Ne
579 1062 648 1089 filiae
668 1064 809 1093 tutoribus,
829 1063 876 1090 sed
896 1065 984 1101 potius
1003 1066 1116 1091 necessi·
1138 1087 1139 1102 ἶ

273 1104 357 1131 tudini
377 1115 419 1131 res
442 1107 676 1133 committerentur.
701 1106 731 1133 fr.
751 1109 774 1133 3.
800 1108 820 1141 5.
839 1108 863 1133 3.
889 1107 922 1133 (10
942 1117 1011 1134 usur.
1029 1110 1070 1134 22.
1092 1109 1114 1134 1.

272 1148 346 1183 Quae
367 1164 398 1168 —-—
419 1148 510 1180 nobis,
533 1149 808 1176 necessitudinibusve
827 1151 940 1181 nostris,
963 1149 1115 1186 relinquun-

272 1196 320 1217 tur.
341 1191 381 1217 Th
412 1191 442 1218 C.
463 1191 506 1218 IV.
527 1194 551 1218 4.
572 1202 592 1218 c.
606 1195 631 1219 2.
651 1203 690 1229 pr.
712 1192 727 1219 l.
765 1193 805 1219 Ex
826 1198 974 1219 transversa
994 1192 1114 1224 linea.—

270 1239 453 1271 praeterquam
472 1234 504 1260 ab
518 1234 559 1261 his
572 1235 825 1267 necessitudinibus,
842 1246 906 1272 quas
919 1235 1002 1262 locuti
1015 1246 1114 1263 sumus.

271 1276 308 1303 lb.
329 1275 396 1303 Vlll.
419 1279 458 1303 18.
479 1288 499 1304 c.
519 1279 543 1304 6.
563 1277 596 1304 de
615 1283 723 1305 matera.
745 1279 805 1305 bon.

306 1321 447 1347 Neene.
466 1322 634 1348 Necnon.
672 1321 713 1348 Cf.
733 1332 757 1348 v.
778 1321 824 1348 Ne.
844 1332 868 1348 v.
889 1321 953 1349 Nec.
973 1323 1010 1356 55.
1032 1323 1054 1348 l.
1067 1323 1092 1348 3.

306 1364 480 1390 Nevtere.
509 1364 540 1397 §.
554 1365 588 1390 l.
609 1366 796 1399 Implicare.
834 1364 876 1391 111.
897 1367 964 1393 Gn.
985 1365 1014 1392 Si
1034 1365 1114 1391 domi-

270 1415 319 1431 nos
339 1406 407 1432 iuter
425 1406 564 1444 supplicia,
584 1406 656 1433 nullo
677 1408 861 1444 interrogante,
879 1410 1025 1435 nexuerint.
1045 1408 1113 1435 Nov.

270 1448 328 1474 t'al.
349 1448 390 1475 111.
412 1449 444 1475 de
464 1450 564 1487 sepulc.
583 1450 645 1477 viol.
666 1450 695 1476 11.
715 1453 757 1477 23.
778 1461 799 1477 c.
817 1453 837 1477 l.
858 1451 880 1485 5.
894 1453 917 1478 3.
931 1468 961 1472 -
982 1453 1013 1486 §.
1028 1453 1112 1479 1.A.

271 1493 405 1523 Moliri,
427 1495 624 1520 machinari.
657 1493 700 1520 111.
716 1495 781 1522 Cn.
801 1494 954 1521 Insontibus
971 1494 1113 1521 calumnias

271 1536 402 1561 nexuisse.
423 1534 472 1562 Th.
487 1535 518 1562 C.
533 1534 575 1562 VI.
595 1538 637 1563 29.
658 1547 679 1563 c.
701 1538 723 1563 l.
744 1537 777 1563 de
796 1539 892 1564 curios.
928 1538 1041 1564 Artibus
1060 1548 1114 1564 mo-

270 1588 311 1603 ras
332 1583 444 1604 nectere.
464 1589 485 1605 c.
507 1580 530 1605 l.
550 1589 589 1615 pr.
609 1578 642 1605 de
661 1580 766 1616 suffrag.
786 1582 810 1607 4.
829 1583 854 1607 3.
869 1597 898 1602 -—
920 1582 951 1614 ἓ.
966 1583 1001 1608 2.
1024 1582 1113 1608 Obli-

266 1631 355 1654 gare.
393 1621 411 1648 1.
432 1622 494 1656 Sy.
520 1622 697 1657 Obstringere
716 1623 872 1655 (creditori,
898 1633 934 1650 sc.
954 1624 1023 1657 res.)
1047 1634 1068 1651 c.
1087 1626 1112 1650 2.

269 1663 301 1689 de
321 1665 392 1690 crim.
413 1664 616 1691 stcllion.9.34.
638 1664 764 1701 Obligare
785 1667 853 1698 (iure
868 1667 1007 1703 pignoris.)
1027 1667 1057 1693 sr.
1069 1669 1112 1693 22.
1135 1682 1136 1698 ι

269 1706 290 1739 5.
314 1708 335 1733 l.
356 1706 388 1733 (10
407 1708 462 1733 iure
482 1707 547 1733 fisci.
567 1709 609 1734 49.
631 1709 670 1734 14.
696 1718 717 1734 c.
739 1710 761 1734 l.
781 1718 822 1745 sq.
847 1719 868 1735 c.
889 1711 912 1735 7.
937 1709 970 1736 de
995 1710 1112 1736 distract.

268 1751 345 1775 5:28.
366 1749 436 1776 Dare.
450 1751 588 1787 (pignori.)
609 1750 774 1788 Supponere.
795 1762 815 1777 c.
829 1753 854 1778 3.
875 1762 896 1778 c.
911 1754 934 1778 5.
956 1763 977 1779 c.
991 1754 1015 1779 7.
1036 1763 1056 1779 c.
1072 1755 1112 1780 10.

269 1791 301 1818 de
320 1793 390 1829 pign.
411 1798 458 1819 act.
479 1795 503 1820 4.
523 1794 565 1820 24.
604 1793 701 1820 Tenc-ri
720 1794 907 1828 (obnoxium.)
932 1795 1009 1822 Necti
1029 1796 1112 1829 (tisco

270 1837 336 1868 etc.)
366 1835 415 1862 Th.
436 1836 467 1863 C.
488 1836 532 1862 IX.
552 1838 593 1863 42.
620 1847 641 1863 c.
663 1839 684 1863 l.
705 1837 726 1871 5.
745 1839 769 1864 3.
790 1837 822 1863 de
841 1838 901 1864 bon.
922 1848 1023 1875 proscr.
1042 1839 1112 1865 XIII.

271 1880 292 1904 1.
314 1888 334 1904 c.
357 1880 395 1905 13.
416 1878 448 1906 de
467 1879 543 1905 lustr.
564 1879 651 1906 collat.
688 1880 731 1906 111.
752 1881 817 1908 Gn.
840 1880 943 1907 Nexum
962 1886 1011 1913 est,
1031 1881 1113 1918 quod-

270 1931 372 1957 cunque
390 1932 438 1958 per
457 1932 500 1948 aes
520 1927 546 1949 et
565 1922 657 1949 libram
676 1924 788 1958 geritur,
813 1923 892 1960 idque
915 1925 985 1951 necti
1009 1924 1112 1952 dicitur.

271 1963 311 1990 Fr.
333 1964 363 1990 C.
384 1964 440 1990 Aet.
462 1965 539 1992 Galli.
559 1965 641 1992 1.Cti.
661 1966 711 2003 Ap.
727 1965 833 1992 Festum
848 1977 871 1993 v.
886 1966 996 1994 Nexum.
1035 1968 1063 1994 Si
1081 1978 1112 1994 eo
1134 1978 1135 1988 ¹

270 2008 378 2033 erimine
397 2017 480 2034 nexus
501 2008 565 2039 suit,
585 2013 613 2035 ut
633 2014 681 2035 etc.
706 2008 736 2035 sr.
756 2011 780 2035 3.
805 2010 827 2042 5.
847 2012 871 2036 3.
892 2009 924 2036 de
944 2010 968 2036 h.
989 2021 1032 2047 qu.
1053 2016 1112 2037 ante

270 2055 336 2077 sent..
351 2052 392 2077 46.
411 2052 452 2077 21.
491 2049 661 2078 Yoluntariae
681 2051 833 2087 obligationi
854 2053 935 2079 semel
950 2063 999 2079 vos
1019 2064 1111 2086 nexOS,

271 2092 301 2118 ab
322 2093 369 2119 hac
389 2109 420 2112 —
448 2103 500 2119 non
519 2104 600 2131 posse
625 2094 769 2121 discedere.
795 2105 815 2121 c.
836 2097 860 2121 5.
885 2095 917 2122 de
937 2096 969 2123 Ο,
990 2102 1016 2123 et
1035 2096 1066 2123 A.
1085 2099 1110 2123 4.

272 2137 310 2161 10.
341 2136 382 2162 Cf.
402 2146 425 2163 v.
446 2136 545 2163 Nexus.
570 2138 591 2170 5.
611 2140 635 2164 2.
661 2153 692 2157 -
721 2138 751 2170 ἓ.
772 2139 809 2164 3.
833 2139 968 2171 Addere,
992 2141 1109 2173 Adpli-

270 2188 352 2205 cure.
390 2179 406 2205 1.
426 2180 488 2214 Sy.
508 2180 702 2217 Adeorporare,
722 2180 871 2207 Adnectere
890 2181 999 2214 (fisco.)
1023 2182 1064 2208 Ci'.
1085 2182 1110 2209 h.

270 2231 311 2246 vv.
349 2221 510 2258 Adgregarc.
531 2223 697 2260 Congregare
717 2223 847 2256 (curiae.)
872 2223 913 2249 Cf.
934 2224 957 2250 11.
977 2234 1019 2250 vv.
1049 2224 1110 2251 Vin-

270 2264 357 2290 diem-e
376 2265 452 2296 (fisci
472 2266 572 2292 viribus
593 2268 658 2299 etc.)
688 2266 737 2293 Th.
759 2266 789 2293 C.
810 2265 865 2292 VH.
888 2268 926 2292 18.
951 2277 972 2292 c.
992 2268 1016 2293 (i.
1040 2268 1062 2301 5.
1085 2269 1106 2294 1.

270 2317 290 2333 c.
311 2309 334 2333 Τ.
360 2307 392 2333 de
416 2307 543 2335 desertor.
564 2309 607 2335 lx.
632 2311 673 2335 42.
704 2319 724 2336 c.
745 2311 768 2335 7.
794 2309 826 2335 (10
850 2309 910 2335 bon.
930 2318 1031 2345 proscr.
1069 2310 1109 2336 111.

271 2351 337 2378 (711.
363 2350 410 2377 1115
430 2352 506 2377 etiam
526 2357 550 2377 et
570 2352 635 2378 illud
655 2353 791 2383 nectimus.
816 2357 843 2378 ut
862 2357 910 2378 etc.
939 2351 975 2378 lb.
994 2352 1065 2379 XVI.
1086 2355 1109 2380 5.

270 2403 289 2419 0.
308 2395 347 2420 14.
368 2393 400 2420 de
420 2393 542 2420 haeretic.
580 2394 649 2421 Fisci
669 2396 763 2421 rationi
783 2400 920 2422 nectantur
939 2405 967 2421 ea
987 2394 1052 2421 loca.
1073 2396 1109 2422 lb.
1131 2423 1133 2432 Ι

271 2446 291 2462 c.
311 2438 352 2463 33.
374 2436 390 2462 1.
411 2436 426 2463 1.

306 2481 513 2506 morandus.
549 2478 687 2512 (Adiect.)
730 2482 909 2517 Infundas,
941 2481 1108 2516 Nefaria&

270 2521 310 2548 111.
335 2524 401 2550 (In.
430 2521 546 2549 Nefanda
570 2522 688 2559 prodigia
712 2528 849 2550 sectarum.
887 2523 1047 2560 Superstitio
1067 2534 1109 2549 ne-

271 2565 353 2591 fanda.
375 2565 411 2592 lb.
433 2576 452 2591 c.
468 2567 491 2591 ti.
512 2565 572 2598 5.1.
593 2565 609 2591 1.
629 2565 645 2591 1.
659 2564 729 2591 ΧΠ.
743 2568 766 2592 9.
787 2577 808 2592 e.
827 2569 851 2592 4.
872 2577 903 2592 ne
923 2566 1012 2593 christ.
1026 2576 1107 2592 manc.

271 2607 389 2634 Conatus
414 2607 525 2634 nefandi.
554 2608 590 2634 11).
611 2607 655 2634 IX.
675 2609 698 2634 (3.
723 2618 743 2634 c.
766 2610 786 2634 1.
811 2619 850 2645 sq.
875 2619 907 2635 ne
930 2614 1012 2646 praet.
1036 2610 1107 2635 crim.

271 2651 326 2675 mai.
365 2650 459 2677 Scelus
485 2650 707 2677 nefandissimum.
733 2660 754 2677 c.
774 2654 798 2677 2.
823 2653 846 2677 si
870 2657 942 2688 nupt.
969 2662 1001 2679 ex
1026 2662 1107 2678 rcscr.

271 2693 294 2717 5.
314 2695 337 2717 ὅ.

307 2736 471 2763 Nesnrfle.
494 2736 606 2770 (Advb.)
636 2738 745 2771 lmpie.
782 2735 800 2762 1.
817 2737 878 2770 Sy.
897 2736 1045 2764 Inhoneste.
1066 2737 1107 2764 Cf.

273 2777 296 2802 h.
316 2787 339 2802 v.
377 2777 406 2803 11.
422 2780 488 2811 ⁰1).
509 2779 589 2806 Caste
608 2784 757 2816 sancteque.
773 2795 803 2801 —
824 2778 928 2805 Nefarie
947 2781 1107 2817 incesteque.

272 2819 341 2846 coll.
360 2819 412 2846 LL.
434 2821 465 2847 M.
480 2821 522 2848 Vl.
542 2824 565 2848 4.

1026 163 1275 195 ΚΗΘ-ΚΗΓ»

1198 246 1389 274 Nefarium
1427 248 1556 282 (Adiect.)
1595 251 1798 282 Sceleratus,
1819 253 1953 286 Impius.
1989 252 2007 279 1.

1164 290 1226 323 Sy.
1246 289 1340 316 Illicita
1360 291 1513 328 incestaque
1533 293 1732 326 (matrimonia.)
1770 292 1873 321 Nefaria
1889 296 2008 328 (coniun-

1164 332 1244 365 ctio.)
1269 332 1339 359 Coll.
1358 332 1412 359 LL.
1431 333 1464 360 111.
1485 334 1500 361 l.
1521 334 1538 361 l.
1577 334 1620 361 111.
1644 336 1711 363 Cn.
1736 335 1857 363 Nes-ariae
1875 342 1952 374 atque
1972 339 2008 364 in—

1164 379 1251 402 cestae
1270 376 1386 412 nuptiae..
1417 375 1474 402 Gai.
1493 376 1512 403 1.
1532 379 1573 404 (54.
1594 377 1625 404 cf.
1645 379 1686 404 59.
1715 377 1762 405 1111.
1783 389 1823 416 ep.
1844 389 1903 407 nov.
1923 391 1944 407 c.
1964 383 2006 407 32.

1163 418 1185 451 5.
1207 420 1264 444 110.
1302 418 1413 455 Proprie.
1432 418 1530 446 nefaria
1554 425 1595 447 est
1618 420 1769 448 huiusmodi
1794 423 1958 456 coniunctio,
1982 429 2008 451 et

1162 460 1222 487 ideo
1246 460 1398 488 huiusmodi
1423 461 1524 488 facinus
1547 463 1750 501 prohibendum.
1780 464 1810 491 fr.
1836 466 1857 491 l.
1884 465 1906 499 5.
1925 466 1949 492 3.
1974 466 2008 493 de

1163 504 1273 530 concub.
1292 506 1334 530 25.
1355 506 1379 530 7.
1404 503 1530 531 Faciuora
1550 506 1655 533 nefaria.
1676 505 1747 533 Con.
1760 506 1813 534 LL.
1827 507 1860 534 M.
1875 507 1892 534 l.
1906 507 1923 534 l.
1947 507 2006 535 Pre-

1162 557 1205 573 ces
1225 546 1347 579 nefariae,
1367 551 1411 573 aut
1429 548 1523 584 magici
1542 548 1690 586 adparatus.
1711 549 1760 576 Th.
1776 550 1807 577 C.
1826 550 1871 577 IX.
1887 552 1926 578 16.
1947 561 1968 577 c.
1982 553 2005 578 7.

1162 589 1194 616 de
1212 589 1324 616 malefic.
1659 610 1662 613 ⁴

1197 634 1325 660 Nefas.
1364 634 1518 665 Iniuria,
1544 635 1683 669 lmpium
1700 637 1848 672 facinus.
1886 636 1917 663 H.
1938 638 2006 671 Op.

1162 674 1221 701 Fas.
1250 675 1281 702 sr.
1300 677 1325 702 2.
1349 676 1371 710 5.
1390 677 1433 702 24.
1458 675 1490 702 de
1511 675 1544 702 Ο.
1568 675 1587 702 I.
1613 679 1635 704 l.
1655 680 1679 705 2.
1715 678 1775 705 Iure
1799 678 1893 706 fecisse
1917 680 2006 707 existi-

1161 719 1234 744 mari.
1254 734 1286 738 —
1310 717 1390 744 Nefas
1411 728 1478 745 esse.
1503 718 1533 745 fr.
1552 720 1578 745 3.
1597 718 1628 746 cf.
1654 720 1685 747 fr.
1707 723 1728 747 1.
1753 722 1775 755 5.
1795 723 1818 748 4.
1840 721 1870 748 fr.
1890 724 1914 749 2.
1935 721 1967 749 de
1986 721 2005 749 Ῑ.

1162 765 1188 787 et.
1206 760 1224 787 I.
1246 762 1268 787 l.
1290 762 1312 787 l.
1350 761 1393 787 111.
1409 763 1476 789 Cn.
1495 761 1576 788 'Nefas
1596 762 1703 789 credere
1723 769 1771 795 est.
1791 774 1812 791 s.
1832 765 2004 792 existimatur.

1162 803 1232 830 coll.
1252 803 1306 830 LL.
1326 803 1359 830 M.
1382 804 1423 831 t‘l.
1444 806 1467 830 4.
1493 804 1522 831 fr.
1543 807 1584 832 55.
1608 815 1648 843 pr.
1673 805 1706 833 (10
1725 806 1755 833 lt.
1776 807 1807 834 N.
1831 810 1873 835 23.
1897 809 1921 835 2.
1958 808 2006 841 Ea,

1161 857 1238 883 quam
1258 846 1331 873 nefas
1352 848 1387 873 sit
1406 847 1509 874 ducere.
1531 848 1560 874 fr.
1575 850 1598 875 9.
1619 849 1641 883 5.
1655 850 1679 875 3.
1699 849 1732 876 de
1751 849 1796 876 lib.
1817 856 1843 877 et.
1860 850 1949 888 posth.
1962 852 2004 878 28.

1160 892 1184 916 2.
1205 889 1236 916 fr.
1256 892 1280 916 4.
1299 890 1320 923 5.
1342 891 1364 916 7.
1385 889 1418 917 de
1436 890 1507 927 grad.
1528 895 1553 917 et
1573 891 1623 918 adt.
1642 893 1684 918 38.
1705 894 1745 919 10.

1196 933 1386 960 Nefastus.
1423 933 1553 967 (Adiect.)
1591 936 1792 963 Contrarias
1810 938 2004 964 solemnibus

1161 977 1192 1001 in
1212 977 1284 1002 iure
1303 978 1515 1003 celebrandis.
1553 976 1571 1003 1.
1592 978 1654 1011 Sy.
1680 978 1741 1014 Quo
1761 988 1813 1005 non
1832 979 1929 1006 licebat
1947 979 2005 1015 lege.

1160 1028 1244 1054 agere,
1264 1017 1389 1045 Nefastus
1410 1018 1501 1053 (dies.)
1521 1018 1578 1046 Gai.
1599 1020 1643 1047 IV.
1663 1022 1705 1048 29.

1195 1062 1357 1095 Negare.
1394 1062 1426 1096 §.
1439 1063 1474 1088 1.
1495 1063 1667 1098 Infit-iuri.
1704 1063 1723 1090 I.
1738 1065 1800 1098 Sy.
1819 1064 1940 1092 inficiari.
1961 1064 2003 1091 Ct'.

1137 1113 1139 1116 ’
1160 1103 1185 1130 11.
1205 1114 1229 1130 v.
1249 1104 1270 1137 5.
1293 1106 1315 1130 l.
1352 1104 1486 1131 Recusare
1505 1107 1560 1137 (sc.
1580 1105 1790 1141 fideiussorem.)
1812 1107 1914 1143 Negare
1933 1107 2004 1141 (ido-

1160 1148 1258 1179 neum.)
1278 1146 1307 1173 sr.
1328 1149 1351 1174 7.
1372 1158 1410 1185 pr.
1432 1148 1484 1183 Qu.
1504 1148 1595 1174 satisd.
1615 1158 1670 1186 cog.
1690 1152 1714 1176 2.
1733 1152 1757 1177 S.
1795 1150 1824 1176 11.
1846 1152 1914 1185 Op.
1934 1150 2004 1178 Con-

1160 1189 1286 1222 tendere,
1310 1190 1416 1217 Dicere.
1437 1190 1467 1217 fr.
1486 1192 1511 1217 2.
1530 1201 1570 1227 pr.
1591 1192 1614 1218 si
1633 1194 1722 1219 servit.
1742 1194 1765 1219 8.
1788 1195 1812 1219 5.
1837 1193 1866 1220 fr.
1887 1195 1911 1220 6.
1937 1194 1959 1228 5.
1980 1195 2003 1221 l.

1160 1232 1192 1259 (10
1210 1234 1301 1259 interr.
1321 1234 1347 1259 in
1366 1234 1430 1259 iure.
1451 1235 1492 1260 ll.
1513 1235 1536 1260 l.
1565 1233 1659 1262 fateri.
1680 1235 1721 1262 Cf.
1741 1236 1766 1262 h.
1786 1246 1809 1262 v.
1830 1237 1852 1270 5.
1875 1238 1896 1262 1.
1934 1236 2004 1263 Con-

1159 1276 1236 1302 fiteri.
1257 1276 1287 1302 fr.
1307 1278 1348 1302 20.
1369 1276 1401 1303 de
1421 1276 1492 1302 inoff.
1514 1281 1616 1304 testam.
1631 1280 1655 1305 5.
1668 1280 1692 1305 2.
1722 1278 1861 1315 Negantes.
1881 1294 1914 1298 —
1934 1278 2004 1306 Con-

1159 1320 1230 1345 victi.
1251 1329 1272 1345 c.
1292 1320 1317 1345 9.
1337 1319 1370 1345 de
1389 1320 1423 1346 0.
1444 1324 1471 1345 et.
1489 1319 1520 1346 A.
1540 1322 1564 1346 4.
1586 1322 1626 1347 10.
1663 1321 1786 1349 111.011.
1805 1321 1834 1348 Si
1854 1327 2003 1357 negent,—

1159 1367 1202 1388 aut
1221 1372 1275 1388 non
1294 1367 1398 1398 negent,
1417 1362 1465 1389 sed
1485 1367 1596 1389 taceant.
1620 1363 1651 1390 fr.
1670 1366 1695 1391 5.
1721 1365 1743 1398 5.
1764 1366 1786 1390 l.
1811 1364 1862 1400 Qu.
1883 1375 1915 1392 ex
1935 1375 1956 1391 c.
1976 1366 2003 1392 iu

1158 1415 1231 1442 poss.
1251 1406 1292 1431 42.
1312 1406 1336 1431 4.
1358 1405 1388 1432 cf.
1416 1405 1473 1432 Gai.
1493 1405 1523 1432 11.
1543 1408 1586 1432 24.
1623 1406 1653 1433 Si
1672 1422 1705 1426 —
1724 1406 1784 1434 ideo
1803 1407 1870 1434 nolit
1889 1407 2003 1440 solvere,

1160 1465 1190 1468 —
1211 1448 1283 1484 quod
1302 1453 1387 1484 neget,
1408 1453 1452 1474 aut.
1471 1448 1582 1482 dubitet,
1602 1460 1633 1476 an
1653 1449 1785 1476 hereditas
1804 1451 1935 1487 pertineat
1953 1456 2001 1478 etc.

1158 1490 1189 1518 fr.
1203 1492 1246 1517 42.
1267 1490 1299 1517 de
1319 1490 1407 1517 hered.
1425 1496 1478 1528 pet.
1492 1494 1517 1518 5.
1536 1494 1560 1518 3.
1599 1492 1653 1528 Qui
1671 1502 1797 1530 praeseus
1817 1498 1894 1530 negat
1911 1503 1940 1520 50
1959 1494 2003 1521 (10-

1158 1534 1273 1565 fendere,
1294 1539 1337 1560 aut
1357 1544 1410 1560 non
1429 1534 1486 1561 vult
1505 1536 1643 1572 suscipere
1661 1536 1798 1562 actionem.
1818 1536 1848 1562 fr.
1862 1538 1903 1563 52.
1923 1536 1956 1563 de
1969 1536 2001 1564 R.

1158 1577 1175 1604 l.
1196 1579 1237 1604 50.
1258 1579 1298 1604 17.
1329 1577 1383 1613 Qui
1403 1587 1432 1604 se
1451 1583 1527 1614 negat
1546 1578 1693 1615 possidere,
1713 1589 1771 1605 cum
1789 1589 1851 1605 vere
1870 1589 1922 1606 non
1941 1590 2002 1617 pos-

1158 1619 1264 1646 sideret.
1284 1620 1314 1646 fr.
1334 1622 1376 1646 25.
1397 1620 1430 1647 de
1448 1621 1479 1647 R.
1500 1620 1531 1648 V.
1551 1623 1575 1648 6.
1597 1623 1619 1648 l.
1657 1621 1704 1648 Sin
1725 1621 1792 1648 falso
1817 1627 1901 1657 neget.
1926 1622 1955 1650 fr.
1975 1625 2000 1650 2.

1158 1663 1179 1696 5.
1196 1665 1217 1689 l.
1238 1664 1261 1689 si
1281 1673 1313 1689 ex
1332 1673 1393 1690 nox.
1414 1673 1435 1690 c.
1448 1666 1472 1690 2.
1484 1666 1508 1690 9.
1532 1664 1658 1701 Sponsio,
1679 1675 1728 1701 qua
1748 1664 1912 1702 periclitatur
1930 1675 2001 1698 reus,

1158 1707 1181 1732 si
1205 1711 1303 1733 temere
1327 1711 1410 1742 neget.
1454 1706 1508 1742 Qui
1536 1708 1606 1733 iusto
1629 1718 1719 1734 errore
1746 1707 1840 1734 ductus
1867 1709 2002 1745 negaverit

1158 1754 1207 1775 etc.
1229 1749 1258 1775 fr.
1275 1751 1314 1775 11.
1335 1749 1412 1782 510.
1432 1749 1465 1776 de
1484 1751 1573 1777 interr.
1593 1751 1619 1776 in
1638 1751 1702 1777 iure.
1723 1752 1762 1777 ll.
1784 1753 1806 1777 l.
1843 1751 1873 1778 Si
1891 1756 2002 1788 negetur

1157 1791 1300 1818 iudicatum
1324 1802 1396 1824 esse,
1422 1792 1464 1818 vel
1490 1794 1603 1828 ignorari
1627 1798 1717 1830 potest
1740 1804 1772 1820 an
1796 1793 1938 1821 iudicatum
1956 1795 2000 1822 sit.

1157 1834 1188 1862 t'r.
1210 1836 1249 1861 ll.
1275 1834 1308 1861 de
1331 1840 1455 1862 transact.
1474 1838 1499 1862 2.
1520 1838 1559 1862 15.
1602 1836 1631 1862 Si
1654 1838 1772 1873 negavit,
1796 1837 1865 1874 apud
1889 1847 1918 1864 se
1941 1847 2001 1864 esse

1158 1879 1310 1915 pecuniam,
1335 1882 1360 1904 et
1379 1878 1488 1905 Praetor
1511 1880 1697 1916 pronunciavit
1720 1884 1810 1906 contra
1830 1890 1896 1907 eum.
1925 1880 1955 1907 fr.
1975 1881 1999 1907 7.

1158 1922 1179 1954 5'.
1201 1923 1241 1947 10.
1262 1921 1294 1947 de
1318 1920 1384 1948 adm.
1410 1926 1436 1948 et
1459 1923 1540 1959 peric.
1559 1924 1600 1948 26.
1622 1924 1644 1948 7.
1670 1938 1702 1942 ——
1727 1923 1758 1956 §-
1779 1924 1814 1950 2.
1840 1925 1997 1955 Abnuere,

1158 1966 1330 1996 Resusarc,
1356 1966 1566 1992 Interdicere.
1609 1965 1627 1991 1.
1647 1967 1709 2000 Sy.
1733 1966 1883 2002 Denegare,
1907 1965 1998 1993 Prohi—

1156 2007 1227 2033 bere.
1248 2007 1277 2033 fr.
1297 2009 1339 2034 27.
1359 2017 1398 2044 pr.
1418 2007 1451 2034 de
1471 2018 1531 2035 nox.
1551 2013 1599 2035 act.
1619 2010 1643 2035 9.
1663 2010 1686 2034 4.
1708 2019 1727 2035 c.
1750 2011 1789 2035 15.
1809 2019 1830 2035 c.
1847 2009 1886 2034 18.
1905 2018 1945 2045 sq.
1965 2008 1998 2035 de

1133 2046 1134 2056 ¹
1156 2049 1181 2076 11.
1202 2060 1244 2086 qu.
1264 2060 1317 2077 acc.
1332 2060 1356 2076 n.
1371 2061 1396 2088 p.
1410 2052 1433 2077 9.
1450 2053 1471 2077 l.
1500 2051 1530 2077 11.
1546 2053 1614 2086 011.
1634 2051 1797 2083 Permittere,
1816 2051 1894 2078 Dare.
1914 2051 1944 2078 fr.
1954 2053 1996 2078 ⁴2.

1155 2093 1191 2126 55.
1211 2095 1235 2118 5.
1255 2103 1295 2129 sq.
1316 2093 1348 2119 de
1367 2103 1472 2130 procur.
1491 2095 1515 2120 3.
1535 2096 1558 2120 3.
1579 2093 1609 2120 fr.
1632 2095 1653 2120 1.
1674 2095 1804 2128 55.7.10.
1824 2093 1857 2120 (10
1877 2094 1910 2120 O.
1922 2093 1952 2121 N.
1964 2093 1996 2121 N.

1154 2138 1196 2162 39.
1218 2137 1240 2162 l.
1279 2135 1447 2173 Competere,
1466 2152 1498 2156 —
1517 2136 1613 2173 Negat-i
1632 2137 1795 2170 (actionem.)
1815 2136 1845 2163 fr.
1859 2138 1883 2163 2.
1904 2146 1944 2174 sq.
1964 2137 1997 2164 de

1155 2183 1204 2204 act.
1224 2188 1274 2205 rer.
1297 2183 1374 2205 amot.
1394 2181 1436 2205 25.
1456 2181 1480 2205 2.
1504 2179 1535 2206 fr.
1557 2182 1578 2205 l.
1603 2180 1624 2213 5.
1643 2181 1668 2205 3.
1693 2179 1726 2205 de
1750 2179 1872 2216 snper-tic.
1893 2181 1933 2206 43.
1955 2181 1995 2207 18.

1155 2221 1197 2248 111.
1218 2222 1284 2249 (In.
1304 2221 1387 2258 Negat
1405 2221 1448 2248 lex
1469 2223 1546 2258 regia.
1566 2222 1679 2256 (humari
1699 2224 1759 2253 ctc.)
1780 2222 1809 2249 fr.
1823 2225 1848 2249 2.
1868 2222 1900 2249 de
1919 2228 1995 2250 mort.

1155 2264 1229 2290 infer.
1251 2266 1290 2290 ll.
1310 2266 1333 2291 8.
1372 2265 1471 2301 Negata
1495 2266 1629 2301 coniugio,
1656 2264 1727 2301 quod
1751 2264 1836 2291 fuerat
1859 2270 1918 2293 aute
1936 2276 1996 2304 pro—

1154 2308 1263 2334 missum
1285 2312 1332 2334 etc.
1353 2307 1403 2335 Th.
1424 2308 1454 2335 C.
1474 2308 1517 2335 111.
1540 2310 1579 2334 10.
1599 2318 1620 2334 c.
1642 2309 1664 2333 l.
1684 2309 1707 2334 si
1726 2313 1798 2344 nupt..
1819 2318 1851 2335 ex
1871 2318 1951 2336 rescr.

1189 2351 1361 2384 Negatio.
1403 2354 1503 2378 Actus
1531 2352 1681 2385 negandi.
1724 2350 1742 2376 1.
1767 2352 1828 2385 Sy.
1857 2351 1993 2379 Inficiatio.

1154 2393 1226 2420 l'aul.
1248 2393 1265 2419 I.
1288 2395 1327 2420 19.
1347 2395 1368 2428 5.
1388 2397 1412 2420 2.
1433 2394 1463 2421 cf.
1484 2393 1594 2429 Interpr.
1614 2392 1638 2418 11.
1660 2392 1675 2419 l.

1190 2437 1408 2470 Negafivus.
1445 2435 1583 2469 (Adieet.)
1622 2438 1667 2461 Ad
1689 2440 1866 2471 negandum
1891 2439 1993 2464 inser-

1156 2482 1249 2506 vicus.
1288 2479 1306 2505 l.
1327 2480 1388 2513 Sy.
1412 2478 1564 2514 Ncgatoria,
1584 2477 1709 2513 Negativa
1729 2480 1840 2512 (actio.)
1860 2479 1890 2506 l'r.
1909 2482 1933 2506 5.
1953 2490 1992 2517 pr.

1155 2523 1177 2548 si
1198 2522 1295 2549 usus-fr.
1314 2527 1366 2559 pet.
1388 2523 1410 2548 7.
1430 2522 1453 2547 6.
1478 2522 1500 2554 5.
1518 2524 1542 2547 2.
1563 2520 1581 2547 1.
1602 2520 1634 2547 (10
1653 2523 1747 2548 action.
1768 2523 1791 2548 4.
1811 2523 1834 2548 6.
1872 2521 1903 2548 II.
1925 2524 1992 2557 Op·

1155 2565 1222 2591 Cum
1245 2564 1405 2591 intendimus
1430 2568 1546 2590 nostram
1569 2574 1627 2590 esse
1652 2566 1724 2597 (rem
1748 2564 1926 2601 corporalem.
1949 2569 1993 2591 aut

1154 2609 1221 2639 ius.)
1241 2623 1273 2627 —-
1297 2606 1422 2642 Negativa
1447 2607 1521 2632 actio.
1548 2606 1604 2633 Gai.
1624 2606 1667 2633 IV.
1688 2609 1711 2633 3.
1748 2606 1790 2633 111.
1811 2609 1878 2635 (ἠ.
1905 2607 1990 2634 Verba

1154 2652 1279 2687 negativa.
1300 2650 1330 2676 fr.
1350 2651 1408 2675 237.
1429 2649 1462 2675 (10
1485 2649 1511 2675 11.
1533 2650 1560 2676 S.
1580 2651 1621 2675 50.
1643 2651 1682 2676 lb'.

1188 2692 1425 2727 Negatorius.
1451 2692 1579 2726 (Adiect.)
1605 2692 1684 2718 Idem.
1720 2692 1738 2718 1.
1758 2693 1820 2727 Sy.
1840 2692 1988 2729 Negatiws.

1153 2736 1194 2763 Cf.
1214 2736 1238 2762 h.
1257 2745 1281 2761 v.
1318 2734 1348 2760 11.
1367 2736 1434 2768 Op.
1455 2734 1651 2761 Confessorius.
1672 2735 1714 2761 Cf.
1734 2735 1759 2761 h.
1779 2744 1802 2761 v.
1823 2735 1843 2768 5.
1862 2736 1886 2760 2.

1188 2778 1379 2812 Negidius·
1416 2778 1447 2811 §.
1470 2779 1504 2804 l.
1533 2780 1663 2805 Ficlnm
1686 2788 1795 2804 nomen
1817 2785 1988 2811 personae,

1153 2822 1319 2858 (pracsertim
1339 2822 1403 2852 eius.
1424 2821 1468 2857 qui
1489 2821 1643 2847 convenitur
1661 2820 1757 2847 iudicio
1776 2825 1802 2847 et
1817 2819 1989 2846 intentionem
