2197 3121
960 158 1036 189 DIC
1062 176 1100 182 —
1126 159 1209 189 DIF.

216 255 294 283 poen.
331 244 468 280 Aequitas,
488 254 511 269 v.
533 243 599 269 luris
618 241 768 278 disciplina,
787 251 808 267 s.
825 241 900 272 ratio.
920 240 1009 266 dictat.
1030 240 1060 266 sr.
1082 240 1084 243 ’

215 290 257 315 32.
277 298 316 325 pr.
337 287 369 313 de
388 287 473 323 pecul.
500 288 539 312 15.
561 287 583 311 1.
610 295 631 311 (·.
651 285 675 310 8.
700 283 732 310 dc
752 283 828 310 cond.
855 284 897 310 ob.
923 294 944 309 c.
965 283 1016 310 dat.
1036 286 1061 309 4.
1083 313 1084 316 Ἴ

216 333 241 357 6.
278 331 347 368 Ipsis
367 330 446 356 rebus
465 328 634 359 dictantibus,
654 326 792 353 videbatur
812 331 861 353 etc.
881 326 912 353 sr.
932 329 957 353 2.
977 327 1000 360 5.
1020 328 1061 352 11.
1083 327 1085 338 ”

217 373 251 400 de
270 373 304 400 Ο.
325 373 342 400 1.
366 375 387 398 l.
407 375 431 398 2.

252 415 433 443 nictatio.
472 416 570 441 Actus
590 415 747 440 dictandi.
784 412 827 439 III.
847 413 913 439 Cn.
938 411 1062 438 Scriben-

218 459 280 486 dum
301 460 372 485 notis
390 458 506 485 dictavit.
526 473 559 476 —
579 457 694 492 Quaero,
714 466 746 482 an
765 455 829 481 haec.
848 454 956 481 dictatio
976 454 1063 481 valere

217 503 321 539 possit?
341 501 372 528 fr.
390 503 432 527 40.
452 510 491 537 pr.
512 500 544 526 de
562 499 615 526 mil.
637 504 738 525 testam.
758 500 800 524 29.
821 499 842 523 l.

254 545 440 572 Dictator.
460 545 491 577 §0
505 544 539 569 1.
563 545 626 576 Qui
646 544 738 569 verba
756 542 924 574 exceptori
941 542 1061 574 praeit.

218 587 261 614 111.
287 589 353 615 Gn.
381 586 446 613 Tam
465 586 623 622 litigatores,
645 595 720 622 quam
740 583 890 610 libellorum
911 583 1061 609 dictatores.

219 641 240 657 c.
262 632 304 657 39.
324 630 389 663 5.1.
410 629 442 655 de
461 639 520 665 app.
541 633 567 654 et
586 628 699 655 consult.
720 630 743 654 7.
762 628 804 653 62.
829 643 861 646 —
886 627 917 660 δ.
943 628 978 653 2.
1000 628 1062 653 Im-

216 683 350 708 perans,
371 674 508 699 Arbiter
527 682 674 698 summus.
712 670 754 696 III.
774 671 840 697 Cn·
877 669 973 696 Nullus
993 669 1063 695 obsi-

218 720 272 742 stat
291 715 409 742 coetibus
429 714 556 743 dictator.
576 724 652 740 nemo
672 713 792 739 conciliis
811 713 978 750 obloquatur.
1012 711 1062 738 Th.

219 758 251 785 C.
270 758 327 785 XII.
349 760 389 784 12.
410 768 432 784 c.
453 759 475 784 1.
496 757 529 784 de
547 757 623 793 legat.
644 761 670 782 et
688 758 759 782 decr.
787 772 820 776 -—
846 757 876 789 ξ.
897 757 934 782 3.
973 758 1063 782 Sum-

218 811 285 828 mus
303 804 382 835 reip.
402 803 433 828 R.
454 802 654 835 temporibus
672 801 894 835 magistratus
913 805 1063 825 extraor-

218 846 380 871 dinarius.
418 843 460 870 Ill.
481 845 546 871 Cn.
560 843 712 869 Dictatores
731 841 831 878 proditi
844 846 914 873 sunt,
934 852 947 867 a
967 841 1063 878 quibus

219 897 268 913 uec
286 886 449 924 provocandi
469 888 510 913 ius
530 886 585 912 suit.
617 901 648 905 —-
678 885 713 912 Et
732 885 773 911 his
793 884 967 911 dictatoribus
987 885 1063 919 magi-

218 931 268 956 stri
288 931 405 966 equitum
424 929 632 965 iniungebantur.
658 928 688 955 fr.
708 930 732 954 2.
757 928 857 961 5518.
877 938 917 963 sq.
938 927 971 953 de
991 927 1024 953 O.
1044 927 1062 953 Ι.

220 974 243 999 l.
263 975 287 999 2.
307 973 338 999 l‘r.
361 975 383 999 l.
403 983 443 1010 pr.
463 972 495 999 de
514 972 558 998 off.
577 971 629 998 Prf.
651 971 694 997 Pr.
715 973 737 997 1.
759 972 799 997 11.

253 1016 391 1043 Bietio.
423 1016 454 1048 ξ.
478 1016 512 1042 1.
543 1015 801 1045 Pronunciatio,
827 1014 1012 1040 Peroratio.
1044 1011 1062 1037 1.

219 1060 282 1092 Sy.
302 1058 403 1085 Causas
423 1068 506 1090 orare,
527 1058 629 1084 Causae
648 1056 738 1083 dictio.
758 1055 808 1082 Th.
827 1055 858 1082 C.
878 1055 922 1082 lv.
941 1058 983 1081 22.
1003 1065 1025 1081 e.
1040 1056 1062 1080 1.
1085 1060 1087 1074 ¹

220 1100 289 1127 unde
308 1101 342 1127 vi.
362 1100 393 1127 ct'.
414 1100 459 1126 IX.
481 1102 503 1126 l.
523 1111 545 1127 c.
568 1102 606 1127 13.
627 1100 659 1126 de
679 1110 764 1126 accus.
786 1104 812 1125 et
831 1100 910 1125 inser.
939 1098 982 1124 III.
997 1099 1062 1125 Cn.

220 1143 343 1170 Convicii
362 1154 414 1169 nou
433 1143 560 1180 impudici
580 1143 661 1170 dictio
681 1144 742 1175 (cur
760 1147 872 1179 patrono
892 1141 1062 1177 dcilegetur?)

219 1186 250 1213 fr.
272 1188 311 1212 11.
331 1186 354 1220 5.
374 1188 397 1212 7.
418 1186 451 1212 de
471 1187 548 1213 iuiur.
568 1188 665 1212 47.10.
680 1201 712 1204 —-
726 1186 756 1218 ᾖ.
776 1187 811 1212 2.
833 1187 991 1212 Solemnis
1010 1186 1063 1211 ad-

218 1231 385 1255 severana
402 1231 644 1263 promittentis.
682 1228 724 1254 111.
743 1229 810 1256 Cn.
830 1228 909 1254 Dotis
928 1228 1007 1259 datio⁷
1021 1226 1064 1253 vel

218 1270 310 1297 dictio.
359 1270 447 1298 Valer.
474 1271 576 1299 Probus
601 1272 633 1298 de
658 1276 711 1298 not.
738 1271 769 1297 R.
793 1282 817 1297 v.
836 1271 869 1298 D.
889 1271 923 1297 D.
959 1271 1000 1297 Ex
1020 1269 1065 1296 do-

220 1315 254 1340 tis
274 1313 390 1341 dictione
411 1314 530 1351 obligari.
567 1315 652 1341 Vatic.
673 1315 695 1348 5.
715 1316 756 1341 99.
783 1314 815 1341 cf.
852 1315 901 1352 Ep.
921 1313 984 1340 Inst.
1006 1312 1065 1339 Gaii
1086 1341 1088 1349 ⁴

219 1356 250 1383 11.
269 1358 294 1383 9.
313 1358 335 1391 5.
355 1359 379 1383 -3.
417 1358 527 1384 Etiamsi
547 1358 637 1389 dictio,
656 1357 699 1384 vel
718 1358 870 1394 stipulatio.
890 1359 917 1384 in
935 1356 1065 1394 pollicita-
1086 1357 1088 1368 5

219 1400 292 1425 tione
310 1410 397 1426 rerum
416 1400 543 1427 dotalium
562 1402 668 1428 minime
687 1400 765 1427 suerit
783 1401 933 1427 subsecuta.
962 1399 1011 1426 Th.
1032 1398 1064 1426 C.
1087 1407 1088 1421 1

1086 1181 1087 1185 ¹
1109 1183 1187 1215 beri.)
1208 1182 1244 1209 ll).
1264 1182 1308 1209 IV.
1329 1184 1370 1208 67.
1391 1182 1420 1208 fr.
1444 1184 1483 1208 14.
1504 1182 1536 1208 de
1555 1181 1586 1207 R.
1607 1181 1625 1207 I.
1646 1184 1687 1207 50.
1709 1183 1748 1207 17.

220 1441 263 1468 III.
284 1444 325 1469 13.
346 1454 367 1470 c.
387 1445 411 1469 4.
432 1443 464 1469 de
485 1443 567 1470 dotih.

254 1486 420 1513 Dictum.
441 1486 560 1520 (Subsi.)
580 1488 610 1520 §-
626 1489 660 1514 1.
680 1489 852 1519 Elocueio,
872 1489 1063 1514 Dii-terium.

220 1528 263 1555 111.
283 1530 349 1556 Gn.
387 1529 495 1555 Dictum
521 1530 547 1555 in
572 1531 655 1566 iurgio
675 1531 701 1556 in
720 1530 898 1557 adversarium
917 1545 949 1549 —-
967 1529 1063 1556 fusum.

220 1570 272 1597 Th.
292 1571 323 1598 C.
337 1572 381 1599 IV.
395 1573 419 1598 8.
441 1583 462 1598 c.
476 1574 500 1599 ἴ).
521 1573 542 1606 5.
557 1575 581 1599 5.
603 1573 707 1607 (ch.)
727 1573 760 1599 (le
778 1572 881 1599 liberali
900 1583 921 1599 c.
938 1587 970 1592 —
982 1573 1013 1605 §.
1028 1574 1063 1599 2.

221 1615 451 1645 Adaeveratio.
475 1617 693 1652 Adfirmatio.
729 1615 747 1642 I.
778 1617 840 1650 Sy.
878 1616 958 1651 Quod
982 1615 1087 1646 verbo,

222 1661 299 1683 tenus
317 1659 518 1694 pronunciatum
543 1664 596 1691 est,
621 1659 745 1695 nudoque
771 1669 892 1685 sermone
916 1660 1013 1685 finitur.
1034 1658 1064 1684 [ι’.

225 1700 264 1725 19.
283 1700 305 1733 5.
323 1702 348 1726 2.
368 1700 401 1727 de
419 1701 507 1727 Aedil.
528 1702 605 1728 edict.
625 1704 668 1729 21.
690 1704 711 1728 l.
749 1701 792 1728 111.
816 1703 882 1730 Gn.
902 1702 989 1731 Dicta,
1009 1702 1065 1728 sive

222 1743 361 1778 promissa,
381 1759 413 1763 ·——
433 1754 605 1782 quaeeunque
629 1746 668 1771 sic
687 1745 823 1777 dicuutur,
843 1750 871 1771 ut
889 1749 1065 1782 praestentur,

224 1794 276 1809 uon
296 1789 324 1810 ut
342 1786 479 1813 iactentur.
504 1787 534 1814 sr.
561 1790 599 1814 19.
629 1789 651 1822 5.
669 1789 694 1814 3.
723 1788 754 1814 cf.
774 1789 796 1821 5.
816 1790 839 1814 6.
865 1787 895 1814 fr.
914 1789 956 1813 38.
981 1788 1064 1820 510.

224 1826 254 1853 l'r.
268 1828 310 1854 47.
330 1838 369 1865 pr.
389 1829 424 1854 ib.
444 1831 485 1855 2l.
508 1832 530 1855 1.
545 1846 577 1849 —
592 1831 623 1863 ἓ.
639 1832 676 1856 ³.
698 1832 825 1862 luseris,
845 1833 1065 1864 Praeceptum.

224 1869 244 1896 1.
270 1871 333 1904 Sy.
358 1868 452 1897 Iussus
472 1871 614 1905 (domini.)
641 1873 670 1899 fr.
694 1875 735 1899 20.
760 1873 792 1899 de
816 1874 849 1899 0.
875 1877 901 1898 et
923 1872 955 1898 Α.
975 1874 1016 1898 44.
1043 1874 1065 1898 7.
1088 1878 1089 1882 ¹

224 1912 267 1938 111-
288 1914 353 1941 Cn·
390 1913 471 1940 Dicto
498 1914 615 1942 audiens.
640 1916 671 1942 sr.
697 1918 736 1942 19.
760 1926 799 1953 pr.
826 1915 858 1941 de
877 1915 964 1942 Aedil.
989 1915 1066 1941 edict.

221 1957 264 1981 21.
286 1957 308 1982 1.

257 1999 403 2026 nictus.
441 1999 571 2033 (Partic.)
601 2003 810 2029 Memoratus.
848 2001 866 2027 I.
892 2002 954 2036 Sy.
991 2001 1067 2027 Prae-

224 2040 319 2068 dictus.
345 2041 395 2068 Th.
416 2042 446 2068 C.
467 2043 538 2069 XIV.
558 2046 582 2069 3.
608 2055 628 2070 c.
651 2047 675 2071 9.
696 2056 736 2082 sq.
761 2044 794 2071 de
817 2046 910 2082 pistor.
935 2049 962 2070 et
984 2043 1066 2070 catab.
1088 2051 1091 2065 ι·

224 2083 392 2111 Momm-atus.
413 2085 454 2111 Cf.
475 2086 499 2112 h.
519 2097 544 2113 v.

259 2127 498 2155 Didascalus.
537 2132 710 2156 Sacrorum
729 2133 900 2165 interpres.
938 2129 980 2155 III.
1001 2131 1067 2157 θη.

227 2168 328 2202 (Anati)
348 2170 491 2203 didascalo,
511 2177 537 2198 et
551 2172 694 2199 maioribus
708 2173 870 2200 Iudaeorum.
891 2173 941 2199 Th.
954 2173 984 2199 C.
995 2172 1066 2199 XVI.

226 2213 251 2236 δ.
271 2221 292 2237 c.
310 2214 351 2239 23.
372 2213 404 2239 de
423 2213 478 2240 Iud.
498 2214 569 2240 XVI.
589 2216 613 2241 9.
634 2226 655 2241 c.
674 2217 698 2241 3.
719 2226 751 2241 ue
770 2216 860 2242 christ.
880 2226 963 2242 manc.

262 2254 502 2288 Didymaonis.
559 2259 739 2293 Cognomeu
771 2261 949 2293 Apollinis.
981 2259 1013 2285 cf.
1042 2269 1066 2285 v.
1088 2251 1090 2257 Α

229 2295 336 2332 Apollo.
1089 2291 1090 2305 ¹

264 2339 424 2367 niensis.
462 2344 509 2368 Ad
531 2344 629 2369 Dium
651 2346 833 2377 pertinens,
856 2346 1068 2371 Macedoniae

228 2383 407 2408 civitatem.
443 2383 484 2411 lll.
505 2386 571 2412 Cn.
591 2385 619 2411 In
638 2387 773 2422 provincia
787 2386 937 2413 Macedonia
957 2404 989 2407 —
1009 2387 1067 2414 Phi-

230 2425 380 2461 lippenses,
400 2425 525 2459 Dienses.
550 2428 695 2455 Stoveuses
718 2431 782 2456 iuris
802 2429 884 2456 Italici
903 2436 972 2456 sunt.
992 2430 1022 2457 fr.
1042 2432 1066 2457 8.
1089 2435 1090 2450 3

230 2470 252 2501 5.
272 2470 296 2493 8.
317 2467 349 2493 de
369 2468 466 2494 ceusib.
486 2471 527 2495 50.
547 2472 586 2497 15.

264 2511 366 2538 Dies.
404 2512 435 2544 ᾗ.
462 2512 496 2537 l·
536 2514 682 2548 Tempus,
707 2526 766 2550 quo
790 2518 838 2542 sol
860 2523 968 2542 terras
987 2518 1065 2542 illu·
1088 2544 1089 2551 χ

229 2555 339 2579 minat.
376 2552 406 2579 II.
428 2555 494 2587 Op.
518 2553 586 2581 Nox.
605 2556 635 2583 fr.
653 2560 695 2584 25.
721 2559 743 2592 5.
766 2560 787 2584 l.
813 2558 845 2584 de
868 2558 913 2585 lib.
934 2564 960 2585 et
977 2559 1066 2596 posth.
1088 2559 1090 2595 ζ

228 2598 270 2621 28.
290 2598 314 2622 2.
340 2596 370 2622 fr.
391 2598 413 2622 1.
433 2596 466 2623 de.
489 2607 598 2624 manum.
622 2601 663 2626 40.
690 2603 713 2626 l.
750 2600 846 2633 Noctu,
866 2618 898 2621 —
918 2601 968 2628 Per
989 2601 1066 2628 diem.
1088 2601 1089 2607 ¹

230 2638 301 2665 Paul.
322 2638 354 2665 V.
376 2640 414 2665 19.
434 2640 456 2672 5.
477 2641 498 2665 l.
535 2639 578 2666 111.
597 2642 662 2668 Gn.
680 2642 740 2670 Nou
760 2655 773 2670 a
791 2654 874 2676 mane,
894 2644 941 2671 sed
961 2656 973 2671 a
993 2650 1067 2671 sexta
1088 2653 1090 2672 ὲ

229 2681 280 2707 divi
301 2681 372 2707 hora.
393 2681 423 2707 fr.
442 2684 466 2708 2.
486 2682 519 2709 de
538 2694 595 2709 ann.
616 2683 691 2719 legat.
713 2688 754 2712 33.
776 2688 798 2713 l.
821 2687 852 2713 fr.
877 2689 899 2714 7.
925 2687 957 2714 de
976 2698 1066 2725 usurp.

229 2726 272 2750 41.
295 2726 319 2750 3.
357 2724 495 2761 cuiusque
518 2725 570 2752 diei
595 2727 676 2753 maior
697 2738 767 2764 pars.
790 2730 820 2756 fr.
843 2732 868 2756 2.
893 2732 915 2764 5.
936 2732 959 2757 l.
983 2730 1016 2757 de
1035 2730 1066 2757 V.

229 2767 258 2793 S.
277 2769 318 2794 50.
341 2769 379 2794 16.
412 2783 444 2787 —
476 2768 507 2801 §.
527 2770 563 2795 Β.
595 2771 746 2803 Spatium
770 2774 888 2800 XXIV
908 2776 1066 2800 horarum.

231 2809 248 2835 I.
269 2811 331 2845 Sy.
350 2810 440 2837 XXIV
458 2810 546 2838 horae.
566 2811 596 2839 fr.
616 2814 640 2839 8.
661 2812 694 2839 de
713 2812 793 2840 feriis.
811 2817 836 2842 2.
856 2818 896 2842 12.
934 2816 976 2842 III.
1000 2817 1067 2844 Gn·
1089 2809 1090 2819 ἵ

1884 160 1947 189 25-ss

1108 241 1136 266 In
1155 241 1221 272 dies,
1242 256 1273 259 —
1293 242 1319 266 iu
1339 250 1457 268 menses.
1479 256 1509 259 —-
1531 241 1556 266 in
1577 250 1659 265 anuos
1679 240 1782 270 (relicta
1803 239 1948 272 alimenta.)

1108 283 1138 309 fr.
1158 285 1181 310 8.
1202 284 1239 317 55.
1259 285 1283 309 3.
1303 284 1327 308 6.
1347 283 1379 309 de
1399 288 1522 309 trausact.
1541 285 1566 308 2.
1583 284 1621 308 15.
1651 281 1735 313 Prior,
1755 293 1786 308 an
1806 284 1947 319 posterior,

1108 342 1139 345 —
1160 331 1293 353 extremus
1313 325 1370 352 dics
1388 327 1530 358 (mensis.)
1559 325 1588 351 fr.
1608 326 1649 352 98.
1670 335 1709 362 pr.
1729 326 1751 357 5.
1773 327 1795 351 1.
1816 325 1848 350 de
1868 324 1899 351 V.
1919 325 1945 351 S.

1107 371 1148 395 50.
1170 371 1209 395 16.
1246 368 1345 405 Vtique
1370 374 1395 395 ct
1418 369 1492 394 locus
1517 368 1695 404 designandus
1720 373 1773 399 est,
1794 384 1825 387 -—
1846 373 1871 393 et
1891 378 1947 404 per-

1107 422 1185 441 sona,
1213 417 1239 438 et
1257 412 1363 438 mensis.
1384 427 1415 431 ——
1436 411 1528 447 Neque
1547 417 1633 437 autem
1652 411 1734 442 diem,
1755 421 1838 446 noque
1857 410 1948 436 horam

1107 456 1224 487 (invitus
1245 454 1476 491 comprehendet.)
1500 454 1530 480 l'r.
1549 456 1573 480 3.
1593 464 1632 491 pr.
1653 453 1685 480 de
1705 463 1790 480 accus.
1811 455 1852 479 48.
1871 456 1896 479 2.
1916 453 1946 479 fr.

1107 500 1130 524 5.
1150 498 1215 531 5.1.
1254 498 1305 532 Qu.
1325 498 1351 524 vi
1371 502 1415 523 aut
1435 496 1467 523 cl.
1488 498 1527 522 43.
1545 498 1586 523 21.
1624 497 1690 523 Dies
1710 501 1736 523 et
1755 495 1834 523 Coss.
1856 496 1946 523 additi.

1107 540 1173 566 Dies
1192 545 1218 567 et
1237 540 1301 567 Cos.
1321 539 1474 566 tabularum.
1495 539 1525 565 fr.
1544 541 1586 566 34.
1606 541 1627 573 5.
1651 541 1670 565 l.
1693 539 1725 566 de
1744 540 1846 576 pignor.
1866 542 1907 565 20.
1925 541 1945 565 1.

1108 583 1137 609 fr.
1162 586 1187 609 2.
1212 584 1233 617 5.
1258 585 1282 610 6.
1308 587 1409 609 testam.
1434 582 1553 618 quemad.
1579 592 1618 618 ap.
1644 584 1686 608 29.
1711 585 1735 609 3.
1780 581 1861 617 Quod
1879 583 1947 608 iutra

1107 626 1164 652 dies
1184 627 1320 663 proximos
1340 624 1527 662 (prodigatur.)
1548 625 1633 651 [1118.
1654 625 1686 651 de
1700 626 1744 651 off.
1759 625 1847 651 Pracs.
1869 627 1891 651 1.
1907 626 1946 651 18.

1107 668 1225 695 PlurIum
1245 668 1347 695 divi-mn
1367 669 1488 705 spatium.
1527 667 1584 693 Gai.
1604 667 1646 693 III.
1665 670 1721 694 184.
1759 668 1825 694 Dies
1845 668 1946 694 natalis.

1108 711 1137 737 fr.
1158 713 1199 738 98.
1220 722 1258 748 pr.
1279 711 1312 737 de
1332 711 1363 738 V.
1378 712 1405 737 S.
1425 713 1466 737 50.
1483 712 1522 737 16.
1561 709 1625 736 Post
1638 712 1772 737 nominum
1791 711 1860 737 diem
1873 712 1948 737 amis-

1108 764 1153 780 sus
1175 754 1280 785 (lilius.)
1301 754 1362 791 le.
1383 753 1440 780 XV.
1463 756 1484 780 1.
1503 753 1575 780 XVI.
1601 755 1623 779 l.
1648 769 1680 772 —-
1705 754 1735 786 §-
1755 755 1792 780 3.
1816 756 1948 788 Tempus

1107 799 1350 831 praestationi,
1370 808 1392 824 v.
1412 798 1676 831 actuigerendo,
1694 799 1942 829 praestitutum.

1108 839 1125 866 Ι.
1147 841 1208 873 Sy.
1229 839 1354 877 Tempus.
1375 840 1432 866 Gai.
1452 838 1482 865 II.
1505 841 1561 865 164.
1582 849 1622 876 sq.
1642 839 1673 865 sr.
1695 840 1734 865 14.
1755 839 1785 865 l'r.
1802 841 1841 865 17.
1861 839 1892 865 sr.
1907 841 1947 866 77.

1109 882 1141 909 de
1160 882 1190 908 R.
1211 882 1229 908 I.
1254 885 1294 908 50.
1317 885 1355 909 17.
1402 883 1512 913 Annua,
1534 882 1614 912 bima.
1641 882 1717 907 trima
1743 881 1798 913 die,
1822 881 1948 908 Triennio

1109 925 1219 958 (reddi.)
1240 925 1301 962 le.
1322 925 1365 952 VI.
1386 929 1409 951 8.
1431 927 1470 951 13.
1508 924 1538 951 ll.
1566 926 1634 958 011.
1654 924 1793 955 Praesens,
1812 939 1844 942 —
1865 925 1887 950 A
1907 925 1949 951 die

1085 977 1087 990 ι
1109 967 1218 1000 (reddi.)
1238 968 1274 995 Ib.
1296 968 1312 994 l.
1332 968 1349 994 l.
1387 968 1442 994 sub
1463 967 1623 999 conditione,
1643 972 1688 993 aut
1707 978 1739 993 ex
1759 967 1801 993 die
1821 973 1902 994 certo.
1918 984 1948 987 -

1085 1002 1087 1011 Ι
1109 1010 1177 1037 Pure
1196 1011 1265 1044 (dari
1286 1012 1348 1043 etc.)
1375 1010 1432 1037 Gai.
1453 1010 1471 1036 l.
1493 1012 1549 1036 186.
1569 1011 1600 1037 fr.
1622 1013 1661 1036 10.
1682 1010 1713 1036 fr.
1732 1012 1792 1037 213.
1811 1021 1851 1048 pr.
1871 1011 1904 1037 de
1918 1010 1948 1037 V.

1109 1054 1136 1080 S.
1157 1057 1198 1080 50.
1220 1056 1259 1080 16.
1297 1053 1339 1080 III.
1355 1055 1420 1081 Cn.
1441 1053 1469 1079 Si
1490 1053 1553 1089 quid
1572 1054 1598 1079 iu
1613 1054 1760 1089 posteriore
1779 1053 1950 1090 stipulatione

1109 1098 1170 1123 novi
1190 1099 1238 1128 sit.
1259 1097 1326 1123 sorte
1346 1098 1368 1122 si
1389 1096 1519 1127 conditio,
1541 1095 1583 1121 vel
1603 1106 1726 1133 sponsor,
1749 1101 1793 1122 aut
1812 1096 1869 1122 dies
1888 1096 1950 1122 adii-

1109 1141 1200 1166 ciatur.
1239 1140 1296 1166 Gai.
1317 1139 1360 1166 ΙΙΙ.
1382 1141 1438 1165 177.
1477 1139 1505 1164 In
1524 1138 1606 1167 diem.
1628 1153 1658 1157 —
1679 1138 1814 1165 Praesenti
1833 1138 1876 1165 die
1895 1138 1950 1172 (de-

1786 1182 1826 1207 Ex
1846 1181 1896 1213 die,
1917 1197 1949 1200 —

1109 1226 1138 1252 In
1158 1225 1227 1252 diem
1247 1227 1387 1262 (accipere,
1408 1235 1431 1251 v.
1453 1224 1522 1257 (lare,
1543 1235 1563 1250 s.
1585 1224 1743 1260 adsignare.)
1763 1224 1792 1250 fr.
1813 1225 1836 1250 9.
1857 1225 1949 1257 5517.

1110 1279 1168 1305 sqq.
1189 1268 1222 1295 de
1240 1268 1330 1295 hered.
1355 1269 1416 1295 inst.
1435 1270 1477 1294 28.
1497 1270 1520 1293 5.
1546 1268 1575 1293 fr.
1598 1269 1637 1293 13.
1661 1268 1683 1301 5.
1702 1268 1727 1292 3.
1747 1266 1779 1292 de
1803 1266 1902 1302 adsign.
1922 1267 1949 1293 li·

1109 1312 1176 1338 bert.
1195 1313 1237 1338 38.
1256 1314 1280 1338 4.
1318 1311 1387 1338 Intra
1407 1311 1475 1338 diem
1495 1310 1635 1343 (solvere.)
1660 1310 1690 1336 fr.
1710 1311 1752 1335 w.
1773 1310 1794 1343 5
1816 1311 1838 1335 l.
1859 1309 1889 1335 fr.
1909 1311 1949 1335 41.

1110 1355 1142 1381 de
1166 1360 1234 1392 pact.
1258 1358 1282 1381 2.
1310 1356 1349 1381 14.
1388 1354 1446 1381 Nisi
1470 1365 1517 1380 sua
1541 1364 1644 1390 quaque
1670 1353 1712 1379 dic
1732 1353 1844 1389 pecunia
1864 1352 1950 1378 soluta

1111 1403 1189 1424 esset.
1210 1398 1240 1424 sr.
1260 1402 1283 1424 ὅ.
1304 1399 1325 1432 5.
1345 1400 1370 1424 3.
1391 1398 1423 1424 de
1442 1398 1512 1435 pign.
1537 1402 1586 1423 act.
1613 1398 1652 1422 13.
1674 1398 1696 1422 7.
1734 1396 1771 1422 En
1791 1406 1833 1422 res
1853 1401 1951 1431 agatur,

1111 1442 1184 1467 cuius
1205 1442 1242 1468 rei
1263 1441 1319 1467 dies
1338 1441 1395 1467 fuit.
1433 1441 1490 1467 Gai.
1511 1439 1554 1466 IV.
1577 1441 1633 1466 131.
1655 1440 1712 1465 136.
1727 1449 1767 1475 sq.
1804 1438 1878 1469 Dies,
1899 1448 1951 1475 quo

1087 1490 1088 1496 ¹
1110 1485 1220 1521 pecunia
1240 1485 1294 1521 peti
1314 1485 1408 1521 possit.
1429 1484 1459 1510 fr.
1478 1485 1538 1509 213.
1558 1493 1597 1520 pr.
1617 1482 1650 1509 dc
1662 1482 1692 1508 V.
1707 1482 1734 1508 S.
1749 1484 1790 1507 50.
1812 1482 1851 1507 16.
1876 1481 1950 1513 Dies,

1109 1528 1136 1553 in
1156 1538 1232 1563 quem
1252 1527 1350 1553 solutio
1371 1531 1497 1563 concepta
1518 1531 1566 1557 est,
1586 1536 1607 1552 s,
1628 1526 1693 1551 Dies
1713 1524 1856 1550 solvendae
1875 1535 1951 1561 pecu-

1110 1572 1175 1596 niae.
1197 1570 1226 1596 fr.
1248 1572 1270 1596 1.
1291 1571 1312 1603 5.
1333 1572 1356 1596 2.
1377 1570 1409 1596 de
1429 1569 1522 1596 edend.
1545 1572 1569 1595 2.
1592 1570 1631 1594 13.
1656 1567 1686 1594 sr.
1706 1569 1747 1593 35.
1769 1567 1801 1593 de
1820 1566 1852 1592 N.
1874 1566 1906 1593 G.
1924 1569 1947 1593 3.

1110 1616 1133 1639 5.
1172 1614 1233 1648 Quo
1252 1618 1371 1650 tempore
1391 1613 1447 1639 dies
1467 1613 1611 1649 legatorum
1631 1610 1724 1637 cedere
1744 1609 1820 1636 solet.
1841 1609 1899 1636 Gai.
1918 1610 1948 1636 11.

1108 1659 1168 1683 244,
1202 1656 1263 1693 le.
1283 1656 1380 1682 XXIV.
1400 1658 1442 1682 253.
1461 1658 1502 1682 30.
1524 1665 1563 1691 sq.
1601 1655 1635 1680 Et
1655 1654 1736 1679 cessit
1755 1658 1781 1678 et
1799 1653 1871 1678 venit
1884 1653 1947 1679 dies.

1110 1700 1139 1726 l'r.
1163 1701 1222 1726 213.
1249 1710 1287 1736 pr.
1313 1699 1345 1725 (le
1365 1698 1396 1724 V.
1417 1699 1444 1724 S.
1470 1701 1511 1724 50.
1539 1699 1578 1723 16.
1608 1697 1639 1723 t'r.
1665 1698 1687 1722 1.
1716 1696 1737 1729 5.
1757 1698 1781 1721 3.
1820 1695 1872 1731 Qu.
1892 1695 1949 1722 dies

1110 1743 1207 1769 ususfr.
1227 1744 1250 1768 7.
1269 1744 1293 1768 3.
1331 1741 1408 1767 Diem
1429 1741 1639 1777 (compromissi)
1659 1738 1786 1776 proferre,
1806 1748 1830 1764 v.
1844 1738 1947 1765 referre.

1110 1786 1140 1811 fr.
1159 1787 1201 1811 27.
1220 1795 1260 1822 pr.
1281 1784 1311 1810 t'r.
1330 1786 1372 1810 33.
1392 1783 1424 1809 de
1443 1794 1494 1810 rec.
1515 1793 1557 1820 qu.
1583 1783 1637 1809 arb.
1662 1784 1685 1808 4.
1706 1783 1730 1808 8.
1766 1781 1889 1819 Repetita
1908 1781 1950 1808 die

1111 1829 1258 1854 cautionem
1278 1828 1453 1864 interponere.
1474 1826 1503 1853 fr.
1523 1828 1547 1852 3.
1568 1826 1601 1852 de
1620 1825 1673 1852 fide
1692 1826 1810 1851 instrum.
1830 1827 1872 1851 22.
1883 1826 1948 1851 4.-

1111 1871 1142 1903 §.
1173 1872 1212 1897 4.
1251 1872 1441 1904 Supremam
1464 1871 1553 1896 vitae
1577 1874 1770 1895 momentum.
1811 1867 1853 1894 111.
1884 1869 1949 1896 Cn.

1089 1916 1090 1919 ’
1112 1914 1190 1940 Diem
1213 1923 1289 1939 suum
1309 1913 1390 1939 obire.
1415 1912 1447 1939 sr.
1466 1914 1490 1938 2.
1515 1913 1537 1946 5.
1557 1913 1598 1938 47.
1624 1911 1656 1937 de
1675 1910 1708 1937 O.
1728 1910 1746 1936 1.
1769 1912 1790 1936 l.
1810 1913 1834 1937 2.
1859 1910 1889 1937 fr.
1908 1913 1948 1937 26.

1113 1956 1145 1983 {le
1163 1956 1193 1982 L.
1215 1955 1296 1982 Corn.
1318 1955 1350 1982 de
1369 1956 1482 1982 sals—18.
1498 1957 1539 1981 10.
1576 1955 1654 1980 Diem
1673 1953 1752 1989 fungi.
1773 1953 1803 1979 fr.
1817 1955 1840 1979 4.
1861 1952 1893 1979 de
1907 1954 1948 1979 ofl'.

1113 1999 1212 2026 adsess.
1234 2001 1256 2024 1.
1276 2001 1317 2025 22.
1338 1999 1370 2025 fr.
1392 2000 1431 2025 19.
1451 1999 1534 2032 §.1⁴1
1555 1998 1631 2024 locat.
1652 1998 1692 2023 19.
1712 1998 1736 2022 2.
1756 1996 1786 2022 fr.
1805 1997 1847 2022 39.
1867 1997 1949 2030 510.

1113 2043 1145 2070 de
1164 2043 1231 2069 adm.
1256 2047 1282 2068 et
1306 2043 1386 2079 peric.
1410 2043 1451 2068 26.
1478 2044 1500 2068 7.
1538 2041 1579 2067 Ex
1603 2040 1645 2067 die
1668 2040 1761 2066 mortis
1781 2040 1900 2072 (mariti.)
1920 2038 1948 2065 fr.

1112 2090 1135 2113 ὅ.
1157 2086 1189 2112 de
1209 2085 1232 2112 h.
1254 2096 1297 2122 qu.
1318 2091 1372 2112 not.
1392 2085 1479 2111 inl'am.
1498 2087 1522 2111 3.
1546 2086 1569 2110 2.

1147 2130 1375 2156 Dissaunare.
1414 2129 1545 2154 Famam
1568 2127 1775 2154 calumniari.
1813 2124 1856 2151 111.
1884 2126 1949 2152 (711.

1112 2173 1249 2199 Diffamari
1267 2177 1364 2198 statum
1383 2172 1563 2207 ingenuorum,
1584 2186 1615 2188 —
1635 2169 1803 2206 periniquum
1821 2172 1869 2194 est.
1890 2178 1911 2193 c.
1925 2170 1946 2192 5.

1089 2232 1090 2240 κ
1111 2216 1145 2242 de
1164 2217 1248 2252 ingen.
1269 2225 1379 2242 inanum.
1401 2216 1423 2240 7.
1445 2215 1484 2239 1-1.

1147 2258 1393 2285 Differentfia.
1437 2258 1637 2286 Durine-tio,
1668 2256 1864 2281 Discrimeu.
1905 2252 1946 2278 Ill.

1113 2304 1179 2329 (¹11.
1200 2302 1384 2328 Differentiam
1403 2300 1488 2326 facere
1507 2300 1574 2324 inter
1594 2303 1642 2324 etc.
1663 2297 1693 2323 fr.
1713 2299 1736 2323 2.
1757 2298 1816 2330 5.1.
1837 2296 1868 2321 de
1887 2305 1946 2321 nox.

1112 2350 1161 2371 act.
1181 2346 1204 2370 9.
1226 2346 1249 2370 4.
1288 2343 1362 2370 Licet
1382 2359 1413 2362 -
1433 2342 1538 2368 videtur
1557 2340 1683 2377 quaedam
1703 2350 1762 2365 esse
1781 2338 1886 2365 subtilis
1901 2337 1948 2363 dis-

1113 2388 1230 2415 ferentia.
1251 2392 1364 2413 attamen
1384 2391 1432 2412 etc.
1453 2384 1483 2411 fr.
1494 2385 1535 2410 58.
1556 2395 1594 2421 pr.
1615 2383 1647 2410 de
1658 2382 1728 2409 V.S.
1748 2385 1787 2408 50.
1806 2382 1845 2406 16.
1868 2381 1948 2406 Erant

1113 2432 1190 2456 etiam
1210 2430 1274 2456 aliae
1294 2428 1465 2459 differentiae.
1486 2438 1552 2464 quae
1572 2437 1640 2453 nunc
1665 2436 1715 2452 nou
1736 2430 1803 2451 suut.
1841 2423 1898 2450 Gai.
1917 2423 1946 2449 Π.

1088 2481 1090 2507 2
1111 2474 1170 2499 284,
1208 2472 1294 2503 Ratio.
1314 2483 1338 2497 v.
1358 2472 1557 2508 Argumentum.
1577 2469 1746 2496 differentiae.
1784 2466 1820 2492 lb.
1846 2466 1863 2492 I.
1889 2468 1946 2492 123.

1088 2516 1090 2529 ¹
1112 2516 1142 2542 fr.
1163 2517 1187 2542 8.
1213 2515 1245 2542 de
1269 2526 1300 2541 eo
1324 2525 1367 2551 qu.
1393 2525 1414 2541 c.
1438 2514 1506 2541 loco.
1528 2516 1567 2540 13.
1588 2514 1611 2539 4,
1648 2511 1721 2537 Libri
1743 2510 1947 2535 differentiarum

1113 2558 1290 2591 (Modestiui.)
1328 2556 1369 2584 Cf.
1398 2556 1518 2584 Hommel
1542 2555 1704 2590 Paliugeues
1731 2553 1779 2578 iur.
1800 2550 1860 2578 Vol.
1879 2551 1897 2578 I.
1920 2562 1946 2589 p.

1112 2603 1171 2628 453.
1192 2611 1251 2637 sqq.

1149 2645 1334 2671 Differre.
1365 2645 1397 2677 §0
1417 2645 1451 2670 1.
1489 2641 1690 2670 Extrahere,
1718 2640 1879 2673 Proferre.
1915 2637 1945 2663 11.

1115 2690 1182 2721 01).
1201 2686 1416 2724 Repraesentare⁴
1436 2686 1467 2712 fr.
1486 2686 1510 2710 3.
1530 2685 1552 2717 5.
1571 2685 1595 2709 5.
1615 2682 1648 2708 de
1667 2681 1745 2708 Carb.
1765 2680 1842 2707 edict.
1852 2682 1894 2706 37.
1905 2682 1945 2706 10.

1114 2730 1210 2757 finire.
1231 2740 1252 2756 c.
1272 2731 1295 2756 4⁴
1316 2730 1348 2756 de
1368 2739 1438 2756 exce,
1458 2729 1481 2754 8.
1497 2728 1538 2752 36.
1576 2725 1741 2751 Renunciare
1759 2725 1785 2749 in
1804 2729 1895 2750 totum.
1916 2723 1944 2749 fr.

1115 2775 1153 2799 10.
1175 2773 1207 2799 de
1226 2773 1304 2799 iudic.
1324 2775 1347 2799 5.
1370 2774 1391 2797 l.
1429 2770 1471 2796 III.
1495 2771 1560 2797 Cn.
1585 2768 1615 2794 Si
1633 2777 1758 2805 praesens
1777 2776 1852 2803 agere
1872 2765 1944 2793 nolitq

1113 2816 1155 2843 vel
1172 2817 1231 2853 quia
1247 2816 1344 2847 differt,
1357 2814 1400 2841 vel
1414 2813 1473 2849 quia
1490 2812 1599 2838 remittit
1612 2816 1689 2848 atque.
1702 2810 1782 2837 donat
1793 2807 1945 2843 (iniuriam.)

1447 2855 1505 2881 36*
