2197 3121
241 177 306 207 510

280 259 430 291 Rapax.
456 254 586 289 (Adiect.)
611 255 756 288 Rapina
776 255 933 280 intentus.
969 251 1094 279 HLGn.

243 301 363 339 Rapaces
383 309 483 330 manus⁷
503 308 526 324 v.
547 302 674 334 quaestus
694 296 860 330 (officialium
880 296 943 328 etc.)
964 294 1013 321 Th.
1029 293 1060 320 C.
1075 293 1093 320 1.

244 347 268 371 7.
289 354 310 371 ο,
332 346 354 370 1.
374 342 479 376 (wok.)
500 340 533 367 de
552 340 597 367 off.
612 339 686 366 lieet.
702 339 744 366 Pr.
759 338 802 366 VI.
815 340 857 366 35.
877 349 899 365 c.
916 339 955 364 11.
975 337 1008 364 de
1026 337 1094 375 priv.

245 398 298 414 eor.
322 397 364 424 qn.
385 387 411 412 in
432 385 459 411 S.
479 384 531 422 pal.

281 432 449 463 Rapere·
479 428 510 461 §-
526 428 561 453 l.
581 428 642 454 Per
661 427 722 452 vim
742 431 838 460 atque
856 425 1020 450 iniuriam
1039 433 1095 450 au-

239 476 343 510 ferre.
382 470 400 497 l.
420 472 483 505 Sy.
502 470 642 507 Abripere.
663 468 745 495 (31.11.
758 478 782 494 v.
802 468 868 502 3.1.
900 467 1032 503 Diripere.
1053 464 1094 492 Cf.

246 516 270 543 h.
290 526 314 542 v.
335 515 356 549 3.
376 516 400 540 2.
437 513 557 551 Eripere.
578 512 608 539 fr.
627 514 652 538 4.
672 521 711 549 pr.
731 521 764 538 ne
784 520 827 547 qu.
847 520 914 536 eum.
933 511 958 535 2.
979 510 1001 535 7.
1028 507 1096 535 Sub-

245 561 339 596 ripere.
365 555 438 584 Paul.
458 555 488 582 II.
508 557 550 582 31.
575 555 675 589 3312.
694 556 737 581 31.
765 554 796 580 fr.
815 554 856 580 39.
877 552 910 579 de
930 552 990 579 furt.
1009 553 1051 578 47.
1071 553 1095 577 2.

246 602 289 628 111.
309 601 377 628 Gn.
401 598 527 626 Liberum
551 597 683 624 hominem
707 598 734 624 vi
758 606 865 634 rapere,
889 597 950 622 inve
975 594 1028 630 [al.
1048 593 1095 629 iu]

245 643 359 671 vinculis
379 642 485 669 habere.
511 641 540 668 sr.
560 643 602 667 20.
627 640 660 667 de
683 640 786 678 probat.
804 641 847 666 ⁴22.
866 641 891 666 3.
913 638 944 665 cf.
968 637 1002 664 fr.
1021 639 1045 664 6.
1065 636 1098 663 ad

245 687 276 714 L.
296 686 343 713 Iul.
364 685 398 713 de
416 686 443 712 vi
462 684 525 723 pub.
546 685 587 710 48.
607 685 631 710 6.
669 683 779 709 Invitam
804 693 859 709 eam
888 685 943 714 (sc.
963 680 1098 718 puellam)

245 740 351 767 rapere,
375 728 418 755 vel
441 728 576 755 volentem
601 726 740 753 abducere.
769 725 819 752 Th.
840 725 870 752 C.
896 725 941 751 IX.
965 726 1008 751 24.
1033 734 1055 750 c.
1075 725 1098 749 1.

247 784 286 811 pr.
312 772 344 799 de
371 776 447 809 raptu
470 772 552 807 virgg.
577 769 619 796 Cf.
640 769 684 795 lx.
704 770 746 794 25.
771 778 792 795 c.
812 770 837 794 2.
857 768 890 795 de
908 772 985 804 raptu
1004 777 1029 794 v.
1049 777 1100 793 ma-
1119 774 1121 783 ’

246 817 315 843 trim.
336 816 455 842 sanctim.
494 814 548 850 Qui
572 812 738 839 meretricem
762 810 881 838 libidinis
906 821 984 838 causa
1003 811 1099 848 rapuit,

247 864 274 885 et
294 858 398 886 celavit.
423 856 496 884 Paul.
516 856 546 882 11.
565 857 608 882 31.
631 855 714 889 3.12.
752 853 813 880 Non
833 853 919 880 solum
939 854 985 890 qui
1003 853 1099 890 rapuit.

247 902 296 930 sed
315 907 342 929 et
361 901 406 938 qui
426 899 545 930 abstulit,
565 898 608 925 vel
628 898 734 930 amovit,
754 896 797 923 vel
817 896 939 923 damnum
956 895 1038 928 dedit,
1057 894 1100 921 vel

247 946 356 982 recepit.
378 944 408 970 fr.
428 945 453 970 3.
473 943 495 976 3.
516 944 539 968 4.
560 941 593 968 de
613 940 717 968 incend.
737 941 820 967 ruina.
836 942 878 967 47.
898 942 923 967 9.
961 938 1100 975 Quidquid

248 998 281 1015 ex
300 987 432 1019 incendio,
452 987 526 1012 ruina
547 989 596 1011 etc.
612 1000 644 1004 --
660 988 773 1022 raptum,
793 988 956 1020 susceptum,
976 991 1101 1019 suppres-

249 1042 307 1058 sum
327 1031 413 1058 fuerit.
434 1028 506 1056 Paul.
528 1027 559 1054 V.
579 1029 604 1054 3.
625 1028 647 1061 3.
666 1029 691 1053 2.
712 1026 742 1053 fr.
764 1028 787 1053 l.
806 1036 845 1064 pr.
866 1026 897 1052 fr.
916 1028 940 1052 3.
961 1035 1000 1063 pr.
1020 1025 1056 1059 33
1078 1026 1100 1050 1.

249 1084 307 1111 sqq.
327 1073 344 1100 l.
364 1073 381 1100 1.
401 1074 442 1099 47.
462 1074 486 1099 9.
511 1070 543 1098 fr.
561 1072 584 1097 3.
611 1071 648 1104 33.
669 1072 694 1096 3.
714 1072 738 1096 5.
763 1069 795 1096 ad
814 1069 844 1096 L.
864 1068 911 1095 Iul.
936 1068 969 1095 de
992 1069 1018 1095 vi
1038 1067 1100 1105 pub.

248 1119 290 1144 48.
311 1118 334 1143 6.
373 1115 402 1142 Si
423 1116 482 1152 quis
502 1113 600 1140 furtum
621 1113 725 1145 fecerit,
745 1112 814 1139 bona
833 1113 958 1149 rapuerit,
978 1111 1101 1138 damnum

249 1160 360 1192 dederit,
380 1159 502 1186 iniuriam
521 1157 691 1183 commiserit.
712 1156 770 1182 Gai.
790 1155 832 1182 III.
849 1157 906 1181 1⁸⁴2.
927 1154 957 1181 fr.
976 1157 1001 1181 2.
1021 1164 1061 1192 pr.
1076 1154 1101 1180 vi

249 1204 310 1230 bon.
337 1207 404 1240 rapt.
427 1203 469 1227 47.
490 1202 513 1227 8.
539 1200 569 1227 fr.
591 1201 649 1226 lll.
673 1200 740 1233 31.
765 1199 798 1225 de
817 1198 848 1224 R.
868 1198 886 1225 I.
906 1200 948 1224 50.
971 1199 1010 1225 17.
1048 1198 1102 1233 Qui

249 1248 276 1273 vi
300 1247 401 1283 rapuit,
426 1244 467 1271 fur
491 1242 639 1281 improbior
662 1252 723 1269 esse
747 1242 874 1269 videatur.
902 1242 932 1268 sr.
954 1243 994 1267 14.
1019 1241 1043 1275 3.
1062 1242 1102 1266 12.

251 1290 303 1325 Qu.
323 1293 384 1315 met.
404 1298 425 1314 c.
446 1289 470 1313 4.
489 1289 513 1313 2.
541 1286 598 1313 Gai.
619 1285 662 1312 III.
681 1287 741 1313 209.
778 1286 894 1312 Actione
914 1284 946 1311 de
966 1284 1045 1311 bonis
1065 1293 1103 1310 ra-

250 1334 305 1370 ptis
325 1331 461 1358 conveniri
481 1331 525 1363 (in
546 1328 749 1366 quadruplum.)
775 1328 805 1355 fr.
825 1331 866 1355 52.
887 1328 908 1362 3.
927 1329 970 1355 30.
989 1327 1022 1353 de
1042 1326 1102 1353 furt.

250 1377 293 1402 47.
312 1377 336 1402 2.
358 1374 416 1401 Gai.
436 1373 454 1400 l.
474 1373 490 1400 l.
512 1373 543 1399 cl'.
564 1373 594 1399 fr.
616 1374 638 1399 l.
660 1371 689 1398 fr.
704 1374 727 1398 4.
748 1372 770 1406 3.
785 1374 809 1398 5.
829 1371 862 1398 de
881 1371 906 1398 h.
927 1381 970 1408 qu.
990 1374 1044 1396 not.
1058 1369 1102 1396 inf.

250 1420 275 1445 3.
299 1421 323 1444 2.
368 1416 449 1453 Quod
474 1417 532 1454 ipse
556 1426 569 1442 a
596 1415 807 1452 provincialibus
836 1415 935 1441 nostris
963 1414 1050 1451 rapuit
1074 1423 1104 1439 ac

251 1460 369 1488 sustulit.
390 1460 439 1487 Th.
461 1459 492 1486 C.
512 1458 557 1485 IX.
576 1459 618 1484 27.
639 1468 660 1484 e.
679 1460 704 1485 3.
725 1458 757 1484 ad
777 1457 806 1484 L.
827 1458 874 1485 Iul.
894 1463 977 1495 repet.
996 1457 1041 1483 lx.
1060 1459 1103 1483 28.

253 1515 275 1531 c.
295 1506 319 1531 2.
342 1503 374 1530 de
394 1504 466 1529 crim.
487 1501 573 1539 pecul.
598 1515 629 1520 —
655 1502 686 1534 ξ.
707 1503 742 1528 2.
767 1503 920 1536 Eripere,
940 1503 1103 1528 Adserere.

253 1547 295 1574 111.
316 1548 382 1575 Cn.
407 1545 550 1582 Postquam
570 1560 601 1564 ——-
626 1543 797 1570 cubiculariis
821 1544 919 1571 fuerint
941 1544 1047 1575 sociati,
1072 1542 1103 1568 ad

253 1590 432 1617 conditionem
452 1588 583 1615 libertatis
602 1588 826 1624 ingenuitatisque
851 1589 997 1624 rapiantur,
1026 1587 1105 1623 rapti-

253 1644 304 1671 que
330 1633 478 1659 videantur.
503 1642 524 1658 c.
544 1633 568 1657 4.
594 1630 626 1656 de
652 1640 775 1668 praepos
801 1630 828 1657 S.
855 1630 940 1656 cubic.
967 1632 1006 1656 12.
1026 1632 1049 1656 5.
1073 1645 1101 1649 —
1126 1633 1128 1648 ¹

254 1677 286 1710 §-
306 1677 343 1703 ³.
366 1677 528 1702 Celeriter
548 1683 717 1707 occupare.
756 1673 798 1700 111.
820 1675 887 1701 (711.
907 1672 1043 1710 Rapienda
1063 1682 1105 1698 oc-

254 1720 325 1746 casio
350 1723 403 1750 est,
429 1727 495 1755 quae
519 1716 629 1754 praebet
654 1721 703 1743 etc.
728 1716 758 1743 sr.
781 1718 838 1743 168.
862 1726 901 1754 pr.
922 1716 955 1743 de
973 1715 1005 1742 R.
1025 1715 1041 1741 Ι.
1063 1717 1104 1741 50.

256 1764 296 1789 17.
321 1778 352 1782 —
377 1762 409 1795 §.
436 1763 475 1788 -Ιν,
501 1762 679 1795 Instigare.
722 1759 764 1785 111.
786 1761 851 1788 Cu.
877 1760 931 1795 Qui
954 1757 1105 1797 parricidali

254 1806 344 1833 furore
363 1809 453 1842 raptus
475 1808 523 1830 etc.
545 1802 594 1830 Th.
610 1801 641 1828 C.
660 1801 705 1828 IX.
718 1803 761 1833 38.
781 1813 802 1829 c.
817 1805 840 1829 6.
862 1802 894 1829 de
914 1802 1011 1838 indulg.
1032 1802 1105 1828 crini.

254 1863 288 1868 —
307 1849 338 1882 ξ.
355 1849 392 1875 5.
411 1849 563 1874 Trahere.
601 1845 644 1872 III.
660 1847 726 1873 Cn.
747 1846 827 1881 Quod
846 1845 963 1883 liquidae
982 1845 1106 1871 materiae

256 1893 304 1923 sit.
332 1892 391 1927 quia
417 1900 463 1928 per
487 1900 515 1916 se
540 1899 599 1916 esse
623 1899 675 1915 non
695 1894 798 1926 potest,
822 1890 892 1926 rapit
911 1899 1001 1915 secum
1021 1889 1047 1914 in
1067 1898 1106 1914 ac-

257 1935 387 1961 cessionis
407 1933 493 1959 locum
514 1932 539 1958 id
560 1937 608 1959 etc.
631 1933 659 1958 lr.
673 1934 695 1958 4.
716 1943 754 1969 pr.
776 1932 808 1959 de
828 1943 897 1969 penu
917 1932 965 1969 leg.
979 1934 1021 1958 33.
1035 1933 1058 1958 θ.
1073 1947 1105 1951 -

256 1978 288 2011 ξ.
309 1979 347 2004 6.
373 1978 583 2007 Abs-trahere,
611 1977 816 2002 Distrahere.
860 1975 902 2002 III.
925 1977 992 2003 Cn.
1018 1975 1107 2001 Desti-

256 2025 367 2047 tuuntur
387 2020 504 2056 negotia.
524 2035 556 2038 —
585 2019 646 2045 dum
666 2018 785 2045 advocati
806 2029 853 2056 per
872 2018 952 2045 multa
974 2018 1060 2044 oslicia
1081 2023 1107 2044 et

257 2064 362 2091 diversa
382 2063 523 2089 secretaria
539 2063 683 2099 rapiuntur.
705 2061 754 2088 Th.
770 2062 799 2089 C.
814 2062 844 2088 II.
861 2064 900 2088 10.
921 2072 941 2089 c.
955 2064 979 2088 2.
1000 2061 1105 2094 (Wek.)

258 2106 291 2133 de
308 2105 407 2143 postul.

294 2149 480 2182 Rapidus.
512 2147 641 2181 (Adiect.)
677 2149 787 2178 Velox,
813 2149 1024 2182 impetuosus.
1062 2147 1105 2174 111.

259 2194 326 2220 011.
346 2192 415 2218 Dum
435 2191 477 2217 vel
497 2191 658 2228 depressior.
679 2190 720 2217 vel
740 2191 837 2216 arctior
852 2191 897 2217 fiat
916 2201 990 2227 aqua,
1011 2201 1040 2217 ac
1059 2200 1107 2228 per

260 2236 310 2262 hoc
336 2234 454 2272 rapidior
473 2236 515 2261 sit.
543 2234 572 2261 fr.
596 2236 616 2260 1.
641 2234 662 2267 3.
682 2235 706 2260 3.
732 2244 763 2260 ne
784 2244 824 2270 ¹1¹¹·
846 2235 871 2259 In
892 2234 962 2260 llum.
982 2234 1045 2271 pub.
1065 2236 1106 2260 43.

262 2281 301 2305 13.
322 2278 353 2305 es.
375 2278 404 2304 l'r.
427 2280 448 2303 1.
468 2279 550 2312 3.15.
571 2279 603 2304 de
623 2277 777 2303 11umin.43.
799 2279 836 2302 12.

298 2322 466 2355 Rapina.
505 2322 535 2354 ξ.
560 2323 594 2347 l.
626 2323 776 2351 Furtum,
808 2322 836 2346 ri
860 2322 1012 2346 adhibita
1034 2330 1107 2354 per·

259 2371 434 2400 pertulum.
472 2364 515 2390 III.
536 2366 602 2391 (Ἰι.
627 2363 726 2390 Mortes
747 2372 896 2394 servornm.
917 2379 948 2382 —
969 2362 1049 2390 furta.
1070 2373 1107 2389 ra-

261 2410 346 2445 pinae.
367 2407 496 2435 incendia.
516 2407 614 2435 ruinae.
635 2406 774 2442 naufragia,
796 2407 835 2432 vis
856 2406 979 2435 hostium.
1000 2406 1109 2443 praedo-
1130 2401 1132 2434 l

261 2462 331 2479 num.
353 2467 384 2470 —
405 2452 430 2477 in
450 2460 548 2476 summa
569 2449 746 2486 quodcunque
766 2449 895 2475 damnum.
917 2449 946 2475 I'r.
960 2452 1002 2475 30.
1024 2459 1062 2486 pr.
1077 2449 1108 2475 ad
1131 2475 1132 2479 ,

262 2494 290 2520 L.
312 2493 382 2520 Falc.
402 2496 442 2520 35.
463 2497 486 2519 2.
508 2493 539 2519 εἴ.
565 2493 595 2518 l'r.
615 2494 656 2519 23.
677 2492 709 2517 (1(-
728 2492 758 2518 R.
780 2492 797 2518 I.
818 2494 859 2519 50.
882 2494 921 2518 17.
960 2492 1109 2524 Occidisse‚

262 2537 323 2563 dnm
344 2538 366 2563 ci
386 2538 502 2574 rapinam
527 2536 596 2562 facit.
623 2535 652 2562 fr.
673 2538 714 2561 88.
741 2536 761 2568 3
784 2537 823 2561 16.
844 2535 876 2561 dc
896 2535 971 2571 legat.
992 2535 1020 2561 II.
1042 2537 1109 2568 (31.)

263 2581 291 2607 Si
312 2582 416 2617 rapinas
437 2580 545 2606 sem-rint
566 2581 635 2605 inter
654 2589 682 2605 se
702 2578 859 2610 collusores,
879 2580 903 2605 vi
925 2579 1052 2605 bonorum
1073 2588 1110 2604 ra-

264 2629 368 2660 ptorum
393 2634 444 2649 non
471 2622 642 2656 denegabitur
665 2623 740 2647 actio.
767 2621 796 2647 l'r.
821 2624 840 2647 l.
864 2623 878 2655 3
908 2623 930 2648 1.
951 2622 984 2648 de
1002 2622 1108 2648 alu-ator.
1132 2630 1133 2651 1

268 2669 305 2692 11.
326 2670 348 2692 5.
370 2683 400 2686 -
427 2667 457 2699 ξ.
478 2667 512 2692 2.
540 2667 764 2700 Depraedntio
789 2667 953 2698 quaelibet
973 2667 1133 2691 inimum*

264 2709 307 2736 III.
326 2711 392 2736 (ἸΙ.
411 2710 439 2735 In
460 2718 535 2735 suum
556 2708 740 2745 compendium
759 2709 928 2744 rapinamque
949 2713 1102 2734 convertere.
1132 2699 1133 2706 l

265 2752 315 2779 Th.
331 2752 361 2778 C.
382 2753 425 2778 XI.
445 2754 486 2778 28.
507 2763 527 2778 c.
552 2754 588 2778 10.
610 2752 642 2779 dc
662 2751 759 2788 indulg.
780 2750 838 2777 deb.
860 2751 891 2777 cs.
908 2750 973 2777 VIII.
988 2753 1012 2777 5.
1033 2761 1053 2776 c.
1067 2752 1109 2776 2²1.
1131 2757 1133 2778 ἰ

267 2796 298 2822 do
319 2805 397 2821 cursu
413 2795 473 2831 pub.

303 2839 463 2872 Raptor·
510 2839 540 2870 ξ.
566 2840 599 2865 l.
636 2841 698 2872 Qui
727 2841 757 2865 ri
786 2839 934 2864 adhibita
956 2839 1108 2872 furatur.

989 169 1073 200 RAP
1088 187 1127 192 —
1141 168 1240 199 RAT.

1139 250 1183 277 111.
1202 251 1268 279 Gn.
1288 249 1455 282 lucendi-arii,
1473 249 1640 282 effractores.
1661 249 1745 283 fures,
1765 255 1899 287 raptores,
1918 260 1988 277 rece-

1140 299 1267 331 ptatores.
1297 292 1326 319 fr.
1346 294 1371 318 3.
1396 292 1418 326 3.
1440 294 1462 319 l.
1485 293 1519 319 de
1541 293 1585 319 off.
1606 292 1658 320 Prf.
1679 292 1754 329 Vigg.
1776 295 1797 319 1.
1819 295 1859 320 15.
1896 293 1988 326 Fures,

1140 336 1183 363 vel
1201 341 1322 374 raptores
1342 334 1529 369 (balnearum.)
1548 335 1621 362 Paul.
1641 335 1673 362 V.
1692 337 1717 363 3.
1737 336 1759 370 3.
1778 338 1802 362 5.
1822 335 1853 363 fr.
1866 337 1908 362 80.
1927 337 1949 371 3.
1963 339 1987 363 3.

1141 380 1173 407 de
1193 379 1253 406 surt.
1273 381 1315 406 47.
1338 381 1363 405 2.
1388 395 1421 399 —
1445 379 1477 412 §.
1496 380 1532 406 Β.
1560 381 1623 412 Qui
1648 381 1812 406 mulierem
1840 381 1988 412 abducit,

1140 425 1259 450 insciis
1279 424 1363 454 illis,
1392 424 1448 457 qui
1465 424 1714 449 contradicturi
1738 428 1821 448 aunt.
1858 421 1902 448 ΙΙΙ.
1922 423 1988 450 Cn.

1141 466 1194 502 Qui
1209 464 1383 492 verecundiae
1401 464 1537 501 virginalis
1550 469 1642 502 raptor
1654 466 1764 492 exstitit.
1785 464 1835 492 Th.
1847 464 1878 492 C.
1891 464 1936 491 IX.
1947 466 1988 491 38.

1141 519 1163 536 c.
1183 511 1206 536 6.
1227 508 1260 536 de
1278 507 1377 545 indulg.
1398 509 1470 534 crim.
1491 507 1523 534 cf.
1543 507 1588 534 IX.
1601 509 1643 534 25.
1664 518 1685 534 c.
1703 510 1728 535 3.
1748 507 1877 545 derraptu
1896 518 1920 534 v.
1939 517 1991 534 ma·

1141 553 1210 579 trim.
1234 552 1353 578 sanctim.
1394 551 1453 578 Etsi
1481 550 1626 577 voluntatis
1655 550 1780 577 adsensio
1805 550 1937 587 detegitur
1964 551 1991 577 in

1141 595 1258 631 virgine,
1277 594 1368 621 eadem
1389 603 1439 630 qua
1458 598 1549 631 raptor
1567 595 1708 621 severitate
1727 594 1867 632 plectatur.
1886 593 1924 620 Ib.
1945 592 1990 620 IX.

1141 639 1183 664 24.
1204 648 1226 664 c.
1242 639 1264 664 l.
1284 638 1306 671 3.
1320 639 1344 663 2.
1364 636 1397 663 de
1416 641 1494 674 raptu
1510 637 1592 673 virgg.
1630 636 1790 674 sacrilegus,
1809 638 1837 664 in
1855 637 1992 664 maiestate

1142 691 1212 713 rcus,
1233 697 1264 701 —
1284 679 1397 711 adulter,
1417 684 1514 717 raptor,
1533 679 1671 708 homicida.
1691 680 1728 707 lb.
1748 680 1793 707 IX.
1806 682 1849 707 38.
1869 690 1890 707 c.
1904 681 1928 706 3.
1949 678 1991 706 Cf.

1143 724 1190 751 lul.
1210 734 1251 761 ep.
1271 733 1331 750 nov.
1352 733 1373 750 c.
1392 725 1434 749 21.
1454 723 1476 757 3.
1497 725 1537 750 72.

1179 768 1342 800 Raptus.
1379 765 1507 800 (Subst.)
1545 768 1705 794 Abductio
1724 769 1856 794 illicita
1875 773 1903 792 et
1925 767 1992 792 vio-

1143 813 1233 837 lenta
1256 811 1372 840 (liberi
1389 811 1543 842 hominis,
1563 812 1780 841 mnlierisve.)
1817 809 1836 836 I.
1854 810 1916 844 Sy.
1935 808 1993 836 Eri-

1144 863 1215 891 pere.
1252 851 1365 879 Auferre
1384 862 1430 889 per
1453 858 1565 889 raptum.
1594 852 1635 880 Cf.
1656 863 1679 879 v.
1699 852 1818 890 Eripere.
1844 853 1867 887 3.
1888 853 1910 878 l.
1947 850 1991 878 11].

1145 899 1212 925 Cn.
1232 896 1420 927 Latrocinium,
1435 912 1464 916 —
1483 901 1526 922 aut
1540 901 1721 934 perpetratum
1741 895 1919 927 homicidium,
1939 899 1993 921 stu-

1145 950 1234 978 prum.
1254 939 1298 965 vel
1317 943 1422 976 raptus,
1442 938 1483 965 vel
1504 938 1670 966 adulterium.
1695 937 1745 965 Th.
1766 938 1796 965 C.
1816 938 1862 965 IX.
1881 941 1906 965 2.
1927 947 1948 964 c.
1967 938 1992 963 5.

1146 983 1178 1010 de
1198 982 1286 1010 exhib.
1306 992 1330 1009 v.
1345 987 1452 1008 transm.
1467 981 1512 1009 lx.
1525 983 1567 1009 38.
1588 992 1610 1009 c.
1625 984 1649 1008 4.
1670 992 1691 1008 c.
1707 983 1729 1008 7.
1750 980 1783 1008 de
1802 981 1900 1018 indulg.
1920 981 1993 1008 crim.

1146 1026 1214 1054 Cum
1234 1030 1324 1063 raptus
1345 1026 1442 1051 crimen
1463 1024 1528 1061 legis
1543 1024 1623 1051 Iuliae
1637 1024 1670 1051 de
1683 1024 1821 1051 adulteriis
1834 1028 1994 1062 potestatem

1145 1069 1264 1096 excedat.
1284 1068 1315 1094 sr.
1335 1070 1359 1094 5.
1379 1068 1402 1102 3.
1415 1069 1440 1093 2.
1460 1067 1493 1094 ad
1511 1067 1540 1094 L.
1560 1067 1607 1094 Iul.
1628 1067 1661 1094 de
1679 1069 1704 1094 vi
1724 1067 1786 1105 pub.
1801 1068 1842 1094 48.
1862 1068 1885 1093 6.
1923 1065 1994 1093 Con-

1145 1114 1243 1149 iugium
1262 1115 1354 1148 raptus
1373 1110 1475 1137 scelere
1495 1115 1664 1137 contractum.
1685 1110 1735 1138 Th.
1752 1110 1783 1137 C.
1803 1110 1848 1137 IX.
1867 1111 1910 1136 24.
1930 1120 1952 1136 c.
1969 1111 1994 1136 3.

1146 1156 1179 1183 de
1198 1160 1275 1193 raptu
1293 1155 1374 1190 virgg.

1182 1199 1353 1225 Rau-itas.
1384 1198 1626 1233 lnfrequentia.
1654 1196 1696 1224 111.
1711 1198 1778 1225 Cn.
1799 1196 1857 1223 Nisi
1878 1201 1922 1223 aut
1935 1205 1996 1222 con-

1147 1241 1261 1269 suetudo
1281 1241 1405 1272 civitatis,
1424 1244 1468 1266 aut
1487 1240 1581 1266 raritas
1600 1239 1711 1271 ordinis,
1731 1250 1776 1267 eos
1792 1256 1824 1260 —
1844 1238 1994 1276 compellat.

1148 1285 1198 1312 Th.
1219 1285 1249 1312 C.
1269 1283 1327 1311 XII.
1347 1284 1371 1309 6.
1392 1293 1413 1309 c.
1433 1284 1475 1309 22.
1496 1281 1529 1308 de
1548 1287 1697 1320 susceptor.
1724 1282 1765 1310 Cf.
1785 1282 1853 1309 Nov.
1873 1281 1932 1310 val.
1952 1281 1995 1309 III.

1148 1328 1180 1356 de
1200 1328 1292 1355 tribut.
1310 1327 1368 1354 fise.
1388 1326 1418 1353 II.
1440 1327 1480 1353 19.
1500 1335 1521 1352 c.
1538 1327 1560 1352 1.
1581 1326 1602 1360 3.
1622 1328 1646 1352 8.

1184 1373 1304 1398 Raro.
1333 1368 1446 1403 (Advb.)
1477 1370 1586 1395 Minus
1605 1379 1713 1404 saepe,
1734 1371 1928 1396 Insolenter.
1964 1367 1995 1395 II.

1149 1417 1218 1449 Op.
1236 1414 1408 1450 Frequenter.
1428 1411 1596 1448 Plerumque.
1616 1411 1646 1439 fr.
1660 1414 1684 1439 5.
1698 1411 1731 1438 de
1744 1411 1796 1438 LL.
1812 1414 1834 1439 1.
1847 1413 1872 1438 3.
1892 1411 1922 1438 fr.
1939 1412 1996 1437 1:26.

1148 1459 1169 1492 3.
1189 1460 1213 1484 2.
1234 1457 1266 1484 dc
1286 1457 1317 1484 V.
1338 1456 1371 1483 Ο.
1391 1458 1432 1482 45.
1455 1457 1476 1482 l.
1513 1454 1555 1482 III.
1570 1456 1637 1482 (7η.
1657 1455 1737 1491 Quod
1756 1465 1824 1486 raro,
1845 1459 1871 1481 et
1890 1455 1997 1481 nonnisi

1149 1512 1176 1528 re
1200 1505 1324 1537 urgente,
1350 1498 1497 1526 faciendum
1522 1503 1569 1525 est.
1595 1498 1625 1525 sr.
1645 1500 1687 1526 82.
1712 1498 1745 1525 de
1770 1497 1849 1525 iudic.
1869 1499 1894 1524 5.
1915 1499 1937 1524 1.
1963 1496 1996 1524 cf.

1149 1544 1177 1571 fr.
1199 1546 1222 1570 5.
1243 1544 1264 1577 3.
1284 1545 1309 1570 2.
1330 1542 1422 1580 depos.
1444 1544 1483 1568 16.
1503 1543 1528 1568 3.
1566 1541 1602 1568 Vt
1618 1558 1647 1562 —
1661 1546 1713 1568 tam
1732 1541 1808 1578 pauci
1827 1550 1941 1577 raroque
1955 1549 1998 1566 ex-

1149 1588 1278 1619 stiterint,
1303 1587 1349 1623 qui
1369 1591 1418 1613 etc.
1448 1584 1542 1612 Const.
1563 1583 1613 1611 Th.
1633 1584 1663 1611 11.
1688 1584 1721 1611 de
1740 1583 1790 1611 Th.
1810 1583 1841 1610 C.
1866 1588 1934 1610 auct.
1953 1582 1996 1609 Pr.

1149 1631 1241 1664 (wok.
1262 1640 1285 1667 p.
1305 1630 1343 1662 9.)
1381 1628 1436 1655 Nec
1455 1638 1515 1655 raro
1535 1627 1682 1665 probabilis
1702 1637 1779 1654 causa
1794 1643 1822 1647 —
1839 1631 1887 1653 est.
1908 1626 1938 1653 fr.
1955 1627 1997 1653 97.

1149 1674 1171 1708 ξ.
1191 1676 1215 1700 2.
1237 1673 1269 1699 de
1288 1672 1320 1699 V.
1341 1672 1374 1698 0.
1394 1674 1435 1698 45.
1457 1673 1479 1698 1.

1186 1718 1327 1743 Rarus.
1348 1714 1478 1747 (Adiect.)
1500 1715 1703 1750 Infrequens.
1741 1713 1783 1740 111.
1799 1714 1864 1741 Gn.
1885 1712 1914 1739 Si
1933 1721 2000 1739 usus

1150 1761 1206 1786 eius
1226 1759 1368 1793 (fluminis)
1389 1774 1421 1778 —
1441 1756 1576 1783 difficilior
1595 1756 1648 1788 fiat.
1669 1761 1713 1783 aut
1732 1757 1825 1789 minor,
1844 1755 1886 1782 vel
1906 1756 1999 1783 rarior.

1151 1803 1180 1830 l'r.
1203 1805 1225 1829 1.
1245 1803 1267 1836 3.
1290 1804 1327 1828 15⁴
1349 1801 1381 1828 de
1401 1801 1499 1827 flumin.
1514 1802 1555 1826 43.
1577 1801 1617 1826 12.
1655 1799 1752 1827 Rarum
1773 1816 1804 1819 —
1823 1804 1953 1831 senatum,
1973 1803 2000 1825 et

1151 1848 1260 1883 exiguos
1290 1844 1430 1871 admodum
1460 1842 1572 1870 curiales
1604 1842 1729 1869 residere.
1762 1842 1812 1869 Th.
1836 1841 1867 1869 C.
1891 1841 1949 1869 XII.
1975 1843 1998 1867 l.

1151 1900 1172 1916 c.
1191 1891 1234 1915 ⁴27.
1255 1888 1287 1915 de
1307 1887 1442 1914 decurion.

1188 1934 1341 1959 Baster.
1390 1933 1650 1958 Instrumentum
1687 1931 1848 1956 rusticum
1889 1930 1998 1954 denta-

1151 1983 1229 2009 tum,
1250 1974 1293 2008 (ad
1314 1974 1403 2010 glebas
1424 1972 1648 2009 confringendas.)
1685 1971 1728 1998 III.
1749 1973 1815 1999 Cn.
1835 1970 1922 2002 Palos,
1940 1978 1998 2007 per-

1152 2020 1225 2047 ticas.
1245 2022 1354 2049 rastros,
1375 2017 1476 2053 ligones
1496 2016 1677 2049 (instrumenti
1696 2015 1788 2041 vineae
1808 2017 1888 2046 esse.)
1908 2012 1938 2040 fr.
1957 2013 1996 2039 16.

1151 2063 1173 2096 3.
1196 2064 1216 2088 1.
1238 2061 1270 2088 de
1290 2062 1364 2087 instr.
1386 2060 1434 2096 leg.
1454 2061 1496 2086 353,
1517 2061 1539 2085 7.

1187 2106 1303 2132 Rata.
1330 2103 1447 2136 (Subst.)
1476 2105 1560 2129 Pars«
1579 2107 1761 2135 competens
1780 2100 1911 2134 'cingulo
1930 2100 1997 2125 cui-

1153 2158 1209 2183 que
1254 2147 1272 2173 1.
1293 2148 1355 2181 Sy.
1375 2145 1427 2172 Sua
1447 2146 1544 2182 portio.
1564 2144 1594 2171 fr.
1616 2146 1656 2170 75.
1676 2153 1715 2181 pr.
1735 2142 1767 2169 ad
1781 2141 1807 2168 S.
1816 2141 1847 2168 C.
1862 2141 1942 2168 Treb.
1956 2142 1998 2167 36.

1155 2193 1176 2217 Ι.
1214 2190 1318 2217 Modus.
1343 2188 1372 2215 fr.
1392 2190 1434 2215 64.
1459 2188 1496 2222 33.
1516 2191 1540 2214 2.
1561 2197 1601 2224 sq.
1627 2187 1660 2214 de
1679 2187 1801 2213 eviction.
1821 2187 1863 2211 21.
1882 2186 1907 2211 2.
1945 2183 1998 2211 Pro

1154 2245 1182 2260 ea
1202 2238 1289 2271 parte,
1314 2243 1346 2259 ex
1371 2242 1420 2268 qua
1441 2236 1490 2258 etc.
1528 2230 1579 2257 Pro
1606 2231 1733 2266 portione.
1765 2227 1816 2254 Pro
1836 2232 1899 2254 rata.
1924 2227 1954 2254 fr.
1973 2229 1997 2254 4.

1154 2277 1183 2304 sr.
1204 2278 1227 2303 6.
1248 2286 1286 2313 pr.
1312 2277 1378 2310 3.1.
1403 2276 1424 2301 si
1449 2283 1509 2311 pars
1533 2273 1623 2299 hered.
1642 2275 1666 2298 5.
1686 2273 1710 2297 4.
1735 2270 1765 2297 fr.
1785 2272 1810 2297 3.
1834 2270 1867 2297 de
1886 2270 1954 2297 alim.
1973 2280 1998 2296 v.

1153 2320 1233 2347 cibar.
1253 2322 1294 2346 34.
1312 2321 1333 2345 l.
1353 2318 1384 2345 fr.
1401 2320 1440 2344 15.
1460 2318 1482 2351 3.
1498 2318 1537 2343 18.
1558 2316 1590 2342 de
1608 2315 1692 2342 damn.
1713 2313 1757 2340 ins.
1771 2315 1812 2340 39.
1824 2316 1849 2340 2.
1876 2313 1919 2340 III.
1932 2314 1998 2341 Gn.

1154 2364 1205 2390 Pro
1225 2368 1279 2389 rata
1300 2363 1369 2389 eius.
1394 2360 1464 2398 quod
1489 2361 1583 2395 cuique
1602 2357 1736 2384 debeatur.
1762 2357 1791 2384 l'r.
1811 2359 1834 2383 5.
1863 2357 1947 2391 3.19.
1966 2355 2000 2382 de

1154 2407 1244 2433 tribut.
1269 2410 1317 2431 act.
1344 2406 1382 2430 14.
1403 2405 1426 2430 4.
1468 2402 1519 2429 Pro
1544 2406 1598 2428 rata
1622 2401 1772 2438 patrimonii
1796 2399 1999 2433 (distribuere.)

1154 2450 1183 2476 l'r.
1204 2452 1245 2475 51.
1271 2448 1302 2475 ad
1328 2448 1393 2474 SC.
1415 2445 1494 2473 Treb.
1517 2446 1558 2471 36.
1580 2446 1601 2470 1.
1650 2443 1700 2470 Pro
1730 2448 1785 2470 rata
1813 2443 1938 2480 partium.
1966 2451 1999 2468 ex

1131 2495 1132 2498 ’
1154 2493 1250 2529 quibus
1270 2491 1385 2518 instituti
1405 2490 1464 2516 sint.
1485 2487 1514 2513 fr.
1538 2488 1574 2512 10.
1595 2497 1634 2524 pr.
1656 2487 1687 2513 de
1706 2486 1776 2522 vulg.
1797 2491 1823 2511 et
1841 2495 1903 2522 pup.
1917 2486 1959 2511 28.
1974 2486 1998 2511 6.

1155 2536 1184 2562 l'r.
1204 2538 1245 2562 95.
1266 2545 1305 2572 pr.
1325 2533 1357 2560 ad
1376 2532 1397 2559 L
1420 2531 1489 2558 Falc.
1502 2531 1543 2556 35.
1563 2532 1587 2556 2.
1625 2530 1677 2556 Pro
1696 2535 1751 2556 rata
1770 2533 1844 2567 parte
1864 2529 1933 2554 inter
1951 2536 1998 2554 eos

1155 2588 1291 2605 commune
1311 2578 1352 2603 sit.
1374 2575 1430 2601 Gai.
1446 2573 1475 2600 11.
1489 2575 1548 2599 254.

1191 2620 1402 2648 namu-ius.
1427 2616 1544 2649 (Subst.)
1570 2618 1633 2649 Qui
1651 2617 1779 2642 ratibus
1799 2615 1997 2649 negotiatur.

1155 2664 1197 2690 111.
1218 2666 1283 2692 Cre.
1308 2663 1360 2698 Qui
1386 2661 1489 2687 ratiario
1515 2658 1674 2690 crediderat.
1694 2674 1725 2678 —
1746 2662 1827 2684 ratem
1847 2658 1872 2683 in
1893 2656 1999 2682 flumine

1155 2718 1200 2733 sna
1221 2706 1375 2733 auctoritate
1395 2703 1514 2729 detinuit.
1539 2702 1568 2729 fr.
1588 2704 1630 2728 30.
1651 2701 1684 2728 de
1702 2702 1772 2737 pign.
1793 2705 1841 2727 act.
1863 2701 1902 2726 13.
1923 2700 1945 2725 7.

1191 2747 1443 2776 ltatihabitio.
1469 2748 1663 2775 consensus,
1684 2754 1770 2778 quem
1791 2744 1924 2778 negotio
1943 2750 1997 2767 (ιιι-

1155 2800 1206 2819 tea
1233 2795 1294 2818 iam
1322 2796 1493 2816 contrua-to
1522 2789 1805 2815 accommodamus.
1844 2785 1862 2811 I.
1882 2785 1943 2817 Sy.
1968 2782 1997 2809 Si

1156 2835 1302 2873 probavero
1322 2834 1454 2868 negotium
1475 2843 1487 2858 a
1507 2837 1531 2857 te
1550 2835 1658 2866 gestum.
1697 2829 1761 2855 Post
1780 2826 1997 2855 ratihabitionem.
