2197 3121
259 184 322 215 778

296 265 469 299 Propior.
493 264 666 298 Propius.
704 264 746 291 Cf.
767 275 789 290 v.
810 264 903 302 Prope.

298 308 502 341 Propifius.
523 307 650 339 (Adiect.)
673 309 805 334 Furens.
843 307 885 333 Ill.
901 308 966 335 Gn.
987 306 1023 333 Ita
1040 306 1102 333 mihi
1124 334 1125 338 Ἰ

1078 181 1176 212 PRO.

1150 263 1205 289 eius
1225 262 1275 296 (sc.
1296 262 1374 298 legis)
1394 265 1540 301 proposita,
1561 263 1685 291 iudicare.
1705 264 1735 292 fr.
1754 266 1797 292 24.
1817 265 1850 292 de
1863 265 1916 294 LL.
1932 268 1954 293 1.
1967 268 1993 294 3.

1147 305 1255 332 Materia
1283 307 1428 343 proposita.
1457 307 1486 334 t'r.
1508 309 1530 334 1.
1556 307 1588 334 de
1613 308 1646 334 0.
1669 307 1687 334 1.
1712 309 1735 334 1.
1753 310 1778 334 2.
1807 308 1864 336 Gai.
1883 309 1913 336 11.
1936 312 1993 337 191.

260 362 360 378 summa
389 351 511 377 divinitas
539 360 643 387 semper
671 351 784 388 propitia
808 351 850 376 sit.
884 349 932 376 Th.
954 349 984 376 C.
1009 349 1054 375 IX.
1080 351 1102 375 1.
1124 349 1125 356 ¹
1149 348 1223 384 Quae
1242 348 1345 385 singula
1365 349 1451 386 qualia
1470 351 1532 382 sint,
1552 351 1607 376 suis
1628 350 1694 377 locis
1713 361 1900 388 proponemus.
1919 352 1956 379 Ib.
1974 352 1992 379 I.

261 405 282 422 e.
302 396 326 420 4.
353 394 384 420 de
408 403 493 419 accus,
518 398 543 419 et
567 394 645 420 inser.
688 393 808 429 Cumque
837 392 887 419 hoe
911 392 960 419 deo
988 393 1103 429 propitio

261 442 394 475 peractum
415 441 462 462 est.
487 435 606 462 Prooem.
626 436 690 463 lust.
710 436 732 470 5.
752 437 776 462 3.

1150 393 1171 418 l.
1192 390 1234 417 III.
1255 393 1296 418 34.
1317 394 1358 418 81.
1379 407 1410 412 —-
1431 392 1462 426 ἓ.
1482 394 1569 420 ΒΗΑ.
1595 395 1641 420 Ad
1662 396 1897 428 disputandum
1918 405 1993 430 pro-

1148 444 1234 460 mere.
1271 434 1313 460 111.
1329 436 1395 463 Gn.
1414 435 1544 462 Adierunt
1563 446 1612 468 me,
1628 442 1886 475 proposueruntque.
1906 437 1937 464 fr.
1950 439 1992 465 35.

298 481 474 512 Propola.
513 480 728 515 Negotiator,
748 479 810 515 (qui
830 488 930 505 merces
950 478 1055 510 cofimit,
1075 483 1104 504 ut
1125 500 1126 505 ,
1148 476 1180 503 de
1200 476 1227 503 S.
1247 476 1274 504 P.
1295 477 1326 504 R.
1346 479 1370 504 S.
1389 479 1413 504 3.
1451 478 1602 506 Secundum
1622 490 1663 511 ea.
1688 490 1754 516 quae
1773 485 1993 517 proponerentur,

261 532 308 560 per
327 527 413 557 partes
433 531 524 557 magno
544 523 630 559 pretio
649 522 771 555 vendat.)
813 521 855 548 III.
877 522 942 549 Cn.
969 521 1022 556 Qui
1047 531 1104 547 cau·
1125 521 1126 561 i
1148 519 1273 557 respondi
1293 526 1341 547 etc.
1362 520 1392 547 fr.
1412 522 1453 547 47.
1474 531 1512 558 pr.
1532 521 1565 548 de
1584 527 1651 559 pact.
1671 524 1695 549 2.
1718 524 1758 548 14.
1782 522 1811 549 sr.
1831 524 1856 549 3.
1875 524 1898 557 5.
1916 525 1941 550 2.
1961 523 1994 550 de

261 575 341 602 pona,
365 564 407 590 vel
428 564 551 601 propola.
576 564 617 591 vel
638 565 782 592 tabernaria
802 564 902 591 lucrum
921 564 1047 590 familiare
1065 573 1104 590 se·
1125 573 1126 596 ς

261 612 352 634 ctetnr.
373 607 422 633 Th.
437 606 467 633 C.
481 607 526 634 XI.
546 609 585 634 10.
606 618 627 634 c.
649 610 670 634 1.
691 618 723 635 ne
742 617 814 645 oper.
834 618 847 633 a
867 606 955 633 collat.

296 651 563 683 Proponeuda.

259 692 382 723 dendmn,
403 694 446 729 qui
466 703 566 720 merces
580 695 606 720 in
620 693 744 720 nundinis
758 693 962 730 proponebant.)
982 692 1023 718 III.
1036 694 1102 720 Cn·

259 735 288 762 In
313 735 514 773 quibuscunque
539 737 663 763 nundinis
687 736 853 763 interfuerint
876 739 930 768 (sc.
955 736 1103 768 veterani.)

259 778 330 805 nulla
351 779 520 816 proponenda
539 779 601 806 dare
620 779 761 806 debebunt.
782 778 832 806 Th.
853 778 884 806 C.
906 778 961 805 Vll.
980 780 1023 805 20.
1043 789 1065 805 e.
1077 780 1102 804 2.

259 832 297 860 pr.
318 822 350 848 de
370 827 484 849 veteran.

296 867 530 899 Proponere.
561 865 639 899 501.
659 867 839 900 Espouere.
876 864 920 891 111.
934 865 1000 892 Cn·
1019 863 1102 890 Nemo

260 922 292 927 -
312 910 394 946 pretia
414 913 519 938 statuet,
539 918 596 934 cum
616 908 717 934 venalia
733 912 923 946 proponentur.
943 907 980 934 lb.
994 906 1065 934 XVI.
1079 908 1103 934 8.
1124 939 1125 942 ¹

260 961 281 978 c.
297 953 336 978 lo.
357 951 388 978 de
403 951 502 978 1ιι(1.--κ
522 952 553 985 §0
565 952 649 978 LA.
669 952 918 986 Proscriptioni
936 952 1103 977 subiicere.
1125 982 1126 989 ἵ

259 993 279 1020 1.
298 995 360 1029 Sy.
381 994 557 1021 I'roscribere.
578 994 619 1021 Cf.
634 994 659 1020 h.
674 1004 697 1020 v.
717 995 739 1028 5
751 997 776 1021 2.
813 993 855 1020 111.
868 995 934 1021 Cn.
953 993 1103 1020 Eorundem
1124 992 1126 1010 ⁴

259 1036 337 1063 bonis
356 1039 516 1074 propositis,
537 1054 567 1058 —
593 1038 616 1064 si
635 1037 748 1074 aliquam
768 1037 896 1063 bonorum
917 1037 1027 1063 emerint
1045 1046 1105 1074 por-

260 1081 357 1106 tionem
378 1085 426 1107 etc.
445 1080 482 1107 Ib.
501 1081 535 1107 X.
557 1082 596 1107 16.
617 1090 638 1106 c.
660 1082 681 1107 1.
702 1080 734 1107 de
754 1080 811 1107 fisci
831 1080 942 1106 debitor.
963 1095 995 1099 —-
1014 1080 1045 1113 §-
1067 1081 1102 1106 2.
1124 1101 1125 1110 ,

260 1125 485 1159 I'romnlgare.
528 1126 589 1151 Per
616 1125 816 1157 scripturam
844 1126 954 1157 palam
977 1124 1102 1159 facere.

259 1165 277 1193 Ῑ.
298 1167 360 1201 Sy.
388 1166 565 1193 Proscribere.
597 1166 638 1193 Cf.
663 1166 688 1192 h.
712 1176 735 1192 v.
773 1166 815 1192 Ill.
840 1167 906 1193 Gn.
935 1165 1102 1202 Magistratus
1124 1163 1125 1171 ¹

259 1209 314 1235 iura
334 1209 491 1237 reddebant.
512 1215 537 1236 et
556 1225 588 1229 —
609 1209 692 1236 edicta
712 1209 903 1246 proponebant.
925 1208 955 1235 fr.
974 1210 998 1234 2.
1019 1208 1041 1242 5
1062 1210 1102 1235 10.

259 1251 292 1279 de
311 1253 344 1279 Ο.
364 1253 383 1279 l.
404 1255 426 1279 1.
445 1256 469 1279 2.
490 1252 544 1279 Gai.
566 1253 584 1279 I.
605 1255 628 1279 6.
667 1252 720 1288 Qui
740 1252 826 1279 album
851 1252 957 1283 raserit,
982 1261 1104 1288 corrupe-
1124 1279 1125 1291 ἵ

259 1296 306 1328 rit,
326 1311 358 1315 —
387 1296 484 1333 quidve
507 1295 576 1322 aliud
596 1297 761 1333 propositum
781 1295 900 1323 edicendi
920 1304 997 1321 causa
1016 1294 1103 1321 turba-
1124 1297 1125 1315 1

258 1340 333 1365 verit.
354 1338 426 1365 Paul.
446 1338 463 1364 1.
485 1339 563 1365 13.A.
584 1339 605 1372 5.
625 1340 648 1365 3.
670 1339 701 1365 cf.
722 1338 751 1364 fr.
772 1340 795 1364 7.
816 1349 854 1376 pr.
874 1339 896 1372 5.
914 1340 938 1365 2.
959 1337 991 1364 de
1010 1337 1101 1364 iurisd.

257 1384 282 1408 2.
304 1383 326 1408 1.
364 1382 417 1417 Qui
437 1383 541 1408 nomine
556 1381 688 1408 Praetoris
708 1398 740 1401 —
761 1381 874 1408 edictum
894 1381 988 1408 falsum
1007 1390 1102 1418 propo-

259 1426 345 1451 suisse
368 1425 476 1451 dicetur.
502 1425 531 1451 fr.
551 1427 592 1452 25.
618 1425 648 1452 fr.
667 1428 709 1452 32.
729 1435 768 1462 pr.
788 1425 820 1452 de
840 1424 869 1451 L.
890 1424 971 1451 Corn.
991 1424 1024 1451 de
1044 1424 1100 1450 fals.
1122 1457 1123 1460 Ἴ

258 1469 299 1494 48.
322 1470 361 1494 10.
397 1468 495 1494 Aeneis
515 1468 611 1494 tabulis
632 1484 663 1487 —
686 1470 784 1506 scripta
804 1478 851 1505 per
871 1478 961 1494 omnes
981 1469 1100 1494 civitates

259 1510 348 1537 ltaliae
367 1516 530 1548 proponatur
553 1510 604 1537 lex.
633 1511 682 1538 Th.
703 1511 734 1538 C.
754 1511 799 1538 XI.
818 1513 860 1538 27.
886 1521 907 1538 c.
928 1513 951 1538 l.
977 1511 1009 1537 de
1032 1510 1099 1537 alim.

259 1564 302 1590 qu.
323 1555 392 1590 inop.
413 1554 453 1580 Cf.
474 1553 492 1580 Ι.
514 1555 536 1579 l.
556 1564 577 1580 e.
592 1554 615 1580 6.
630 1564 667 1591 pr.
688 1554 792 1588 (ch.)
812 1554 844 1581 de
863 1559 947 1581 const.
961 1553 1004 1580 Pr.
1033 1553 1101 1580 Cum

258 1596 332 1624 multi
353 1596 477 1633 legerent,
498 1607 609 1633 cumque
628 1597 712 1632 palam
733 1603 803 1624 esset
821 1598 996 1635 propositum.
1016 1596 1045 1623 fr.
1060 1599 1099 1623 11.

259 1640 280 1674 5.
300 1642 323 1666 3.
345 1640 377 1666 de
396 1641 478 1667 instit.
500 1645 549 1666 act.
571 1641 610 1666 14.
630 1642 654 1666 3.
675 1639 706 1666 cf.
727 1639 756 1666 fr.
777 1641 818 1666 60.
838 1641 860 1674 5.
880 1642 904 1666 6.
924 1640 1001 1667 locat.
1023 1641 1062 1666 19.
1075 1642 1100 1666 2.

258 1682 390 1709 Libellum
419 1683 450 1709 ad
479 1684 550 1720 ipsas
579 1682 656 1709 aedes
683 1693 840 1720 proponere.
869 1682 898 1709 fr.
923 1686 946 1710 4.
975 1684 997 1717 5.
1022 1684 1046 1710 6.
1068 1683 1100 1709 de

259 1726 343 1752 damn.
368 1726 412 1752 inf.
433 1728 474 1752 39.
494 1729 518 1752 2.
561 1726 706 1758 Auctores⁷
731 1727 773 1762 qui
798 1726 913 1752 famosos
937 1725 1043 1752 libellos
1067 1742 1100 1745 —
1121 1741 1122 1746 =

258 1770 455 1807 proposuerint.
480 1768 551 1795 Paul.
573 1768 602 1795 V.
622 1771 646 1795 4.
666 1769 687 1803 5.
710 1770 748 1795 17.
774 1785 806 1788 —
831 1769 861 1802 ξ.
882 1770 966 1796 ΕΗΔ.
993 1771 1099 1796 Intro-

259 1815 385 1845 ducere,
406 1815 537 1840 Publice
556 1814 767 1839 constituere.
805 1812 823 1838 I.
844 1813 906 1847 Sy.
929 1812 1002 1844 Dari,
1022 1812 1100 1838 Com-

258 1860 356 1893 petere,
377 1855 541 1892 Propositam
561 1865 620 1881 esse
639 1855 802 1888 (actionem.)
823 1854 852 1881 fr.
873 1856 896 1880 9.
916 1855 953 1889 55.
972 1856 996 1881 3.
1016 1865 1055 1892 sq.
1075 1856 1099 1882 6.
1121 1875 1122 1878 ,

259 1898 311 1934 Qu.
331 1904 390 1924 met.
411 1908 432 1925 c.
452 1901 476 1924 4.
496 1901 519 1924 2.
557 1898 586 1924 11.
601 1900 668 1932 Op.
688 1898 717 1924 1η
737 1897 823 1924 edicto
842 1897 920 1924 habet
940 1900 1099 1935 proposItaS‚

258 1955 292 1960 —
312 1941 397 1968 Causa
422 1942 524 1976 cognita
548 1941 725 1967 accommodat
744 1941 881 1974 (Praetor,
905 1951 941 1968 sc.
967 1943 1100 1979 exceptio-

259 1985 332 2017 nes.)
360 1985 416 2011 Gai.
437 1984 480 2011 IV.
502 1986 559 2010 118.
585 1984 614 2011 fr.
635 1986 658 2010 4.
683 1985 704 2018 5.
724 1986 765 2011 33.
791 1984 823 2010 de
843 1984 866 2011 d.
887 1994 919 2011 m.
939 1995 994 2011 exc.
1014 1986 1055 2011 44.
1075 1987 1099 2011 4.

258 2027 301 2054 Ill.
322 2029 387 2056 Cn.
416 2027 449 2054 D.
470 2027 615 2053 Hadrianus
634 2027 734 2059 edicto,
758 2027 829 2063 quod
847 2029 988 2064 proposuit
1007 2027 1039 2054 de
1058 2027 1099 2054 his
1120 2041 1122 2061 fl

1121 2069 1122 2074 ¹
1144 2069 1176 2096 de
1195 2079 1268 2106 oper.
1288 2068 1374 2095 libert.
1393 2070 1435 2095 38.
1458 2069 1479 2093 l.
1517 2067 1546 2094 In
1570 2077 1684 2104 persona
1708 2068 1764 2093 eius
1783 2081 1816 2086 —-
1837 2066 1987 2104 speeienda,

259 2075 307 2097 etc.
322 2086 354 2090 —
374 2070 537 2107 significavit.
558 2069 614 2095 Gai.
631 2069 649 2096 1.
663 2072 703 2096 55.
740 2070 826 2097 Causa
846 2070 923 2097 huius
943 2070 1022 2097 edicti
1041 2081 1100 2108 pro-

259 2113 374 2151 ponendi
394 2118 434 2140 est
453 2117 501 2139 etc.
521 2112 551 2139 fr.
566 2114 589 2139 l.
608 2113 630 2146 5.
644 2115 668 2139 2.
688 2112 720 2139 de
735 2113 820 2139 Aedil.
841 2113 918 2140 edict.
931 2115 972 2140 21.
989 2115 1011 2141 l.
1031 2114 1060 2140 fr.
1077 2116 1098 2140 1.

260 2158 282 2191 5.
302 2160 325 2183 2.
352 2156 383 2183 de
403 2155 535 2194 pnblican.
553 2156 595 2182 39.
615 2157 637 2181 4.
663 2155 692 2182 fr.
715 2157 737 2182 l.
757 2166 793 2192 pr.
814 2158 836 2183 si
857 2156 913 2183 farn.
934 2156 994 2183 furt.
1014 2159 1055 2183 47.
1074 2158 1098 2183 6.

259 2200 345 2227 Metus
373 2210 449 2225 causa
481 2199 660 2236 exceptionem
689 2198 799 2225 Cassius
830 2209 882 2225 non
915 2205 1098 2236 proposuerat.

259 2243 290 2270 fr.
309 2245 333 2269 4.
353 2243 374 2277 5
394 2244 434 2268 33.
455 2242 486 2268 de
506 2241 529 2268 d.
550 2251 582 2268 m.
603 2252 658 2268 exe.
679 2243 719 2268 44.
740 2243 763 2268 4.
801 2241 1011 2274 διιῑῐεᾶπῑίοηεε,
1032 2253 1098 2279 quae

260 2296 292 2313 ex
312 2296 339 2312 ea
362 2285 417 2321 lege
436 2290 628 2322 proponuntur.
654 2285 710 2311 Gai.
730 2284 772 2311 111,
794 2286 850 2310 125.
888 2284 997 2311 Praetor
1019 2285 1098 2312 utiies

259 2330 375 2355 actiones
395 2329 418 2354 ei
438 2333 463 2354 et
481 2329 507 2353 in
528 2338 585 2354 eum
602 2342 635 2346 —
654 2327 715 2354 dare
735 2328 830 2365 coepit,
850 2337 946 2364 eaeque
965 2329 991 2354 in
1011 2328 1097 2355 edicto

260 2376 449 2409 proponuntur.
470 2370 506 2397 lb.
527 2370 557 2397 11.
573 2372 631 2397 253.
669 2370 696 2397 ln
716 2370 784 2397 hunc
804 2380 891 2397 casum
910 2370 1020 2397 formula
1040 2381 1098 2408 pro-

260 2416 373 2452 ponitur.
404 2413 547 2445 Formulae.
569 2423 634 2449 quae
653 2413 701 2439 sub
721 2413 797 2440 titulo
814 2430 842 2433 —
857 2414 1009 2451 propositae
1028 2419 1097 2440 sunt.
1120 2435 1121 2439 .

260 2458 295 2484 lb.
315 2458 356 2484 Ill.
376 2459 435 2483 222.
460 2456 502 2483 IV.
523 2458 564 2482 46.
585 2466 625 2492 sq.
651 2458 706 2482 136.
748 2457 886 2483 Actionem
909 2456 1017 2483 Praetor
1039 2466 1098 2493 pro-

260 2503 356 2539 posuit.
377 2501 532 2536 induxitque
551 2500 577 2526 in
597 2508 679 2525 nsum.
699 2498 729 2525 fr.
746 2501 767 2525 1.
788 2509 826 2535 pr.
846 2499 878 2526 de
899 2504 980 2526 contr.
995 2504 1041 2526 tut.
1056 2501 1096 2525 27.

259 2548 283 2571 4.
305 2544 334 2571 fr.
358 2547 378 2570 Ι,
398 2555 436 2581 pr.
462 2543 494 2569 de
514 2553 544 2569 eo
565 2552 607 2578 qu.
627 2551 676 2579 pro
696 2546 741 2567 tut.
761 2544 802 2568 27.
822 2544 846 2568 5.
867 2542 898 2568 cf.
924 2542 952 2568 fr.
975 2543 996 2568 l.
1016 2552 1055 2579 pr.
1075 2543 1097 2568 si

260 2598 319 2623 pars
337 2587 425 2614 hored.
439 2589 462 2612 5.
477 2588 499 2612 4.
537 2584 707 2611 Interdictum
727 2584 758 2610 ad
778 2595 831 2611 eam
851 2595 904 2611 rem
924 2586 1097 2622 propositum.

261 2629 343 2656 Vatic.
368 2630 389 2664 5.
409 2632 450 2656 93.
472 2629 504 2656 cf.
527 2629 563 2662 55.
584 2630 625 2655 90.
644 2629 685 2654 92.
710 2626 766 2654 Gai.
787 2627 830 2653 IV.
851 2630 907 2654 145,
927 2638 965 2665 sq.
988 2629 1044 2654 154.
1065 2643 1097 2647 -
1118 2640 1120 2652 ι

259 2673 291 2705 §.
304 2674 340 2699 3.
361 2675 530 2709 Proferre,
551 2673 720 2705 Adlegare.
758 2669 788 2696 11.
801 2672 868 2703 ΟΡ.
887 2670 1025 2697 Actionem
1039 2680 1098 2708 pro·

260 2725 364 2751 ponere.
379 2731 409 2735 —
429 2716 618 2752 Exceptionem
637 2723 779 2751 opponere.
799 2723 820 2739 c.
838 2715 858 2739 1.
878 2712 909 2739 de
924 2714 1013 2740 iurisd.
1028 2724 1096 2740 omn.

260 2757 312 2784 iud.
331 2759 355 2783 3.
377 2759 414 2783 13.
435 2758 465 2784 cf.
495 2757 578 2784 Vatic.
602 2758 702 2791 §.19:3.
746 2755 786 2782 Ill.
807 2756 872 2783 Gn.
896 2756 937 2782 Ad
962 2756 1096 2793 eligendos

260 2801 372 2827 arbitros
394 2802 494 2833 venire,
519 2806 545 2827 et
568 2800 616 2827 sub
641 2799 770 2827 audientia
790 2808 879 2825 eorum
898 2808 943 2825 sua
963 2800 1017 2825 iura
1037 2809 1096 2836 pro-

259 2853 366 2880 ponere.
391 2853 411 2869 c.
433 2844 471 2869 16.
500 2843 532 2869 (le
556 2843 633 2870 iudic.
659 2846 683 2870 3.
705 2846 726 2870 l.
770 2842 826 2870 Vna
853 2842 938 2879 aliqua
967 2841 1095 2879 particula

610 652 742 678 Tribnti
767 660 881 685 genus,
910 649 959 682 (ab
984 650 1016 676 iis
1039 659 1103 686 pen-
1125 652 1126 663 ¹

1124 623 1126 639 t

1148 567 1272 590 transact.
1291 566 1316 590 2.
1337 566 1376 590 15.
1414 563 1443 590 Si
1467 574 1616 601 proponas,
1642 575 1666 591 v.
1689 570 1866 602 proponatur,
1892 570 1940 592 etc.
1960 582 1992 586 -

1125 601 1126 617 ³
1148 606 1199 632 dici
1213 611 1327 643 oportet,
1343 616 1364 632 s.
1379 605 1472 643 placet.
1493 607 1524 633 fr.
1538 609 1578 634 52.
1600 608 1622 642 5.
1636 610 1660 634 2.
1680 607 1713 634 de
1732 608 1811 634 indic.
1825 611 1848 635 5.
1864 610 1886 635 l.
1907 609 1937 635 fr.
1953 610 1992 635 17.

1148 649 1170 682 5.
1191 651 1213 675 7.
1234 649 1266 676 de
1284 650 1360 676 iniur.
1380 651 1422 676 47.
1444 651 1482 676 10.
1520 649 1709 687 Proponamus.
1724 666 1756 670 —
1776 651 1810 677 Et
1828 656 1899 678 recte
1918 656 1994 689 putat

1148 697 1195 718 etc.
1217 692 1246 718 fr.
1269 694 1290 718 1.
1310 692 1331 726 5.
1354 693 1393 718 11.
1413 692 1444 719 ad
1465 692 1492 719 S.
1502 692 1533 719 C.
1554 692 1626 720 Tert.
1644 695 1686 720 35.
1702 695 1741 720 l7.
1778 693 1937 731 Respondit,
1956 695 1993 720 ni-

1124 729 1125 735 *
1148 734 1188 761 hil
1203 736 1317 772 proponi
1337 745 1384 761 cur
1403 740 1451 761 etc.
1473 736 1503 762 sr.
1517 737 1559 762 21.
1580 735 1612 762 de
1631 736 1656 763 h.
1676 747 1719 773 qu.
1739 742 1792 763 not.
1807 737 1852 763 inf.
1865 738 1890 763 3.
1903 739 1928 763 2.
1951 736 1993 764 Ex

1147 776 1215 804 sacto
1235 779 1401 815 propositum
1422 783 1469 804 est.
1489 778 1520 804 fr.
1532 780 1556 804 5.
1576 779 1597 812 5.
1614 780 1635 805 l.
1656 779 1687 805 de
1707 779 1759 806 div.
1778 785 1857 817 temp.
1878 789 1993 817 praescr.

1146 822 1188 846 44.
1207 822 1232 847 3.
1270 820 1351 856 Quod
1369 821 1401 848 ad
1421 823 1587 858 proposimm
1607 821 1714 849 adtinet.
1736 822 1765 849 fr.
1778 824 1820 849 23.
1834 832 1873 860 pr.
1895 822 1927 849 de
1946 822 1992 849 lib.

1148 868 1174 890 et
1191 863 1281 901 postb.
1300 866 1342 890 28.
1361 865 1385 890 2.
1423 864 1451 890 1ιι
1480 866 1626 902 proposito.
1651 864 1681 891 fr.
1700 867 1742 891 34.
1769 865 1801 892 de
1820 864 1852 891 N.
1873 864 1905 891 G.
1924 866 1948 891 3.
1967 867 1992 891 5.

1148 906 1178 933 fr.
1197 908 1239 933 24.
1260 906 1292 933 de
1311 916 1425 943 praescr.
1446 917 1487 934 vv.
1509 910 1547 934 19.
1564 910 1587 934 5.
1607 924 1639 927 —
1659 908 1691 941 ξ.
1704 909 1743 934 4.
1764 910 1857 942 Apud
1874 918 1904 934 se
1922 918 1993 935 con-

1147 951 1298 982 stituere,
1323 951 1509 977 Consilium
1529 952 1633 977 animi
1649 952 1825 986 profiteri.
1862 950 1905 977 111.
1925 952 1992 978 Cn.

1148 992 1190 1024 Si,
1219 1002 1276 1018 cum
1305 994 1503 1029 proposuissem
1527 994 1630 1029 negotia
1656 993 1720 1019 Titii
1745 1003 1849 1029 gerere,
1874 997 1902 1019 tu
1929 993 1993 1020 mihi

1147 1035 1311 1061 mandaveris
1336 1041 1363 1062 ut
1388 1046 1482 1072 geram.
1508 1036 1538 1062 fr.
1557 1038 1580 1062 3.
1607 1036 1628 1070 5.
1652 1038 1690 1062 ll.
1716 1035 1748 1062 de
1767 1035 1799 1062 N.
1820 1036 1853 1062 G.
1871 1038 1896 1062 3.
1915 1038 1939 1063 5.
1960 1053 1991 1057 —

1147 1079 1178 1112 §-
1193 1079 1231 1105 5.
1251 1080 1470 1112 Interponere.
1506 1079 1550 1105 III.
1564 1080 1630 1107 Cn.
1651 1079 1740 1105 Certis
1759 1089 1792 1105 ex
1811 1080 1898 1106 causis
1917 1078 1993 1106 Prae-

1148 1126 1189 1147 tor
1207 1126 1251 1147 aut
1270 1120 1378 1147 Proeos.
1397 1122 1580 1159 principaliter
1602 1123 1783 1149 auctoritatem
1809 1132 1882 1149 suam
1902 1123 1992 1149 tinien-

1147 1164 1188 1190 dis
1208 1165 1398 1190 controversiis
1417 1166 1544 1202 proponit
1563 1164 1606 1198 [al.
1620 1165 1779 1202 praeponit.]
1801 1165 1857 1191 Gai.
1872 1165 1915 1192 IV.
1933 1167 1991 1193 139.

1184 1207 1410 1240 Proposssio.
1441 1208 1472 1241 §-
1487 1209 1521 1234 l.
1536 1209 1636 1234 Actus
1654 1210 1842 1242 exponendi.
1866 1208 1909 1234 111.
1924 1210 1991 1236 Gn·

1147 1250 1251 1286 Quodsi
1271 1249 1332 1276 dum
1352 1252 1523 1288 proponitur,
1546 1250 1587 1277 vel
1608 1255 1667 1277 ante
1686 1250 1910 1287 propositionem,
1931 1253 1992 1288 quis

1146 1294 1301 1331 corruperit.
1321 1292 1350 1320 fr.
1365 1295 1388 1319 7.
1408 1294 1429 1327 5.
1443 1296 1467 1320 2.
1488 1293 1521 1320 de
1539 1292 1632 1319 iurisd.
1645 1295 1670 1319 2.
1686 1295 1708 1319 l.
1737 1292 1797 1320 'Non
1817 1293 1902 1320 solum
1918 1305 1992 1331 prae-

1147 1337 1245 1368 coniis,
1265 1336 1313 1362 sed
1338 1337 1414 1362 etiam
1438 1335 1669 1374 propositionibus
1694 1335 1838 1363 edictorum
1859 1338 1991 1370 (vocari.)

1145 1380 1193 1407 Iul.
1213 1390 1253 1418 ep.
1268 1390 1328 1406 nov.
1349 1389 1369 1406 c.
1386 1381 1442 1406 105.
1463 1380 1482 1413 5.
1499 1381 1558 1406 369.
1572 1395 1604 1398 —
1624 1380 1655 1413 §-
1670 1380 1705 1406 2.
1726 1381 1784 1406 Res
1801 1383 1991 1414 proposita,

1147 1426 1276 1458 Species
1293 1425 1437 1457 prolata.
1476 1422 1494 1448 Ι.
1515 1424 1578 1457 Sy.
1604 1422 1714 1460 Species
1734 1424 1878 1459 proposita.
1898 1423 1929 1450 fr.
1950 1425 1991 1450 19.

1145 1467 1226 1500 55.1.
1251 1476 1290 1503 sq.
1316 1466 1348 1492 ad
1368 1465 1434 1492 S.C.
1454 1464 1522 1491 Yell.
1544 1466 1583 1492 16.
1605 1467 1628 1491 l.
1669 1465 1712 1492 III.
1736 1467 1802 1493 Cn.
1828 1466 1908 1502 Quod
1932 1467 1992 1493 sim—

1122 1518 1123 1529 *
1145 1510 1241 1547 plicius
1261 1510 1337 1535 etiam
1357 1510 1382 1535 in
1403 1508 1446 1534 illa
1466 1509 1649 1546 propositione
1669 1508 1797 1546 procedit.
1818 1508 1847 1535 fr.
1867 1511 1910 1536 20.
1929 1509 1950 1543 5.
1968 1511 1990 1536 l.

1146 1552 1178 1579 de
1201 1552 1290 1579 hered.
1314 1562 1338 1578 v.
1365 1557 1413 1578 act.
1438 1551 1515 1578 vend.
1542 1552 1582 1578 18.
1602 1553 1626 1578 4.
1655 1551 1684 1578 fr.
1705 1552 1729 1578 6.
1753 1561 1792 1589 pr.
1816 1557 1844 1578 ut
1868 1553 1894 1578 in
1918 1561 1991 1589 poss.

1145 1596 1221 1632 legat.
1240 1597 1282 1622 36.
1302 1597 1325 1621 4.
1346 1611 1377 1614 -
1402 1595 1433 1628 ἕ.
1454 1596 1491 1621 3.
1517 1595 1702 1621 Consilium
1726 1596 1842 1626 animi,
1872 1596 1991 1622 Volun-

1145 1646 1202 1666 tas.
1240 1638 1257 1664 1.
1278 1639 1341 1672 Sy.
1362 1637 1520 1668 Consilium.
1540 1636 1622 1663 Mens.
1644 1637 1685 1664 Cf.
1705 1647 1728 1664 v.
1750 1636 1906 1664 Consilium.
1928 1638 1949 1671 5.
1965 1639 1990 1664 3.

1145 1681 1185 1708 Ill.
1201 1682 1266 1709 Cn.
1286 1680 1345 1707 Non
1365 1680 1509 1707 secundum
1529 1681 1738 1717 propositionem
1755 1680 1846 1712 solam,
1866 1679 1913 1707 sed
1932 1690 1992 1707 cum

1145 1724 1232 1761 aliquo
1251 1728 1311 1750 actu
1330 1723 1442 1760 intelligi
1461 1723 1611 1760 (fugitivum
1631 1728 1657 1750 et
1673 1724 1816 1757 erronem.)
1835 1722 1866 1750 fr.
1879 1725 1938 1750 225.
1958 1723 1992 1749 de

1145 1767 1176 1794 Υ.
1197 1767 1224 1793 S.
1245 1769 1286 1793 50.
1308 1768 1348 1793 16.

1182 1811 1435 1844 Propositum·
1479 1809 1509 1843 ξ.
1532 1811 1567 1836 l.
1596 1811 1655 1836 Res
1681 1811 1868 1844 proposita.
1897 1809 1938 1836 Cf.
1965 1819 1990 1836 v.

1145 1853 1303 1891 Proponere.
1323 1854 1344 1888 5.
1359 1853 1422 1879 3.A.
1435 1868 1466 1872 —-
1487 1853 1518 1886 §-
1530 1854 1565 1879 2.
1581 1854 1752 1879 Sententia
1772 1854 1887 1885 animi,
1909 1854 1990 1880 Con-

1144 1899 1262 1924 silium.
1300 1896 1318 1922 I.
1339 1897 1401 1931 Sy.
1425 1895 1567 1925 Adfectus.
1587 1895 1708 1922 Animus.
1734 1895 1775 1922 Cf.
1796 1895 1820 1922 h.
1840 1906 1882 1922 vv.
1920 1895 1990 1923 Con-

1144 1940 1240 1972 silium⁷
1260 1939 1342 1966 Mens.
1367 1939 1408 1966 Cf.
1428 1949 1452 1965 v.
1473 1938 1630 1966 Consilium.
1658 1939 1679 1973 5.
1699 1940 1724 1965 3.
1762 1938 1802 1965 111.
1823 1940 1889 1966 Cn·
1915 1939 1989 1974 Quas

1145 1985 1194 2016 (sc.
1209 1983 1316 2020 operas)
1336 1981 1378 2008 vel
1399 1986 1470 2008 aetas
1490 1986 1602 2013 recusat,
1616 1997 1648 2001 —
1663 1981 1705 2008 vel
1719 1982 1815 2018 quibus
1830 1983 1987 2012 institutum,

1144 2026 1186 2053 vel
1205 2027 1371 2063 propositum
1390 2026 1459 2051 vitae
1484 2026 1617 2051 minuitur.
1644 2024 1674 2051 fr.
1696 2026 1736 2050 17.
1756 2024 1788 2051 cf.
1812 2024 1842 2051 fr.
1864 2025 1902 2051 16.
1922 2024 1944 2057 5.
1964 2025 1987 2050 l.

1144 2129 1176 2133 --
1201 2113 1274 2139 cuius
1298 2112 1431 2149 propositi
1454 2112 1507 2144 (sc.
1533 2111 1621 2141 sunt.)
1646 2111 1720 2136 euius
1744 2110 1884 2146 opinionis.
1913 2109 1942 2136 fr.
1962 2110 1986 2136 8.

1143 2156 1164 2190 5.
1185 2157 1224 2182 ll.
1245 2155 1277 2182 de
1296 2159 1419 2181 transaet.
1438 2156 1462 2179 2.
1484 2155 1524 2180 15.
1544 2152 1576 2179 cs.
1597 2152 1646 2179 Th.
1662 2152 1693 2179 C.
1707 2152 1777 2179 XVI.
1797 2154 1821 2179 5.
1841 2162 1862 2178 c.
1883 2153 1906 2178 7.
1926 2153 1947 2186 5.
1961 2154 1986 2179 3.

1143 2198 1175 2225 de
1194 2198 1290 2225 haeret.
1328 2197 1500 2233 Delinquitur
1520 2212 1552 2215 —
1576 2201 1620 2222 aut
1639 2196 1790 2233 proposito.
1815 2199 1859 2221 aut
1878 2195 1986 2231 impetu,

1143 2247 1186 2268 aut
1206 2251 1275 2268 casu.
1296 2240 1326 2267 fr.
1348 2242 1385 2266 ll.
1406 2240 1428 2273 5.
1447 2241 1472 2265 2.
1492 2239 1524 2265 de
1543 2249 1620 2276 poen.
1639 2240 1681 2265 48.
1702 2240 1741 2264 19.
1780 2237 1889 2274 propos.
1909 2237 1987 2264 male-

1142 2284 1237 2311 volum.
1264 2283 1293 2310 fr.
1314 2285 1338 2309 6.
1362 2283 1394 2309 de
1413 2292 1486 2319 susp.
1507 2287 1554 2308 tut.
1573 2283 1614 2308 26.
1638 2283 1675 2307 10.
1713 2280 1768 2307 Nec
1793 2290 1912 2312 causam,
1937 2290 1986 2308 nec

1142 2328 1307 2365 propositum
1331 2325 1484 2352 foenerandi
1504 2325 1607 2351 habere.
1634 2323 1664 2350 fr.
1685 2325 1707 2349 4.
1728 2334 1767 2361 pr.
1788 2323 1820 2350 de
1838 2323 1869 2350 R.
1891 2324 1921 2351 C.
1944 2326 1984 2350 12.

1144 2372 1165 2397 l.
1191 2369 1333 2407 Compelli‚
1347 2374 1375 2396 ut
1393 2367 1492 2405 aliquid
1512 2372 1601 2394 contra
1620 2367 1785 2403 propositum
1805 2376 1881 2393 suum
1900 2367 1984 2394 faciat.

1143 2414 1198 2439 Gai.
1213 2413 1315 2439 110243.
1346 2412 1463 2438 Praetori
1482 2410 1647 2447 propositum
1667 2414 1714 2440 est,
1734 2409 1803 2442 (dari
1817 2411 1878 2441 etc.)
1899 2409 1928 2436 fr.
1944 2411 1984 2435 17.

1142 2456 1174 2482 de
1194 2456 1269 2492 legat.
1290 2460 1385 2493 praest.
1405 2456 1446 2480 37.
1461 2455 1483 2479 5.
1505 2452 1536 2479 cf.
1556 2452 1579 2478 fr
1606 2454 1629 2478 3.
1650 2453 1670 2485 5.
1691 2454 1715 2479 4,
1735 2452 1768 2478 de
1787 2453 1879 2478 minor.
1899 2453 1922 2478 4.
1941 2454 1965 2478 4.

1179 2499 1352 2532 Proprie.
1378 2496 1490 2530 (Λᾶν-11.)
1519 2497 1734 2529 Specialieer,
1760 2496 1906 2526 Diserte,
1928 2496 1984 2521 Ac-

1142 2548 1261 2568 cnrate.
1304 2541 1321 2568 1.
1344 2542 1406 2574 Sy.
1433 2538 1522 2565 Recte.
1549 2538 1577 2564 fr.
1597 2540 1638 2564 67.
1659 2548 1697 2575 pr.
1722 2538 1755 2564 de
1779 2537 1810 2564 V.
1832 2537 1859 2564 S.
1879 2539 1920 2564 50.
1942 2538 1982 2564 16.

1118 2592 1120 2609 ἐ
1142 2584 1249 2621 Propria
1269 2583 1444 2620 adpellatione
1463 2583 1508 2608 uti.
1546 2581 1655 2618 Proprie
1673 2580 1814 2618 adpellare.
1834 2580 1863 2607 fr.
1880 2582 1902 2606 l.
1922 2580 1982 2613 5.1.

1142 2626 1269 2653 commod.
1292 2628 1329 2652 13.
1349 2627 1372 2651 6.
1393 2625 1422 2651 fr.
1438 2626 1459 2650 1.
1480 2634 1518 2661 pr.
1538 2624 1559 2657 5.
1577 2626 1598 2650 1.
1619 2624 1651 2651 de
1670 2623 1758 2650 donat.
1772 2625 1813 2649 39.
1828 2625 1851 2649 5.
1872 2622 1902 2649 11.
1913 2624 1980 2656 Op·

1141 2670 1266 2696 Abusive.
1287 2668 1328 2695 Cf.
1348 2667 1372 2694 h.
1392 2677 1416 2694 v.
1454 2667 1606 2704 improprie.
1628 2666 1669 2693 Cf.
1690 2666 1714 2692 h.
1734 2676 1757 2692 v.
1783 2665 1894 2703 Proprie
1913 2674 1980 2691 esse.

1141 2729 1173 2732 —
1192 2713 1288 2739 Habet-i
1307 2721 1354 2748 pro
1375 2715 1422 2737 etc.
1443 2710 1499 2737 Gai.
1520 2710 1550 2736 11.
1571 2712 1594 2736 Τ.
1630 2709 1670 2736 Ill.
1689 2710 1755 2736 (1η.
1774 2708 1810 2735 At
1826 2708 1870 2735 illa
1888 2707 1980 2734 verbo-

1140 2766 1197 2782 rum
1221 2754 1345 2790 obligatio
1373 2769 1402 2774 —
1428 2753 1492 2780 adeo
1516 2753 1622 2790 propria
1647 2753 1741 2778 civium
1764 2751 1795 2778 R.
1821 2756 1873 2783 est,
1897 2754 1925 2776 ut
1947 2759 1980 2775 ne

1141 2798 1245 2835 quidem
1276 2799 1301 2823 in
1333 2806 1451 2832 graecum
1482 2805 1628 2823 sermonem
1659 2804 1706 2831 per
1738 2793 1978 2831 interpretationem

1139 2841 1245 2878 proprie
1264 2840 1399 2866 transferri
1423 2840 1516 2877 possit.
1541 2838 1578 2865 Id.
1598 2837 1639 2864 III.
1660 2839 1701 2864 93.
1738 2837 1771 2864 Et
1791 2837 1853 2863 haee
1872 2834 1977 2871 quidem
