2197 3121
1032 156 1134 188 VAC.
1882 158 1947 188 979

206 243 261 270 red.
285 248 337 281 pet.
363 245 387 269 5.
406 244 430 269 3.
451 258 483 263 --
507 243 539 276 ξ.
560 242 599 267 4.
624 242 820 274 Expositus,
846 240 1053 265 Destinatus.
1074 246 1076 267 ζ
1099 237 1172 264 ribus
1186 238 1310 274 publicis,
1330 240 1484 274 praesertim
1498 238 1551 265 illa.
1570 248 1635 274 quae
1650 237 1681 263 ad
1694 242 1798 274 tempus
1812 237 1945 264 dumtaxat

205 285 251 312 Ill.
272 287 338 313 Gn.
359 285 513 315 Stabulum,
533 283 604 320 quod
625 287 679 309 erat
699 282 792 308 domus
813 283 935 308 iumentis
957 287 981 307 et
1002 291 1055 308 car·
1074 274 1076 318 l
1100 282 1246 318 competit.)
1284 280 1300 307 I.
1318 282 1379 315 Sy.
1399 281 1558 308 lmmunitas.
1579 280 1620 307 Cf.
1641 280 1665 307 h.
1685 290 1710 306 v.
1728 280 1880 307 Excusatio.
1902 282 1943 308 Cf.

206 329 277 355 rucis
303 338 406 354 vacans.
436 328 466 354 fr.
498 329 537 353 13.
566 327 587 360 3.
608 327 630 352 Β.
661 325 692 351 de
713 324 795 351 usufr.
816 326 839 351 7.
860 326 883 350 l.
904 340 933 343 —
964 325 995 357 ξ.
1016 325 1053 351 5.
1075 319 1076 340 1
1098 323 1122 350 h.
1148 334 1172 350 v.
1198 324 1219 357 3.
1239 325 1263 350 2.
1300 322 1419 350 Liberavi
1443 325 1472 356 (a
1501 323 1680 356 muneribus.)
1705 322 1807 349 Habere
1832 325 1944 350 vacatio-

1098 376 1157 393 nem
1176 367 1354 399 (munerum.)
1379 366 1409 392 fr.
1431 368 1453 392 1.
1478 367 1515 400 33.
1537 369 1559 393 1.
1578 369 1602 393 3.
1624 366 1656 393 de
1680 371 1762 392 vacat.
1783 370 1808 392 et
1827 376 1882 392 exc.
1902 369 1944 392 50.

1099 411 1123 435 5.
1160 408 1203 436 III.
1224 410 1289 437 Cn.
1318 408 1441 439 vacatio.
1467 410 1583 446 itemque
1603 410 1762 436 immunItas.
1791 408 1821 435 fr.
1847 410 1886 435 13.
1913 409 1944 435 de

1099 462 1168 478 mun.
1189 456 1215 478 et
1234 452 1294 478 hon.
1314 452 1355 477 50.
1375 454 1398 477 4.
1423 452 1453 478 fr.
1474 454 1496 478 4.
1522 452 1554 478 de
1582 453 1637 478 iure
1661 453 1729 478 imm.
1748 453 1789 477 50.
1808 452 1831 477 6.
1858 450 1942 478 Vatis.

1099 495 1120 528 3.
1142 496 1197 520 149.
1236 493 1407 520 vacationum
1428 495 1571 531 privssegia.
1597 494 1626 521 fr.
1646 496 1669 520 8.
1695 495 1716 528 3.
1736 496 1761 520 2.
1785 493 1818 520 de
1841 504 1898 521 vac.
1919 500 1944 520 et

1098 547 1187 563 excuS.
1207 539 1247 563 50.
1268 540 1291 564 5.
1329 536 1498 564 vacationem
1518 538 1701 574 temporariam
1721 538 1868 573 impetrare.
1894 537 1942 564 Th.

208 372 276 398 Non
302 372 484 406 perfectus,
513 380 535 396 v.
564 370 768 395 ordinarius.
816 366 856 393 Cf.
888 377 911 392 v.
942 366 1053 394 Vacans.

207 413 325 445 (Subst.)
461 441 464 444 ‚

241 457 402 482 Vaeans.
423 454 548 486 (Subst.)
574 454 605 486 ξ.
626 455 661 480 1.
689 455 751 486 Qui
770 454 906 479 nondum
923 455 1054 486 plenum
1075 455 1077 479 ἐ

206 500 375 525 adscendit
410 499 607 532 dignitatis,
644 499 689 522 rel
717 496 877 526 militiae,
907 497 1077 529 graduum:

207 540 274 576 (Qui
293 540 442 576 adscriptus
462 550 515 565 uon
535 545 576 565 est
594 548 702 565 numero
722 537 927 565 ordinariorum.
947 537 989 564 vel
1009 537 1054 563 ho-
1075 536 1076 550 1

206 584 391 615 notariorum.)
429 581 458 608 II.
480 584 547 616 Op.
566 581 595 608 In
615 586 673 607 actu
692 581 782 618 positi.
808 579 1052 606 Adininistratores.
1074 581 1076 619 ᾗ
1098 579 1129 606 C.
1149 579 1204 606 Vll.
1226 582 1265 606 12.
1286 590 1306 606 c.
1326 581 1350 606 3.
1370 579 1403 606 de
1423 585 1556 607 commeat.
1594 579 1702 607 Vacatio
1722 579 1837 611 militiae.
1858 590 1945 607 mune-

206 641 239 646 -
259 626 313 661 Qui
332 630 466 651 vacantem
486 626 545 656 iam,
564 624 606 650 vel
621 624 784 650 honorariam
798 622 949 658 dignitatem
964 622 1051 660 adepti
1074 634 1075 659 j
1097 623 1195 659 risque.
1221 622 1249 648 fr.
1272 624 1309 648 lo,
1336 622 1369 648 de
1395 621 1425 649 V.
1446 622 1474 648 S.
1494 625 1535 649 50.
1559 624 1596 650 16.
1617 633 1638 649 c.
1657 625 1681 648 9.
1707 622 1759 657 Qu.
1784 632 1859 659 prov.
1885 633 1941 650 nec.

206 673 276 694 sunt.
296 667 434 694 vacantes.
460 678 481 693 e.
500 669 524 694 2.
551 672 579 693 ut
604 667 694 701 dignit.
717 665 790 692 ordo.
813 667 852 691 12.
871 668 894 691 ὅ.
915 665 981 692 Nor.
1002 665 1050 692 Th.
1073 671 1075 675 “
1097 675 1120 691 n.
1142 670 1189 691 est.
1210 666 1232 690 7.
1253 666 1293 691 64.
1330 665 1353 690 Α
1373 664 1524 691 forensibus
1546 667 1657 700 negotiis
1677 675 1732 691 vac.
1758 664 1787 691 l'r.
1807 667 1831 692 9.
1852 665 1884 692 de
1904 666 1940 692 fe-

205 710 236 738 II.
257 710 290 737 de
309 715 396 737 metat.
416 709 434 736 I.
454 712 477 736 5.
499 721 520 736 r..
537 712 559 736 l.
579 710 599 743 3.
615 701 642 735 b'.
658 719 691 736 ne
709 708 796 734 decur.
817 708 849 734 ad
869 708 956 734 Senat.
977 707 995 734 1.
1011 710 1050 734 15.
1072 680 1074 734 1
1096 708 1150 733 riis.
1170 709 1194 733 2.
1217 709 1255 733 12.
1294 707 1437 734 Vacatione
1457 707 1522 744 legis
1543 708 1622 734 Iuliae
1636 712 1661 734 et
1675 707 1770 744 Papiae
1783 709 1872 744 potiri.
1892 708 1941 735 Th.

206 763 228 780 e.
247 756 270 779 2.
291 754 312 787 3.
332 755 356 780 3.
393 753 437 779 III.
458 754 525 780 Gn.
550 753 602 788 Qui
622 757 670 785 (sc.
691 752 827 781 numerus)
847 761 878 777 ex
897 751 1050 777 vacantibus
1072 743 1074 788 1
1096 749 1126 776 C.
1146 750 1214 776 XIII.
1234 752 1257 776 5.
1278 760 1299 776 c.
1314 752 1337 777 7.
1358 750 1390 777 de
1409 750 1521 776 navicul.
1543 750 1585 776 Cf.
1601 750 1660 787 le.
1676 749 1745 776 XIV.
1764 752 1785 776 l.
1806 767 1838 770 —
1860 752 1890 784 ξ.
1905 753 1940 778 2.

205 797 323 834 potuerit
351 795 485 833 compleri.
517 795 565 822 Th.
586 796 616 821 C.
638 793 703 821 VIII.
729 796 753 819 2.
784 804 804 820 c.
823 795 846 819 3.
878 793 910 819 de
941 793 1050 819 tabular.
1072 795 1074 824 ἷ
1098 793 1215 819 Otium.
1253 792 1296 819 III.
1313 794 1378 821 Gn.
1398 793 1542 820 Honestam
1560 794 1721 823 missionem.
1742 798 1767 819 et
1780 795 1942 820 vacationem

205 838 346 870 Yacantes,
367 840 411 875 qui
431 843 583 875 praesentes
602 839 627 864 in
647 837 771 863 comitatu
790 836 902 862 illustris
917 835 1050 872 dignitatis
1072 830 1073 855 1
1095 845 1182 861 rerum
1211 845 1331 867 suarum,
1361 846 1468 862 merere.
1498 835 1547 862 Th.
1568 836 1599 862 C.
1620 835 1687 863 Vlll.
1706 837 1730 862 4.
1760 846 1781 862 c.
1803 837 1824 862 l.
1849 835 1881 862 de
1901 846 1942 863 co-

205 881 337 918 cingulum
356 883 507 908 meruerint.
533 891 553 907 c.
574 883 597 907 2.
622 885 649 906 ut
669 879 759 915 dignit.
785 878 858 905 orda.
880 881 918 904 12.
938 883 962 905 ὅ.
983 878 1050 904 Nov.
1072 873 1073 905 1

206 924 265 951 Val.
285 924 327 951 Ill.
348 924 380 951 de
398 926 477 950 tiron.
496 924 526 950 ll.
541 925 564 949 6.
584 933 604 949 c.
622 924 646 948 3.
667 922 688 955 3.
710 924 731 948 1.
752 938 783 941 —
803 922 834 955 §0
849 923 884 948 2.
907 923 969 954 Qui
987 931 1050 948 cur·
1071 941 1072 945 .

202 970 309 1002 poris,
331 970 378 994 vel
395 968 543 1002 collegii,
567 967 821 992 necessitatibus
843 975 958 998 parere
978 974 1073 990 non-1

205 1013 275 1037 dum
296 1012 531 1045 adstringitur.
568 1007 586 1034 I.
602 1009 663 1042 Sy.
686 1007 790 1033 Vacuus
805 1007 906 1040 (officio
920 1006 1050 1043 publico.)
1072 1021 1073 1026 =

206 1053 257 1080 Th.
277 1052 308 1079 C.
328 1052 397 1079 XIII.
417 1054 440 1078 9.
461 1062 481 1078 c.
501 1053 524 1077 3.
546 1051 566 1084 3.
587 1054 610 1077 4.
630 1051 662 1077 de
683 1051 796 1086 naufrag.
834 1050 877 1076 III.
893 1051 958 1077 Gn.
978 1049 1051 1075 Inco-

205 1096 259 1127 lae.
288 1100 313 1122 et
332 1099 460 1121 vacantes
489 1093 633 1124 Yacantes.
660 1098 685 1119 et
705 1093 775 1119 nulla
795 1098 913 1119 veterum
938 1092 1052 1129 disposi-
1072 1090 1074 1121 1-

206 1139 277 1164 tione
297 1137 375 1164 ullius
395 1138 515 1174 corporis
535 1137 661 1162 societate
681 1137 822 1162 coniuncti.
847 1135 885 1161 lb.
905 1134 962 1161 XII.
984 1137 1008 1160 l.
1029 1145 1050 1161 c.
1072 1135 1074 1166 J,

206 1182 264 1207 137.
284 1190 323 1217 pr.
343 1190 364 1206 c.
386 1181 443 1207 179.
464 1181 484 1213 3.
506 1182 528 1205 1.
549 1179 581 1205 de
601 1178 735 1205 decurion.
1072 1176 1074 1204 l

239 1223 484 1250 vacantivus.
514 1221 652 1255 (Adieet.)
684 1223 822 1253 l‘ctcans,
852 1222 962 1247 Minus
985 1223 1074 1258 ple-3

204 1276 269 1293 nux.
306 1265 350 1293 III.
370 1267 436 1293 Gn.
464 1265 629 1300 Imaginaria,
659 1269 703 1290 aut
730 1264 865 1289 vacantiva
890 1262 1050 1299 (dignitas.)
1072 1272 1073 1296 ξ

203 1308 271 1336 Nov.
291 1308 349 1335 Val.
369 1308 412 1335 III.
433 1307 464 1334 de
484 1307 582 1344 postul.
602 1307 632 1333 II.
654 1308 693 1333 ll.
715 1316 735 1332 c.
758 1308 779 1332 1.
800 1306 821 1339 3.
841 1308 865 1332 2.

237 1353 399 1378 Vacare·
436 1351 467 1384 ξ.
488 1352 523 1377 l.
552 1352 690 1377 Vacuum
708 1359 787 1382 esse,
815 1348 870 1380 (Cf.
891 1358 914 1374 v.
935 1347 1049 1374 Vncans.

203 1395 226 1429 3.
244 1395 282 1427 2.)
320 1394 350 1420 Il.
372 1396 439 1427 Op.
459 1392 569 1419 Plenum
589 1402 648 1419 esse
667 1392 838 1425 (numerum.)
864 1391 893 1418 fr.
913 1393 937 1417 2.
959 1401 997 1428 pr.
1018 1391 1050 1418 de

203 1437 338 1464 decurion.
357 1438 398 1463 50.
418 1438 442 1462 2.
481 1436 604 1467 Sacrum,
624 1435 666 1461 vel
687 1439 813 1465 sanctum,
834 1434 876 1460 vel
897 1434 1049 1470 religiosum

203 1490 271 1507 esse.
291 1497 322 1501 -—
342 1480 384 1506 Ab
398 1479 520 1505 omnibus
535 1478 685 1505 huiusmodi
698 1477 848 1504 nominibus
862 1487 962 1503 vacare.
982 1477 1013 1503 fr.
1026 1480 1050 1504 2.

203 1524 226 1557 3.
246 1525 270 1549 4.
299 1523 331 1549 de
358 1522 431 1558 relig.
457 1523 497 1548 ll.
519 1523 541 1547 7.
578 1521 620 1548 111.
642 1522 707 1549 cn.
736 1521 796 1552 Eis,
823 1530 889 1557 quae
913 1520 1050 1551 vacabunt,
1072 1526 1074 1560 ζ

203 1566 395 1604 proprietarius
414 1574 467 1590 non
487 1569 581 1591 utetur.
603 1564 633 1590 fr.
653 1566 696 1590 22.
717 1564 738 1597 3
761 1565 781 1589 l.
802 1563 834 1589 de
855 1573 904 1589 usu
924 1569 949 1589 et
969 1564 1049 1590 habit.
1072 1589 1073 1594 ,

203 1611 227 1636 7.
247 1610 271 1635 8.
308 1608 458 1639 Possessio,
477 1617 543 1644 quae
561 1607 604 1633 vel
623 1617 656 1633 ex
674 1606 831 1642 negligentia
850 1606 948 1632 domini
968 1611 1051 1636 vacet,
1072 1602 1073 1619 1

204 1651 248 1678 vel
268 1656 315 1678 etc.
342 1651 372 1678 fr.
392 1652 432 1677 37.
457 1651 478 1683 3.
500 1652 522 1676 l.
547 1649 580 1676 de
599 1659 688 1687 usurp.
709 1651 749 1676 41.
769 1651 793 1675 3.
815 1665 846 1668 —-
867 1650 897 1683 ᾖ.
918 1651 954 1676 2.
976 1652 1050 1676 Sine
1072 1665 1073 1674 t

204 1696 329 1721 domino
348 1704 420 1720 esse.
441 1692 495 1725 (Cf.
514 1703 537 1719 v.
558 1692 670 1719 Vacuus.
691 1693 712 1726 3.
726 1694 764 1726 3.)
801 1692 843 1719 III.
860 1694 925 1720 Gn.
945 1692 974 1718 Si
990 1702 1050 1718 con-

205 1747 310 1764 currere
329 1736 433 1767 volent,
457 1741 500 1762 aut
519 1735 664 1772 impedient
684 1737 809 1765 invicem,
830 1751 861 1754 —
882 1740 926 1760 aut
948 1751 977 1755 —-
998 1736 1050 1761 sin·
1069 1734 1073 1759 ἰ’

204 1779 324 1816 gnlorum
343 1789 471 1806 annorum
490 1778 591 1804 fructus
606 1778 715 1803 vacabit.
737 1778 766 1804 fr.
781 1780 805 1804 2.
826 1778 847 1811 3.
862 1780 885 1804 2.
907 1779 959 1813 Qu.
980 1777 1050 1804 mod.

204 1822 302 1849 usust'r.
322 1824 346 1848 7.
365 1824 389 1848 4.
427 1821 589 1849 Succedent.
616 1826 659 1847 aut
679 1822 700 1846 si
721 1831 796 1847 nemo
817 1822 864 1849 sit.
889 1820 956 1846 bona
977 1831 1050 1847 vaca-

204 1865 279 1892 bunt.
303 1864 334 1891 fr.
356 1866 379 1890 1.
404 1865 425 1898 ς.
446 1866 486 1890 47.
507 1864 539 1890 ad
559 1862 624 1890 sc.
650 1863 728 1890 Treb.
748 1865 788 1889 36.
811 1865 832 1889 1.
854 1863 884 1889 cf.
905 1863 936 1890 fr.
955 1866 997 1890 30.
1018 1863 1050 1890 de
1072 1859 1073 1877 ¹

204 1908 274 1943 vulg.
295 1912 320 1933 et
339 1917 401 1944 pup.
420 1909 461 1933 25.
476 1908 499 1933 6.
520 1906 550 1933 fr.
564 1907 606 1932 38.
627 1916 665 1943 pr.
687 1906 719 1932 de.
738 1907 793 1933 iure
814 1906 879 1932 fisci.
899 1908 940 1933 49.
965 1908 1002 1933 14.
1018 1923 1049 1926 -
1072 1888 1073 1934 1

204 1951 236 1983 ξ.
257 1951 294 1977 3.
314 1951 510 1983 Expositum
529 1959 606 1980 esre,
628 1951 753 1975 Pan-re.
775 1948 830 1981 (Cf.
852 1959 874 1975 v.
896 1948 1008 1975 Vacnns.
1028 1950 1048 1983 3.
1072 1952 1073 1959 ¹

205 1994 243 2026 4.)
278 1992 321 2018 111.
342 1994 409 2020 Gn.
427 1991 517 2018 Litora
537 2007 569 2011 —-
589 1991 687 2018 nullius
706 1997 776 2021 sunt.
796 1991 843 2018 sed
862 1993 918 2018 iure
936 1993 1050 2028 gentium
1071 2017 1073 2030 ἶ

205 2036 328 2062 omnibus
348 2040 448 2061 vacant.
469 2034 498 2061 fr.
512 2036 552 2061 51.
574 2034 605 2061 de
626 2039 708 2061 contr.
730 2039 789 2061 emt.
812 2037 850 2060 18.
867 2037 889 2061 1.
911 2051 939 2055 -—
961 2036 993 2068 §.
1009 2037 1048 2061 4.
1071 2041 1072 2071 ᾗ

207 2080 358 2105 Otiosum
377 2088 448 2104 esse.
474 2079 617 2104 Feriari.
642 2076 700 2110 (Cf.
725 2088 748 2104 v.
771 2077 881 2104 Vaeans.
902 2077 1047 2112 [Subst.])
1071 2075 1072 2100 1

203 2120 248 2147 IlI.
269 2122 335 2149 Gn.
360 2120 473 2151 Omnes,
494 2121 537 2157 qui
557 2121 668 2151 vacatis,
688 2125 713 2146 et
732 2119 832 2146 nullum
857 2122 989 2155 negotium
1008 2130 1050 2153 ge·
1070 2128 1072 2151 j

206 2164 272 2189 ritis.
293 2163 343 2190 Th.
364 2163 394 2190 C.
416 2163 470 2189 Vll.
490 2165 530 2189 20.
557 2173 577 2189 c.
597 2165 620 2189 3.
642 2163 674 2189 de
694 2168 808 2189 veteran.
847 2163 875 2189 Si
900 2163 967 2189 forte
993 2165 1050 2200 ipse
1070 2173 1072 2190 ῐ

206 2214 299 2232 servus
327 2216 359 2233 ex
388 2207 476 2243 operis
498 2222 527 2226 —
549 2205 652 2231 solebat
676 2216 705 2232 se
725 2205 864 2237 exhibere,
893 2216 962 2232 nuuc
986 2216 1049 2232 vero
1070 2201 1072 2232 ἶ

208 2248 309 2283 cogitur
326 2258 426 2276 vacare.
445 2249 476 2275 fr.
498 2250 537 2274 ll.
562 2249 584 2281 3.
606 2250 626 2274 l.
647 2248 679 2274 ad
699 2248 786 2275 exhib.
807 2251 846 2275 10.
867 2251 890 2275 4.
915 2249 945 2275 fr.
964 2250 1005 2274 30.
1026 2249 1049 2281 3.
1070 2248 1072 2285 ]

208 2292 231 2316 l.
252 2290 284 2316 de
307 2289 339 2316 V.
359 2290 385 2317 S.
404 2293 445 2317 50.
468 2292 506 2317 16.
527 2307 559 2310 —
579 2292 609 2324 ξ.
631 2292 720 2317 1.Α.
745 2293 907 2318 Incultum
933 2294 1049 2318 iacere.

207 2332 227 2359 Ι.
247 2334 309 2366 Sy.
338 2332 457 2360 Cessare.
487 2333 529 2360 Cf.
548 2334 572 2360 h.
594 2344 617 2360 v.
647 2334 710 2367 31.
733 2350 762 2354 -—-
792 2334 822 2366 §.
844 2335 881 2360 5.
914 2335 1049 2368 Operam
1070 2338 1072 2348 ¹

207 2378 295 2407 dare,
317 2377 493 2409 Superesse.
525 2376 568 2403 111.
584 2378 649 2404 Cn.
664 2375 896 2402 Consultatoribus
911 2387 965 2403 vac.
981 2376 1010 2402 fr.
1025 2379 1049 2403 2.

208 2418 230 2450 3.
249 2419 290 2444 35.
315 2417 348 2443 de
367 2417 399 2443 Ο.
419 2417 437 2443 I.
464 2420 486 2444 l.
509 2421 532 2445 2.
569 2419 657 2446 Libris
682 2418 875 2456 Principalibus
900 2420 926 2445 in
951 2419 1050 2445 Senatu
1070 2425 1071 2439 ³

207 2460 326 2496 legendis
354 2470 409 2486 vac.
439 2460 468 2486 fr.
490 2461 511 2487 l.
540 2463 561 2494 3.
581 2464 604 2488 4.
634 2462 665 2488 de
694 2462 737 2487 off.
767 2461 876 2496 Quaest.
906 2463 928 2487 l.
956 2463 995 2488 13.
1017 2478 1049 2481 —

208 2503 240 2536 §.
260 2504 298 2530 6.
326 2504 501 2529 l'acaeione
522 2507 707 2536 praeditum
731 2514 804 2530 esse.
843 2503 861 2530 Ι.
882 2505 944 2538 Sy.
970 2503 1050 2530 Vaca-

208 2546 315 2575 tionem,
334 2554 355 2570 s.
375 2545 587 2576 Excusationem,
606 2546 709 2574 habere.
730 2546 872 2573 Yacutione
887 2546 945 2572 frui.
966 2545 1048 2573 Vatic.

209 2588 246 2621 §§.
267 2589 323 2613 124.
346 2589 402 2614 130.
422 2598 479 2624 sqq.
498 2590 557 2614 224.
578 2587 609 2614 fr.
627 2590 650 2615 3.
671 2590 700 2616 fr.
719 2592 743 2616 6.
763 2590 793 2616 fr.
815 2591 855 2615 ιο.
874 2589 895 2622 ξ.
915 2590 939 2615 4.
958 2588 989 2615 rr.
1010 2591 1049 2615 12.

209 2631 230 2664 3.
251 2632 273 2656 l.
299 2629 331 2656 de
357 2641 411 2657 vac.
436 2635 461 2656 et
481 2641 535 2657 exc.
556 2632 596 2655 50.
617 2631 640 2655 5.
676 2631 718 2658 lIl.
739 2634 804 2660 Cn.
829 2632 870 2658 Ab
895 2631 1049 2662 honoribus,
1071 2621 1072 2643 1

210 2678 235 2699 et
252 2673 417 2700 muneribus.
442 2683 466 2699 v.
485 2673 509 2699 Α
527 2672 630 2704 tutelis,
657 2678 682 2698 et
700 2675 863 2703 muneribus.
884 2684 939 2700 vac.
959 2674 988 2701 fr.
1010 2677 1049 2700 10.
1072 2699 1073 2711 χ

210 2716 231 2749 3.
251 2718 274 2741 4.
295 2715 324 2741 fr.
347 2717 385 2741 12.
410 2716 431 2749 3
452 2718 474 2742 1.
495 2716 511 2742 l.
531 2718 572 2741 50.
593 2718 616 2741 5.
640 2715 669 2741 fr.
689 2717 711 2741 3.
737 2717 768 2743 de
791 2719 846 2744 iure
870 2719 939 2743 imm.
964 2719 1006 2743 50.
1026 2718 1049 2743 6.
1072 2723 1073 2750 1

210 2758 240 2785 fr.
260 2760 283 2784 6.
304 2758 335 2784 de
354 2757 476 2793 legation.
495 2760 537 2784 50.
557 2759 580 2783 7.
1071 2770 1073 2801 1

245 2800 416 2828 Vacatio.
454 2801 484 2833 §0
499 2802 534 2827 1.
554 2802 722 2827 Liberatio
742 2800 767 2833 (a
786 2803 937 2829 muneribus
951 2808 977 2829 et
990 2811 1050 2828 one-

1070 2373 1071 2410 ]
1092 2378 1135 2402 29.
1153 2378 1177 2401 2.

1095 878 1190 904 hortat.

1129 922 1266 948 Vacca.
1303 923 1366 948 Bos
1388 923 1525 958 femina.
1567 921 1610 947 llI.
1636 922 1702 949 Cn.
1730 920 1862 953 Yitulum,
1892 921 1942 948 fru-

1095 968 1164 989 ctum
1185 974 1243 989 esse
1263 974 1363 990 vaccae.
1384 964 1414 990 l'r.
1434 966 1475 991 43.
1496 964 1528 990 de
1548 965 1671 990 eviction.
1691 965 1732 989 41.
1752 966 1775 990 2.

1130 1007 1333 1033 Vacillare.
1353 1008 1384 1040 ᾖ.
1400 1008 1434 1032 l.
1449 1009 1643 1038 fluctuare,
1659 1008 1853 1033 Inconstans
1866 1017 1939 1033 esse.

1095 1048 1138 1074 III.
1159 1050 1225 1076 011.
1246 1048 1355 1080 Testes,
1380 1051 1424 1085 qui
1449 1050 1575 1076 adversus
1601 1049 1679 1076 [idem
1699 1059 1772 1075 snam
1797 1048 1841 1082 [al.
1862 1048 1939 1084 suae]

1096 1092 1245 1117 testationis
1264 1091 1396 1118 vacillant.
1418 1093 1446 1118 fr.
1465 1095 1490 1119 2.
1510 1092 1542 1118 de
1562 1092 1649 1119 testib.
1669 1094 1710 1118 22.
1731 1094 1754 1118 5.
1775 1091 1805 1118 sr.
1819 1094 1860 1118 27.
1881 1093 1902 1126 3.
1918 1094 1940 1118 1.

1096 1133 1128 1160 de
1146 1133 1176 1160 L.
1197 1134 1277 1160 Corn.
1305 1134 1338 1160 de
1360 1134 1417 1160 fals.
1439 1137 1480 1161 48.
1507 1137 1545 1161 10.
1584 1135 1634 1161 Pro
1655 1136 1806 1161 testimonio
1827 1144 1880 1160 non
1900 1145 1941 1161 va-

1096 1176 1209 1203 cillante.
1230 1176 1261 1203 sr.
1283 1179 1321 1203 15.
1342 1187 1382 1214 pr.
1402 1177 1434 1203 de
1453 1179 1597 1213 quaestion.
1619 1178 1660 1203 48.
1682 1179 1722 1204 18.
1743 1193 1774 1197 —-
1795 1177 1826 1210 §.
1838 1179 1872 1204 2.
1894 1179 1940 1204 In-

1095 1222 1226 1250 stabile‚
1255 1221 1433 1256 Infirmum
1456 1230 1528 1246 esse.
1565 1220 1595 1247 11.
1617 1222 1684 1254 011.
1713 1219 1742 1246 In
1771 1220 1940 1246 stabilitatem

1095 1261 1185 1298 redigi.
1206 1261 1247 1288 Cf.
1267 1272 1291 1288 v.
1311 1261 1457 1288 Stabilitas.
1494 1262 1536 1289 lll.
1552 1265 1618 1291 Gn.
1638 1263 1697 1289 Non
1711 1264 1764 1289 vita
1778 1264 1940 1299 cuiusquam,

1096 1321 1127 1324 —
1148 1314 1276 1331 concussa
1304 1304 1345 1331 his
1373 1305 1514 1337 mac11iuiS‚
1542 1305 1683 1332 vacillabit.
1713 1305 1762 1332 Th.
1784 1305 1814 1332 C.
1834 1305 1878 1332 IX.
1898 1307 1940 1332 34.

1095 1358 1116 1374 c.
1136 1350 1159 1373 5.
1185 1347 1217 1374 de
1242 1347 1332 1373 samos
1356 1347 1438 1374 libell.
1476 1348 1519 1375 lus
1540 1358 1648 1386 anceps,
1674 1359 1703 1374 ac
1726 1358 1774 1386 pro
1799 1348 1940 1375 dicentium

1095 1390 1209 1428 impulsu
1228 1389 1363 1417 vacillans.
1386 1390 1468 1417 Vatic.
1489 1391 1511 1424 3.
1530 1393 1588 1418 249.
1609 1391 1658 1418 Th.
1680 1390 1710 1417 C.
1732 1390 1799 1417 VIII.
1822 1393 1861 1417 12.
1882 1401 1902 1417 c.
1916 1392 1939 1417 8.

1094 1444 1133 1470 pr.
1147 1433 1179 1460 de
1193 1433 1280 1459 donat.
1317 1432 1449 1459 Vacillare
1467 1450 1496 1454 —
1518 1433 1647 1470 plurimos
1668 1433 1775 1460 ordines
1797 1435 1938 1460 civitatum.

1095 1476 1132 1502 lb.
1152 1476 1208 1502 XII.
1231 1479 1250 1502 1.
1273 1487 1293 1502 c.
1315 1477 1372 1502 158.
1394 1476 1426 1502 de
1446 1476 1579 1503 dec-urion.

1130 1520 1318 1546 vacuare.
1357 1519 1387 1551 §.
1410 1520 1443 1545 1.
1476 1520 1614 1545 Faenum
1642 1526 1671 1545 et
1700 1521 1797 1545 inane
1819 1520 1940 1554 facere.

1073 1562 1074 1570 ¹
1095 1561 1112 1587 I.
1133 1563 1194 1595 Sy.
1216 1561 1397 1588 Vacuct'acere.
1418 1562 1456 1588 lb.
1475 1561 1531 1588 Xll.
1553 1564 1574 1588 1.
1595 1572 1617 1588 c.
1636 1564 1678 1588 25.
1698 1561 1755 1588 XII.
1778 1562 1817 1587 18.
1839 1572 1859 1587 c.
1876 1563 1898 1587 1.
1918 1563 1941 1588 si

1095 1604 1184 1630 curial.
1209 1604 1293 1631 relict.
1319 1606 1367 1631 civ.
1406 1604 1449 1630 III.
1471 1606 1536 1632 Cn.
1566 1604 1639 1640 Quas
1667 1606 1721 1636 (sc.
1742 1605 1941 1636 metrocomias)

1096 1649 1222 1684 temporis
1242 1647 1332 1684 lapsus
1352 1647 1394 1673 vel
1415 1647 1548 1679 destituit,
1572 1647 1615 1673 vel
1634 1647 1735 1673 viribus
1755 1648 1882 1673 vacuavit.
1904 1647 1940 1673 lb.

1094 1690 1139 1716 XI.
1158 1693 1199 1716 24.
1220 1701 1240 1716 c.
1262 1692 1285 1716 (i.
1304 1691 1325 1724 3.
1346 1693 1369 1716 4.
1391 1689 1423 1715 de
1443 1695 1542 1727 patroc.
1562 1691 1643 1716 vicor.
1681 1689 1740 1716 Nisi
1754 1691 1871 1715 vacuatis
1892 1692 1941 1722 (sc.

1095 1733 1198 1765 bonis.)
1223 1732 1265 1758 vel
1288 1732 1449 1758 substitutus
1475 1734 1630 1769 suppositus
1656 1738 1704 1759 etc.
1731 1743 1752 1759 c.
1775 1735 1795 1759 l.
1823 1733 1844 1766 3.
1863 1734 1888 1758 3.
1909 1732 1941 1759 de

1095 1775 1185 1802 cudae.
1206 1775 1261 1802 toll.
1282 1777 1305 1801 6.
1326 1777 1366 1801 51.
1388 1792 1418 1794 —
1439 1776 1470 1809 ξ.
1483 1777 1518 1802 2.
1539 1777 1679 1811 Effer-tu
1697 1778 1845 1810 privare,
1867 1777 1941 1802 Aba·

1072 1823 1073 1838 ³
1095 1821 1164 1844 lere.
1202 1818 1220 1844 1.
1239 1819 1300 1852 Sy.
1326 1817 1447 1844 Cassare.
1473 1817 1513 1844 Cf.
1534 1817 1558 1843 h.
1579 1828 1602 1844 v.
1627 1817 1656 1844 In
1680 1820 1783 1844 irritum
1802 1818 1938 1844 devocare.

1095 1860 1145 1887 Th.
1166 1860 1196 1888 C.
1216 1861 1260 1888 XI.
1284 1863 1323 1887 12.
1345 1872 1365 1887 c.
1387 1864 1410 1887 4.
1431 1861 1462 1887 de
1482 1861 1588 1887 immun.
1609 1871 1683 1888 conc.
1703 1861 1748 1888 XI.
1770 1862 1810 1888 13.
1831 1871 1853 1887 c.
1875 1863 1896 1887 l.
1917 1862 1940 1887 si

1096 1914 1142 1940 per
1161 1905 1263 1941 obrept.
1299 1903 1342 1930 HI.
1364 1905 1430 1931 011.
1454 1903 1598 1940 Subreptio
1622 1905 1672 1930 ista
1697 1909 1835 1935 vacuetur,
1862 1908 1887 1930 et
1912 1903 1940 1930 il-

1095 1946 1140 1973 lud
1160 1946 1252 1977 valeat,
1272 1946 1343 1984 quod
1363 1952 1412 1973 etc.
1433 1946 1470 1973 lb.
1490 1946 1523 1972 X.
1543 1948 1566 1972 3.
1587 1957 1608 1973 c.
1623 1949 1646 1973 Τ.
1667 1947 1688 1980 3.
1703 1948 1726 1973 l.
1747 1946 1779 1973 dc
1798 1947 1847 1973 luc.
1868 1946 1939 1972 fund.

1095 1991 1142 2016 iur.
1169 1989 1254 2026 emph.
1278 1989 1335 2016 XII.
1358 1991 1379 2015 l.
1406 2000 1426 2015 c.
1448 1991 1487 2015 17.
1513 1989 1545 2016 de
1569 1989 1704 2016 dccuriou.
1728 1989 1795 2016 Nov.
1820 1989 1877 2015 val.
1898 1989 1938 2015 lll.

1095 2032 1127 2059 de
1146 2034 1258 2058 invasor.
1280 2032 1310 2059 11.
1330 2034 1353 2058 8.
1374 2043 1395 2059 c.
1415 2036 1438 2059 2.
1459 2032 1481 2065 3.
1502 2034 1525 2058 1.

1128 2076 1400 2102 Vacuesacere.
1424 2076 1563 2102 Vacuum
1576 2076 1726 2111 efficere,
1742 2075 1939 2101 Exinanire.

1093 2118 1112 2145 1.
1127 2119 1189 2152 Sy.
1210 2117 1334 2144 Vacuare.
1356 2118 1398 2145 Cf.
1418 2118 1443 2144 h.
1463 2128 1488 2145 v.
1508 2118 1529 2151 3.
1552 2120 1573 2143 1.
1593 2118 1747 2144 Evisecrare
1771 2118 1871 2153 (opes.)
1896 2116 1937 2143 Cf.

1094 2161 1118 2187 h.
1139 2171 1163 2187 v.

1128 2206 1291 2231 Vacuus.
1311 2203 1442 2236 (Adiect.)
1457 2204 1488 2236 ξ.
1502 2204 1537 2229 l.
1554 2204 1620 2229 Non
1634 2204 1791 2236 repletus,
1806 2204 1939 2233 Cassus,

1096 2248 1211 2273 Nudus.
1249 2246 1267 2273 I.
1288 2248 1350 2280 Sy.
1369 2245 1527 2272 Essundere.
1546 2244 1707 2276 Exlmurire,
1731 2244 1833 2271 Vacuus
1853 2244 1938 2271 facere

1094 2289 1266 2321 (facultates.)
1287 2299 1308 2315 c.
1332 2291 1352 2314 l.
1372 2298 1431 2325 sqq.
1452 2288 1484 2314 de
1504 2287 1575 2313 inoff.
1596 2287 1684 2313 donat.
1703 2290 1727 2314 3.
1746 2288 1788 2313 29.
1825 2287 1854 2314 II.
1869 2289 1937 2321 011.

1094 2332 1191 2359 Plenus
1212 2334 1347 2364 (venter.)
1373 2330 1403 2356 fr.
1422 2332 1464 2356 30.
1490 2331 1511 2364 3.
1531 2331 1554 2356 6.
1575 2329 1605 2356 fr.
1626 2331 1666 2356 84.
1691 2329 1724 2356 de
1746 2330 1778 2356 A.
1802 2340 1827 2356 v.
1847 2330 1880 2356 Ο.
1906 2329 1938 2364 Η,

1214 2374 1377 2401 Aedificatus
1398 2372 1507 2405 (locus.)
1528 2372 1568 2399 Cf.
1590 2372 1614 2398 h.
1635 2383 1659 2398 v.
1696 2372 1738 2399 III.
1758 2374 1823 2400 Cn.
1843 2372 1941 2399 Aedifi-

1094 2420 1150 2449 ciis,
1171 2417 1318 2447 arboribus,
1338 2417 1422 2442 vineis
1442 2426 1522 2442 vacua
1542 2418 1590 2448 (sc.
1610 2415 1687 2447 loca.)
1707 2416 1737 2442 fr.
1751 2418 1792 2442 22.
1813 2415 1845 2442 de
1865 2415 1892 2442 S.
1910 2414 1938 2449 P,

1094 2461 1124 2487 R.
1145 2462 1168 2486 8.
1187 2462 1211 2486 3.
1249 2460 1364 2496 Apertae
1388 2460 1549 2495 posteriores
1573 2460 1627 2490 (sc.
1648 2458 1768 2491 tabulae)
1788 2468 1884 2485 vacuae.
1903 2459 1939 2485 in-

1094 2509 1194 2529 ventae.
1214 2502 1244 2529 fr.
1265 2504 1305 2528 ll.
1325 2501 1357 2527 de
1372 2502 1469 2528 iniusto
1483 2506 1550 2537 rupt.
1570 2502 1611 2526 28.
1625 2502 1649 2526 3.
1670 2516 1702 2520 —
1722 2501 1752 2534 §.
1765 2502 1799 2528 ἓ.
1819 2503 1866 2533 Is,
1885 2504 1940 2536 qui

1093 2557 1109 2573 a
1130 2547 1250 2572 nemine
1269 2547 1442 2571 detinetur.
1480 2543 1522 2569 llI.
1545 2544 1611 2570 Gn·
1633 2543 1662 2569 Si
1682 2548 1710 2570 tu
1729 2553 1769 2570 me
1788 2545 1815 2570 vi
1834 2544 1939 2581 expule-

1094 2590 1130 2615 ris
1150 2588 1182 2614 de
1201 2587 1274 2614 fundi
1294 2588 1474 2624 possessione.
1495 2596 1542 2612 nec
1562 2585 1768 2622 adprehenderis
1792 2588 1939 2624 possessio-

1095 2641 1166 2662 nem,
1195 2630 1242 2656 sed
1267 2629 1354 2656 Titius
1382 2631 1408 2655 in
1436 2639 1542 2655 vacuam
1570 2629 1767 2665 possessionem
1792 2630 1936 2655 intraverit.

1095 2673 1126 2699 fr.
1145 2675 1168 2699 4.
1188 2673 1226 2706 33
1239 2675 1281 2699 22.
1295 2675 1336 2699 28.
1357 2672 1389 2698 de
1403 2681 1492 2708 usurp.
1512 2672 1554 2697 41.
1567 2673 1591 2697 3.
1630 2670 1732 2698 Cedere
1751 2671 1936 2702 adversarium,

1096 2720 1121 2741 et
1140 2726 1245 2742 vacuam
1265 2715 1414 2751 relinquere
1435 2715 1632 2750 possessionem
1655 2714 1735 2741 iubet.
1760 2714 1790 2741 fr.
1810 2716 1851 2740 52.
1871 2714 1891 2747 3.
1911 2714 1935 2738 2.

1095 2758 1127 2785 cf.
1152 2758 1182 2785 fr.
1208 2760 1248 2785 18.
1272 2758 1295 2791 3.
1319 2760 1343 2783 2.
1368 2757 1400 2783 de
1424 2757 1455 2782 A.
1475 2766 1498 2782 v.
1518 2756 1550 2782 A.
1570 2756 1597 2783 P.
1617 2758 1658 2783 41.
1678 2760 1701 2784 2.
1738 2757 1767 2784 Si
1794 2755 1936 2793 stipulatus

1097 2801 1148 2827 sis:
1168 2800 1251 2833 „Rem
1271 2800 1336 2832 dari,
1355 2808 1516 2834 vacuamque
1535 2800 1732 2836 possessionem
1751 2798 1844 2826 tradi.“
1863 2796 1894 2824 fr.
1912 2800 1936 2825 4.

1418 2841 1490 2867 123*
