2197 3121
258 173 300 205 58

258 255 286 282 S.
311 256 353 281 5⁰.
374 255 413 282 16.
456 255 588 291 integrum
613 255 721 292 aliquid.
748 254 779 282 sr.
799 256 840 282 60.
864 265 903 293 pr.
935 254 969 282 ib.
993 256 1035 281 50.
1061 255 1101 281 16.

258 298 326 326 Cum
347 298 434 335 aliquo
454 298 540 325 modo.
571 298 601 325 sr.
624 301 662 325 10.
683 299 704 332 5.
723 300 765 324 20.
790 298 843 334 Qu.
867 299 893 325 in
911 298 943 325 sr.
963 297 1032 324 cred.
1057 299 1100 324 42.

258 344 283 369 8.
304 358 335 361 —
355 343 386 376 §.
407 344 442 368 2.
469 343 672 377 Quicunque,
695 343 949 376 Qualiscunque.
974 340 1016 367 111.
1034 342 1100 368 Gn.

257 385 364 412 Dixerit
388 385 491 421 aliquiS.
527 385 558 412 sr.
578 387 601 411 4.
622 394 660 421 pr.
684 385 707 410 si
731 394 774 420 qu.
800 388 877 410 cautt.
901 386 926 410 2.
949 385 987 409 ll.
1024 382 1101 409 Prae-

258 428 366 454 tendere
385 427 491 464 aliquid.
524 427 554 454 sr.
576 429 598 453 1.
618 436 657 463 pr.
682 426 715 453 de
733 436 788 453 vac.
810 432 835 453 et
855 437 910 453 exc.
930 429 971 453 50.
991 428 1015 452 5.
1052 426 1100 452 Sin

257 470 357 507 aliquid
376 481 465 497 eorum
486 470 576 497 deerit.
606 470 663 496 Gai.
677 469 695 496 1.
712 472 752 496 17.
789 469 899 506 Aliquid
918 485 951 489 —
971 469 1100 506 quidquid

257 518 305 540 etc.
327 514 356 540 l'r.
376 516 417 540 22.
439 514 489 549 Qu.
511 518 570 540 met.
591 523 612 539 c.
632 514 656 539 4.
675 515 699 540 2.
737 512 794 539 Sub
813 514 903 550 specie.
921 512 1032 539 alienius
1053 514 1101 539 cri-

256 558 343 583 minis.
363 557 393 584 fr.
411 558 435 584 8.
455 556 488 583 de
507 555 617 583 calumn.
635 557 660 582 3.
674 557 698 582 6.
735 556 805 582 Dum
827 561 911 582 tamen
931 555 1032 592 aliquid
1050 560 1098 582 etc.

256 601 278 634 5.
301 602 322 626 l.
347 600 365 627 I.
390 600 422 627 de
445 599 534 626 exher.
558 598 633 625 liber.
663 601 688 625 2.
713 600 753 625 13.
795 598 897 629 Triste,
925 598 1099 635 Inopiuatum,

257 643 363 679 aliquid.
389 643 418 669 l'r.
434 644 456 668 1.
476 643 498 676 5.
518 644 542 668 2.
568 641 601 669 de
621 651 651 668 eo
670 652 695 678 p.
716 652 758 678 qu.
779 641 838 668 t'aet.
857 644 881 668 2.
904 643 943 668 10.
972 641 1002 668 sr.
1024 643 1046 668 7.
1067 642 1100 668 de

257 686 336 712 seriis.
361 688 385 712 2.
407 687 446 712 12.
484 684 624 722 Temporis
649 684 756 721 aliquid.
794 684 919 716 Iniuriae,
943 695 967 711 v.
993 684 1098 717 Damni,

255 728 363 764 aliquid.
383 728 412 754 l'r.
432 728 456 754 8.
476 728 498 762 5.
517 729 542 754 3.
562 728 592 754 fr.
605 729 647 754 35.
668 738 706 764 pr.
729 727 761 754 de
780 726 812 754 N.
833 727 864 754 G.
883 729 908 754 3.
921 729 946 754 5.
966 744 999 748 —
1019 729 1046 762 ᾖ.
1060 730 1098 755 3.

255 773 351 798 Alius
370 773 449 805 quis.
486 770 505 797 I.
525 772 587 805 Sy.
619 770 708 802 Alter,
728 770 818 803 Alius,
838 770 915 797 Alius
936 771 1004 807 quis.
1029 770 1060 798 fr.
1076 772 1098 797 l.

254 824 293 851 pr.
314 814 335 848 5.
357 816 379 840 l.
400 814 452 849 Qu.
473 815 559 850 quisq.
580 814 628 840 iur.
648 815 672 840 2.
692 815 716 839 2.
736 812 767 839 fr.
788 815 811 840 1.
830 823 870 851 pr.
891 813 923 841 ad
941 813 971 840 L.
985 814 1054 850 Aqu.
1074 815 1098 841 9.

254 860 278 883 2.
299 856 330 884 l'r.
349 859 373 883 2.
394 867 433 894 pr.
454 856 512 883 sam.
532 857 623 882 ercisc.
651 858 688 882 10.
708 858 732 882 2.
757 855 788 882 fr.
807 858 849 883 24.
869 857 892 890 5.
911 858 936 883 8.
960 857 993 883 de
1012 857 1098 884 lideic.

254 899 318 926 libb.
338 901 379 926 40.
400 902 423 926 5.
460 899 504 926 111.
531 901 596 927 (¹11.
626 898 690 925 Sive
714 909 746 926 ex
765 898 822 935 lege
840 899 898 926 XII.
919 899 1017 932 Tabb.‚
1042 901 1099 926 sive

254 953 288 970 ex
306 943 392 980 aliqua
413 942 460 977 [al.
481 942 530 969 alia
550 942 616 979 qua]
641 942 710 978 lege,
735 941 777 968 vel
801 953 834 969 ex
857 942 884 969 S.
905 942 936 969 C.
965 942 995 969 fr.
1014 944 1039 969 2.
1058 953 1098 979 pr.

255 986 313 1012 sam.
333 987 424 1012 ercisc.
446 988 485 1012 10.
504 987 528 1012 2.
549 985 580 1012 cs.
600 985 630 1012 sr.
645 987 687 1012 29.
708 986 730 1019 5.
746 987 767 1012 l.
788 985 821 1011 de
839 990 941 1012 testam.
960 985 1036 1012 milit.
1055 987 1097 1012 29.

255 1031 278 1056 l.
315 1028 455 1060 Adulterii,
474 1028 517 1056 vel
536 1029 625 1065 aliquo
639 1028 737 1055 iudicio
751 1027 868 1065 publico,
889 1028 1011 1055 damnati.
1032 1028 1062 1055 l'r.
1073 1030 1097 1055 4.

253 1073 276 1106 5.
297 1074 319 1098 7.
344 1071 376 1098 de
396 1071 426 1098 R.
446 1072 479 1098 Μ.
500 1073 541 1099 49.
562 1073 602 1098 16.
631 1071 662 1098 fr.
682 1073 723 1098 52.
743 1082 782 1108 pr.
807 1071 840 1098 de
858 1071 890 1097 A.
910 1071 940 1098 E.
960 1071 992 1098 V.
1013 1073 1053 1098 19.
1074 1073 1097 1098 l.

253 1114 358 1141 Libello
377 1114 452 1147 dato,
470 1115 513 1142 vel
531 1114 661 1152 l’rincipi,
681 1114 722 1140 vel
742 1114 828 1141 alicui.
853 1113 940 1141 sr.*15.
960 1115 982 1149 5.
1001 1116 1044 1141 29.
1065 1114 1097 1141 de

254 1159 329 1184 iniur.
354 1159 395 1184 47.
416 1159 456 1183 10.
500 1156 563 1183 Sive.
586 1156 686 1194 legatus
712 1159 759 1189 sit,
784 1173 817 1177 —
840 1158 897 1184 sive
922 1157 1096 1190 adiudicatus,

253 1202 309 1227 sive
328 1205 471 1237 usucaptus
491 1211 504 1226 a
524 1205 557 1232 te,
577 1202 634 1227 sive
646 1201 768 1232 traditus,
788 1201 844 1227 sive
863 1200 952 1237 aliquo
965 1202 1022 1228 iure
1035 1206 1096 1228 tuus

253 1244 346 1270 factus.
370 1243 400 1270 sr.
420 1244 444 1269 6.
464 1243 486 1277 5.
506 1244 529 1269 3.
550 1243 583 1270 de
603 1243 720 1270 statulib.
740 1245 782 1270 40.
803 1245 826 1270 7.

287 1287 436 1320 Aliquo.
466 1286 579 1320 (Advb.)
615 1287 646 1320 §.
667 1288 701 1313 1.
740 1288 834 1314 Certo
854 1289 931 1314 loco.
964 1286 1007 1313 1Π.
1028 1287 1095 1314 Cn.

252 1328 293 1356 Be.
312 1328 400 1365 aliquo
419 1329 471 1356 loci
490 1334 613 1356 moretur.
640 1329 670 1356 sr.
692 1331 714 1356 l.
739 1329 771 1356 de
791 1340 859 1356 serv.
881 1334 984 1367 export.
1010 1331 1050 1356 18.
1071 1331 1094 1356 7.

253 1388 285 1392 ——
305 1373 336 1405 ς’.
358 1374 392 1399 2.
421 1374 647 1407 Aliquantum.
684 1372 726 1399 III.
749 1374 815 1401 (3¹11.
847 1371 883 1399 Vt
903 1372 991 1409 aliquo
1011 1372 1095 1410 pluris

253 1415 386 1442 haberent.
417 1415 448 1442 fr.
467 1418 491 1441 2.
512 1416 533 1450 5.
553 1417 594 1441 26.
620 1415 652 1442 de
672 1416 704 1443 Ο.
725 1415 742 1442 1.
764 1418 786 1442 1.
806 1418 830 1442 2.
869 1414 909 1442 Ne
928 1415 1033 1452 aliquo,
1053 1415 1096 1443 vel

253 1459 293 1485 ins
314 1460 350 1485 rei
369 1458 411 1485 vel
436 1469 545 1496 corpus,
571 1458 686 1485 deterius
711 1459 801 1492 saciat,
826 1458 868 1486 vel
892 1459 950 1486 fieri
973 1460 1095 1497 patiatur.

253 1502 283 1528 fr.
304 1504 344 1528 11.
365 1502 386 1536 5.
405 1504 429 1528 2.
451 1501 527 1529 locat.
548 1504 588 1529 19.
607 1504 632 1528 2.

287 1545 452 1578 Aliquot.
490 1546 657 1572 Nonnulli.
695 1544 737 1571 1Π.
758 1546 819 1573 On.
848 1544 914 1571 Post
932 1543 1034 1581 aliquot
1053 1555 1096 1571 an-

253 1598 309 1614 nos.
338 1587 369 1614 sr.
389 1590 413 1614 2.
433 1588 470 1622 55.
490 1589 531 1614 25.
551 1590 593 1614 28.
613 1587 645 1614 de
665 1587 698 1614 O.
718 1587 735 1614 1,
758 1590 780 1614 1.
799 1590 823 1614 2.

287 1630 510 1663 Aliquoties.
539 1630 659 1664 (Advb.)
697 1631 727 1665 §.
748 1632 782 1657 l.
811 1633 892 1658 Plus
911 1633 1013 1658 semel.
1051 1630 1094 1656 III.

252 1675 318 1701 Cn.
348 1673 415 1699 Cum
429 1684 507 1710 saepe
521 1673 648 1700 seditiose
667 1678 693 1700 et
706 1673 856 1700 turbulente
869 1684 898 1700 se
911 1675 1050 1710 gesserint,
1070 1678 1096 1700 et

252 1716 392 1752 aliquoties
412 1716 571 1753 adprehensi
590 1721 638 1743 etc.
659 1716 689 1743 l'r.
702 1719 744 1743 28.
765 1718 786 1751 5.
805 1718 829 1743 3.
850 1716 882 1743 de
901 1727 978 1754 poen.
998 1718 1039 1743 48.
1055 1718 1095 1743 19.

253 1759 284 1785 cs.
308 1758 357 1786 Th.
378 1759 408 1786 C.
429 1758 484 1786 VII.
506 1761 546 1786 19.
571 1770 591 1786 c.
613 1762 635 1786 l.
655 1770 694 1797 pr.
726 1760 758 1786 de
782 1760 912 1786 Saturian.
944 1776 976 1779 —
1008 1761 1039 1794 §.
1060 1761 1095 1786 2.

253 1804 448 1836 Aliquando.
486 1801 528 1828 Ill.
546 1804 611 1830 Gn.
640 1802 699 1829 Non
719 1813 785 1839 quae
804 1804 853 1837 (sc.
873 1803 935 1836 dos)
955 1802 1096 1839 aliquoties

253 1845 364 1871 inaniter
387 1844 513 1871 dotalium
537 1846 770 1873 instrumentorum
794 1851 885 1873 tenore.
911 1846 1095 1875 conscribitur.

253 1887 301 1913 sed
320 1897 396 1924 quam
415 1897 444 1913 se
464 1889 636 1925 corporaliter
660 1889 803 1916 tradidisse
827 1889 954 1916 docuerit.
992 1889 1029 1915 lb.
1049 1889 1094 1916 lx.

253 1932 294 1956 42.
315 1940 336 1956 c.
358 1932 397 1956 l5.
418 1930 450 1957 de
470 1931 529 1957 bon.
549 1942 636 1969 prosc.
990 1926 993 1929 μ

288 1974 419 2001 Aliter.
440 1974 552 2007 (Advb.)
577 1976 607 2008 §.
623 1976 656 2002 l.
677 1976 817 2002 Diverso
836 1977 938 2007 modo,
959 1976 1094 2002 Contra.

255 2016 272 2041 1.
294 2018 354 2051 Sy.
384 2016 536 2047 Adversus.
563 2017 670 2044 Contra.
703 2018 733 2045 fr.
755 2020 778 2045 4,
803 2018 826 2052 5.
848 2020 869 2044 l.
895 2017 925 2044 fr.
947 2019 1002 2044 137.
1029 2019 1050 2052 5.
1071 2020 1094 2044 7.

254 2059 286 2085 de
309 2058 337 2085 Υ.
359 2060 391 2086 0.
411 2061 452 2086 45.
473 2062 496 2086 1.
524 2060 613 2088 Aliud.
633 2061 663 2088 l'r.
678 2062 718 2087 61.
734 2062 770 2095 55.
784 2063 807 2087 6.
823 2071 862 2097 sq.
883 2060 915 2087 de
934 2060 995 2087 furt.
1015 2062 1056 2087 47.
1070 2063 1094 2087 2.

254 2102 296 2129 ΠΙ.
312 2104 376 2130 Gn.
405 2103 485 2138 Quod
505 2103 580 2130 aliter
598 2104 724 2130 adversus
745 2115 773 2130 ea
792 2104 934 2131 iudicatum
953 2105 1009 2131 erit.
1028 2103 1059 2130 fr.
1071 2105 1094 2130 6.

254 2145 287 2171 de.
307 2144 385 2173 seriis.
405 2148 428 2172 2.
446 2148 484 2172 12.
515 2146 617 2179 Facito,
638 2158 690 2183 qno
710 2148 769 2184 quis
789 2158 837 2185 pro
857 2156 917 2184 agro
936 2148 1031 2178 minus,
1051 2147 1096 2174 ali-

256 2193 328 2214 terve
355 2190 512 2225 seripturam
540 2190 685 2226 vectigalve
718 2190 769 2217 det.
809 2190 850 2217 Fr.
879 2190 944 2226 legis
973 2190 1094 2217 Thoriae.

255 2230 331 2257 Nunc
351 2230 426 2257 aliter
444 2232 587 2265 ordinatur,
607 2239 685 2270 atque
704 2233 767 2260 olim
780 2233 890 2260 solebat.
921 2232 977 2260 Gai.
991 2233 1022 2260 ll.
1037 2234 1094 2259 103.

256 2274 353 2306 Aliter.
374 2284 449 2310 quam
469 2277 593 2312 oportuit.
618 2277 648 2303 sr.
668 2280 692 2303 2.
714 2278 765 2312 Qu.
786 2278 872 2313 quisq.
892 2277 940 2303 iur.
959 2278 984 2302 2.
1003 2278 1028 2303 2.
1065 2276 1096 2303 Si

256 2328 314 2344 eum
333 2317 423 2349 aliter,
448 2328 524 2354 quam
549 2324 577 2345 ut
601 2320 697 2352 tilium,
717 2320 893 2346 observasset.
926 2319 956 2346 fr.
978 2321 1034 2346 132.
1054 2329 1094 2356 pr.

255 2360 288 2387 de
308 2359 338 2387 V.
359 2361 392 2387 O.
412 2362 452 2386 45.
471 2363 490 2387 Ι.
527 2362 612 2388 Aliter
632 2364 704 2397 (uti),
724 2374 801 2400 quam
814 2362 939 2390 utendum
953 2363 1095 2399 acceperis,

255 2413 279 2429 v.
301 2413 377 2439 qnam
398 2404 589 2431 commodatum
613 2410 660 2433 est.
695 2406 751 2433 Gai.
770 2406 812 2433 111.
839 2408 897 2433 197.
925 2406 956 2433 fr.
976 2407 999 2431 5.
1028 2405 1050 2439 5.
1070 2406 1094 2431 8.

257 2446 384 2473 commod.
410 2448 449 2474 13.
469 2448 493 2474 6.
536 2448 654 2475 Solemni
680 2459 751 2475 more
775 2449 854 2480 factm
879 2465 912 2468 —
937 2458 996 2475 nam
1020 2447 1096 2474 aliter

256 2490 322 2515 l'acta
341 2491 519 2522 institutione,
539 2491 604 2517 nihil
623 2492 735 2527 prolicit.
764 2492 820 2519 Gai.
840 2492 870 2519 II.
892 2494 949 2518 116.
969 2491 1000 2518 cf.
1020 2490 1038 2517 1.
1053 2493 1094 2517 80.

258 2531 328 2558 Paul.
351 2532 379 2559 V.
398 2535 440 2559 25.
465 2534 486 2567 5.
506 2535 530 2560 6.
568 2533 664 2561 Facere
684 2539 732 2562 etc.
757 2546 809 2571 quo
833 2535 908 2561 aliter
932 2544 997 2571 aqua
1022 2533 1094 2565 fluat,

257 2585 334 2611 quam
354 2580 401 2602 etc.
433 2576 463 2603 fr.
484 2579 506 2603 1.
525 2587 565 2614 pr.
589 2587 622 2604 ne
645 2587 687 2614 qu.
707 2579 734 2604 in
754 2578 824 2604 llum.
844 2578 905 2615 pub.
929 2579 973 2604 43.
992 2578 1032 2602 13.
1061 2592 1094 2596 -

256 2619 288 2652 §.
308 2620 344 2645 2.
365 2621 538 2653 Alioquin,
557 2622 741 2648 Praeterea.
778 2620 819 2647 lll.
835 2622 899 2648 (In.
920 2619 994 2647 Nihil
1007 2629 1094 2656 agens,

257 2662 305 2687 sed
325 2662 399 2687 alit-*r
418 2662 560 2690 ambulans.
589 2664 618 2690 sr.
638 2665 678 2690 63.
704 2664 726 2697 5
745 2664 769 2689 3.
795 2663 826 2689 de
845 2663 876 2690 A.
896 2663 926 2690 li.
947 2663 980 2690 1).
1008 2665 1051 2689 41.
1072 2665 1093 2689 l.

259 2704 318 2731 Non
338 2706 426 2741 inique
445 2711 551 2739 cogetur
569 2708 624 2733 eius
644 2707 748 2733 nomine
761 2706 885 2733 iudicium
899 2707 1029 2743 aecipcre3
1049 2706 1094 2732 ali-

260 2754 298 2774 ter
318 2749 385 2774 enini
406 2753 522 2784 potestas
542 2749 646 2776 dabitur
665 2755 713 2776 etc.
733 2749 763 2776 [Γ.
781 2751 823 2775 25.
844 2749 875 2776 de
895 2749 972 2776 indic.
992 2752 1015 2775 5.
1037 2751 1058 2776 l.

293 2792 432 2818 Alium.
461 2791 582 2824 (Advh.)
619 2795 716 2820 Alibi.
753 2792 794 2818 Ill.
816 2793 876 2820 Cn.
909 2792 937 2819 Si
962 2802 990 2818 ea
1015 2797 1094 2824 esset,

260 2844 325 2870 qnae
344 2834 424 2861 aliubi
443 2833 486 2867 [al.
501 2834 574 2867 alibi]
594 2837 698 2872 nuptias
718 2845 770 2862 non
783 2835 858 2862 facile
870 2836 957 2873 possit
969 2836 1093 2862 invenire.

992 173 1062 204 ALI
1087 191 1126 197 —
1149 172 1251 204 ALM.

1146 254 1177 282 sr.
1196 256 1238 282 6⁴.
1258 255 1280 289 5.
1301 256 1323 282 l.
1353 255 1386 282 de
1405 256 1482 284 cond.
1502 262 1529 284 ct
1546 256 1613 284 dem.
1639 259 1681 285 35.
1702 259 1725 286 l.
1767 259 1823 287 Nec
1847 260 1911 288 licet
1929 271 1990 290 eum
2033 248 2036 250 -

1145 298 1206 325 ind«¹
1220 298 1362 325 transferre
1376 298 1456 325 aliubi
1470 304 1518 326 etc.
1539 300 1569 327 fr.
1583 303 1607 327 2.
1629 300 1661 328 de
1674 301 1762 329 cadav.
1777 305 1861 340 punit.
1875 306 1916 331 48.
1927 306 1970 332 24.

1178 349 1357 377 Aliunde.
1377 349 1490 383 (Advb.)
1509 351 1540 384 §-
1552 353 1588 378 1.
1612 354 1663 379 Ex
1682 354 1751 379 alio
1769 355 1846 381 1000.
1864 354 1907 382 111.
1920 356 1987 383 οη.

1143 392 1193 424 Ea,
1214 403 1281 429 quae
1299 392 1405 419 aliunde
1428 397 1498 425 orta,
1521 394 1583 421 alibi
1604 400 1683 432 nupta
1705 400 1752 422 est.
1783 406 1804 422 c.
1826 398 1848 423 l.
1873 397 1906 424 de
1924 398 1987 425 mul.

1144 439 1169 461 et
1188 436 1215 461 in
1234 445 1286 471 quo
1305 434 1355 462 loc.
1376 437 1417 462 10.
1436 437 1478 462 62.
1516 437 1592 472 Quae
1610 440 1660 472 (sc.
1681 439 1759 475 aqua)
1779 450 1792 466 a
1812 441 1898 477 capite.
1917 440 1988 468 duci-

1144 483 1199 505 tur.
1223 488 1276 504 non
1300 478 1412 505 aliunde.
1446 478 1476 505 fr.
1497 481 1520 506 l.
1543 481 1566 514 5.
1586 482 1608 508 7.
1641 481 1674 508 de
1700 492 1758 518 aqu.
1784 487 1855 519 quot.
1879 484 1921 510 43.
1944 485 1987 511 20.

1145 522 1220 557 Quae
1239 522 1288 553 (sc.
1302 532 1364 558 pars
1378 521 1503 555 aedificii)
1522 522 1589 550 nulli
1607 526 1746 551 coniuncta
1765 526 1809 556 sit.
1830 535 1915 562 neque
1934 525 1989 553 adi·

1143 569 1199 591 tum
1223 564 1328 591 aliunde
1352 564 1453 591 habeat.
1482 564 1513 591 l'r.
1538 567 1580 592 47.
1605 566 1637 593 de
1657 567 1742 594 damn.
1767 567 1811 595 ins.
1840 570 1881 595 39.
1901 570 1926 596 2.
1954 585 1988 589 —

1144 608 1174 641 §.
1188 609 1223 634 2.
1243 609 1322 634 Alia
1341 610 1375 634 de
1394 618 1500 634 cauea.
1532 608 1655 638 111011.
1676 610 1771 646 Quoad
1785 611 1827 638 vel
1847 622 1880 638 ex
1898 611 1989 639 fructi-

1144 650 1207 682 bus,
1226 650 1268 677 vel
1288 650 1393 677 aliunde
1412 651 1532 677 satisfiat.
1557 651 1586 678 fr.
1599 653 1622 678 5.
1638 653 1660 686 5.
1673 656 1714 680 24.
1735 659 1761 680 ut
1782 655 1808 681 in
1823 664 1895 692 poss.
1910 654 1988 691 legat.

1143 695 1184 720 36.
1204 695 1228 720 4.
1266 693 1405 730 Quidquid
1429 693 1547 726 aliunde,
1571 694 1613 721 vel
1637 706 1669 723 ex
1692 707 1720 723 re
1738 698 1919 734 proprietarii,
1943 697 1989 727 ad.

1144 738 1232 773 quirit.
1266 736 1338 764 Paul.
1364 736 1395 763 V.
1417 738 1439 763 7.
1460 737 1482 771 5.
1501 739 1525 763 3.
1563 738 1639 773 Quae
1663 744 1735 766 extra
1755 742 1907 778 (paternam
1926 740 1988 767 sub-

1144 780 1278 813 stantiam)
1297 780 1368 806 filius
1388 781 1445 806 eius
1464 779 1569 806 aliunde
1588 780 1768 818 adquisiverit.
1789 794 1809 811 c.
1824 785 1848 810 9.
1868 784 1934 818 5.1.
1954 783 1988 811 de

1143 828 1227 849 natur.
1248 822 1292 849 lib.
1312 825 1336 850 5.
1353 824 1395 849 27.
1424 822 1540 850 Aliunde
1553 834 1634 860 posse
1653 825 1798 862 (expedire,
1817 826 1860 853 vel
1874 827 1989 860 solvere,

1143 866 1302 903 pecuniam).
1321 865 1352 892 sr.
1367 867 1390 892 5.
1411 866 1432 900 5.
1447 867 1470 892 9.
1491 866 1524 892 de
1543 867 1597 893 reb.
1619 877 1717 894 eorum.
1737 870 1779 895 27.
1798 871 1822 896 9.
1841 869 1872 896 fr.
1886 871 1911 896 3.
1925 870 1946 904 5.
1963 871 1986 897 l.

1144 910 1196 944 Qui
1216 910 1313 946 potior.
1331 911 1373 935 20.
1394 910 1418 935 4.
1438 909 1573 946 (probare,
1593 920 1616 936 v.
1638 912 1787 948 consequi).
1807 911 1838 939 fr.
1856 914 1899 940 27.
1919 913 1986 947 5.1.

1143 952 1175 978 de
1195 952 1254 978 furt.
1274 953 1316 978 47.
1335 954 1359 978 2.
1380 951 1410 978 fr.
1431 953 1471 978 ll.
1492 953 1513 986 5.
1534 954 1558 979 6.
1578 952 1610 979 de
1628 953 1715 991 pecul.
1736 956 1775 980 15.
1796 956 1819 981 1.

1177 1007 1295 1034 Alius.
1316 1006 1464 1040 (Pr-onom.)
1484 1007 1514 1040 §-
1530 1009 1564 1034 l.
1585 1010 1693 1041 Aller,
1714 1011 1852 1036 Similis.
1872 1009 1986 1045 1101!-

1142 1049 1202 1076 Iste.
1239 1049 1318 1076 Idem.
1356 1048 1412 1076 Gai.
1438 1049 1456 1076 I.
1485 1051 1524 1077 13.
1554 1050 1584 1077 sr.
1608 1053 1633 1077 2.
1659 1051 1680 1085 5.
1706 1053 1730 1078 4.
1760 1052 1792 1078 de
1817 1051 1888 1079 O.1.
1914 1055 1936 1080 l.
1960 1055 1986 1080 2.

1141 1092 1272 1129 Vterque,
1292 1092 1387 1119 Ambo.
1412 1092 1443 1119 sr.
1464 1094 1487 1119 7.
1507 1094 1529 1127 5
1549 1095 1573 1120 5.
1593 1094 1626 1120 de
1644 1094 1736 1121 iurisd.
1756 1096 1780 1121 2.
1802 1097 1824 1121 l.
1856 1095 1898 1122 III.
1919 1097 1987 1123 Gn.

1142 1135 1210 1163 Cum
1229 1135 1295 1162 alius
1315 1136 1346 1162 ab
1367 1136 1418 1163 alio
1438 1136 1535 1163 herede
1558 1137 1667 1164 usumsr.
1688 1137 1811 1164 vindicat.
1837 1137 1867 1164 sr.
1888 1139 1928 1164 12.
1954 1138 1988 1165 de

1141 1179 1223 1206 ususr.
1243 1189 1309 1206 acer.
1331 1181 1353 1206 7.
1372 1181 1396 1206 2.
1434 1178 1534 1205 Horum
1554 1181 1622 1206 enim
1642 1180 1708 1207 alius
1728 1182 1899 1218 resipiscere,
1918 1181 1988 1208 alius

1142 1232 1273 1255 crescere,
1291 1222 1359 1249 alius
1379 1222 1564 1249 convalescere
1582 1228 1681 1260 potest.
1710 1223 1782 1250 Paul.
1802 1223 1845 1250 III.
1866 1225 1890 1250 6.
1910 1224 1932 1258 5.
1944 1225 1985 1251 18.

1140 1265 1200 1292 Alia
1219 1265 1295 1292 aliam
1308 1267 1446 1292 consumit.
1466 1264 1497 1292 fr.
1513 1267 1570 1292 130.
1591 1266 1623 1292 (1(ι
1638 1266 1669 1293 R.
1684 1266 1702 1293 I.
1722 1268 1764 1293 50.
1779 1268 1820 1293 17.
1858 1266 1894 1293 Se
1907 1277 1988 1295 unum

1140 1309 1245 1335 oculum
1264 1309 1396 1337 amisisse.
1421 1313 1447 1335 et
1473 1310 1499 1335 in
1525 1308 1576 1335 alio
1595 1309 1747 1346 periclitari.
1780 1309 1864 1337 Vatic.
1884 1311 1907 1345 5
1925 1312 1986 1338 239.

1140 1352 1200 1378 Alia
1219 1352 1261 1378 die
1280 1353 1406 1389 accipere.
1434 1351 1472 1378 lb.
1492 1352 1592 1386 5162.
1630 1351 1748 1385 Praetor.
1767 1363 1789 1379 s.
1803 1352 1922 1385 Procas..
1942 1353 1987 1381 vel

1141 1395 1184 1422 alii
1203 1396 1267 1432 (qui
1285 1394 1461 1422 iurisdictioni
1481 1400 1608 1432 praesunt
1627 1396 1702 1429 etc.).
1735 1396 1765 1422 fr.
1783 1398 1808 1422 2.
1828 1406 1868 1434 pr.
1892 1397 1915 1423 si
1941 1407 1985 1434 qu.

1140 1440 1167 1465 in
1186 1440 1226 1465 ius
1246 1448 1303 1465 voc.
1322 1439 1346 1464 2.
1366 1440 1390 1464 5.
1410 1437 1441 1464 fr.
1456 1440 1496 1464 13.
1516 1439 1576 1472 5.1.
1597 1438 1629 1464 de
1648 1438 1741 1465 iurisd.
1761 1440 1785 1465 2.
1801 1441 1824 1465 l.
1844 1455 1877 1458 —
1897 1440 1928 1473 §0
1949 1441 1985 1475 2,.

1140 1483 1295 1514 Alienus,
1315 1483 1519 1513 Extraneus,
1540 1482 1748 1508 Contrarium.
1779 1481 1797 1507 I.
1813 1483 1874 1517 Sy.
1893 1482 1987 1510 Extra-

1140 1534 1214 1551 neus.
1243 1524 1273 1550 fr.
1287 1526 1329 1551 33.
1350 1523 1382 1551 de
1396 1525 1452 1550 iure
1466 1523 1519 1550 dot.
1539 1525 1581 1550 23.
1595 1525 1619 1550 3.
1656 1523 1732 1551 Nova
1749 1524 1893 1552 voluntate.
1922 1525 1987 1552 Alio

1140 1568 1234 1593 animo.
1262 1567 1293 1594 fr.
1314 1569 1354 1593 15.
1374 1577 1414 1604 sq.
1435 1567 1467 1594 de.
1487 1566 1518 1593 N.
1539 1566 1571 1593 G.
1590 1568 1614 1593 3.
1629 1569 1653 1593 5.
1690 1567 1721 1593 II.
1737 1569 1803 1601 ΟΡ.
1829 1567 1898 1605 Ipse.
1927 1568 1985 1595 Gai.

1140 1610 1182 1636 III.
1204 1612 1261 1637 107.
1282 1610 1312 1636 fr.
1333 1612 1390 1637 121.
1411 1610 1441 1636 sr.
1457 1612 1516 1636 231.
1536 1609 1569 1636 de
1587 1609 1619 1636 Υ.
1640 1610 1667 1636 S.
1687 1612 1729 1636 50.
1746 1611 1784 1637 16.
1822 1610 1901 1637 Idem.
1927 1610 1986 1638 Gal.

1140 1652 1158 1679 I.
1180 1654 1237 1679 132.
1257 1653 1299 1680 ΙΙΙ.
1320 1655 1361 1680 90.
1386 1653 1417 1680 sr.
1436 1655 1478 1679 20.
1503 1653 1524 1687 5.
1544 1655 1569 1679 2.
1594 1652 1627 1680 de
1647 1653 1673 1679 S.
1694 1652 1722 1680 P.
1743 1652 1774 1679 V.
1795 1654 1818 1679 8.
1838 1655 1863 1680 2.
1901 1653 1985 1681 Suum

1141 1712 1173 1715 -
1193 1695 1274 1722 Aliud
1293 1696 1422 1729 (nomen).
1451 1695 1481 1722 fr.
1502 1697 1526 1722 1.
1545 1696 1566 1730 5.
1587 1697 1611 1722 4.
1630 1696 1661 1723 fr.
1677 1698 1700 1723 7.
1719 1696 1756 1730 55.
1773 1697 1794 1722 l.
1810 1706 1850 1733 sq.
1870 1696 1903 1724 de
1915 1701 1984 1735 pact.

1139 1740 1163 1765 2.
1185 1740 1224 1765 14.
1262 1738 1303 1765 III.
1321 1740 1385 1766 011.
1406 1737 1472 1770 Alii,
1492 1748 1569 1775 quam
1589 1740 1630 1765 cni
1650 1739 1767 1771 deberet,
1787 1739 1899 1766 solvere..
1925 1739 1985 1767 Gai.

1140 1781 1181 1808 III.
1203 1783 1260 1808 160.
1297 1781 1349 1808 Pro
1368 1781 1433 1813 alio,
1454 1792 1530 1818 quam
1550 1792 1598 1819 pro
1618 1793 1670 1819 qno
1690 1782 1793 1814 licebit,
1814 1782 1984 1820 (postulare).

1141 1824 1170 1851 sr.
1192 1826 1213 1851 l.
1235 1825 1272 1858 55.
1292 1828 1316 1852 8.
1338 1827 1378 1851 11.
1399 1824 1432 1851 de
1450 1825 1548 1862 postul.
1567 1827 1591 1852 3.
1608 1828 1630 1852 l.
1667 1826 1762 1862 Neque
1775 1825 1880 1858 absens,
1899 1835 1985 1863 neque,

1140 1878 1188 1905 per
1215 1867 1307 1900 alium,
1336 1868 1483 1901 (eiusmodi
1511 1868 1703 1895 solemnitatem
1729 1879 1852 1905 peragere
1875 1869 1983 1906 posse).

1140 1911 1170 1938 fr.
1190 1913 1232 1937 25.
1252 1912 1273 1945 5.
1295 1913 1317 1937 1.
1338 1910 1370 1937 de
1390 1910 1478 1948 adopt.
1500 1913 1522 1937 1.
1543 1913 1566 1938 7.
1603 1911 1699 1938 Alieno
1719 1912 1837 1944 nomine,
1856 1912 1918 1938 item
1936 1921 1984 1948 pet

1140 1954 1220 1986 alios,
1241 1953 1349 1990 (agendi
1369 1959 1527 1991 potestatem
1546 1964 1598 1980 non
1618 1954 1734 1987 faciam).
1766 1953 1850 1980 Varie.
1871 1953 1908 1988 55.
1921 1955 1981 1980 322.

1140 2008 1180 2032 sq.
1217 1996 1330 2023 Perinde
1350 2007 1409 2023 cum
1428 1997 1535 2023 domino
1554 1996 1645 2030 (habet
1659 1998 1787 2023 actionem
1800 1996 1884 2029 furti),
1904 2001 1984 2033 atque

1139 2041 1162 2066 si
1182 2039 1293 2076 quilibet
1311 2039 1377 2066 alius
1397 2045 1476 2066 esset.
1502 2039 1531 2066 sr.
1547 2042 1587 2065 18.
1607 2039 1639 2066 de
1660 2050 1720 2066 nox.
1740 2044 1788 2065 act.
1808 2040 1832 2066 9.
1845 2042 1870 2066 4.
1900 2039 1983 2067 Aliud

1140 2088 1166 2109 et
1185 2082 1255 2109 aliud
1275 2082 1464 2116 (observatur).
1484 2082 1514 2109 fr.
1537 2084 1576 2109 15.
1597 2082 1629 2109 de
1648 2082 1676 2108 S.
1696 2082 1724 2109 P.
1745 2082 1777 2109 V.
1797 2083 1820 2109 S.
1840 2084 1864 2109 2.
1896 2082 1982 2110 Aliam

1140 2131 1218 2163 atque
1237 2125 1313 2152 aliam
1333 2126 1413 2159 (esse,
1434 2135 1458 2151 v.
1478 2125 1543 2153 sieri.
1563 2126 1638 2159 rem).
1660 2125 1690 2152 l'r.
1709 2128 1734 2152 2.
1753 2126 1774 2160 5.
1794 2127 1818 2152 2.
1839 2125 1872 2152 de
1891 2125 1981 2153 hored.

1140 2179 1163 2196 V.
1184 2174 1232 2195 act.
1260 2171 1300 2195 18.
1320 2171 1343 2195 4.
1381 2167 1423 2195 Pr.
1442 2168 1460 2194 I.
1481 2168 1515 2195 de
1533 2168 1612 2195 duob.
1632 2169 1693 2195 reis.
1715 2170 1739 2195 3.
1761 2170 1802 2195 16.
1832 2168 1863 2194 fr.
1882 2170 1924 2195 22.
1948 2168 1982 2196 de

1140 2222 1195 2239 exc.
1216 2212 1253 2238 rei
1272 2211 1325 2238 iud.
1345 2213 1386 2238 44.
1406 2213 1430 2237 2.
1467 2211 1549 2238 Aliud
1567 2221 1616 2248 pro
1635 2211 1685 2238 alio
1706 2212 1878 2248 (permutare,
1897 2221 1921 2238 v.
1941 2222 1981 2238 ac·

1140 2256 1236 2292 cipere,
1256 2265 1280 2281 v.
1302 2254 1422 2286 solvere,
1442 2264 1465 2281 v.
1485 2254 1622 2281 intendere
1641 2255 1716 2288 etta).
1744 2254 1774 2280 sr.
1794 2256 1836 2280 58.
1856 2254 1889 2280 de
1906 2264 1983 2292 proc.

1138 2300 1162 2324 3.
1182 2300 1206 2324 3.
1227 2297 1257 2324 sr.
1277 2300 1301 2324 8.
1321 2298 1342 2332 5.
1362 2299 1404 2323 24.
1424 2297 1456 2324 de
1476 2302 1597 2323 transact.
1616 2299 1640 2323 2.
1658 2300 1696 2324 15.
1726 2296 1782 2324 Gai.
1797 2296 1838 2323 111.
1860 2299 1918 2324 168.
1934 2297 1980 2324 IV.

1139 2343 1182 2368 55.
1218 2340 1314 2367 Verbis
1334 2340 1426 2367 saetam
1445 2340 1631 2376 obligationem
1650 2351 1731 2377 posse
1749 2339 1807 2366 aliis
1825 2340 1916 2367 verbis
1928 2339 1980 2367 dis-

1139 2383 1215 2410 solvi.
1243 2383 1280 2409 Ib.
1301 2382 1342 2409 III.
1364 2385 1421 2409 170.
1459 2382 1499 2409 'Ne
1522 2382 1587 2409 aliae
1612 2384 1821 2410 conversationis
1845 2393 1920 2410 usum
1939 2393 1979 2410 ac-

1140 2427 1220 2463 cipiat
1243 2427 1297 2460 (sc.
1321 2426 1516 2463 sepulchrum).
1548 2425 1578 2452 fr.
1599 2428 1638 2452 12.
1659 2427 1724 2460 5.1.
1750 2426 1782 2452 de
1801 2426 1873 2463 relig.
1894 2427 1933 2452 ll.
1954 2427 1977 2452 7.

1139 2469 1227 2495 Arbor
1246 2468 1372 2495 radicitus
1392 2473 1477 2501 eruta,
1502 2473 1527 2495 et
1550 2470 1577 2495 iu
1600 2468 1650 2495 alio
1669 2470 1763 2506 posita.
1796 2469 1826 2496 fr.
1845 2470 1886 2495 26.
1911 2469 1933 2503 5.
1952 2471 1981 2499 2.

1139 2512 1171 2539 de
1190 2512 1221 2538 A.
1241 2511 1272 2538 R.
1292 2512 1326 2538 D.
1345 2513 1424 2538 41.1.
1461 2511 1567 2544 Milites,
1587 2513 1632 2548 qui
1651 2522 1742 2538 causas
1761 2512 1825 2539 alias
1838 2511 1979 2540 defendere

1139 2565 1191 2581 non
1210 2559 1331 2592 possunt.
1352 2553 1381 2581 sr.
1402 2555 1424 2581 7.
1444 2554 1466 2588 5.
1488 2556 1510 2581 l.
1530 2554 1562 2581 ad
1580 2554 1610 2581 L.
1630 2554 1677 2581 Iul.
1697 2556 1755 2582 mai.
1774 2556 1815 2581 48.
1836 2556 1860 2581 4.

1173 2606 1314 2633 Alium.
1339 2604 1443 2638 (Adv.)
1475 2606 1612 2638 Contra,
1641 2608 1745 2633 Secus.
1780 2605 1823 2632 III.
1843 2606 1910 2633 Cn.
1946 2604 1977 2632 Si

1139 2649 1198 2685 quis
1218 2648 1296 2675 aliuta
1321 2647 1396 2680 faxit,
1420 2649 1495 2685 ipsus
1519 2647 1573 2675 lovi
1597 2658 1672 2676 sacer
1694 2653 1758 2675 esto.
1800 2647 1852 2675 LL.
1876 2647 1976 2676 Numae

1139 2691 1229 2728 Pomp.
1250 2691 1299 2718 No.
1321 2693 1359 2718 13.

1172 2743 1348 2776 Alte-gare
1368 2747 1416 2769 etc.
1453 2742 1494 2769 Cf.
1514 2753 1538 2769 v.
1558 2753 1582 2770 v.
1602 2742 1662 2770 Adl.

1172 2794 1313 2819 Almus.
1335 2792 1472 2826 (Adiect.)
1510 2795 1663 2825 Sanctus,
1684 2794 1808 2820 clarus.
1845 2791 1887 2819 111.
1908 2794 1974 2821 cn.

1138 2835 1172 2862 Et
1190 2836 1216 2862 in
1235 2836 1339 2872 antiqua
1358 2835 1449 2869 Roma,
1469 2841 1495 2863 et
1513 2837 1539 2863 in
1559 2836 1606 2863 hac
1625 2835 1691 2862 alma
1710 2836 1783 2868 urbe,
1802 2839 1828 2862 et
1845 2836 1873 2862 in
1891 2835 1973 2865 Italia.
