<?xml version="1.0" encoding="UTF-8"?>
<!DOCTYPE html PUBLIC "-//W3C//DTD XHTML 1.0 Transitional//EN"
    "http://www.w3.org/TR/xhtml1/DTD/xhtml1-transitional.dtd">
<html xmlns="http://www.w3.org/1999/xhtml" xml:lang="en" lang="en">
 <head>
  <title>
</title>
<meta http-equiv="Content-Type" content="text/html;charset=utf-8" />
  <meta name='ocr-system' content='tesseract 3.04.00' />
  <meta name='ocr-capabilities' content='ocr_page ocr_carea ocr_par ocr_line ocrx_word'/>
</head>
<body>
  <div class='ocr_page' id='page_1' title='image "./manualelatinitat00dirk_0854.png"; bbox 0 0 2197 3121; ppageno 0'>
   <div class='ocr_carea' id='block_1_1' title="bbox 283 183 347 214">
    <p class='ocr_par' dir='ltr' id='par_1_1' title="bbox 283 183 347 214">
     <span class='ocr_line' id='line_1_1' title="bbox 283 183 347 214; baseline -0.016 0"><span class='ocrx_word' id='word_1_1' title='bbox 283 183 347 214; x_wconf 70' lang='lat'>840</span> 
     </span>
    </p>
   </div>
   <div class='ocr_carea' id='block_1_2' title="bbox 282 260 1138 2441">
    <p class='ocr_par' dir='ltr' id='par_1_2' title="bbox 282 260 1127 729">
     <span class='ocr_line' id='line_1_2' title="bbox 283 260 1125 301; baseline -0.004 -10"><span class='ocrx_word' id='word_1_2' title='bbox 283 264 413 292; x_wconf 86' lang='lat' dir='ltr'>desideria</span> <span class='ocrx_word' id='word_1_3' title='bbox 437 269 484 291; x_wconf 85' lang='lat' dir='ltr'>etc.</span> <span class='ocrx_word' id='word_1_4' title='bbox 509 263 654 301; x_wconf 85' lang='lat' dir='ltr'>rescripsit.</span> <span class='ocrx_word' id='word_1_5' title='bbox 680 262 709 289; x_wconf 67' lang='grc' dir='ltr'>Γπ.</span> <span class='ocrx_word' id='word_1_6' title='bbox 730 263 753 289; x_wconf 84' lang='grc'>4.</span> <span class='ocrx_word' id='word_1_7' title='bbox 777 262 799 297; x_wconf 86' lang='lat'>5.</span> <span class='ocrx_word' id='word_1_8' title='bbox 819 263 844 289; x_wconf 91' lang='lat'>5.</span> <span class='ocrx_word' id='word_1_9' title='bbox 872 260 905 288; x_wconf 90' lang='lat' dir='ltr'>de</span> <span class='ocrx_word' id='word_1_10' title='bbox 930 261 974 288; x_wconf 72' lang='lat' dir='ltr'>off.</span> <span class='ocrx_word' id='word_1_11' title='bbox 997 260 1072 288; x_wconf 89' lang='lat' dir='ltr'>Proc.</span> <span class='ocrx_word' id='word_1_12' title='bbox 1099 266 1125 288; x_wconf 89' lang='lat' dir='ltr'>et</span> 
     </span>
     <span class='ocr_line' id='line_1_3' title="bbox 283 304 1123 344; baseline -0.005 -10"><span class='ocrx_word' id='word_1_13' title='bbox 283 306 344 344; x_wconf 80' lang='lat' dir='ltr'>Leg.</span> <span class='ocrx_word' id='word_1_14' title='bbox 366 309 388 334; x_wconf 90' lang='lat' dir='ltr'>l.</span> <span class='ocrx_word' id='word_1_15' title='bbox 410 309 448 333; x_wconf 89' lang='lat'>16.</span> <span class='ocrx_word' id='word_1_16' title='bbox 469 306 498 333; x_wconf 76' lang='lat' dir='ltr'>fr.</span> <span class='ocrx_word' id='word_1_17' title='bbox 517 308 542 332; x_wconf 90' lang='lat'>3.</span> <span class='ocrx_word' id='word_1_18' title='bbox 562 307 584 340; x_wconf 81' lang='lat'>5.</span> <span class='ocrx_word' id='word_1_19' title='bbox 603 308 628 332; x_wconf 83' lang='lat'>2.</span> <span class='ocrx_word' id='word_1_20' title='bbox 649 305 681 332; x_wconf 85' lang='lat' dir='ltr'>de</span> <span class='ocrx_word' id='word_1_21' title='bbox 697 305 740 332; x_wconf 79' lang='lat' dir='ltr'>off.</span> <span class='ocrx_word' id='word_1_22' title='bbox 755 304 830 332; x_wconf 87' lang='lat' dir='ltr'>Proc.</span> <span class='ocrx_word' id='word_1_23' title='bbox 845 304 922 332; x_wconf 87' lang='lat' dir='ltr'>Caes.</span> <span class='ocrx_word' id='word_1_24' title='bbox 940 306 962 331; x_wconf 94' lang='grc'>1.</span> <span class='ocrx_word' id='word_1_25' title='bbox 978 306 1017 331; x_wconf 88' lang='lat'>19.</span> <span class='ocrx_word' id='word_1_26' title='bbox 1038 304 1068 331; x_wconf 75' lang='lat' dir='ltr'>fr.</span> <span class='ocrx_word' id='word_1_27' title='bbox 1083 306 1123 331; x_wconf 87' lang='lat'>15.</span> 
     </span>
     <span class='ocr_line' id='line_1_4' title="bbox 283 346 1124 385; baseline -0.004 -8"><span class='ocrx_word' id='word_1_28' title='bbox 283 350 317 377; x_wconf 88' lang='lat' dir='ltr'>de</span> <span class='ocrx_word' id='word_1_29' title='bbox 335 352 362 377; x_wconf 90' lang='lat' dir='ltr'>in</span> <span class='ocrx_word' id='word_1_30' title='bbox 380 351 420 377; x_wconf 92' lang='lat' dir='ltr'>ius</span> <span class='ocrx_word' id='word_1_31' title='bbox 440 360 497 376; x_wconf 79' lang='lat' dir='ltr'>voc.</span> <span class='ocrx_word' id='word_1_32' title='bbox 516 351 540 375; x_wconf 86' lang='lat'>2.</span> <span class='ocrx_word' id='word_1_33' title='bbox 560 350 584 375; x_wconf 83' lang='lat'>4.</span> <span class='ocrx_word' id='word_1_34' title='bbox 610 348 639 375; x_wconf 77' lang='lat' dir='ltr'>l&#39;r.</span> <span class='ocrx_word' id='word_1_35' title='bbox 661 350 682 375; x_wconf 93' lang='lat'>1.</span> <span class='ocrx_word' id='word_1_36' title='bbox 707 348 730 382; x_wconf 87' lang='lat'>5.</span> <span class='ocrx_word' id='word_1_37' title='bbox 749 349 773 374; x_wconf 90' lang='grc'>3.</span> <span class='ocrx_word' id='word_1_38' title='bbox 798 352 826 374; x_wconf 88' lang='lat' dir='ltr'>ut</span> <span class='ocrx_word' id='word_1_39' title='bbox 850 349 877 374; x_wconf 90' lang='lat' dir='ltr'>in</span> <span class='ocrx_word' id='word_1_40' title='bbox 896 357 968 385; x_wconf 85' lang='lat' dir='ltr'>poss.</span> <span class='ocrx_word' id='word_1_41' title='bbox 987 346 1063 384; x_wconf 78' lang='lat' dir='ltr'>legat.</span> <span class='ocrx_word' id='word_1_42' title='bbox 1082 348 1124 374; x_wconf 88' lang='lat'>36.</span> 
     </span>
     <span class='ocr_line' id='line_1_5' title="bbox 282 390 1125 428; baseline -0.004 -9"><span class='ocrx_word' id='word_1_43' title='bbox 282 396 307 420; x_wconf 82' lang='grc'>4.</span> <span class='ocrx_word' id='word_1_44' title='bbox 344 392 450 419; x_wconf 79' lang='lat' dir='ltr'>Invenio</span> <span class='ocrx_word' id='word_1_45' title='bbox 476 391 550 418; x_wconf 82' lang='lat' dir='ltr'>Fulv.</span> <span class='ocrx_word' id='word_1_46' title='bbox 575 391 724 418; x_wconf 81' lang='lat' dir='ltr'>Aemiliano</span> <span class='ocrx_word' id='word_1_47' title='bbox 748 392 775 418; x_wconf 89' lang='lat' dir='ltr'>in</span> <span class='ocrx_word' id='word_1_48' title='bbox 804 400 917 428; x_wconf 85' lang='lat' dir='ltr'>persona</span> <span class='ocrx_word' id='word_1_49' title='bbox 940 390 1007 417; x_wconf 80' lang='lat' dir='ltr'>Man.</span> <span class='ocrx_word' id='word_1_50' title='bbox 1032 390 1125 427; x_wconf 88' lang='lat' dir='ltr'>Optivi</span> 
     </span>
     <span class='ocr_line' id='line_1_6' title="bbox 284 433 1125 473; baseline -0.005 -10"><span class='ocrx_word' id='word_1_51' title='bbox 284 437 447 473; x_wconf 87' lang='lat' dir='ltr'>rescriptum.</span> <span class='ocrx_word' id='word_1_52' title='bbox 477 434 560 461; x_wconf 76' lang='lat' dir='ltr'>Vatic.</span> <span class='ocrx_word' id='word_1_53' title='bbox 581 435 603 468; x_wconf 89' lang='lat'>5.</span> <span class='ocrx_word' id='word_1_54' title='bbox 625 436 681 461; x_wconf 80' lang='lat'>189.</span> <span class='ocrx_word' id='word_1_55' title='bbox 718 434 747 461; x_wconf 92' lang='lat' dir='ltr'>In</span> <span class='ocrx_word' id='word_1_56' title='bbox 770 433 836 460; x_wconf 85' lang='lat' dir='ltr'>hanc</span> <span class='ocrx_word' id='word_1_57' title='bbox 861 434 1030 465; x_wconf 86' lang='lat' dir='ltr'>sententiam,</span> <span class='ocrx_word' id='word_1_58' title='bbox 1054 442 1075 460; x_wconf 90' lang='lat' dir='ltr'>s.</span> <span class='ocrx_word' id='word_1_59' title='bbox 1100 434 1125 460; x_wconf 91' lang='lat' dir='ltr'>in</span> 
     </span>
     <span class='ocr_line' id='line_1_7' title="bbox 284 475 1125 515; baseline -0.004 -10"><span class='ocrx_word' id='word_1_60' title='bbox 284 479 348 506; x_wconf 87' lang='lat' dir='ltr'>baec</span> <span class='ocrx_word' id='word_1_61' title='bbox 367 478 454 509; x_wconf 80' lang='lat' dir='ltr'>verba,</span> <span class='ocrx_word' id='word_1_62' title='bbox 474 478 668 514; x_wconf 80' lang='lat' dir='ltr'>rescripserunt</span> <span class='ocrx_word' id='word_1_63' title='bbox 687 476 769 515; x_wconf 87' lang='lat' dir='ltr'>Impp.</span> <span class='ocrx_word' id='word_1_64' title='bbox 789 476 820 503; x_wconf 83' lang='lat' dir='ltr'>sr.</span> <span class='ocrx_word' id='word_1_65' title='bbox 841 478 862 503; x_wconf 89' lang='lat'>7.</span> <span class='ocrx_word' id='word_1_66' title='bbox 882 486 921 514; x_wconf 89' lang='lat' dir='ltr'>pr.</span> <span class='ocrx_word' id='word_1_67' title='bbox 941 476 973 503; x_wconf 91' lang='lat' dir='ltr'>de</span> <span class='ocrx_word' id='word_1_68' title='bbox 992 475 1125 502; x_wconf 75' lang='lat' dir='ltr'>1.1.R.4.</span> 
     </span>
     <span class='ocr_line' id='line_1_8' title="bbox 286 518 1125 558; baseline -0.002 -10"><span class='ocrx_word' id='word_1_69' title='bbox 286 524 308 548; x_wconf 92' lang='lat'>1.</span> <span class='ocrx_word' id='word_1_70' title='bbox 328 520 411 547; x_wconf 67' lang='lat' dir='ltr'>Yatic.</span> <span class='ocrx_word' id='word_1_71' title='bbox 431 521 453 555; x_wconf 92' lang='lat'>5.</span> <span class='ocrx_word' id='word_1_72' title='bbox 470 522 526 547; x_wconf 87' lang='lat'>154.</span> <span class='ocrx_word' id='word_1_73' title='bbox 546 519 577 546; x_wconf 82' lang='lat' dir='ltr'>sr.</span> <span class='ocrx_word' id='word_1_74' title='bbox 592 521 631 547; x_wconf 89' lang='lat'>17.</span> <span class='ocrx_word' id='word_1_75' title='bbox 646 530 684 558; x_wconf 90' lang='lat' dir='ltr'>pr.</span> <span class='ocrx_word' id='word_1_76' title='bbox 705 519 738 546; x_wconf 84' lang='lat' dir='ltr'>de</span> <span class='ocrx_word' id='word_1_77' title='bbox 757 521 812 546; x_wconf 90' lang='lat' dir='ltr'>iure</span> <span class='ocrx_word' id='word_1_78' title='bbox 826 524 927 557; x_wconf 88' lang='lat' dir='ltr'>patron.</span> <span class='ocrx_word' id='word_1_79' title='bbox 941 521 983 545; x_wconf 96' lang='lat'>37.</span> <span class='ocrx_word' id='word_1_80' title='bbox 997 521 1037 546; x_wconf 95' lang='lat' dir='ltr'>l4.</span> <span class='ocrx_word' id='word_1_81' title='bbox 1058 518 1088 546; x_wconf 83' lang='lat' dir='ltr'>fr.</span> <span class='ocrx_word' id='word_1_82' title='bbox 1102 521 1125 546; x_wconf 92' lang='lat'>7.</span> 
     </span>
     <span class='ocr_line' id='line_1_9' title="bbox 284 562 1126 600; baseline -0.004 -9"><span class='ocrx_word' id='word_1_83' title='bbox 284 565 314 591; x_wconf 88' lang='lat' dir='ltr'>l&#39;r.</span> <span class='ocrx_word' id='word_1_84' title='bbox 335 566 375 590; x_wconf 89' lang='grc'>10.</span> <span class='ocrx_word' id='word_1_85' title='bbox 400 564 421 598; x_wconf 80' lang='lat'>5.</span> <span class='ocrx_word' id='word_1_86' title='bbox 443 565 464 590; x_wconf 95' lang='lat'>1.</span> <span class='ocrx_word' id='word_1_87' title='bbox 491 564 542 600; x_wconf 82' lang='lat' dir='ltr'>Qu.</span> <span class='ocrx_word' id='word_1_88' title='bbox 567 563 594 589; x_wconf 92' lang='lat' dir='ltr'>in</span> <span class='ocrx_word' id='word_1_89' title='bbox 613 562 643 589; x_wconf 82' lang='lat' dir='ltr'>fr.</span> <span class='ocrx_word' id='word_1_90' title='bbox 665 562 734 589; x_wconf 92' lang='lat' dir='ltr'>cred.</span> <span class='ocrx_word' id='word_1_91' title='bbox 753 564 794 589; x_wconf 81' lang='lat'>42.</span> <span class='ocrx_word' id='word_1_92' title='bbox 814 566 838 589; x_wconf 69' lang='grc' dir='ltr'>ὅ.</span> <span class='ocrx_word' id='word_1_93' title='bbox 868 578 900 582; x_wconf 91' lang='grc'><strong>-</strong></span> <span class='ocrx_word' id='word_1_94' title='bbox 927 563 958 596; x_wconf 81' lang='lat'>§.</span> <span class='ocrx_word' id='word_1_95' title='bbox 980 564 1015 590; x_wconf 63' lang='grc' dir='ltr'>Β.</span> <span class='ocrx_word' id='word_1_96' title='bbox 1036 564 1126 590; x_wconf 84' lang='lat' dir='ltr'>Scri-</span> 
     </span>
     <span class='ocr_line' id='line_1_10' title="bbox 282 604 1127 640; baseline -0.004 -6"><span class='ocrx_word' id='word_1_97' title='bbox 282 609 371 639; x_wconf 71' lang='lat' dir='ltr'>bere,</span> <span class='ocrx_word' id='word_1_98' title='bbox 395 609 454 634; x_wconf 87' lang='lat' dir='ltr'>Per</span> <span class='ocrx_word' id='word_1_99' title='bbox 473 608 673 640; x_wconf 74' lang='lat' dir='ltr'>scripturam</span> <span class='ocrx_word' id='word_1_100' title='bbox 693 608 857 633; x_wconf 75' lang='lat' dir='ltr'>adnotare.</span> <span class='ocrx_word' id='word_1_101' title='bbox 895 605 914 632; x_wconf 87' lang='grc' dir='ltr'>Ι.</span> <span class='ocrx_word' id='word_1_102' title='bbox 934 606 996 640; x_wconf 76' lang='lat' dir='ltr'>Sy.</span> <span class='ocrx_word' id='word_1_103' title='bbox 1024 604 1127 632; x_wconf 87' lang='lat' dir='ltr'>Subno—</span> 
     </span>
     <span class='ocr_line' id='line_1_11' title="bbox 284 647 1126 683; baseline -0.001 -7"><span class='ocrx_word' id='word_1_104' title='bbox 284 654 347 676; x_wconf 88' lang='lat' dir='ltr'>tare.</span> <span class='ocrx_word' id='word_1_105' title='bbox 378 648 459 675; x_wconf 85' lang='lat' dir='ltr'>Vatic.</span> <span class='ocrx_word' id='word_1_106' title='bbox 484 649 521 683; x_wconf 86' lang='lat'>55.</span> <span class='ocrx_word' id='word_1_107' title='bbox 549 650 605 675; x_wconf 88' lang='lat'>163.</span> <span class='ocrx_word' id='word_1_108' title='bbox 632 649 688 674; x_wconf 96' lang='lat'>165.</span> <span class='ocrx_word' id='word_1_109' title='bbox 732 648 875 675; x_wconf 86' lang='lat' dir='ltr'>Aduotare.</span> <span class='ocrx_word' id='word_1_110' title='bbox 904 647 954 675; x_wconf 81' lang='lat' dir='ltr'>Th.</span> <span class='ocrx_word' id='word_1_111' title='bbox 975 648 1006 675; x_wconf 92' lang='lat' dir='ltr'>C.</span> <span class='ocrx_word' id='word_1_112' title='bbox 1025 647 1082 675; x_wconf 85' lang='grc' dir='ltr'>ΧΠ.</span> <span class='ocrx_word' id='word_1_113' title='bbox 1102 649 1126 675; x_wconf 87' lang='grc'>6.</span> 
     </span>
     <span class='ocr_line' id='line_1_12' title="bbox 284 691 689 729; baseline -0.002 -10"><span class='ocrx_word' id='word_1_114' title='bbox 284 703 306 719; x_wconf 93' lang='lat' dir='ltr'>c.</span> <span class='ocrx_word' id='word_1_115' title='bbox 328 694 366 719; x_wconf 86' lang='lat'>16.</span> <span class='ocrx_word' id='word_1_116' title='bbox 388 702 408 718; x_wconf 93' lang='lat' dir='ltr'>c.</span> <span class='ocrx_word' id='word_1_117' title='bbox 431 694 470 718; x_wconf 78' lang='grc'>18.</span> <span class='ocrx_word' id='word_1_118' title='bbox 490 691 522 718; x_wconf 87' lang='lat' dir='ltr'>de</span> <span class='ocrx_word' id='word_1_119' title='bbox 541 697 689 729; x_wconf 76' lang='lat' dir='ltr'>susceptor.</span> 
     </span>
    </p>

    <p class='ocr_par' dir='ltr' id='par_1_3' title="bbox 283 732 1127 1190">
     <span class='ocr_line' id='line_1_13' title="bbox 320 732 1127 768; baseline -0.001 -7"><span class='ocrx_word' id='word_1_120' title='bbox 320 734 550 768; x_wconf 69' lang='lat' dir='ltr'>nescu-iptio.</span> <span class='ocrx_word' id='word_1_121' title='bbox 587 736 794 768; x_wconf 71' lang='lat' dir='ltr'>Rescriptum</span> <span class='ocrx_word' id='word_1_122' title='bbox 812 735 991 768; x_wconf 68' lang='lat' dir='ltr'>Principia.</span> <span class='ocrx_word' id='word_1_123' title='bbox 1028 732 1046 760; x_wconf 92' lang='lat' dir='ltr'>I.</span> <span class='ocrx_word' id='word_1_124' title='bbox 1065 734 1127 768; x_wconf 75' lang='lat' dir='ltr'>Sy.</span> 
     </span>
     <span class='ocr_line' id='line_1_14' title="bbox 283 775 1126 815; baseline -0.002 -10"><span class='ocrx_word' id='word_1_125' title='bbox 283 777 460 815; x_wconf 72' lang='lat' dir='ltr'>Rescriptum.</span> <span class='ocrx_word' id='word_1_126' title='bbox 480 775 552 803; x_wconf 89' lang='lat' dir='ltr'>Paul.</span> <span class='ocrx_word' id='word_1_127' title='bbox 571 776 590 803; x_wconf 93' lang='lat' dir='ltr'>I.</span> <span class='ocrx_word' id='word_1_128' title='bbox 612 779 651 803; x_wconf 86' lang='lat'>12.</span> <span class='ocrx_word' id='word_1_129' title='bbox 671 777 709 810; x_wconf 88' lang='lat'>55.</span> <span class='ocrx_word' id='word_1_130' title='bbox 731 778 753 803; x_wconf 95' lang='lat' dir='ltr'>l.</span> <span class='ocrx_word' id='word_1_131' title='bbox 773 778 797 803; x_wconf 97' lang='grc'>6.</span> <span class='ocrx_word' id='word_1_132' title='bbox 820 776 867 803; x_wconf 84' lang='lat' dir='ltr'>lul.</span> <span class='ocrx_word' id='word_1_133' title='bbox 888 787 928 815; x_wconf 85' lang='lat' dir='ltr'>ep.</span> <span class='ocrx_word' id='word_1_134' title='bbox 948 786 1007 803; x_wconf 84' lang='lat' dir='ltr'>nov.</span> <span class='ocrx_word' id='word_1_135' title='bbox 1028 786 1048 803; x_wconf 91' lang='lat' dir='ltr'>c.</span> <span class='ocrx_word' id='word_1_136' title='bbox 1069 777 1126 803; x_wconf 84' lang='lat'>106.</span> 
     </span>
     <span class='ocr_line' id='line_1_15' title="bbox 284 819 1127 857; baseline -0.001 -10"><span class='ocrx_word' id='word_1_137' title='bbox 284 821 307 855; x_wconf 82' lang='lat'>5.</span> <span class='ocrx_word' id='word_1_138' title='bbox 326 822 385 847; x_wconf 75' lang='lat'>370.</span> <span class='ocrx_word' id='word_1_139' title='bbox 422 819 571 857; x_wconf 75' lang='lat' dir='ltr'>Rescripta,</span> <span class='ocrx_word' id='word_1_140' title='bbox 590 819 633 846; x_wconf 87' lang='lat' dir='ltr'>vel</span> <span class='ocrx_word' id='word_1_141' title='bbox 653 819 788 857; x_wconf 84' lang='lat' dir='ltr'>epistolae.</span> <span class='ocrx_word' id='word_1_142' title='bbox 820 819 894 846; x_wconf 90' lang='lat' dir='ltr'>Sacri</span> <span class='ocrx_word' id='word_1_143' title='bbox 914 820 1009 857; x_wconf 77' lang='lat' dir='ltr'>apiceS.</span> <span class='ocrx_word' id='word_1_144' title='bbox 1031 819 1127 846; x_wconf 91' lang='lat' dir='ltr'>Divina</span> 
     </span>
     <span class='ocr_line' id='line_1_16' title="bbox 285 862 1127 901; baseline -0.001 -11"><span class='ocrx_word' id='word_1_145' title='bbox 285 864 433 901; x_wconf 84' lang='lat' dir='ltr'>rescriptio.</span> <span class='ocrx_word' id='word_1_146' title='bbox 453 862 504 890; x_wconf 87' lang='lat' dir='ltr'>Th.</span> <span class='ocrx_word' id='word_1_147' title='bbox 519 862 549 889; x_wconf 88' lang='lat' dir='ltr'>C.</span> <span class='ocrx_word' id='word_1_148' title='bbox 564 862 582 889; x_wconf 90' lang='grc' dir='ltr'>Ι.</span> <span class='ocrx_word' id='word_1_149' title='bbox 595 864 619 889; x_wconf 83' lang='lat'>2.</span> <span class='ocrx_word' id='word_1_150' title='bbox 640 872 661 888; x_wconf 92' lang='lat' dir='ltr'>c.</span> <span class='ocrx_word' id='word_1_151' title='bbox 677 864 699 889; x_wconf 98' lang='lat' dir='ltr'>l.</span> <span class='ocrx_word' id='word_1_152' title='bbox 718 862 822 896; x_wconf 82' lang='lat' dir='ltr'>(ch.)</span> <span class='ocrx_word' id='word_1_153' title='bbox 842 862 875 889; x_wconf 90' lang='lat' dir='ltr'>de</span> <span class='ocrx_word' id='word_1_154' title='bbox 894 862 945 889; x_wconf 87' lang='lat' dir='ltr'>div.</span> <span class='ocrx_word' id='word_1_155' title='bbox 965 872 1045 889; x_wconf 88' lang='lat' dir='ltr'>rescr.</span> <span class='ocrx_word' id='word_1_156' title='bbox 1063 862 1127 889; x_wconf 86' lang='lat' dir='ltr'>lust.</span> 
     </span>
     <span class='ocr_line' id='line_1_17' title="bbox 285 904 1127 944; baseline -0.002 -10"><span class='ocrx_word' id='word_1_157' title='bbox 285 906 317 934; x_wconf 89' lang='lat' dir='ltr'>C.</span> <span class='ocrx_word' id='word_1_158' title='bbox 338 916 359 933; x_wconf 90' lang='lat' dir='ltr'>c.</span> <span class='ocrx_word' id='word_1_159' title='bbox 375 908 396 934; x_wconf 93' lang='lat' dir='ltr'>l.</span> <span class='ocrx_word' id='word_1_160' title='bbox 411 916 449 944; x_wconf 88' lang='lat' dir='ltr'>pr.</span> <span class='ocrx_word' id='word_1_161' title='bbox 469 906 490 940; x_wconf 86' lang='lat'>5.</span> <span class='ocrx_word' id='word_1_162' title='bbox 504 907 528 931; x_wconf 89' lang='lat'>2.</span> <span class='ocrx_word' id='word_1_163' title='bbox 549 904 581 931; x_wconf 87' lang='lat' dir='ltr'>de</span> <span class='ocrx_word' id='word_1_164' title='bbox 601 910 725 932; x_wconf 87' lang='lat' dir='ltr'>coutract.</span> <span class='ocrx_word' id='word_1_165' title='bbox 746 905 798 932; x_wconf 89' lang='lat' dir='ltr'>iud.</span> <span class='ocrx_word' id='word_1_166' title='bbox 814 907 834 932; x_wconf 90' lang='lat' dir='ltr'>l.</span> <span class='ocrx_word' id='word_1_167' title='bbox 855 906 895 932; x_wconf 85' lang='lat'>53.</span> <span class='ocrx_word' id='word_1_168' title='bbox 933 905 976 932; x_wconf 86' lang='lat' dir='ltr'>III.</span> <span class='ocrx_word' id='word_1_169' title='bbox 991 907 1056 933; x_wconf 78' lang='lat' dir='ltr'>Gn.</span> <span class='ocrx_word' id='word_1_170' title='bbox 1075 905 1127 932; x_wconf 85' lang='lat' dir='ltr'>Ad-</span> 
     </span>
     <span class='ocr_line' id='line_1_18' title="bbox 286 948 1127 986; baseline -0.001 -10"><span class='ocrx_word' id='word_1_171' title='bbox 286 950 436 976; x_wconf 81' lang='lat' dir='ltr'>notationes</span> <span class='ocrx_word' id='word_1_172' title='bbox 455 953 559 975; x_wconf 86' lang='lat' dir='ltr'>nostras</span> <span class='ocrx_word' id='word_1_173' title='bbox 579 948 636 974; x_wconf 84' lang='lat' dir='ltr'>sine</span> <span class='ocrx_word' id='word_1_174' title='bbox 656 950 831 986; x_wconf 81' lang='lat' dir='ltr'>rescriptione</span> <span class='ocrx_word' id='word_1_175' title='bbox 851 948 952 975; x_wconf 75' lang='lat' dir='ltr'>admitti</span> <span class='ocrx_word' id='word_1_176' title='bbox 969 958 1021 975; x_wconf 89' lang='lat' dir='ltr'>non</span> <span class='ocrx_word' id='word_1_177' title='bbox 1034 948 1127 986; x_wconf 80' lang='lat' dir='ltr'>placet.</span> 
     </span>
     <span class='ocr_line' id='line_1_19' title="bbox 286 990 1126 1019; baseline -0.002 0"><span class='ocrx_word' id='word_1_178' title='bbox 286 992 336 1019; x_wconf 86' lang='lat' dir='ltr'>Th.</span> <span class='ocrx_word' id='word_1_179' title='bbox 357 992 388 1019; x_wconf 90' lang='lat' dir='ltr'>C.</span> <span class='ocrx_word' id='word_1_180' title='bbox 408 992 425 1018; x_wconf 94' lang='grc'>1.</span> <span class='ocrx_word' id='word_1_181' title='bbox 445 991 460 1019; x_wconf 77' lang='lat' dir='ltr'>l.</span> <span class='ocrx_word' id='word_1_182' title='bbox 482 990 513 1018; x_wconf 79' lang='lat' dir='ltr'>cs.</span> <span class='ocrx_word' id='word_1_183' title='bbox 533 990 600 1017; x_wconf 74' lang='lat' dir='ltr'>Nov.</span> <span class='ocrx_word' id='word_1_184' title='bbox 622 990 678 1018; x_wconf 85' lang='lat' dir='ltr'>Val.</span> <span class='ocrx_word' id='word_1_185' title='bbox 699 991 740 1018; x_wconf 90' lang='lat' dir='ltr'>Ill.</span> <span class='ocrx_word' id='word_1_186' title='bbox 761 991 793 1018; x_wconf 90' lang='lat' dir='ltr'>de</span> <span class='ocrx_word' id='word_1_187' title='bbox 812 991 936 1018; x_wconf 81' lang='lat' dir='ltr'>homicid.</span> <span class='ocrx_word' id='word_1_188' title='bbox 955 991 986 1018; x_wconf 91' lang='lat' dir='ltr'>II.</span> <span class='ocrx_word' id='word_1_189' title='bbox 1005 993 1048 1018; x_wconf 87' lang='lat'>20.</span> <span class='ocrx_word' id='word_1_190' title='bbox 1069 1002 1089 1018; x_wconf 93' lang='lat' dir='ltr'>c.</span> <span class='ocrx_word' id='word_1_191' title='bbox 1105 993 1126 1018; x_wconf 96' lang='lat' dir='ltr'>l.</span> 
     </span>
     <span class='ocr_line' id='line_1_20' title="bbox 285 1033 1127 1073; baseline -0.001 -11"><span class='ocrx_word' id='word_1_192' title='bbox 285 1045 324 1073; x_wconf 86' lang='lat' dir='ltr'>pr.</span> <span class='ocrx_word' id='word_1_193' title='bbox 349 1036 370 1069; x_wconf 91' lang='lat'>5.</span> <span class='ocrx_word' id='word_1_194' title='bbox 390 1036 415 1061; x_wconf 88' lang='grc'>3.</span> <span class='ocrx_word' id='word_1_195' title='bbox 453 1033 561 1060; x_wconf 90' lang='lat' dir='ltr'>Oblatio</span> <span class='ocrx_word' id='word_1_196' title='bbox 586 1043 706 1071; x_wconf 78' lang='lat' dir='ltr'>precum,</span> <span class='ocrx_word' id='word_1_197' title='bbox 731 1039 757 1060; x_wconf 92' lang='lat' dir='ltr'>et</span> <span class='ocrx_word' id='word_1_198' title='bbox 781 1034 813 1061; x_wconf 81' lang='lat' dir='ltr'>ad</span> <span class='ocrx_word' id='word_1_199' title='bbox 833 1044 876 1061; x_wconf 89' lang='lat' dir='ltr'>eas</span> <span class='ocrx_word' id='word_1_200' title='bbox 895 1035 1043 1071; x_wconf 83' lang='lat' dir='ltr'>rescriptio.</span> <span class='ocrx_word' id='word_1_201' title='bbox 1063 1045 1083 1061; x_wconf 91' lang='lat' dir='ltr'>c.</span> <span class='ocrx_word' id='word_1_202' title='bbox 1102 1036 1127 1061; x_wconf 88' lang='lat'>2.</span> 
     </span>
     <span class='ocr_line' id='line_1_21' title="bbox 286 1076 1127 1114; baseline -0.001 -10"><span class='ocrx_word' id='word_1_203' title='bbox 286 1078 339 1114; x_wconf 86' lang='lat' dir='ltr'>Qu.</span> <span class='ocrx_word' id='word_1_204' title='bbox 363 1077 445 1104; x_wconf 83' lang='lat' dir='ltr'>libell.</span> <span class='ocrx_word' id='word_1_205' title='bbox 464 1076 506 1103; x_wconf 89' lang='lat' dir='ltr'>Pr.</span> <span class='ocrx_word' id='word_1_206' title='bbox 528 1078 550 1103; x_wconf 96' lang='grc'>1.</span> <span class='ocrx_word' id='word_1_207' title='bbox 570 1078 612 1103; x_wconf 92' lang='grc'>20.</span> <span class='ocrx_word' id='word_1_208' title='bbox 649 1077 763 1112; x_wconf 78' lang='lat' dir='ltr'>Quoties</span> <span class='ocrx_word' id='word_1_209' title='bbox 782 1076 910 1114; x_wconf 79' lang='lat' dir='ltr'>Princeps</span> <span class='ocrx_word' id='word_1_210' title='bbox 934 1076 966 1103; x_wconf 89' lang='lat' dir='ltr'>ad</span> <span class='ocrx_word' id='word_1_211' title='bbox 990 1076 1127 1103; x_wconf 78' lang='lat' dir='ltr'>Praesides</span> 
     </span>
     <span class='ocr_line' id='line_1_22' title="bbox 286 1119 1127 1158; baseline -0.001 -11"><span class='ocrx_word' id='word_1_212' title='bbox 286 1121 328 1147; x_wconf 89' lang='lat' dir='ltr'>Pr.</span> <span class='ocrx_word' id='word_1_213' title='bbox 348 1121 459 1147; x_wconf 81' lang='lat' dir='ltr'>remittit</span> <span class='ocrx_word' id='word_1_214' title='bbox 482 1121 584 1156; x_wconf 85' lang='lat' dir='ltr'>negotia</span> <span class='ocrx_word' id='word_1_215' title='bbox 608 1130 656 1157; x_wconf 88' lang='lat' dir='ltr'>per</span> <span class='ocrx_word' id='word_1_216' title='bbox 678 1120 875 1158; x_wconf 83' lang='lat' dir='ltr'>rescriptioues.</span> <span class='ocrx_word' id='word_1_217' title='bbox 900 1119 931 1147; x_wconf 79' lang='lat' dir='ltr'>sr.</span> <span class='ocrx_word' id='word_1_218' title='bbox 950 1121 974 1146; x_wconf 83' lang='lat'>9.</span> <span class='ocrx_word' id='word_1_219' title='bbox 999 1119 1030 1146; x_wconf 78' lang='lat' dir='ltr'>cf.</span> <span class='ocrx_word' id='word_1_220' title='bbox 1054 1120 1084 1146; x_wconf 76' lang='lat' dir='ltr'>l&#39;r.</span> <span class='ocrx_word' id='word_1_221' title='bbox 1103 1121 1127 1147; x_wconf 74' lang='lat'>8.</span> 
     </span>
     <span class='ocr_line' id='line_1_23' title="bbox 287 1163 594 1190; baseline -0.003 0"><span class='ocrx_word' id='word_1_222' title='bbox 287 1163 320 1190; x_wconf 89' lang='lat' dir='ltr'>de</span> <span class='ocrx_word' id='word_1_223' title='bbox 339 1164 382 1190; x_wconf 81' lang='lat' dir='ltr'>off.</span> <span class='ocrx_word' id='word_1_224' title='bbox 402 1163 489 1190; x_wconf 88' lang='lat' dir='ltr'>Praes.</span> <span class='ocrx_word' id='word_1_225' title='bbox 513 1165 533 1190; x_wconf 90' lang='lat'>1.</span> <span class='ocrx_word' id='word_1_226' title='bbox 555 1164 594 1189; x_wconf 88' lang='grc'>18.</span> 
     </span>
    </p>

    <p class='ocr_par' dir='ltr' id='par_1_4' title="bbox 286 1206 1136 2357">
     <span class='ocr_line' id='line_1_24' title="bbox 322 1206 1128 1241; baseline -0.001 -8"><span class='ocrx_word' id='word_1_227' title='bbox 322 1206 580 1239; x_wconf 78' lang='lat' dir='ltr'>Rescriptum.</span> <span class='ocrx_word' id='word_1_228' title='bbox 637 1207 834 1240; x_wconf 78' lang='lat' dir='ltr'>Scriptura,</span> <span class='ocrx_word' id='word_1_229' title='bbox 876 1216 936 1241; x_wconf 82' lang='lat' dir='ltr'>qua</span> <span class='ocrx_word' id='word_1_230' title='bbox 973 1207 1128 1240; x_wconf 72' lang='lat' dir='ltr'>Princeps</span> 
     </span>
     <span class='ocr_line' id='line_1_25' title="bbox 286 1250 1128 1283; baseline -0.001 -6"><span class='ocrx_word' id='word_1_231' title='bbox 286 1251 410 1277; x_wconf 79' lang='lat' dir='ltr'>libellis</span> <span class='ocrx_word' id='word_1_232' title='bbox 434 1250 633 1283; x_wconf 76' lang='lat' dir='ltr'>supplicum,</span> <span class='ocrx_word' id='word_1_233' title='bbox 657 1255 715 1275; x_wconf 83' lang='lat' dir='ltr'>aut</span> <span class='ocrx_word' id='word_1_234' title='bbox 737 1250 891 1283; x_wconf 71' lang='lat' dir='ltr'>epistolis</span> <span class='ocrx_word' id='word_1_235' title='bbox 914 1251 948 1275; x_wconf 81' lang='lat' dir='ltr'>tle</span> <span class='ocrx_word' id='word_1_236' title='bbox 970 1250 1040 1275; x_wconf 78' lang='lat' dir='ltr'>iure</span> <span class='ocrx_word' id='word_1_237' title='bbox 1058 1259 1128 1276; x_wconf 80' lang='lat' dir='ltr'>con-</span> 
     </span>
     <span class='ocr_line' id='line_1_26' title="bbox 287 1290 1130 1330; baseline -0.001 -11"><span class='ocrx_word' id='word_1_238' title='bbox 287 1294 481 1323; x_wconf 67' lang='lat' dir='ltr'>sulentium,</span> <span class='ocrx_word' id='word_1_239' title='bbox 501 1301 688 1325; x_wconf 74' lang='lat' dir='ltr'>responsum</span> <span class='ocrx_word' id='word_1_240' title='bbox 708 1293 865 1325; x_wconf 76' lang='lat' dir='ltr'>impertit.</span> <span class='ocrx_word' id='word_1_241' title='bbox 897 1290 916 1317; x_wconf 94' lang='lat'>1.</span> <span class='ocrx_word' id='word_1_242' title='bbox 930 1292 991 1326; x_wconf 78' lang='lat' dir='ltr'>Sy.</span> <span class='ocrx_word' id='word_1_243' title='bbox 1011 1291 1130 1330; x_wconf 88' lang='lat' dir='ltr'>Respon-</span> 
     </span>
     <span class='ocr_line' id='line_1_27' title="bbox 287 1333 1129 1371; baseline 0 -9"><span class='ocrx_word' id='word_1_244' title='bbox 287 1345 354 1362; x_wconf 92' lang='lat' dir='ltr'>sum.</span> <span class='ocrx_word' id='word_1_245' title='bbox 380 1334 430 1361; x_wconf 85' lang='lat' dir='ltr'>Th.</span> <span class='ocrx_word' id='word_1_246' title='bbox 450 1333 481 1361; x_wconf 90' lang='lat' dir='ltr'>C.</span> <span class='ocrx_word' id='word_1_247' title='bbox 501 1333 532 1360; x_wconf 90' lang='lat' dir='ltr'>II.</span> <span class='ocrx_word' id='word_1_248' title='bbox 552 1336 576 1360; x_wconf 87' lang='lat'>4.</span> <span class='ocrx_word' id='word_1_249' title='bbox 596 1344 617 1360; x_wconf 90' lang='lat' dir='ltr'>c.</span> <span class='ocrx_word' id='word_1_250' title='bbox 637 1336 661 1360; x_wconf 82' lang='lat'>4.</span> <span class='ocrx_word' id='word_1_251' title='bbox 682 1343 721 1371; x_wconf 87' lang='lat' dir='ltr'>sq.</span> <span class='ocrx_word' id='word_1_252' title='bbox 743 1334 774 1360; x_wconf 83' lang='lat' dir='ltr'>de</span> <span class='ocrx_word' id='word_1_253' title='bbox 795 1333 904 1360; x_wconf 90' lang='lat' dir='ltr'>denunc.</span> <span class='ocrx_word' id='word_1_254' title='bbox 924 1344 947 1361; x_wconf 87' lang='lat' dir='ltr'>v.</span> <span class='ocrx_word' id='word_1_255' title='bbox 969 1334 1030 1361; x_wconf 85' lang='lat' dir='ltr'>edit.</span> <span class='ocrx_word' id='word_1_256' title='bbox 1050 1345 1129 1362; x_wconf 87' lang='lat' dir='ltr'>rescr.</span> 
     </span>
     <span class='ocr_line' id='line_1_28' title="bbox 288 1376 1130 1413; baseline -0.001 -8"><span class='ocrx_word' id='word_1_257' title='bbox 288 1378 462 1405; x_wconf 91' lang='lat' dir='ltr'>Constitutio.</span> <span class='ocrx_word' id='word_1_258' title='bbox 482 1376 540 1403; x_wconf 86' lang='lat' dir='ltr'>Gai.</span> <span class='ocrx_word' id='word_1_259' title='bbox 559 1376 589 1403; x_wconf 94' lang='lat' dir='ltr'>II.</span> <span class='ocrx_word' id='word_1_260' title='bbox 612 1378 667 1402; x_wconf 90' lang='lat'>120.</span> <span class='ocrx_word' id='word_1_261' title='bbox 688 1387 727 1413; x_wconf 87' lang='lat' dir='ltr'>sq.</span> <span class='ocrx_word' id='word_1_262' title='bbox 748 1377 777 1404; x_wconf 85' lang='lat' dir='ltr'>fr.</span> <span class='ocrx_word' id='word_1_263' title='bbox 796 1379 821 1403; x_wconf 91' lang='lat'>2.</span> <span class='ocrx_word' id='word_1_264' title='bbox 841 1376 874 1403; x_wconf 89' lang='lat' dir='ltr'>de</span> <span class='ocrx_word' id='word_1_265' title='bbox 893 1376 918 1403; x_wconf 90' lang='lat' dir='ltr'>h.</span> <span class='ocrx_word' id='word_1_266' title='bbox 938 1387 981 1413; x_wconf 90' lang='lat' dir='ltr'>qu.</span> <span class='ocrx_word' id='word_1_267' title='bbox 1001 1378 1049 1403; x_wconf 89' lang='lat' dir='ltr'>sui.</span> <span class='ocrx_word' id='word_1_268' title='bbox 1070 1379 1092 1405; x_wconf 95' lang='grc'>1.</span> <span class='ocrx_word' id='word_1_269' title='bbox 1106 1379 1130 1404; x_wconf 88' lang='grc'>6.</span> 
     </span>
     <span class='ocr_line' id='line_1_29' title="bbox 287 1419 1131 1458; baseline 0 -11"><span class='ocrx_word' id='word_1_270' title='bbox 287 1420 417 1458; x_wconf 84' lang='lat' dir='ltr'>Epistola.</span> <span class='ocrx_word' id='word_1_271' title='bbox 438 1419 479 1446; x_wconf 75' lang='lat' dir='ltr'>Cf.</span> <span class='ocrx_word' id='word_1_272' title='bbox 498 1419 523 1446; x_wconf 89' lang='lat' dir='ltr'>h.</span> <span class='ocrx_word' id='word_1_273' title='bbox 543 1429 566 1446; x_wconf 95' lang='lat' dir='ltr'>v.</span> <span class='ocrx_word' id='word_1_274' title='bbox 587 1419 608 1453; x_wconf 87' lang='lat'>5.</span> <span class='ocrx_word' id='word_1_275' title='bbox 629 1421 653 1446; x_wconf 83' lang='lat'>4.</span> <span class='ocrx_word' id='word_1_276' title='bbox 684 1419 843 1457; x_wconf 84' lang='lat' dir='ltr'>Rescriplio.</span> <span class='ocrx_word' id='word_1_277' title='bbox 864 1419 944 1446; x_wconf 81' lang='lat' dir='ltr'>Cf.-l].</span> <span class='ocrx_word' id='word_1_278' title='bbox 958 1430 982 1446; x_wconf 90' lang='lat' dir='ltr'>v.</span> <span class='ocrx_word' id='word_1_279' title='bbox 1010 1419 1053 1447; x_wconf 90' lang='lat'>111.</span> <span class='ocrx_word' id='word_1_280' title='bbox 1065 1422 1131 1449; x_wconf 73' lang='lat' dir='ltr'>Gn.</span> 
     </span>
     <span class='ocr_line' id='line_1_30' title="bbox 290 1461 1132 1500; baseline -0.001 -9"><span class='ocrx_word' id='word_1_281' title='bbox 290 1463 327 1491; x_wconf 86' lang='lat' dir='ltr'>Vt</span> <span class='ocrx_word' id='word_1_282' title='bbox 345 1464 486 1500; x_wconf 78' lang='lat' dir='ltr'>rescripta,</span> <span class='ocrx_word' id='word_1_283' title='bbox 506 1461 549 1488; x_wconf 89' lang='lat' dir='ltr'>vel</span> <span class='ocrx_word' id='word_1_284' title='bbox 571 1461 697 1499; x_wconf 77' lang='lat' dir='ltr'>epistolas</span> <span class='ocrx_word' id='word_1_285' title='bbox 718 1464 806 1500; x_wconf 87' lang='lat' dir='ltr'>potius</span> <span class='ocrx_word' id='word_1_286' title='bbox 827 1464 911 1500; x_wconf 88' lang='lat' dir='ltr'>ipsas,</span> <span class='ocrx_word' id='word_1_287' title='bbox 931 1473 1006 1499; x_wconf 89' lang='lat' dir='ltr'>quam</span> <span class='ocrx_word' id='word_1_288' title='bbox 1026 1463 1132 1490; x_wconf 86' lang='lat' dir='ltr'>adnota-</span> 
     </span>
     <span class='ocr_line' id='line_1_31' title="bbox 289 1505 1133 1534; baseline -0.001 0"><span class='ocrx_word' id='word_1_289' title='bbox 289 1507 376 1534; x_wconf 81' lang='lat' dir='ltr'>tiones</span> <span class='ocrx_word' id='word_1_290' title='bbox 404 1505 475 1532; x_wconf 82' lang='lat' dir='ltr'>solas</span> <span class='ocrx_word' id='word_1_291' title='bbox 504 1505 638 1532; x_wconf 78' lang='lat' dir='ltr'>existimes</span> <span class='ocrx_word' id='word_1_292' title='bbox 667 1505 817 1532; x_wconf 85' lang='lat' dir='ltr'>audiendas.</span> <span class='ocrx_word' id='word_1_293' title='bbox 850 1505 900 1532; x_wconf 85' lang='lat' dir='ltr'>Th.</span> <span class='ocrx_word' id='word_1_294' title='bbox 920 1505 951 1532; x_wconf 92' lang='lat' dir='ltr'>C.</span> <span class='ocrx_word' id='word_1_295' title='bbox 975 1505 993 1532; x_wconf 86' lang='lat' dir='ltr'>I.</span> <span class='ocrx_word' id='word_1_296' title='bbox 1017 1508 1042 1532; x_wconf 88' lang='lat'>2.</span> <span class='ocrx_word' id='word_1_297' title='bbox 1067 1516 1087 1533; x_wconf 88' lang='lat' dir='ltr'>c.</span> <span class='ocrx_word' id='word_1_298' title='bbox 1110 1508 1133 1533; x_wconf 88' lang='lat'>1.</span> 
     </span>
     <span class='ocr_line' id='line_1_32' title="bbox 289 1547 1132 1586; baseline -0.001 -10"><span class='ocrx_word' id='word_1_299' title='bbox 289 1549 394 1584; x_wconf 82' lang='lat' dir='ltr'>(ch.)</span> <span class='ocrx_word' id='word_1_300' title='bbox 414 1548 446 1575; x_wconf 90' lang='lat' dir='ltr'>de</span> <span class='ocrx_word' id='word_1_301' title='bbox 465 1547 516 1575; x_wconf 82' lang='lat' dir='ltr'>div.</span> <span class='ocrx_word' id='word_1_302' title='bbox 531 1558 611 1575; x_wconf 89' lang='lat' dir='ltr'>rescr.</span> <span class='ocrx_word' id='word_1_303' title='bbox 627 1547 671 1581; x_wconf 84' lang='lat' dir='ltr'>(cf.</span> <span class='ocrx_word' id='word_1_304' title='bbox 687 1558 710 1575; x_wconf 90' lang='lat' dir='ltr'>v.</span> <span class='ocrx_word' id='word_1_305' title='bbox 724 1548 898 1586; x_wconf 85' lang='lat' dir='ltr'>Rescriptio.)</span> <span class='ocrx_word' id='word_1_306' title='bbox 926 1548 1056 1581; x_wconf 78' lang='lat' dir='ltr'>Edictum,</span> <span class='ocrx_word' id='word_1_307' title='bbox 1077 1550 1132 1575; x_wconf 88' lang='lat' dir='ltr'>sive</span> 
     </span>
     <span class='ocr_line' id='line_1_33' title="bbox 291 1590 1132 1629; baseline 0 -10"><span class='ocrx_word' id='word_1_308' title='bbox 291 1592 372 1619; x_wconf 88' lang='lat' dir='ltr'>editio</span> <span class='ocrx_word' id='word_1_309' title='bbox 392 1592 522 1629; x_wconf 85' lang='lat' dir='ltr'>rescripti.</span> <span class='ocrx_word' id='word_1_310' title='bbox 543 1590 579 1617; x_wconf 92' lang='lat' dir='ltr'>lb.</span> <span class='ocrx_word' id='word_1_311' title='bbox 594 1590 623 1616; x_wconf 88' lang='lat'>11.</span> <span class='ocrx_word' id='word_1_312' title='bbox 637 1593 660 1617; x_wconf 90' lang='lat'>4.</span> <span class='ocrx_word' id='word_1_313' title='bbox 681 1601 702 1618; x_wconf 85' lang='lat' dir='ltr'>c.</span> <span class='ocrx_word' id='word_1_314' title='bbox 716 1593 740 1618; x_wconf 98' lang='grc'>4.</span> <span class='ocrx_word' id='word_1_315' title='bbox 761 1591 794 1618; x_wconf 88' lang='lat' dir='ltr'>de</span> <span class='ocrx_word' id='word_1_316' title='bbox 813 1592 923 1618; x_wconf 87' lang='lat' dir='ltr'>denunc.</span> <span class='ocrx_word' id='word_1_317' title='bbox 938 1602 962 1618; x_wconf 94' lang='lat' dir='ltr'>v.</span> <span class='ocrx_word' id='word_1_318' title='bbox 976 1591 1038 1618; x_wconf 85' lang='lat' dir='ltr'>edit.</span> <span class='ocrx_word' id='word_1_319' title='bbox 1052 1602 1132 1619; x_wconf 84' lang='lat' dir='ltr'>rescr.</span> 
     </span>
     <span class='ocr_line' id='line_1_34' title="bbox 290 1634 1132 1670; baseline -0.001 -8"><span class='ocrx_word' id='word_1_320' title='bbox 290 1635 426 1662; x_wconf 83' lang='lat' dir='ltr'>Pertinere</span> <span class='ocrx_word' id='word_1_321' title='bbox 439 1634 470 1661; x_wconf 86' lang='lat' dir='ltr'>ad</span> <span class='ocrx_word' id='word_1_322' title='bbox 484 1634 642 1670; x_wconf 87' lang='lat' dir='ltr'>rescriptum</span> <span class='ocrx_word' id='word_1_323' title='bbox 656 1644 787 1661; x_wconf 82' lang='lat' dir='ltr'>sacrarum</span> <span class='ocrx_word' id='word_1_324' title='bbox 801 1635 1026 1661; x_wconf 86' lang='lat' dir='ltr'>constitutionum.</span> <span class='ocrx_word' id='word_1_325' title='bbox 1047 1634 1077 1662; x_wconf 77' lang='lat' dir='ltr'>fr.</span> <span class='ocrx_word' id='word_1_326' title='bbox 1091 1636 1132 1661; x_wconf 83' lang='lat'>43.</span> 
     </span>
     <span class='ocr_line' id='line_1_35' title="bbox 290 1676 1133 1714; baseline -0.001 -9"><span class='ocrx_word' id='word_1_327' title='bbox 290 1678 324 1705; x_wconf 89' lang='lat' dir='ltr'>de</span> <span class='ocrx_word' id='word_1_328' title='bbox 347 1678 378 1704; x_wconf 88' lang='lat' dir='ltr'>A.</span> <span class='ocrx_word' id='word_1_329' title='bbox 402 1677 433 1704; x_wconf 85' lang='lat' dir='ltr'>E.</span> <span class='ocrx_word' id='word_1_330' title='bbox 455 1676 485 1703; x_wconf 92' lang='lat' dir='ltr'>V.</span> <span class='ocrx_word' id='word_1_331' title='bbox 512 1678 551 1703; x_wconf 88' lang='lat'>19.</span> <span class='ocrx_word' id='word_1_332' title='bbox 573 1679 595 1703; x_wconf 90' lang='lat' dir='ltr'>l.</span> <span class='ocrx_word' id='word_1_333' title='bbox 632 1676 661 1703; x_wconf 93' lang='lat' dir='ltr'>In</span> <span class='ocrx_word' id='word_1_334' title='bbox 685 1676 773 1713; x_wconf 85' lang='lat' dir='ltr'>aliquo</span> <span class='ocrx_word' id='word_1_335' title='bbox 798 1678 928 1714; x_wconf 86' lang='lat' dir='ltr'>rescripto</span> <span class='ocrx_word' id='word_1_336' title='bbox 952 1677 985 1703; x_wconf 93' lang='lat' dir='ltr'>D.</span> <span class='ocrx_word' id='word_1_337' title='bbox 1010 1677 1133 1704; x_wconf 83' lang='lat' dir='ltr'>Hadriani</span> 
     </span>
     <span class='ocr_line' id='line_1_36' title="bbox 290 1719 1134 1758; baseline 0 -11"><span class='ocrx_word' id='word_1_338' title='bbox 290 1722 325 1748; x_wconf 87' lang='lat' dir='ltr'>ita</span> <span class='ocrx_word' id='word_1_339' title='bbox 349 1730 408 1747; x_wconf 84' lang='lat' dir='ltr'>esse</span> <span class='ocrx_word' id='word_1_340' title='bbox 432 1721 610 1747; x_wconf 90' lang='lat' dir='ltr'>constitutum.</span> <span class='ocrx_word' id='word_1_341' title='bbox 636 1719 692 1746; x_wconf 81' lang='lat' dir='ltr'>Gai.</span> <span class='ocrx_word' id='word_1_342' title='bbox 712 1720 731 1746; x_wconf 93' lang='lat' dir='ltr'>I.</span> <span class='ocrx_word' id='word_1_343' title='bbox 752 1722 792 1747; x_wconf 88' lang='lat'>73.</span> <span class='ocrx_word' id='word_1_344' title='bbox 830 1720 948 1758; x_wconf 81' lang='lat' dir='ltr'>Adparet.</span> <span class='ocrx_word' id='word_1_345' title='bbox 972 1730 1004 1747; x_wconf 82' lang='lat' dir='ltr'>ex</span> <span class='ocrx_word' id='word_1_346' title='bbox 1027 1720 1077 1747; x_wconf 89' lang='lat' dir='ltr'>hoc</span> <span class='ocrx_word' id='word_1_347' title='bbox 1096 1731 1134 1747; x_wconf 91' lang='lat' dir='ltr'>re-</span> 
     </span>
     <span class='ocr_line' id='line_1_37' title="bbox 290 1762 1133 1801; baseline -0.001 -10"><span class='ocrx_word' id='word_1_348' title='bbox 290 1765 400 1801; x_wconf 78' lang='lat' dir='ltr'>scripto,</span> <span class='ocrx_word' id='word_1_349' title='bbox 421 1779 452 1783; x_wconf 96' lang='lat'><em>-</em></span> <span class='ocrx_word' id='word_1_350' title='bbox 472 1763 543 1800; x_wconf 88' lang='lat' dir='ltr'>quod</span> <span class='ocrx_word' id='word_1_351' title='bbox 563 1764 756 1800; x_wconf 84' lang='lat' dir='ltr'>rescripserunt</span> <span class='ocrx_word' id='word_1_352' title='bbox 775 1767 824 1790; x_wconf 90' lang='lat' dir='ltr'>etc.</span> <span class='ocrx_word' id='word_1_353' title='bbox 845 1763 874 1790; x_wconf 77' lang='lat' dir='ltr'>fr.</span> <span class='ocrx_word' id='word_1_354' title='bbox 893 1765 934 1790; x_wconf 88' lang='lat'>26.</span> <span class='ocrx_word' id='word_1_355' title='bbox 956 1762 988 1790; x_wconf 85' lang='lat' dir='ltr'>de</span> <span class='ocrx_word' id='word_1_356' title='bbox 1007 1769 1133 1790; x_wconf 81' lang='lat' dir='ltr'>excusatt.</span> 
     </span>
     <span class='ocr_line' id='line_1_38' title="bbox 290 1805 1134 1840; baseline 0 -7"><span class='ocrx_word' id='word_1_357' title='bbox 290 1809 332 1834; x_wconf 90' lang='lat'>27.</span> <span class='ocrx_word' id='word_1_358' title='bbox 355 1809 377 1833; x_wconf 91' lang='lat'>1.</span> <span class='ocrx_word' id='word_1_359' title='bbox 401 1806 430 1833; x_wconf 76' lang='lat' dir='ltr'>l&#39;r.</span> <span class='ocrx_word' id='word_1_360' title='bbox 455 1808 497 1832; x_wconf 84' lang='lat'>26.</span> <span class='ocrx_word' id='word_1_361' title='bbox 522 1807 542 1840; x_wconf 87' lang='lat'>5</span> <span class='ocrx_word' id='word_1_362' title='bbox 568 1808 591 1832; x_wconf 87' lang='grc'>4.</span> <span class='ocrx_word' id='word_1_363' title='bbox 617 1806 649 1832; x_wconf 86' lang='lat' dir='ltr'>de</span> <span class='ocrx_word' id='word_1_364' title='bbox 673 1805 758 1832; x_wconf 82' lang='lat' dir='ltr'>lideic.</span> <span class='ocrx_word' id='word_1_365' title='bbox 783 1805 846 1833; x_wconf 86' lang='lat' dir='ltr'>libb.</span> <span class='ocrx_word' id='word_1_366' title='bbox 871 1809 912 1833; x_wconf 74' lang='lat'>40.</span> <span class='ocrx_word' id='word_1_367' title='bbox 936 1809 960 1833; x_wconf 90' lang='lat'>5.</span> <span class='ocrx_word' id='word_1_368' title='bbox 1002 1806 1134 1833; x_wconf 84' lang='lat' dir='ltr'>Libellum</span> 
     </span>
     <span class='ocr_line' id='line_1_39' title="bbox 291 1849 1133 1887; baseline 0 -11"><span class='ocrx_word' id='word_1_369' title='bbox 291 1850 407 1887; x_wconf 88' lang='lat' dir='ltr'>Principi</span> <span class='ocrx_word' id='word_1_370' title='bbox 427 1849 542 1881; x_wconf 78' lang='lat' dir='ltr'>dedisse,</span> <span class='ocrx_word' id='word_1_371' title='bbox 562 1854 588 1876; x_wconf 86' lang='lat' dir='ltr'>et</span> <span class='ocrx_word' id='word_1_372' title='bbox 601 1859 703 1876; x_wconf 83' lang='lat' dir='ltr'>sacrum</span> <span class='ocrx_word' id='word_1_373' title='bbox 718 1850 873 1886; x_wconf 86' lang='lat' dir='ltr'>rescriptum</span> <span class='ocrx_word' id='word_1_374' title='bbox 888 1854 1048 1887; x_wconf 78' lang='lat' dir='ltr'>exspectare.</span> <span class='ocrx_word' id='word_1_375' title='bbox 1069 1850 1098 1877; x_wconf 86' lang='lat' dir='ltr'>sr.</span> <span class='ocrx_word' id='word_1_376' title='bbox 1110 1851 1133 1876; x_wconf 89' lang='lat'>4.</span> 
     </span>
     <span class='ocr_line' id='line_1_40' title="bbox 293 1891 1132 1929; baseline 0 -10"><span class='ocrx_word' id='word_1_377' title='bbox 293 1891 326 1919; x_wconf 84' lang='lat' dir='ltr'>de</span> <span class='ocrx_word' id='word_1_378' title='bbox 345 1892 402 1929; x_wconf 88' lang='lat' dir='ltr'>adp.</span> <span class='ocrx_word' id='word_1_379' title='bbox 422 1893 502 1929; x_wconf 84' lang='lat' dir='ltr'>recip.</span> <span class='ocrx_word' id='word_1_380' title='bbox 523 1894 563 1919; x_wconf 90' lang='lat'>49.</span> <span class='ocrx_word' id='word_1_381' title='bbox 584 1895 607 1919; x_wconf 93' lang='lat'>5.</span> <span class='ocrx_word' id='word_1_382' title='bbox 628 1891 659 1918; x_wconf 81' lang='lat' dir='ltr'>cs.</span> <span class='ocrx_word' id='word_1_383' title='bbox 679 1891 751 1918; x_wconf 82' lang='lat' dir='ltr'>Paul.</span> <span class='ocrx_word' id='word_1_384' title='bbox 771 1891 788 1918; x_wconf 95' lang='lat'>1.</span> <span class='ocrx_word' id='word_1_385' title='bbox 811 1893 849 1918; x_wconf 92' lang='lat' dir='ltr'>l2.</span> <span class='ocrx_word' id='word_1_386' title='bbox 869 1892 890 1926; x_wconf 83' lang='lat'>5.</span> <span class='ocrx_word' id='word_1_387' title='bbox 910 1894 933 1918; x_wconf 89' lang='lat'>6.</span> <span class='ocrx_word' id='word_1_388' title='bbox 957 1892 986 1919; x_wconf 78' lang='lat' dir='ltr'>l&#39;r.</span> <span class='ocrx_word' id='word_1_389' title='bbox 1006 1895 1047 1919; x_wconf 90' lang='lat'>41.</span> <span class='ocrx_word' id='word_1_390' title='bbox 1068 1893 1090 1927; x_wconf 89' lang='lat'>5.</span> <span class='ocrx_word' id='word_1_391' title='bbox 1111 1895 1132 1919; x_wconf 90' lang='lat'>7.</span> 
     </span>
     <span class='ocr_line' id='line_1_41' title="bbox 293 1934 1134 1973; baseline 0 -11"><span class='ocrx_word' id='word_1_392' title='bbox 293 1935 326 1962; x_wconf 87' lang='lat' dir='ltr'>de</span> <span class='ocrx_word' id='word_1_393' title='bbox 344 1934 419 1970; x_wconf 78' lang='lat' dir='ltr'>legat.</span> <span class='ocrx_word' id='word_1_394' title='bbox 434 1934 451 1961; x_wconf 91' lang='lat' dir='ltr'>l.</span> <span class='ocrx_word' id='word_1_395' title='bbox 466 1937 533 1968; x_wconf 82' lang='lat'>(30.)</span> <span class='ocrx_word' id='word_1_396' title='bbox 565 1935 696 1971; x_wconf 82' lang='lat' dir='ltr'>Quoniam</span> <span class='ocrx_word' id='word_1_397' title='bbox 711 1944 762 1961; x_wconf 91' lang='lat' dir='ltr'>non</span> <span class='ocrx_word' id='word_1_398' title='bbox 777 1940 898 1961; x_wconf 74' lang='lat' dir='ltr'>contenta</span> <span class='ocrx_word' id='word_1_399' title='bbox 912 1937 1049 1973; x_wconf 83' lang='lat' dir='ltr'>rescripto.</span> <span class='ocrx_word' id='word_1_400' title='bbox 1064 1935 1134 1972; x_wconf 88' lang='lat' dir='ltr'>quod</span> 
     </span>
     <span class='ocr_line' id='line_1_42' title="bbox 294 1977 1133 2015; baseline 0.002 -11"><span class='ocrx_word' id='word_1_401' title='bbox 294 1977 326 2004; x_wconf 91' lang='lat' dir='ltr'>ad</span> <span class='ocrx_word' id='word_1_402' title='bbox 345 1978 442 2015; x_wconf 89' lang='lat' dir='ltr'>primas</span> <span class='ocrx_word' id='word_1_403' title='bbox 461 1987 553 2014; x_wconf 84' lang='lat' dir='ltr'>preces</span> <span class='ocrx_word' id='word_1_404' title='bbox 572 1988 719 2015; x_wconf 60' lang='grc' dir='ltr'>θρεψεως,</span> <span class='ocrx_word' id='word_1_405' title='bbox 740 1979 833 2004; x_wconf 88' lang='lat' dir='ltr'>iterato</span> <span class='ocrx_word' id='word_1_406' title='bbox 854 1978 1004 2015; x_wconf 84' lang='lat' dir='ltr'>supplicare</span> <span class='ocrx_word' id='word_1_407' title='bbox 1018 1978 1133 2007; x_wconf 79' lang='lat' dir='ltr'>voluisti.</span> 
     </span>
     <span class='ocr_line' id='line_1_43' title="bbox 294 2020 1134 2059; baseline 0 -12"><span class='ocrx_word' id='word_1_408' title='bbox 294 2031 328 2047; x_wconf 85' lang='lat' dir='ltr'>ex</span> <span class='ocrx_word' id='word_1_409' title='bbox 346 2021 402 2047; x_wconf 87' lang='lat' dir='ltr'>iure</span> <span class='ocrx_word' id='word_1_410' title='bbox 422 2021 577 2057; x_wconf 87' lang='lat' dir='ltr'>rescriptum</span> <span class='ocrx_word' id='word_1_411' title='bbox 592 2021 746 2058; x_wconf 79' lang='lat' dir='ltr'>reportabis.</span> <span class='ocrx_word' id='word_1_412' title='bbox 767 2020 850 2047; x_wconf 68' lang='lat' dir='ltr'>Vatic.</span> <span class='ocrx_word' id='word_1_413' title='bbox 871 2021 892 2054; x_wconf 90' lang='lat'>5.</span> <span class='ocrx_word' id='word_1_414' title='bbox 906 2023 965 2047; x_wconf 68' lang='lat'>2252.</span> <span class='ocrx_word' id='word_1_415' title='bbox 997 2020 1134 2059; x_wconf 77' lang='lat' dir='ltr'>Rescripta</span> 
     </span>
     <span class='ocr_line' id='line_1_44' title="bbox 295 2062 1135 2091; baseline 0.001 -1"><span class='ocrx_word' id='word_1_416' title='bbox 295 2063 328 2090; x_wconf 90' lang='lat' dir='ltr'>ad</span> <span class='ocrx_word' id='word_1_417' title='bbox 351 2062 570 2090; x_wconf 81' lang='lat' dir='ltr'>consultationem</span> <span class='ocrx_word' id='word_1_418' title='bbox 595 2064 697 2089; x_wconf 80' lang='lat' dir='ltr'>emissa.</span> <span class='ocrx_word' id='word_1_419' title='bbox 730 2063 779 2090; x_wconf 82' lang='lat' dir='ltr'>Th.</span> <span class='ocrx_word' id='word_1_420' title='bbox 801 2063 830 2090; x_wconf 89' lang='lat' dir='ltr'>C.</span> <span class='ocrx_word' id='word_1_421' title='bbox 851 2063 868 2090; x_wconf 97' lang='lat' dir='ltr'>l.</span> <span class='ocrx_word' id='word_1_422' title='bbox 889 2066 913 2090; x_wconf 93' lang='lat'>2.</span> <span class='ocrx_word' id='word_1_423' title='bbox 938 2074 958 2090; x_wconf 90' lang='lat' dir='ltr'>c.</span> <span class='ocrx_word' id='word_1_424' title='bbox 979 2065 1003 2090; x_wconf 89' lang='lat'>9.</span> <span class='ocrx_word' id='word_1_425' title='bbox 1028 2064 1059 2090; x_wconf 88' lang='lat' dir='ltr'>de</span> <span class='ocrx_word' id='word_1_426' title='bbox 1083 2064 1135 2091; x_wconf 82' lang='lat' dir='ltr'>div.</span> 
     </span>
     <span class='ocr_line' id='line_1_45' title="bbox 295 2105 1136 2144; baseline 0.002 -12"><span class='ocrx_word' id='word_1_427' title='bbox 295 2115 376 2132; x_wconf 88' lang='lat' dir='ltr'>rescr.</span> <span class='ocrx_word' id='word_1_428' title='bbox 413 2106 498 2142; x_wconf 86' lang='lat' dir='ltr'>Quam</span> <span class='ocrx_word' id='word_1_429' title='bbox 518 2105 656 2142; x_wconf 86' lang='lat' dir='ltr'>epistolam</span> <span class='ocrx_word' id='word_1_430' title='bbox 677 2105 788 2142; x_wconf 83' lang='lat' dir='ltr'>quodam</span> <span class='ocrx_word' id='word_1_431' title='bbox 809 2107 937 2143; x_wconf 80' lang='lat' dir='ltr'>rescripto</span> <span class='ocrx_word' id='word_1_432' title='bbox 957 2122 989 2126; x_wconf 83' lang='lat'>—-</span> <span class='ocrx_word' id='word_1_433' title='bbox 1009 2106 1071 2144; x_wconf 89' lang='lat' dir='ltr'>lmp.</span> <span class='ocrx_word' id='word_1_434' title='bbox 1092 2117 1136 2134; x_wconf 86' lang='lat' dir='ltr'>no-</span> 
     </span>
     <span class='ocr_line' id='line_1_46' title="bbox 296 2149 1135 2185; baseline 0.001 -10"><span class='ocrx_word' id='word_1_435' title='bbox 296 2154 351 2175; x_wconf 86' lang='lat' dir='ltr'>ster</span> <span class='ocrx_word' id='word_1_436' title='bbox 370 2164 402 2168; x_wconf 87' lang='lat'>—</span> <span class='ocrx_word' id='word_1_437' title='bbox 426 2149 614 2185; x_wconf 86' lang='lat' dir='ltr'>interpretatus</span> <span class='ocrx_word' id='word_1_438' title='bbox 639 2153 679 2174; x_wconf 83' lang='lat' dir='ltr'>est</span> <span class='ocrx_word' id='word_1_439' title='bbox 703 2150 834 2185; x_wconf 80' lang='lat' dir='ltr'>pertinere</span> <span class='ocrx_word' id='word_1_440' title='bbox 859 2155 906 2175; x_wconf 79' lang='lat' dir='ltr'>etc.</span> <span class='ocrx_word' id='word_1_441' title='bbox 934 2149 1015 2176; x_wconf 77' lang='lat' dir='ltr'>Vatic.</span> <span class='ocrx_word' id='word_1_442' title='bbox 1035 2151 1056 2184; x_wconf 91' lang='lat'>5.</span> <span class='ocrx_word' id='word_1_443' title='bbox 1075 2152 1135 2176; x_wconf 81' lang='lat'>235.</span> 
     </span>
     <span class='ocr_line' id='line_1_47' title="bbox 298 2191 1135 2229; baseline 0.002 -11"><span class='ocrx_word' id='word_1_444' title='bbox 298 2191 389 2229; x_wconf 60' lang='lat' dir='ltr'>Nuper</span> <span class='ocrx_word' id='word_1_445' title='bbox 406 2191 470 2228; x_wconf 89' lang='lat' dir='ltr'>Imp.</span> <span class='ocrx_word' id='word_1_446' title='bbox 490 2192 640 2217; x_wconf 83' lang='lat' dir='ltr'>Antoninus</span> <span class='ocrx_word' id='word_1_447' title='bbox 665 2191 821 2226; x_wconf 71' lang='lat' dir='ltr'>significavit</span> <span class='ocrx_word' id='word_1_448' title='bbox 844 2193 973 2229; x_wconf 79' lang='lat' dir='ltr'>rescripto</span> <span class='ocrx_word' id='word_1_449' title='bbox 997 2202 1053 2219; x_wconf 89' lang='lat' dir='ltr'>sno.</span> <span class='ocrx_word' id='word_1_450' title='bbox 1078 2193 1135 2220; x_wconf 87' lang='lat' dir='ltr'>Gai.</span> 
     </span>
     <span class='ocr_line' id='line_1_48' title="bbox 297 2234 1136 2274; baseline 0.002 -13"><span class='ocrx_word' id='word_1_451' title='bbox 297 2235 328 2261; x_wconf 92' lang='grc'>11.</span> <span class='ocrx_word' id='word_1_452' title='bbox 351 2236 405 2261; x_wconf 84' lang='lat'>126.</span> <span class='ocrx_word' id='word_1_453' title='bbox 433 2234 464 2261; x_wconf 78' lang='lat' dir='ltr'>cf.</span> <span class='ocrx_word' id='word_1_454' title='bbox 489 2236 546 2260; x_wconf 80' lang='lat'>120.</span> <span class='ocrx_word' id='word_1_455' title='bbox 567 2235 624 2260; x_wconf 88' lang='lat'>151.</span> <span class='ocrx_word' id='word_1_456' title='bbox 667 2234 735 2260; x_wconf 83' lang='lat' dir='ltr'>Cum</span> <span class='ocrx_word' id='word_1_457' title='bbox 758 2235 899 2271; x_wconf 82' lang='lat' dir='ltr'>impunitas</span> <span class='ocrx_word' id='word_1_458' title='bbox 928 2245 975 2271; x_wconf 74' lang='lat' dir='ltr'>per</span> <span class='ocrx_word' id='word_1_459' title='bbox 999 2236 1136 2274; x_wconf 78' lang='lat' dir='ltr'>simplicia,</span> 
     </span>
     <span class='ocr_line' id='line_1_49' title="bbox 297 2276 1136 2314; baseline 0.002 -10"><span class='ocrx_word' id='word_1_460' title='bbox 297 2277 340 2304; x_wconf 90' lang='lat' dir='ltr'>vel</span> <span class='ocrx_word' id='word_1_461' title='bbox 359 2278 435 2304; x_wconf 78' lang='lat' dir='ltr'>etium</span> <span class='ocrx_word' id='word_1_462' title='bbox 455 2276 616 2314; x_wconf 75' lang='lat' dir='ltr'>personalia,</span> <span class='ocrx_word' id='word_1_463' title='bbox 636 2278 762 2314; x_wconf 85' lang='lat' dir='ltr'>rescripta</span> <span class='ocrx_word' id='word_1_464' title='bbox 783 2277 901 2303; x_wconf 88' lang='lat' dir='ltr'>donatur.</span> <span class='ocrx_word' id='word_1_465' title='bbox 931 2277 996 2304; x_wconf 65' lang='lat' dir='ltr'>Nor.</span> <span class='ocrx_word' id='word_1_466' title='bbox 1018 2278 1072 2305; x_wconf 57' lang='lat' dir='ltr'>val.</span> <span class='ocrx_word' id='word_1_467' title='bbox 1094 2279 1136 2306; x_wconf 90' lang='grc'><strong>111.</strong></span> 
     </span>
     <span class='ocr_line' id='line_1_50' title="bbox 299 2319 727 2357; baseline -0.002 -10"><span class='ocrx_word' id='word_1_468' title='bbox 299 2320 331 2347; x_wconf 80' lang='lat' dir='ltr'>tle</span> <span class='ocrx_word' id='word_1_469' title='bbox 350 2320 472 2347; x_wconf 84' lang='lat' dir='ltr'>homicid.</span> <span class='ocrx_word' id='word_1_470' title='bbox 493 2319 521 2346; x_wconf 89' lang='lat' dir='ltr'>ll.</span> <span class='ocrx_word' id='word_1_471' title='bbox 541 2322 582 2346; x_wconf 85' lang='lat'>20.</span> <span class='ocrx_word' id='word_1_472' title='bbox 603 2330 623 2345; x_wconf 92' lang='lat' dir='ltr'>c.</span> <span class='ocrx_word' id='word_1_473' title='bbox 645 2321 670 2347; x_wconf 90' lang='lat' dir='ltr'>l.</span> <span class='ocrx_word' id='word_1_474' title='bbox 688 2330 727 2357; x_wconf 90' lang='lat' dir='ltr'>pr.</span> 
     </span>
    </p>

    <p class='ocr_par' dir='ltr' id='par_1_5' title="bbox 334 2362 1014 2396">
     <span class='ocr_line' id='line_1_51' title="bbox 334 2362 1014 2396; baseline 0 -6"><span class='ocrx_word' id='word_1_475' title='bbox 334 2363 569 2396; x_wconf 72' lang='lat' dir='ltr'>Rescriptus.</span> <span class='ocrx_word' id='word_1_476' title='bbox 590 2362 718 2396; x_wconf 88' lang='lat' dir='ltr'>(Partic.)</span> <span class='ocrx_word' id='word_1_477' title='bbox 745 2362 786 2389; x_wconf 76' lang='lat' dir='ltr'>Cf.</span> <span class='ocrx_word' id='word_1_478' title='bbox 806 2373 830 2389; x_wconf 84' lang='lat' dir='ltr'>v.</span> <span class='ocrx_word' id='word_1_479' title='bbox 850 2362 1014 2390; x_wconf 78' lang='lat' dir='ltr'>Rescribere.</span> 
     </span>
    </p>

    <p class='ocr_par' dir='ltr' id='par_1_6' title="bbox 334 2405 1138 2441">
     <span class='ocr_line' id='line_1_52' title="bbox 334 2405 1138 2441; baseline 0 -8"><span class='ocrx_word' id='word_1_480' title='bbox 334 2407 540 2433; x_wconf 73' lang='lat' dir='ltr'>Resecare·</span> <span class='ocrx_word' id='word_1_481' title='bbox 578 2405 608 2438; x_wconf 64' lang='grc' dir='ltr'>ξ.</span> <span class='ocrx_word' id='word_1_482' title='bbox 632 2407 666 2433; x_wconf 86' lang='lat' dir='ltr'>l.</span> <span class='ocrx_word' id='word_1_483' title='bbox 700 2408 885 2441; x_wconf 62' lang='lat' dir='ltr'>Amyntore.</span> <span class='ocrx_word' id='word_1_484' title='bbox 923 2405 941 2432; x_wconf 93' lang='grc'>1.</span> <span class='ocrx_word' id='word_1_485' title='bbox 962 2408 1023 2441; x_wconf 75' lang='lat' dir='ltr'>Sy.</span> <span class='ocrx_word' id='word_1_486' title='bbox 1054 2406 1138 2433; x_wconf 87' lang='lat' dir='ltr'>Trun-</span> 
     </span>
    </p>
   </div>
   <div class='ocr_carea' id='block_1_3' title="bbox 300 2439 2020 2491">
    <p class='ocr_par' dir='ltr' id='par_1_7' title="bbox 300 2439 2020 2491">
     <span class='ocr_line' id='line_1_53' title="bbox 300 2439 2020 2491; baseline -0.001 -16"><span class='ocrx_word' id='word_1_487' title='bbox 300 2459 367 2475; x_wconf 80' lang='lat' dir='ltr'>care.</span> <span class='ocrx_word' id='word_1_488' title='bbox 391 2448 440 2475; x_wconf 80' lang='lat' dir='ltr'>Th.</span> <span class='ocrx_word' id='word_1_489' title='bbox 461 2448 492 2474; x_wconf 87' lang='lat' dir='ltr'>C.</span> <span class='ocrx_word' id='word_1_490' title='bbox 513 2447 568 2474; x_wconf 69' lang='lat' dir='ltr'>Vll.</span> <span class='ocrx_word' id='word_1_491' title='bbox 590 2449 627 2474; x_wconf 83' lang='lat'>13.</span> <span class='ocrx_word' id='word_1_492' title='bbox 648 2458 669 2474; x_wconf 92' lang='lat' dir='ltr'>c.</span> <span class='ocrx_word' id='word_1_493' title='bbox 689 2450 713 2475; x_wconf 41' lang='lat'>⁴¹,</span> <span class='ocrx_word' id='word_1_494' title='bbox 738 2449 769 2475; x_wconf 84' lang='lat' dir='ltr'>de</span> <span class='ocrx_word' id='word_1_495' title='bbox 789 2450 865 2475; x_wconf 87' lang='lat' dir='ltr'>tiron.</span> <span class='ocrx_word' id='word_1_496' title='bbox 887 2448 941 2475; x_wconf 68' lang='lat' dir='ltr'>Vll.</span> <span class='ocrx_word' id='word_1_497' title='bbox 960 2452 1001 2476; x_wconf 87' lang='lat'>22.</span> <span class='ocrx_word' id='word_1_498' title='bbox 1022 2460 1042 2476; x_wconf 92' lang='lat' dir='ltr'>c.</span> <span class='ocrx_word' id='word_1_499' title='bbox 1064 2452 1086 2476; x_wconf 91' lang='lat'>1.</span> <span class='ocrx_word' id='word_1_500' title='bbox 1106 2450 1138 2476; x_wconf 86' lang='lat' dir='ltr'>de</span> <span class='ocrx_word' id='word_1_501' title='bbox 1159 2439 1161 2491; x_wconf 37' lang='grc'><strong>1</strong></span> <span class='ocrx_word' id='word_1_502' title='bbox 1183 2451 1317 2478; x_wconf 85' lang='lat' dir='ltr'>decurion.</span> <span class='ocrx_word' id='word_1_503' title='bbox 1354 2449 1464 2476; x_wconf 82' lang='lat' dir='ltr'>Residui</span> <span class='ocrx_word' id='word_1_504' title='bbox 1489 2449 1614 2484; x_wconf 71' lang='lat' dir='ltr'>temporis</span> <span class='ocrx_word' id='word_1_505' title='bbox 1640 2446 1804 2480; x_wconf 82' lang='lat' dir='ltr'>(salarium.)</span> <span class='ocrx_word' id='word_1_506' title='bbox 1831 2446 1861 2473; x_wconf 78' lang='lat' dir='ltr'>fr.</span> <span class='ocrx_word' id='word_1_507' title='bbox 1881 2449 1904 2473; x_wconf 83' lang='lat'>4.</span> <span class='ocrx_word' id='word_1_508' title='bbox 1925 2447 1957 2473; x_wconf 90' lang='lat' dir='ltr'>de</span> <span class='ocrx_word' id='word_1_509' title='bbox 1977 2447 2020 2474; x_wconf 79' lang='lat' dir='ltr'>off.</span> 
     </span>
    </p>
   </div>
   <div class='ocr_carea' id='block_1_4' title="bbox 300 2490 1139 2563">
    <p class='ocr_par' dir='ltr' id='par_1_8' title="bbox 300 2490 1139 2563">
     <span class='ocr_line' id='line_1_54' title="bbox 300 2490 1138 2527; baseline 0.002 -10"><span class='ocrx_word' id='word_1_510' title='bbox 300 2491 338 2518; x_wconf 87' lang='lat' dir='ltr'>fil.</span> <span class='ocrx_word' id='word_1_511' title='bbox 358 2490 461 2517; x_wconf 84' lang='lat' dir='ltr'>militar.</span> <span class='ocrx_word' id='word_1_512' title='bbox 483 2506 513 2511; x_wconf 88' lang='lat'>·—-</span> <span class='ocrx_word' id='word_1_513' title='bbox 542 2491 573 2524; x_wconf 75' lang='lat'>§-</span> <span class='ocrx_word' id='word_1_514' title='bbox 594 2492 629 2517; x_wconf 71' lang='grc'>2.</span> <span class='ocrx_word' id='word_1_515' title='bbox 657 2492 796 2523; x_wconf 76' lang='lat' dir='ltr'>Tollere,</span> <span class='ocrx_word' id='word_1_516' title='bbox 817 2493 1002 2519; x_wconf 69' lang='lat' dir='ltr'>Excludere.</span> <span class='ocrx_word' id='word_1_517' title='bbox 1040 2492 1058 2519; x_wconf 93' lang='grc'>1.</span> <span class='ocrx_word' id='word_1_518' title='bbox 1077 2494 1138 2527; x_wconf 72' lang='lat' dir='ltr'>Sy.</span> 
     </span>
     <span class='ocr_line' id='line_1_55' title="bbox 301 2533 1139 2563; baseline 0.002 -3"><span class='ocrx_word' id='word_1_519' title='bbox 301 2533 442 2560; x_wconf 70' lang='lat' dir='ltr'>cohibere.</span> <span class='ocrx_word' id='word_1_520' title='bbox 467 2533 503 2559; x_wconf 89' lang='grc'><strong>11).</strong></span> <span class='ocrx_word' id='word_1_521' title='bbox 523 2533 593 2559; x_wconf 69' lang='lat' dir='ltr'>XVI.</span> <span class='ocrx_word' id='word_1_522' title='bbox 613 2536 635 2560; x_wconf 90' lang='lat'>5.</span> <span class='ocrx_word' id='word_1_523' title='bbox 661 2544 681 2560; x_wconf 89' lang='lat' dir='ltr'>c.</span> <span class='ocrx_word' id='word_1_524' title='bbox 701 2535 742 2560; x_wconf 76' lang='lat'>35.</span> <span class='ocrx_word' id='word_1_525' title='bbox 763 2535 795 2561; x_wconf 76' lang='lat' dir='ltr'>(le</span> <span class='ocrx_word' id='word_1_526' title='bbox 814 2535 910 2562; x_wconf 75' lang='lat' dir='ltr'>haeret.</span> <span class='ocrx_word' id='word_1_527' title='bbox 948 2535 990 2562; x_wconf 90' lang='grc'><strong>111.</strong></span> <span class='ocrx_word' id='word_1_528' title='bbox 1010 2537 1074 2563; x_wconf 73' lang='lat' dir='ltr'>Cn.</span> <span class='ocrx_word' id='word_1_529' title='bbox 1100 2535 1139 2562; x_wconf 65' lang='lat' dir='ltr'>Ne</span> 
     </span>
    </p>
   </div>
   <div class='ocr_carea' id='block_1_5' title="bbox 302 2575 1140 2615">
    <p class='ocr_par' dir='ltr' id='par_1_9' title="bbox 302 2575 1140 2615">
     <span class='ocr_line' id='line_1_56' title="bbox 302 2575 1140 2615; baseline 0.002 -13"><span class='ocrx_word' id='word_1_530' title='bbox 302 2575 328 2602; x_wconf 88' lang='lat' dir='ltr'>id</span> <span class='ocrx_word' id='word_1_531' title='bbox 347 2575 432 2602; x_wconf 90' lang='lat' dir='ltr'>solum</span> <span class='ocrx_word' id='word_1_532' title='bbox 452 2581 558 2613; x_wconf 82' lang='lat' dir='ltr'>putetur</span> <span class='ocrx_word' id='word_1_533' title='bbox 577 2576 608 2602; x_wconf 68' lang='lat' dir='ltr'>aul</span> <span class='ocrx_word' id='word_1_534' title='bbox 628 2577 794 2604; x_wconf 83' lang='lat' dir='ltr'>resecandam</span> <span class='ocrx_word' id='word_1_535' title='bbox 808 2579 978 2605; x_wconf 79' lang='lat' dir='ltr'>intentionem</span> <span class='ocrx_word' id='word_1_536' title='bbox 992 2588 1072 2615; x_wconf 89' lang='lat' dir='ltr'>posse</span> <span class='ocrx_word' id='word_1_537' title='bbox 1088 2578 1140 2605; x_wconf 55' lang='lat' dir='ltr'>sul*-</span> 
     </span>
    </p>
   </div>
   <div class='ocr_carea' id='block_1_6' title="bbox 303 2615 1162 2655">
    <p class='ocr_par' dir='ltr' id='par_1_10' title="bbox 303 2615 1162 2655">
     <span class='ocr_line' id='line_1_57' title="bbox 303 2615 1162 2655; baseline 0.005 -11"><span class='ocrx_word' id='word_1_538' title='bbox 303 2619 389 2645; x_wconf 85' lang='lat' dir='ltr'>licere.</span> <span class='ocrx_word' id='word_1_539' title='bbox 408 2619 444 2645; x_wconf 92' lang='lat' dir='ltr'>Ib.</span> <span class='ocrx_word' id='word_1_540' title='bbox 465 2629 485 2645; x_wconf 88' lang='lat' dir='ltr'>c.</span> <span class='ocrx_word' id='word_1_541' title='bbox 499 2621 540 2646; x_wconf 86' lang='lat'>54.</span> <span class='ocrx_word' id='word_1_542' title='bbox 560 2619 581 2652; x_wconf 94' lang='lat'>5.</span> <span class='ocrx_word' id='word_1_543' title='bbox 601 2621 624 2645; x_wconf 88' lang='lat'>3.</span> <span class='ocrx_word' id='word_1_544' title='bbox 645 2619 661 2646; x_wconf 95' lang='grc'>1.</span> <span class='ocrx_word' id='word_1_545' title='bbox 682 2619 698 2646; x_wconf 90' lang='grc'>1.</span> <span class='ocrx_word' id='word_1_546' title='bbox 735 2620 922 2655; x_wconf 72' lang='lat' dir='ltr'>Quaestionem</span> <span class='ocrx_word' id='word_1_547' title='bbox 939 2638 967 2641; x_wconf 97' lang='lat'><strong>—</strong></span> <span class='ocrx_word' id='word_1_548' title='bbox 982 2627 1138 2653; x_wconf 74' lang='lat' dir='ltr'>resecantes.</span> <span class='ocrx_word' id='word_1_549' title='bbox 1160 2615 1162 2630; x_wconf 61' lang='lat' dir='ltr'>l</span> 
     </span>
    </p>
   </div>
   <div class='ocr_carea' id='block_1_7' title="bbox 304 2661 1140 2731">
    <p class='ocr_par' dir='ltr' id='par_1_11' title="bbox 304 2661 1140 2731">
     <span class='ocr_line' id='line_1_58' title="bbox 304 2661 1140 2691; baseline 0.005 -4"><span class='ocrx_word' id='word_1_550' title='bbox 304 2675 336 2679; x_wconf 96' lang='lat'><strong>—</strong></span> <span class='ocrx_word' id='word_1_551' title='bbox 356 2663 494 2688; x_wconf 68' lang='lat' dir='ltr'>sancimus</span> <span class='ocrx_word' id='word_1_552' title='bbox 519 2672 540 2688; x_wconf 95' lang='lat' dir='ltr'>c.</span> <span class='ocrx_word' id='word_1_553' title='bbox 559 2664 601 2689; x_wconf 87' lang='lat'>32.</span> <span class='ocrx_word' id='word_1_554' title='bbox 626 2661 658 2688; x_wconf 88' lang='lat' dir='ltr'>de</span> <span class='ocrx_word' id='word_1_555' title='bbox 683 2662 768 2689; x_wconf 77' lang='lat' dir='ltr'>lideic.</span> <span class='ocrx_word' id='word_1_556' title='bbox 788 2664 811 2689; x_wconf 89' lang='lat'>6.</span> <span class='ocrx_word' id='word_1_557' title='bbox 832 2665 872 2689; x_wconf 85' lang='lat'>42.</span> <span class='ocrx_word' id='word_1_558' title='bbox 898 2663 930 2689; x_wconf 76' lang='lat' dir='ltr'>ct&#39;.</span> <span class='ocrx_word' id='word_1_559' title='bbox 951 2674 971 2689; x_wconf 86' lang='lat' dir='ltr'>e.</span> <span class='ocrx_word' id='word_1_560' title='bbox 992 2666 1033 2691; x_wconf 82' lang='lat'>24.</span> <span class='ocrx_word' id='word_1_561' title='bbox 1053 2664 1085 2691; x_wconf 87' lang='lat' dir='ltr'>de</span> <span class='ocrx_word' id='word_1_562' title='bbox 1105 2669 1140 2690; x_wconf 84' lang='lat' dir='ltr'>tc·</span> 
     </span>
     <span class='ocr_line' id='line_1_59' title="bbox 304 2706 481 2731; baseline 0.011 -2"><span class='ocrx_word' id='word_1_563' title='bbox 304 2707 378 2729; x_wconf 80' lang='lat' dir='ltr'>stam.</span> <span class='ocrx_word' id='word_1_564' title='bbox 397 2706 420 2730; x_wconf 86' lang='lat'>6.</span> <span class='ocrx_word' id='word_1_565' title='bbox 440 2706 481 2731; x_wconf 85' lang='lat'>23.</span> 
     </span>
    </p>
   </div>
   <div class='ocr_carea' id='block_1_8' title="bbox 341 2746 1163 2785">
    <p class='ocr_par' dir='ltr' id='par_1_12' title="bbox 341 2746 1163 2785">
     <span class='ocr_line' id='line_1_60' title="bbox 341 2746 1163 2785; baseline 0.004 -13"><span class='ocrx_word' id='word_1_566' title='bbox 341 2746 543 2774; x_wconf 62' lang='lat' dir='ltr'>Reserate.</span> <span class='ocrx_word' id='word_1_567' title='bbox 581 2748 611 2781; x_wconf 61' lang='grc' dir='ltr'>ξ.</span> <span class='ocrx_word' id='word_1_568' title='bbox 627 2749 661 2774; x_wconf 82' lang='lat' dir='ltr'>l·</span> <span class='ocrx_word' id='word_1_569' title='bbox 683 2750 861 2775; x_wconf 75' lang='lat' dir='ltr'>Iteclndere.</span> <span class='ocrx_word' id='word_1_570' title='bbox 898 2748 940 2775; x_wconf 87' lang='lat'>111.</span> <span class='ocrx_word' id='word_1_571' title='bbox 956 2750 1021 2776; x_wconf 78' lang='lat' dir='ltr'>Cn.</span> <span class='ocrx_word' id='word_1_572' title='bbox 1041 2749 1093 2785; x_wconf 81' lang='lat' dir='ltr'>Qui</span> <span class='ocrx_word' id='word_1_573' title='bbox 1109 2765 1139 2769; x_wconf 90' lang='grc'>-</span> <span class='ocrx_word' id='word_1_574' title='bbox 1161 2767 1163 2771; x_wconf 48' lang='grc' dir='ltr'><em>ι</em></span> 
     </span>
    </p>
   </div>
   <div class='ocr_carea' id='block_1_9' title="bbox 305 2788 1141 2867">
    <p class='ocr_par' dir='ltr' id='par_1_13' title="bbox 305 2788 1141 2867">
     <span class='ocr_line' id='line_1_61' title="bbox 305 2788 1141 2828; baseline 0.007 -15"><span class='ocrx_word' id='word_1_575' title='bbox 305 2788 405 2824; x_wconf 78' lang='lat' dir='ltr'>signum</span> <span class='ocrx_word' id='word_1_576' title='bbox 420 2788 592 2816; x_wconf 79' lang='lat' dir='ltr'>adulterinum</span> <span class='ocrx_word' id='word_1_577' title='bbox 606 2790 755 2827; x_wconf 70' lang='lat' dir='ltr'>sculpserit,</span> <span class='ocrx_word' id='word_1_578' title='bbox 776 2791 874 2823; x_wconf 74' lang='lat' dir='ltr'>fecerit,</span> <span class='ocrx_word' id='word_1_579' title='bbox 894 2794 1061 2828; x_wconf 80' lang='lat' dir='ltr'>expresserit,</span> <span class='ocrx_word' id='word_1_580' title='bbox 1074 2802 1141 2819; x_wconf 87' lang='lat' dir='ltr'>amo·</span> 
     </span>
     <span class='ocr_line' id='line_1_62' title="bbox 305 2831 1141 2867; baseline 0.007 -11"><span class='ocrx_word' id='word_1_581' title='bbox 305 2831 384 2859; x_wconf 74' lang='lat' dir='ltr'>verit..</span> <span class='ocrx_word' id='word_1_582' title='bbox 410 2834 570 2859; x_wconf 75' lang='lat' dir='ltr'>reseraverit.</span> <span class='ocrx_word' id='word_1_583' title='bbox 604 2832 675 2860; x_wconf 81' lang='lat' dir='ltr'>Paul.</span> <span class='ocrx_word' id='word_1_584' title='bbox 697 2833 726 2860; x_wconf 64' lang='lat' dir='ltr'>Y.</span> <span class='ocrx_word' id='word_1_585' title='bbox 746 2836 787 2860; x_wconf 83' lang='lat'>25.</span> <span class='ocrx_word' id='word_1_586' title='bbox 808 2834 828 2867; x_wconf 83' lang='lat'>5</span> <span class='ocrx_word' id='word_1_587' title='bbox 851 2835 870 2859; x_wconf 92' lang='lat' dir='ltr'>l.</span> <span class='ocrx_word' id='word_1_588' title='bbox 910 2833 1090 2867; x_wconf 73' lang='lat' dir='ltr'>Testamenta.</span> <span class='ocrx_word' id='word_1_589' title='bbox 1117 2845 1141 2862; x_wconf 87' lang='lat' dir='ltr'>v.</span> 
     </span>
    </p>
   </div>
   <div class='ocr_carea' id='block_1_10' title="bbox 1102 178 1193 210">
    <p class='ocr_par' dir='ltr' id='par_1_14' title="bbox 1102 178 1193 210">
     <span class='ocr_line' id='line_1_63' title="bbox 1102 178 1193 210; baseline -0.011 0"><span class='ocrx_word' id='word_1_590' title='bbox 1102 178 1193 210; x_wconf 85' lang='lat' dir='ltr'>RES.</span> 
     </span>
    </p>
   </div>
   <div class='ocr_carea' id='block_1_11' title="bbox 1169 261 2021 2436">
    <p class='ocr_par' dir='ltr' id='par_1_15' title="bbox 1169 261 2013 685">
     <span class='ocr_line' id='line_1_64' title="bbox 1170 261 2010 294; baseline 0.004 -7"><span class='ocrx_word' id='word_1_591' title='bbox 1170 261 1354 294; x_wconf 77' lang='lat' dir='ltr'>Instrumenta,</span> <span class='ocrx_word' id='word_1_592' title='bbox 1372 271 1498 290; x_wconf 85' lang='lat' dir='ltr'>reserare.</span> <span class='ocrx_word' id='word_1_593' title='bbox 1519 273 1540 290; x_wconf 90' lang='lat' dir='ltr'>c.</span> <span class='ocrx_word' id='word_1_594' title='bbox 1561 264 1584 290; x_wconf 94' lang='lat' dir='ltr'>l.</span> <span class='ocrx_word' id='word_1_595' title='bbox 1604 262 1637 290; x_wconf 86' lang='lat' dir='ltr'>de</span> <span class='ocrx_word' id='word_1_596' title='bbox 1655 263 1700 290; x_wconf 80' lang='lat' dir='ltr'>off.</span> <span class='ocrx_word' id='word_1_597' title='bbox 1719 262 1799 290; x_wconf 85' lang='lat' dir='ltr'>Iurid.</span> <span class='ocrx_word' id='word_1_598' title='bbox 1817 264 1839 290; x_wconf 86' lang='lat'>1.</span> <span class='ocrx_word' id='word_1_599' title='bbox 1852 264 1894 290; x_wconf 82' lang='lat'>57.</span> <span class='ocrx_word' id='word_1_600' title='bbox 1914 263 1964 291; x_wconf 82' lang='lat' dir='ltr'>Th.</span> <span class='ocrx_word' id='word_1_601' title='bbox 1979 262 2010 291; x_wconf 90' lang='lat' dir='ltr'>C.</span> 
     </span>
     <span class='ocr_line' id='line_1_65' title="bbox 1170 304 2011 339; baseline 0.004 -8"><span class='ocrx_word' id='word_1_602' title='bbox 1170 304 1214 331; x_wconf 87' lang='lat' dir='ltr'>lv.</span> <span class='ocrx_word' id='word_1_603' title='bbox 1234 306 1257 331; x_wconf 80' lang='lat'>4.</span> <span class='ocrx_word' id='word_1_604' title='bbox 1279 315 1300 331; x_wconf 93' lang='lat' dir='ltr'>c.</span> <span class='ocrx_word' id='word_1_605' title='bbox 1320 306 1344 331; x_wconf 84' lang='lat'>4.</span> <span class='ocrx_word' id='word_1_606' title='bbox 1364 304 1397 331; x_wconf 91' lang='lat' dir='ltr'>de</span> <span class='ocrx_word' id='word_1_607' title='bbox 1415 310 1517 332; x_wconf 85' lang='lat' dir='ltr'>testam.</span> <span class='ocrx_word' id='word_1_608' title='bbox 1537 310 1563 332; x_wconf 92' lang='lat' dir='ltr'>et</span> <span class='ocrx_word' id='word_1_609' title='bbox 1582 305 1664 333; x_wconf 85' lang='lat' dir='ltr'>codic.</span> <span class='ocrx_word' id='word_1_610' title='bbox 1684 322 1716 326; x_wconf 96' lang='lat'><strong>—</strong></span> <span class='ocrx_word' id='word_1_611' title='bbox 1737 306 1768 339; x_wconf 83' lang='lat'>§.</span> <span class='ocrx_word' id='word_1_612' title='bbox 1780 307 1815 333; x_wconf 67' lang='grc' dir='ltr'>Ε.</span> <span class='ocrx_word' id='word_1_613' title='bbox 1835 308 2011 339; x_wconf 65' lang='lat' dir='ltr'>Belua-are,</span> 
     </span>
     <span class='ocr_line' id='line_1_66' title="bbox 1169 347 2012 376; baseline 0.004 -3"><span class='ocrx_word' id='word_1_614' title='bbox 1169 349 1371 374; x_wconf 77' lang='lat' dir='ltr'>Permittere.</span> <span class='ocrx_word' id='word_1_615' title='bbox 1407 347 1451 374; x_wconf 86' lang='grc'><strong>111.</strong></span> <span class='ocrx_word' id='word_1_616' title='bbox 1466 349 1532 376; x_wconf 76' lang='lat' dir='ltr'>Gn.</span> <span class='ocrx_word' id='word_1_617' title='bbox 1551 349 1637 375; x_wconf 89' lang='lat' dir='ltr'>Aures</span> <span class='ocrx_word' id='word_1_618' title='bbox 1656 348 1826 376; x_wconf 87' lang='lat' dir='ltr'>iudicantium</span> <span class='ocrx_word' id='word_1_619' title='bbox 1845 365 1875 370; x_wconf 96' lang='lat'>—</span> <span class='ocrx_word' id='word_1_620' title='bbox 1896 359 2012 376; x_wconf 86' lang='lat' dir='ltr'>reseren-</span> 
     </span>
     <span class='ocr_line' id='line_1_67' title="bbox 1170 390 2012 425; baseline 0.002 -9"><span class='ocrx_word' id='word_1_621' title='bbox 1170 394 1220 417; x_wconf 88' lang='lat' dir='ltr'>tur.</span> <span class='ocrx_word' id='word_1_622' title='bbox 1240 390 1277 418; x_wconf 89' lang='lat' dir='ltr'>lb.</span> <span class='ocrx_word' id='word_1_623' title='bbox 1297 390 1315 417; x_wconf 91' lang='grc' dir='ltr'>Ι.</span> <span class='ocrx_word' id='word_1_624' title='bbox 1336 392 1376 417; x_wconf 87' lang='grc'>16.</span> <span class='ocrx_word' id='word_1_625' title='bbox 1396 401 1418 418; x_wconf 91' lang='lat' dir='ltr'>c.</span> <span class='ocrx_word' id='word_1_626' title='bbox 1437 393 1461 418; x_wconf 91' lang='lat'>7.</span> <span class='ocrx_word' id='word_1_627' title='bbox 1480 391 1585 425; x_wconf 75' lang='lat' dir='ltr'>(Wek.)</span> <span class='ocrx_word' id='word_1_628' title='bbox 1605 391 1638 419; x_wconf 83' lang='lat' dir='ltr'>de</span> <span class='ocrx_word' id='word_1_629' title='bbox 1657 391 1701 418; x_wconf 81' lang='lat' dir='ltr'>off.</span> <span class='ocrx_word' id='word_1_630' title='bbox 1721 390 1794 418; x_wconf 82' lang='lat' dir='ltr'>Rect.</span> <span class='ocrx_word' id='word_1_631' title='bbox 1814 391 1857 418; x_wconf 91' lang='lat' dir='ltr'>Pr.</span> <span class='ocrx_word' id='word_1_632' title='bbox 1893 391 2012 418; x_wconf 84' lang='lat' dir='ltr'>Admini-</span> 
     </span>
     <span class='ocr_line' id='line_1_68' title="bbox 1170 433 2011 471; baseline 0.002 -12"><span class='ocrx_word' id='word_1_633' title='bbox 1170 434 1263 459; x_wconf 83' lang='lat' dir='ltr'>stratio</span> <span class='ocrx_word' id='word_1_634' title='bbox 1287 434 1325 460; x_wconf 89' lang='lat' dir='ltr'>rei</span> <span class='ocrx_word' id='word_1_635' title='bbox 1344 435 1467 471; x_wconf 86' lang='lat' dir='ltr'>propriae</span> <span class='ocrx_word' id='word_1_636' title='bbox 1486 439 1600 461; x_wconf 85' lang='lat' dir='ltr'>reserata</span> <span class='ocrx_word' id='word_1_637' title='bbox 1619 435 1651 461; x_wconf 83' lang='lat' dir='ltr'>ei.</span> <span class='ocrx_word' id='word_1_638' title='bbox 1681 433 1718 460; x_wconf 88' lang='lat' dir='ltr'>lb.</span> <span class='ocrx_word' id='word_1_639' title='bbox 1738 433 1768 461; x_wconf 91' lang='lat'>11.</span> <span class='ocrx_word' id='word_1_640' title='bbox 1790 436 1829 461; x_wconf 86' lang='lat'>16.</span> <span class='ocrx_word' id='word_1_641' title='bbox 1856 444 1877 461; x_wconf 91' lang='lat' dir='ltr'>c.</span> <span class='ocrx_word' id='word_1_642' title='bbox 1897 436 1922 461; x_wconf 87' lang='lat'>2.</span> <span class='ocrx_word' id='word_1_643' title='bbox 1945 435 1968 468; x_wconf 90' lang='lat'>5.</span> <span class='ocrx_word' id='word_1_644' title='bbox 1988 436 2011 461; x_wconf 89' lang='lat' dir='ltr'>l.</span> 
     </span>
     <span class='ocr_line' id='line_1_69' title="bbox 1171 475 2013 514; baseline 0.001 -12"><span class='ocrx_word' id='word_1_645' title='bbox 1171 475 1203 502; x_wconf 89' lang='lat' dir='ltr'>de</span> <span class='ocrx_word' id='word_1_646' title='bbox 1222 477 1316 513; x_wconf 77' lang='lat' dir='ltr'>integri</span> <span class='ocrx_word' id='word_1_647' title='bbox 1335 481 1397 503; x_wconf 86' lang='lat' dir='ltr'>rest.</span> <span class='ocrx_word' id='word_1_648' title='bbox 1435 476 1463 503; x_wconf 91' lang='lat' dir='ltr'>In</span> <span class='ocrx_word' id='word_1_649' title='bbox 1483 477 1578 514; x_wconf 87' lang='lat' dir='ltr'>quibus</span> <span class='ocrx_word' id='word_1_650' title='bbox 1599 480 1653 511; x_wconf 86' lang='lat' dir='ltr'>(sc.</span> <span class='ocrx_word' id='word_1_651' title='bbox 1673 476 1784 509; x_wconf 87' lang='lat' dir='ltr'>diebus)</span> <span class='ocrx_word' id='word_1_652' title='bbox 1808 486 1894 514; x_wconf 90' lang='lat' dir='ltr'>neque</span> <span class='ocrx_word' id='word_1_653' title='bbox 1912 481 2013 514; x_wconf 82' lang='lat' dir='ltr'>specta-</span> 
     </span>
     <span class='ocr_line' id='line_1_70' title="bbox 1171 517 2012 557; baseline 0.001 -12"><span class='ocrx_word' id='word_1_654' title='bbox 1171 517 1289 545; x_wconf 90' lang='lat' dir='ltr'>culorum</span> <span class='ocrx_word' id='word_1_655' title='bbox 1314 520 1415 557; x_wconf 89' lang='lat' dir='ltr'>copiam</span> <span class='ocrx_word' id='word_1_656' title='bbox 1438 529 1592 547; x_wconf 81' lang='lat' dir='ltr'>reseramus.</span> <span class='ocrx_word' id='word_1_657' title='bbox 1618 531 1639 547; x_wconf 89' lang='lat' dir='ltr'>c.</span> <span class='ocrx_word' id='word_1_658' title='bbox 1660 522 1683 547; x_wconf 90' lang='lat'>7.</span> <span class='ocrx_word' id='word_1_659' title='bbox 1707 519 1740 547; x_wconf 84' lang='lat' dir='ltr'>de</span> <span class='ocrx_word' id='word_1_660' title='bbox 1764 520 1844 547; x_wconf 80' lang='lat' dir='ltr'>seriis.</span> <span class='ocrx_word' id='word_1_661' title='bbox 1868 521 1892 547; x_wconf 88' lang='lat'>3.</span> <span class='ocrx_word' id='word_1_662' title='bbox 1920 521 1959 546; x_wconf 87' lang='lat'>12.</span> <span class='ocrx_word' id='word_1_663' title='bbox 1979 535 2012 540; x_wconf 93' lang='lat'>—</span> 
     </span>
     <span class='ocr_line' id='line_1_71' title="bbox 1171 561 2013 598; baseline 0.001 -10"><span class='ocrx_word' id='word_1_664' title='bbox 1171 562 1202 595; x_wconf 83' lang='lat'>§.</span> <span class='ocrx_word' id='word_1_665' title='bbox 1217 563 1254 589; x_wconf 83' lang='grc'>3.</span> <span class='ocrx_word' id='word_1_666' title='bbox 1275 563 1409 594; x_wconf 80' lang='lat' dir='ltr'>Docere,</span> <span class='ocrx_word' id='word_1_667' title='bbox 1428 564 1575 590; x_wconf 82' lang='lat' dir='ltr'>Probare.</span> <span class='ocrx_word' id='word_1_668' title='bbox 1612 562 1654 589; x_wconf 90' lang='grc'><strong>111.</strong></span> <span class='ocrx_word' id='word_1_669' title='bbox 1667 564 1733 590; x_wconf 76' lang='lat' dir='ltr'>Gn.</span> <span class='ocrx_word' id='word_1_670' title='bbox 1754 563 1887 598; x_wconf 83' lang='lat' dir='ltr'>Quantum</span> <span class='ocrx_word' id='word_1_671' title='bbox 1906 561 1939 589; x_wconf 87' lang='lat' dir='ltr'>ad</span> <span class='ocrx_word' id='word_1_672' title='bbox 1958 572 2013 589; x_wconf 86' lang='lat' dir='ltr'>rem</span> 
     </span>
     <span class='ocr_line' id='line_1_72' title="bbox 1171 605 2012 640; baseline 0.001 -10"><span class='ocrx_word' id='word_1_673' title='bbox 1171 609 1286 640; x_wconf 82' lang='lat' dir='ltr'>gestam,</span> <span class='ocrx_word' id='word_1_674' title='bbox 1304 609 1331 632; x_wconf 85' lang='lat' dir='ltr'>et</span> <span class='ocrx_word' id='word_1_675' title='bbox 1349 606 1485 631; x_wconf 86' lang='lat' dir='ltr'>veritatem</span> <span class='ocrx_word' id='word_1_676' title='bbox 1504 605 1679 632; x_wconf 85' lang='lat' dir='ltr'>reserandam.</span> <span class='ocrx_word' id='word_1_677' title='bbox 1699 605 1749 633; x_wconf 88' lang='lat' dir='ltr'>Th.</span> <span class='ocrx_word' id='word_1_678' title='bbox 1769 606 1801 633; x_wconf 89' lang='lat' dir='ltr'>C.</span> <span class='ocrx_word' id='word_1_679' title='bbox 1820 605 1866 633; x_wconf 87' lang='lat' dir='ltr'>lx.</span> <span class='ocrx_word' id='word_1_680' title='bbox 1887 607 1927 633; x_wconf 87' lang='lat'>19.</span> <span class='ocrx_word' id='word_1_681' title='bbox 1947 615 1968 632; x_wconf 90' lang='lat' dir='ltr'>c.</span> <span class='ocrx_word' id='word_1_682' title='bbox 1990 607 2012 631; x_wconf 89' lang='lat' dir='ltr'>l.</span> 
     </span>
     <span class='ocr_line' id='line_1_73' title="bbox 1171 647 1541 685; baseline 0 -11"><span class='ocrx_word' id='word_1_683' title='bbox 1171 657 1210 685; x_wconf 82' lang='lat' dir='ltr'>pr.</span> <span class='ocrx_word' id='word_1_684' title='bbox 1231 647 1263 674; x_wconf 92' lang='lat' dir='ltr'>ad</span> <span class='ocrx_word' id='word_1_685' title='bbox 1281 647 1312 675; x_wconf 87' lang='lat' dir='ltr'>L.</span> <span class='ocrx_word' id='word_1_686' title='bbox 1332 647 1412 675; x_wconf 86' lang='lat' dir='ltr'>Corn.</span> <span class='ocrx_word' id='word_1_687' title='bbox 1432 647 1465 675; x_wconf 88' lang='lat' dir='ltr'>de</span> <span class='ocrx_word' id='word_1_688' title='bbox 1484 647 1541 675; x_wconf 84' lang='lat' dir='ltr'>fals.</span> 
     </span>
    </p>

    <p class='ocr_par' dir='ltr' id='par_1_16' title="bbox 1171 691 2017 1197">
     <span class='ocr_line' id='line_1_74' title="bbox 1207 691 2013 727; baseline 0 -9"><span class='ocrx_word' id='word_1_689' title='bbox 1207 692 1437 718; x_wconf 58' lang='lat' dir='ltr'>Beserw&#39;are.</span> <span class='ocrx_word' id='word_1_690' title='bbox 1466 691 1497 725; x_wconf 63' lang='grc' dir='ltr'>ξ.</span> <span class='ocrx_word' id='word_1_691' title='bbox 1512 693 1547 718; x_wconf 89' lang='grc'>1.</span> <span class='ocrx_word' id='word_1_692' title='bbox 1568 693 1743 726; x_wconf 79' lang='lat' dir='ltr'>Separare,</span> <span class='ocrx_word' id='word_1_693' title='bbox 1762 693 1937 727; x_wconf 70' lang='lat' dir='ltr'>Excipere,</span> <span class='ocrx_word' id='word_1_694' title='bbox 1957 693 2013 718; x_wconf 78' lang='lat' dir='ltr'>Re-</span> 
     </span>
     <span class='ocr_line' id='line_1_75' title="bbox 1171 732 2014 771; baseline 0 -11"><span class='ocrx_word' id='word_1_695' title='bbox 1171 735 1285 760; x_wconf 76' lang='lat' dir='ltr'>tinere.</span> <span class='ocrx_word' id='word_1_696' title='bbox 1321 732 1340 760; x_wconf 89' lang='lat'>1.</span> <span class='ocrx_word' id='word_1_697' title='bbox 1360 735 1422 768; x_wconf 79' lang='lat' dir='ltr'>Sy.</span> <span class='ocrx_word' id='word_1_698' title='bbox 1450 733 1570 760; x_wconf 85' lang='lat' dir='ltr'>Servare.</span> <span class='ocrx_word' id='word_1_699' title='bbox 1595 733 1625 761; x_wconf 85' lang='lat' dir='ltr'>sr.</span> <span class='ocrx_word' id='word_1_700' title='bbox 1646 736 1687 761; x_wconf 84' lang='lat'>16.</span> <span class='ocrx_word' id='word_1_701' title='bbox 1711 734 1744 762; x_wconf 87' lang='lat' dir='ltr'>de</span> <span class='ocrx_word' id='word_1_702' title='bbox 1767 745 1829 763; x_wconf 87' lang='lat' dir='ltr'>auro</span> <span class='ocrx_word' id='word_1_703' title='bbox 1853 744 1905 771; x_wconf 83' lang='lat' dir='ltr'>arg.</span> <span class='ocrx_word' id='word_1_704' title='bbox 1928 735 1970 761; x_wconf 86' lang='lat'>34.</span> <span class='ocrx_word' id='word_1_705' title='bbox 1989 736 2014 761; x_wconf 85' lang='lat'>2.</span> 
     </span>
     <span class='ocr_line' id='line_1_76' title="bbox 1172 776 2014 813; baseline 0 -10"><span class='ocrx_word' id='word_1_706' title='bbox 1172 776 1203 803; x_wconf 94' lang='grc' dir='ltr'>ΙΙ.</span> <span class='ocrx_word' id='word_1_707' title='bbox 1224 778 1291 810; x_wconf 75' lang='lat' dir='ltr'>Op.</span> <span class='ocrx_word' id='word_1_708' title='bbox 1321 776 1451 813; x_wconf 82' lang='lat' dir='ltr'>Delegare</span> <span class='ocrx_word' id='word_1_709' title='bbox 1474 776 1540 803; x_wconf 87' lang='lat' dir='ltr'>aliis.</span> <span class='ocrx_word' id='word_1_710' title='bbox 1565 791 1599 796; x_wconf 92' lang='lat'>—</span> <span class='ocrx_word' id='word_1_711' title='bbox 1627 776 1805 805; x_wconf 80' lang='lat' dir='ltr'>iurisdictioni</span> <span class='ocrx_word' id='word_1_712' title='bbox 1828 787 1891 804; x_wconf 87' lang='lat' dir='ltr'>suae</span> <span class='ocrx_word' id='word_1_713' title='bbox 1915 786 2014 804; x_wconf 82' lang='lat' dir='ltr'>reserv.</span> 
     </span>
     <span class='ocr_line' id='line_1_77' title="bbox 1173 819 2015 857; baseline 0 -11"><span class='ocrx_word' id='word_1_714' title='bbox 1173 819 1202 846; x_wconf 80' lang='lat' dir='ltr'>fr.</span> <span class='ocrx_word' id='word_1_715' title='bbox 1224 821 1246 846; x_wconf 94' lang='lat' dir='ltr'>l.</span> <span class='ocrx_word' id='word_1_716' title='bbox 1267 819 1297 846; x_wconf 82' lang='lat' dir='ltr'>sr.</span> <span class='ocrx_word' id='word_1_717' title='bbox 1318 820 1341 846; x_wconf 83' lang='lat'>4.</span> <span class='ocrx_word' id='word_1_718' title='bbox 1361 819 1383 854; x_wconf 87' lang='lat'>5.</span> <span class='ocrx_word' id='word_1_719' title='bbox 1402 821 1427 846; x_wconf 85' lang='lat'>3.</span> <span class='ocrx_word' id='word_1_720' title='bbox 1452 819 1485 846; x_wconf 87' lang='lat' dir='ltr'>de</span> <span class='ocrx_word' id='word_1_721' title='bbox 1504 819 1588 846; x_wconf 84' lang='lat' dir='ltr'>damn.</span> <span class='ocrx_word' id='word_1_722' title='bbox 1609 819 1654 847; x_wconf 83' lang='lat' dir='ltr'>inf.</span> <span class='ocrx_word' id='word_1_723' title='bbox 1672 821 1715 847; x_wconf 88' lang='lat'>39.</span> <span class='ocrx_word' id='word_1_724' title='bbox 1733 823 1759 847; x_wconf 84' lang='lat'>2.</span> <span class='ocrx_word' id='word_1_725' title='bbox 1794 820 1935 848; x_wconf 79' lang='lat' dir='ltr'>Reservari</span> <span class='ocrx_word' id='word_1_726' title='bbox 1953 820 2015 857; x_wconf 88' lang='lat' dir='ltr'>ipsi,</span> 
     </span>
     <span class='ocr_line' id='line_1_78' title="bbox 1172 861 2014 895; baseline 0.001 -7"><span class='ocrx_word' id='word_1_727' title='bbox 1172 878 1205 882; x_wconf 91' lang='lat'>—-</span> <span class='ocrx_word' id='word_1_728' title='bbox 1224 861 1322 889; x_wconf 79' lang='lat' dir='ltr'>Venire</span> <span class='ocrx_word' id='word_1_729' title='bbox 1341 862 1442 895; x_wconf 86' lang='lat' dir='ltr'>(bona.)</span> <span class='ocrx_word' id='word_1_730' title='bbox 1463 862 1519 889; x_wconf 77' lang='lat' dir='ltr'>Gai.</span> <span class='ocrx_word' id='word_1_731' title='bbox 1539 862 1570 889; x_wconf 92' lang='lat'>11.</span> <span class='ocrx_word' id='word_1_732' title='bbox 1592 865 1651 889; x_wconf 89' lang='lat'>155.</span> <span class='ocrx_word' id='word_1_733' title='bbox 1672 863 1703 890; x_wconf 86' lang='lat' dir='ltr'>cf.</span> <span class='ocrx_word' id='word_1_734' title='bbox 1723 862 1753 890; x_wconf 88' lang='lat' dir='ltr'>fr.</span> <span class='ocrx_word' id='word_1_735' title='bbox 1774 865 1814 890; x_wconf 88' lang='lat'>16.</span> <span class='ocrx_word' id='word_1_736' title='bbox 1834 863 1851 891; x_wconf 90' lang='grc'>1.</span> <span class='ocrx_word' id='word_1_737' title='bbox 1864 865 1906 890; x_wconf 89' lang='lat'>34.</span> <span class='ocrx_word' id='word_1_738' title='bbox 1921 865 1946 890; x_wconf 89' lang='lat'>2.</span> <span class='ocrx_word' id='word_1_739' title='bbox 1970 862 2014 889; x_wconf 86' lang='lat'>111.</span> 
     </span>
     <span class='ocr_line' id='line_1_79' title="bbox 1173 905 2015 944; baseline -0.001 -11"><span class='ocrx_word' id='word_1_740' title='bbox 1173 907 1238 933; x_wconf 79' lang='lat' dir='ltr'>Gn.</span> <span class='ocrx_word' id='word_1_741' title='bbox 1263 905 1465 941; x_wconf 85' lang='lat' dir='ltr'>Quodammodo</span> <span class='ocrx_word' id='word_1_742' title='bbox 1491 910 1553 932; x_wconf 88' lang='lat' dir='ltr'>tunc</span> <span class='ocrx_word' id='word_1_743' title='bbox 1576 910 1651 943; x_wconf 81' lang='lat' dir='ltr'>pater</span> <span class='ocrx_word' id='word_1_744' title='bbox 1669 911 1827 943; x_wconf 85' lang='lat' dir='ltr'>potestatem</span> <span class='ocrx_word' id='word_1_745' title='bbox 1848 907 1959 944; x_wconf 88' lang='lat' dir='ltr'>patriam</span> <span class='ocrx_word' id='word_1_746' title='bbox 1977 915 2015 932; x_wconf 84' lang='lat' dir='ltr'>re-</span> 
     </span>
     <span class='ocr_line' id='line_1_80' title="bbox 1172 947 2015 986; baseline -0.001 -11"><span class='ocrx_word' id='word_1_747' title='bbox 1172 958 1277 975; x_wconf 85' lang='lat' dir='ltr'>servare</span> <span class='ocrx_word' id='word_1_748' title='bbox 1296 948 1348 975; x_wconf 88' lang='lat' dir='ltr'>sibi</span> <span class='ocrx_word' id='word_1_749' title='bbox 1367 947 1472 975; x_wconf 86' lang='lat' dir='ltr'>videtur</span> <span class='ocrx_word' id='word_1_750' title='bbox 1495 958 1526 975; x_wconf 89' lang='lat' dir='ltr'>eo</span> <span class='ocrx_word' id='word_1_751' title='bbox 1551 949 1626 986; x_wconf 84' lang='lat' dir='ltr'>ipso,</span> <span class='ocrx_word' id='word_1_752' title='bbox 1655 948 1726 985; x_wconf 86' lang='lat' dir='ltr'>quod</span> <span class='ocrx_word' id='word_1_753' title='bbox 1754 950 1884 986; x_wconf 83' lang='lat' dir='ltr'>mancipio</span> <span class='ocrx_word' id='word_1_754' title='bbox 1912 949 2015 986; x_wconf 82' lang='lat' dir='ltr'>recipit.</span> 
     </span>
     <span class='ocr_line' id='line_1_81' title="bbox 1173 991 2016 1028; baseline -0.001 -10"><span class='ocrx_word' id='word_1_755' title='bbox 1173 991 1230 1018; x_wconf 88' lang='lat' dir='ltr'>Gai.</span> <span class='ocrx_word' id='word_1_756' title='bbox 1250 991 1268 1018; x_wconf 90' lang='grc'>1.</span> <span class='ocrx_word' id='word_1_757' title='bbox 1291 993 1348 1018; x_wconf 88' lang='grc'><strong>140.</strong></span> <span class='ocrx_word' id='word_1_758' title='bbox 1386 991 1415 1017; x_wconf 91' lang='lat' dir='ltr'>Si</span> <span class='ocrx_word' id='word_1_759' title='bbox 1443 992 1571 1028; x_wconf 89' lang='lat' dir='ltr'>pristinus</span> <span class='ocrx_word' id='word_1_760' title='bbox 1596 991 1717 1018; x_wconf 90' lang='lat' dir='ltr'>dominus</span> <span class='ocrx_word' id='word_1_761' title='bbox 1737 993 1904 1019; x_wconf 84' lang='lat' dir='ltr'>iniectionem</span> <span class='ocrx_word' id='word_1_762' title='bbox 1924 1000 2016 1018; x_wconf 87' lang='lat' dir='ltr'>manus</span> 
     </span>
     <span class='ocr_line' id='line_1_82' title="bbox 1172 1033 2016 1069; baseline 0 -9"><span class='ocrx_word' id='word_1_763' title='bbox 1172 1035 1198 1060; x_wconf 91' lang='lat' dir='ltr'>in</span> <span class='ocrx_word' id='word_1_764' title='bbox 1217 1034 1263 1061; x_wconf 86' lang='lat' dir='ltr'>tali</span> <span class='ocrx_word' id='word_1_765' title='bbox 1282 1034 1440 1061; x_wconf 81' lang='lat' dir='ltr'>alienatione</span> <span class='ocrx_word' id='word_1_766' title='bbox 1460 1034 1511 1060; x_wconf 89' lang='lat' dir='ltr'>sibi</span> <span class='ocrx_word' id='word_1_767' title='bbox 1531 1035 1711 1061; x_wconf 83' lang='lat' dir='ltr'>reservaverit.</span> <span class='ocrx_word' id='word_1_768' title='bbox 1736 1045 1757 1063; x_wconf 89' lang='lat' dir='ltr'>c.</span> <span class='ocrx_word' id='word_1_769' title='bbox 1780 1037 1801 1062; x_wconf 96' lang='lat' dir='ltr'>l.</span> <span class='ocrx_word' id='word_1_770' title='bbox 1821 1035 1843 1069; x_wconf 89' lang='lat'>5.</span> <span class='ocrx_word' id='word_1_771' title='bbox 1863 1036 1887 1062; x_wconf 84' lang='lat'>4.</span> <span class='ocrx_word' id='word_1_772' title='bbox 1907 1034 1940 1061; x_wconf 87' lang='lat' dir='ltr'>de</span> <span class='ocrx_word' id='word_1_773' title='bbox 1958 1033 2016 1060; x_wconf 90' lang='lat' dir='ltr'>Lat.</span> 
     </span>
     <span class='ocr_line' id='line_1_83' title="bbox 1173 1076 2017 1111; baseline 0 -8"><span class='ocrx_word' id='word_1_774' title='bbox 1173 1076 1259 1104; x_wconf 81' lang='lat' dir='ltr'>libert.</span> <span class='ocrx_word' id='word_1_775' title='bbox 1280 1079 1303 1103; x_wconf 89' lang='lat'>7.</span> <span class='ocrx_word' id='word_1_776' title='bbox 1317 1078 1341 1104; x_wconf 88' lang='lat'>6.</span> <span class='ocrx_word' id='word_1_777' title='bbox 1355 1093 1387 1096; x_wconf 97' lang='lat'><strong>—</strong></span> <span class='ocrx_word' id='word_1_778' title='bbox 1408 1078 1439 1111; x_wconf 63' lang='grc' dir='ltr'>δ.</span> <span class='ocrx_word' id='word_1_779' title='bbox 1456 1078 1491 1104; x_wconf 68' lang='lat'>2.</span> <span class='ocrx_word' id='word_1_780' title='bbox 1513 1078 1718 1104; x_wconf 75' lang='lat' dir='ltr'>Conservure.</span> <span class='ocrx_word' id='word_1_781' title='bbox 1755 1077 1800 1104; x_wconf 91' lang='grc'><strong>111.</strong></span> <span class='ocrx_word' id='word_1_782' title='bbox 1816 1079 1882 1106; x_wconf 75' lang='lat' dir='ltr'>Cn.</span> <span class='ocrx_word' id='word_1_783' title='bbox 1901 1076 1938 1104; x_wconf 76' lang='lat' dir='ltr'>Vt</span> <span class='ocrx_word' id='word_1_784' title='bbox 1957 1086 2017 1104; x_wconf 88' lang='lat' dir='ltr'>con-</span> 
     </span>
     <span class='ocr_line' id='line_1_84' title="bbox 1173 1120 2017 1158; baseline -0.001 -12"><span class='ocrx_word' id='word_1_785' title='bbox 1173 1121 1340 1146; x_wconf 84' lang='lat' dir='ltr'>stitutionum</span> <span class='ocrx_word' id='word_1_786' title='bbox 1364 1121 1421 1157; x_wconf 91' lang='lat' dir='ltr'>ipsa</span> <span class='ocrx_word' id='word_1_787' title='bbox 1441 1121 1518 1146; x_wconf 91' lang='lat' dir='ltr'>etiam</span> <span class='ocrx_word' id='word_1_788' title='bbox 1543 1120 1622 1146; x_wconf 80' lang='lat' dir='ltr'>verba</span> <span class='ocrx_word' id='word_1_789' title='bbox 1642 1137 1672 1141; x_wconf 88' lang='lat'><strong>—</strong></span> <span class='ocrx_word' id='word_1_790' title='bbox 1696 1125 1878 1153; x_wconf 83' lang='lat' dir='ltr'>reserventur,</span> <span class='ocrx_word' id='word_1_791' title='bbox 1901 1124 2017 1158; x_wconf 84' lang='lat' dir='ltr'>praeter-</span> 
     </span>
     <span class='ocr_line' id='line_1_85' title="bbox 1172 1162 2000 1197; baseline -0.001 -7"><span class='ocrx_word' id='word_1_792' title='bbox 1172 1164 1262 1190; x_wconf 87' lang='lat' dir='ltr'>missis</span> <span class='ocrx_word' id='word_1_793' title='bbox 1282 1162 1336 1189; x_wconf 91' lang='lat' dir='ltr'>illis</span> <span class='ocrx_word' id='word_1_794' title='bbox 1356 1167 1405 1190; x_wconf 88' lang='lat' dir='ltr'>etc.</span> <span class='ocrx_word' id='word_1_795' title='bbox 1425 1162 1475 1190; x_wconf 89' lang='lat' dir='ltr'>Th.</span> <span class='ocrx_word' id='word_1_796' title='bbox 1490 1162 1521 1189; x_wconf 92' lang='lat' dir='ltr'>C.</span> <span class='ocrx_word' id='word_1_797' title='bbox 1535 1162 1554 1189; x_wconf 93' lang='grc' dir='ltr'>Ι.</span> <span class='ocrx_word' id='word_1_798' title='bbox 1569 1165 1591 1190; x_wconf 97' lang='lat'>1.</span> <span class='ocrx_word' id='word_1_799' title='bbox 1612 1173 1633 1190; x_wconf 91' lang='lat' dir='ltr'>c.</span> <span class='ocrx_word' id='word_1_800' title='bbox 1646 1165 1670 1190; x_wconf 81' lang='lat'>5.</span> <span class='ocrx_word' id='word_1_801' title='bbox 1684 1163 1788 1197; x_wconf 83' lang='lat' dir='ltr'>(ch.)</span> <span class='ocrx_word' id='word_1_802' title='bbox 1809 1163 1842 1190; x_wconf 90' lang='lat' dir='ltr'>de</span> <span class='ocrx_word' id='word_1_803' title='bbox 1856 1168 1940 1190; x_wconf 82' lang='lat' dir='ltr'>const.</span> <span class='ocrx_word' id='word_1_804' title='bbox 1957 1162 2000 1189; x_wconf 91' lang='lat' dir='ltr'>Pr.</span> 
     </span>
    </p>

    <p class='ocr_par' dir='ltr' id='par_1_17' title="bbox 1174 1205 2021 2306">
     <span class='ocr_line' id='line_1_86' title="bbox 1209 1205 2018 1239; baseline -0.001 -6"><span class='ocrx_word' id='word_1_805' title='bbox 1209 1206 1410 1233; x_wconf 78' lang='lat' dir='ltr'>Residere.</span> <span class='ocrx_word' id='word_1_806' title='bbox 1435 1206 1465 1239; x_wconf 69' lang='grc' dir='ltr'>ξ.</span> <span class='ocrx_word' id='word_1_807' title='bbox 1479 1207 1515 1232; x_wconf 80' lang='lat' dir='ltr'>l.</span> <span class='ocrx_word' id='word_1_808' title='bbox 1535 1208 1661 1238; x_wconf 81' lang='lat' dir='ltr'>Sedere,</span> <span class='ocrx_word' id='word_1_809' title='bbox 1682 1208 1866 1233; x_wconf 72' lang='lat' dir='ltr'>considere.</span> <span class='ocrx_word' id='word_1_810' title='bbox 1894 1205 2018 1234; x_wconf 61' lang='lat' dir='ltr'>111.OE-</span> 
     </span>
     <span class='ocr_line' id='line_1_87' title="bbox 1175 1248 2018 1286; baseline 0 -11"><span class='ocrx_word' id='word_1_811' title='bbox 1175 1248 1228 1284; x_wconf 87' lang='lat' dir='ltr'>Qui</span> <span class='ocrx_word' id='word_1_812' title='bbox 1242 1248 1394 1275; x_wconf 85' lang='lat' dir='ltr'>Praetorum</span> <span class='ocrx_word' id='word_1_813' title='bbox 1408 1248 1509 1275; x_wconf 86' lang='lat' dir='ltr'>honore</span> <span class='ocrx_word' id='word_1_814' title='bbox 1527 1248 1658 1286; x_wconf 77' lang='lat' dir='ltr'>perfuncti</span> <span class='ocrx_word' id='word_1_815' title='bbox 1677 1253 1747 1281; x_wconf 90' lang='lat' dir='ltr'>sunt,</span> <span class='ocrx_word' id='word_1_816' title='bbox 1766 1248 1913 1275; x_wconf 86' lang='lat' dir='ltr'>residentes</span> <span class='ocrx_word' id='word_1_817' title='bbox 1932 1249 1959 1275; x_wconf 86' lang='lat' dir='ltr'>in</span> <span class='ocrx_word' id='word_1_818' title='bbox 1972 1248 2018 1275; x_wconf 88' lang='lat' dir='ltr'>Se-</span> 
     </span>
     <span class='ocr_line' id='line_1_88' title="bbox 1175 1290 2019 1318; baseline -0.001 0"><span class='ocrx_word' id='word_1_819' title='bbox 1175 1297 1244 1318; x_wconf 87' lang='lat' dir='ltr'>natu.</span> <span class='ocrx_word' id='word_1_820' title='bbox 1277 1291 1327 1318; x_wconf 86' lang='lat' dir='ltr'>Th.</span> <span class='ocrx_word' id='word_1_821' title='bbox 1352 1291 1383 1318; x_wconf 91' lang='lat' dir='ltr'>C.</span> <span class='ocrx_word' id='word_1_822' title='bbox 1408 1291 1466 1318; x_wconf 83' lang='lat' dir='ltr'>Xll.</span> <span class='ocrx_word' id='word_1_823' title='bbox 1487 1293 1509 1318; x_wconf 92' lang='lat' dir='ltr'>l.</span> <span class='ocrx_word' id='word_1_824' title='bbox 1536 1301 1557 1318; x_wconf 88' lang='lat' dir='ltr'>c.</span> <span class='ocrx_word' id='word_1_825' title='bbox 1577 1294 1619 1318; x_wconf 86' lang='grc'>48.</span> <span class='ocrx_word' id='word_1_826' title='bbox 1643 1291 1676 1318; x_wconf 85' lang='lat' dir='ltr'>de</span> <span class='ocrx_word' id='word_1_827' title='bbox 1701 1290 1835 1318; x_wconf 83' lang='lat' dir='ltr'>decurion.</span> <span class='ocrx_word' id='word_1_828' title='bbox 1872 1290 2019 1318; x_wconf 84' lang='lat' dir='ltr'>Residendi</span> 
     </span>
     <span class='ocr_line' id='line_1_89' title="bbox 1174 1333 2017 1367; baseline -0.001 -6"><span class='ocrx_word' id='word_1_829' title='bbox 1174 1345 1232 1361; x_wconf 92' lang='lat' dir='ltr'>cum</span> <span class='ocrx_word' id='word_1_830' title='bbox 1252 1335 1338 1362; x_wconf 88' lang='lat' dir='ltr'>iudice</span> <span class='ocrx_word' id='word_1_831' title='bbox 1358 1344 1409 1361; x_wconf 91' lang='lat' dir='ltr'>non</span> <span class='ocrx_word' id='word_1_832' title='bbox 1429 1334 1542 1361; x_wconf 84' lang='lat' dir='ltr'>habeant</span> <span class='ocrx_word' id='word_1_833' title='bbox 1555 1333 1706 1361; x_wconf 78' lang='lat' dir='ltr'>facultatem</span> <span class='ocrx_word' id='word_1_834' title='bbox 1725 1334 1775 1367; x_wconf 91' lang='lat' dir='ltr'>(sc.</span> <span class='ocrx_word' id='word_1_835' title='bbox 1788 1334 1931 1367; x_wconf 87' lang='lat' dir='ltr'>honorati.)</span> <span class='ocrx_word' id='word_1_836' title='bbox 1950 1333 2017 1360; x_wconf 84' lang='lat' dir='ltr'>1b.1.</span> 
     </span>
     <span class='ocr_line' id='line_1_90' title="bbox 1176 1376 2019 1414; baseline -0.001 -10"><span class='ocrx_word' id='word_1_837' title='bbox 1176 1379 1216 1404; x_wconf 89' lang='lat'>17.</span> <span class='ocrx_word' id='word_1_838' title='bbox 1238 1388 1259 1404; x_wconf 93' lang='lat' dir='ltr'>c.</span> <span class='ocrx_word' id='word_1_839' title='bbox 1281 1379 1302 1405; x_wconf 90' lang='lat' dir='ltr'>l.</span> <span class='ocrx_word' id='word_1_840' title='bbox 1323 1377 1436 1411; x_wconf 73' lang='lat' dir='ltr'>(wok.)</span> <span class='ocrx_word' id='word_1_841' title='bbox 1461 1377 1493 1405; x_wconf 91' lang='lat' dir='ltr'>de</span> <span class='ocrx_word' id='word_1_842' title='bbox 1517 1378 1561 1404; x_wconf 79' lang='lat' dir='ltr'>off.</span> <span class='ocrx_word' id='word_1_843' title='bbox 1585 1377 1638 1404; x_wconf 93' lang='lat' dir='ltr'>iud.</span> <span class='ocrx_word' id='word_1_844' title='bbox 1663 1378 1712 1403; x_wconf 91' lang='lat' dir='ltr'>civ.</span> <span class='ocrx_word' id='word_1_845' title='bbox 1750 1377 1880 1414; x_wconf 84' lang='lat' dir='ltr'>Quisquis</span> <span class='ocrx_word' id='word_1_846' title='bbox 1903 1376 2019 1403; x_wconf 88' lang='lat' dir='ltr'>iudicum</span> 
     </span>
     <span class='ocr_line' id='line_1_91' title="bbox 1177 1418 2019 1457; baseline -0.001 -10"><span class='ocrx_word' id='word_1_847' title='bbox 1177 1422 1296 1457; x_wconf 83' lang='lat' dir='ltr'>cognitor</span> <span class='ocrx_word' id='word_1_848' title='bbox 1317 1420 1454 1447; x_wconf 84' lang='lat' dir='ltr'>resederit.</span> <span class='ocrx_word' id='word_1_849' title='bbox 1486 1421 1523 1448; x_wconf 87' lang='lat' dir='ltr'>lb.</span> <span class='ocrx_word' id='word_1_850' title='bbox 1543 1420 1575 1447; x_wconf 87' lang='lat' dir='ltr'>X.</span> <span class='ocrx_word' id='word_1_851' title='bbox 1597 1422 1618 1446; x_wconf 94' lang='lat'>1.</span> <span class='ocrx_word' id='word_1_852' title='bbox 1644 1430 1664 1446; x_wconf 91' lang='lat' dir='ltr'>c.</span> <span class='ocrx_word' id='word_1_853' title='bbox 1686 1421 1726 1446; x_wconf 88' lang='grc'>13.</span> <span class='ocrx_word' id='word_1_854' title='bbox 1751 1419 1784 1447; x_wconf 86' lang='lat' dir='ltr'>de.</span> <span class='ocrx_word' id='word_1_855' title='bbox 1807 1421 1864 1447; x_wconf 86' lang='lat' dir='ltr'>iure</span> <span class='ocrx_word' id='word_1_856' title='bbox 1885 1420 1952 1446; x_wconf 89' lang='lat' dir='ltr'>fisci.</span> <span class='ocrx_word' id='word_1_857' title='bbox 1976 1418 2019 1446; x_wconf 77' lang='lat' dir='ltr'>Cf.</span> 
     </span>
     <span class='ocr_line' id='line_1_92' title="bbox 1176 1462 2019 1501; baseline -0.002 -10"><span class='ocrx_word' id='word_1_858' title='bbox 1176 1464 1239 1491; x_wconf 88' lang='lat' dir='ltr'>lust.</span> <span class='ocrx_word' id='word_1_859' title='bbox 1260 1463 1290 1491; x_wconf 93' lang='lat' dir='ltr'>C.</span> <span class='ocrx_word' id='word_1_860' title='bbox 1311 1474 1332 1491; x_wconf 89' lang='lat' dir='ltr'>c.</span> <span class='ocrx_word' id='word_1_861' title='bbox 1353 1466 1376 1490; x_wconf 85' lang='lat'>7.</span> <span class='ocrx_word' id='word_1_862' title='bbox 1396 1463 1429 1490; x_wconf 87' lang='lat' dir='ltr'>de</span> <span class='ocrx_word' id='word_1_863' title='bbox 1448 1465 1529 1501; x_wconf 88' lang='lat' dir='ltr'>episc.</span> <span class='ocrx_word' id='word_1_864' title='bbox 1548 1462 1606 1490; x_wconf 83' lang='lat' dir='ltr'>aud.</span> <span class='ocrx_word' id='word_1_865' title='bbox 1628 1465 1649 1489; x_wconf 93' lang='lat'>1.</span> <span class='ocrx_word' id='word_1_866' title='bbox 1663 1464 1687 1489; x_wconf 86' lang='lat'>4.</span> <span class='ocrx_word' id='word_1_867' title='bbox 1713 1479 1744 1483; x_wconf 99' lang='lat'><strong>—</strong></span> <span class='ocrx_word' id='word_1_868' title='bbox 1769 1463 1800 1496; x_wconf 84' lang='lat'>§.</span> <span class='ocrx_word' id='word_1_869' title='bbox 1820 1464 1855 1490; x_wconf 65' lang='grc' dir='ltr'>Β.</span> <span class='ocrx_word' id='word_1_870' title='bbox 1880 1464 2019 1489; x_wconf 84' lang='lat' dir='ltr'>Commo-</span> 
     </span>
     <span class='ocr_line' id='line_1_93' title="bbox 1176 1504 2020 1544; baseline -0.004 -10"><span class='ocrx_word' id='word_1_871' title='bbox 1176 1509 1254 1534; x_wconf 84' lang='lat' dir='ltr'>rari.</span> <span class='ocrx_word' id='word_1_872' title='bbox 1292 1507 1335 1533; x_wconf 88' lang='grc'><strong>111.</strong></span> <span class='ocrx_word' id='word_1_873' title='bbox 1360 1508 1426 1535; x_wconf 74' lang='lat' dir='ltr'>Gn.</span> <span class='ocrx_word' id='word_1_874' title='bbox 1451 1506 1571 1544; x_wconf 83' lang='lat' dir='ltr'>Spatium</span> <span class='ocrx_word' id='word_1_875' title='bbox 1591 1505 1623 1532; x_wconf 87' lang='lat' dir='ltr'>ad</span> <span class='ocrx_word' id='word_1_876' title='bbox 1642 1505 1826 1538; x_wconf 85' lang='lat' dir='ltr'>residendum,</span> <span class='ocrx_word' id='word_1_877' title='bbox 1846 1506 1872 1532; x_wconf 91' lang='lat' dir='ltr'>in</span> <span class='ocrx_word' id='word_1_878' title='bbox 1892 1515 1944 1542; x_wconf 86' lang='lat' dir='ltr'>quo</span> <span class='ocrx_word' id='word_1_879' title='bbox 1962 1504 2020 1532; x_wconf 90' lang='lat' dir='ltr'>libi-</span> 
     </span>
     <span class='ocr_line' id='line_1_94' title="bbox 1177 1547 2018 1577; baseline -0.004 0"><span class='ocrx_word' id='word_1_880' title='bbox 1177 1555 1232 1577; x_wconf 88' lang='lat' dir='ltr'>tum</span> <span class='ocrx_word' id='word_1_881' title='bbox 1253 1550 1330 1577; x_wconf 77' lang='lat' dir='ltr'>suerit</span> <span class='ocrx_word' id='word_1_882' title='bbox 1348 1549 1415 1576; x_wconf 85' lang='lat' dir='ltr'>loco.</span> <span class='ocrx_word' id='word_1_883' title='bbox 1436 1549 1485 1576; x_wconf 85' lang='lat' dir='ltr'>Th.</span> <span class='ocrx_word' id='word_1_884' title='bbox 1507 1549 1538 1576; x_wconf 93' lang='lat' dir='ltr'>C.</span> <span class='ocrx_word' id='word_1_885' title='bbox 1555 1548 1621 1576; x_wconf 80' lang='lat' dir='ltr'>Vlll.</span> <span class='ocrx_word' id='word_1_886' title='bbox 1639 1550 1663 1575; x_wconf 87' lang='lat'>6.</span> <span class='ocrx_word' id='word_1_887' title='bbox 1684 1559 1705 1575; x_wconf 92' lang='lat' dir='ltr'>c.</span> <span class='ocrx_word' id='word_1_888' title='bbox 1725 1550 1750 1575; x_wconf 90' lang='lat'>2.</span> <span class='ocrx_word' id='word_1_889' title='bbox 1770 1547 1802 1575; x_wconf 89' lang='lat' dir='ltr'>de</span> <span class='ocrx_word' id='word_1_890' title='bbox 1820 1553 1896 1575; x_wconf 88' lang='lat' dir='ltr'>tract.</span> <span class='ocrx_word' id='word_1_891' title='bbox 1915 1552 1942 1575; x_wconf 92' lang='lat' dir='ltr'>et</span> <span class='ocrx_word' id='word_1_892' title='bbox 1959 1552 2018 1574; x_wconf 86' lang='lat' dir='ltr'>stat.</span> 
     </span>
     <span class='ocr_line' id='line_1_95' title="bbox 1178 1590 2019 1629; baseline -0.004 -9"><span class='ocrx_word' id='word_1_893' title='bbox 1178 1593 1219 1620; x_wconf 77' lang='lat' dir='ltr'>Cf.</span> <span class='ocrx_word' id='word_1_894' title='bbox 1240 1593 1307 1620; x_wconf 77' lang='lat' dir='ltr'>vlu.</span> <span class='ocrx_word' id='word_1_895' title='bbox 1327 1595 1351 1619; x_wconf 85' lang='lat'>5.</span> <span class='ocrx_word' id='word_1_896' title='bbox 1371 1602 1393 1618; x_wconf 82' lang='lat' dir='ltr'>c.</span> <span class='ocrx_word' id='word_1_897' title='bbox 1412 1594 1454 1618; x_wconf 86' lang='lat'>24.</span> <span class='ocrx_word' id='word_1_898' title='bbox 1479 1591 1511 1618; x_wconf 90' lang='lat' dir='ltr'>de</span> <span class='ocrx_word' id='word_1_899' title='bbox 1535 1602 1614 1618; x_wconf 90' lang='lat' dir='ltr'>cursu</span> <span class='ocrx_word' id='word_1_900' title='bbox 1633 1592 1695 1629; x_wconf 89' lang='lat' dir='ltr'>pub.</span> <span class='ocrx_word' id='word_1_901' title='bbox 1732 1591 1761 1618; x_wconf 92' lang='lat' dir='ltr'>In</span> <span class='ocrx_word' id='word_1_902' title='bbox 1785 1592 1838 1618; x_wconf 90' lang='lat' dir='ltr'>otio</span> <span class='ocrx_word' id='word_1_903' title='bbox 1864 1590 2019 1618; x_wconf 84' lang='lat' dir='ltr'>residentes.</span> 
     </span>
     <span class='ocr_line' id='line_1_96' title="bbox 1177 1634 2021 1668; baseline -0.002 -6"><span class='ocrx_word' id='word_1_904' title='bbox 1177 1635 1245 1662; x_wconf 59' lang='grc' dir='ltr'><strong>Νῦν.</strong></span> <span class='ocrx_word' id='word_1_905' title='bbox 1264 1636 1353 1662; x_wconf 82' lang='lat' dir='ltr'>Maior.</span> <span class='ocrx_word' id='word_1_906' title='bbox 1374 1634 1406 1661; x_wconf 87' lang='lat' dir='ltr'>de</span> <span class='ocrx_word' id='word_1_907' title='bbox 1425 1634 1515 1661; x_wconf 91' lang='lat' dir='ltr'>curial.</span> <span class='ocrx_word' id='word_1_908' title='bbox 1534 1634 1578 1661; x_wconf 83' lang='lat' dir='ltr'>IV.</span> <span class='ocrx_word' id='word_1_909' title='bbox 1593 1636 1616 1661; x_wconf 94' lang='lat'>7.</span> <span class='ocrx_word' id='word_1_910' title='bbox 1637 1645 1658 1661; x_wconf 88' lang='lat' dir='ltr'>c.</span> <span class='ocrx_word' id='word_1_911' title='bbox 1674 1636 1695 1661; x_wconf 94' lang='grc'>1.</span> <span class='ocrx_word' id='word_1_912' title='bbox 1715 1634 1737 1668; x_wconf 88' lang='lat'>5.</span> <span class='ocrx_word' id='word_1_913' title='bbox 1754 1635 1792 1661; x_wconf 85' lang='lat'>17.</span> <span class='ocrx_word' id='word_1_914' title='bbox 1806 1650 1836 1654; x_wconf 94' lang='lat'>—-</span> <span class='ocrx_word' id='word_1_915' title='bbox 1858 1634 1889 1667; x_wconf 82' lang='lat'>§.</span> <span class='ocrx_word' id='word_1_916' title='bbox 1905 1635 1942 1660; x_wconf 75' lang='lat'>3.</span> <span class='ocrx_word' id='word_1_917' title='bbox 1961 1635 2021 1661; x_wconf 82' lang='lat' dir='ltr'>Re-</span> 
     </span>
     <span class='ocr_line' id='line_1_97' title="bbox 1177 1675 2020 1714; baseline -0.004 -9"><span class='ocrx_word' id='word_1_918' title='bbox 1177 1689 1311 1706; x_wconf 83' lang='lat' dir='ltr'>manere.</span> <span class='ocrx_word' id='word_1_919' title='bbox 1348 1677 1367 1704; x_wconf 90' lang='lat'>1.</span> <span class='ocrx_word' id='word_1_920' title='bbox 1384 1679 1446 1712; x_wconf 75' lang='lat' dir='ltr'>Sy.</span> <span class='ocrx_word' id='word_1_921' title='bbox 1465 1677 1617 1704; x_wconf 80' lang='lat' dir='ltr'>Remanere.</span> <span class='ocrx_word' id='word_1_922' title='bbox 1638 1676 1668 1704; x_wconf 85' lang='lat' dir='ltr'>fr.</span> <span class='ocrx_word' id='word_1_923' title='bbox 1690 1678 1729 1703; x_wconf 92' lang='lat'>19.</span> <span class='ocrx_word' id='word_1_924' title='bbox 1749 1677 1771 1711; x_wconf 94' lang='lat'>5.</span> <span class='ocrx_word' id='word_1_925' title='bbox 1787 1679 1808 1704; x_wconf 83' lang='lat' dir='ltr'>l.</span> <span class='ocrx_word' id='word_1_926' title='bbox 1828 1676 1861 1704; x_wconf 89' lang='lat' dir='ltr'>de</span> <span class='ocrx_word' id='word_1_927' title='bbox 1879 1675 1964 1714; x_wconf 86' lang='lat' dir='ltr'>pecul.</span> <span class='ocrx_word' id='word_1_928' title='bbox 1981 1678 2020 1703; x_wconf 87' lang='lat'>15.</span> 
     </span>
     <span class='ocr_line' id='line_1_98' title="bbox 1179 1718 2020 1758; baseline -0.002 -10"><span class='ocrx_word' id='word_1_929' title='bbox 1179 1723 1201 1748; x_wconf 92' lang='lat'>1.</span> <span class='ocrx_word' id='word_1_930' title='bbox 1221 1721 1251 1748; x_wconf 85' lang='lat' dir='ltr'>sr.</span> <span class='ocrx_word' id='word_1_931' title='bbox 1270 1722 1311 1748; x_wconf 83' lang='lat'>98.</span> <span class='ocrx_word' id='word_1_932' title='bbox 1331 1731 1370 1758; x_wconf 84' lang='lat' dir='ltr'>pr.</span> <span class='ocrx_word' id='word_1_933' title='bbox 1390 1721 1411 1755; x_wconf 92' lang='lat'>5.</span> <span class='ocrx_word' id='word_1_934' title='bbox 1431 1722 1454 1747; x_wconf 82' lang='lat'>3.</span> <span class='ocrx_word' id='word_1_935' title='bbox 1475 1720 1508 1747; x_wconf 86' lang='lat' dir='ltr'>de</span> <span class='ocrx_word' id='word_1_936' title='bbox 1527 1720 1606 1747; x_wconf 89' lang='lat' dir='ltr'>solut..</span> <span class='ocrx_word' id='word_1_937' title='bbox 1626 1721 1668 1746; x_wconf 85' lang='lat'>46.</span> <span class='ocrx_word' id='word_1_938' title='bbox 1687 1722 1712 1746; x_wconf 82' lang='lat'>3.</span> <span class='ocrx_word' id='word_1_939' title='bbox 1748 1719 1792 1746; x_wconf 90' lang='lat'>111.</span> <span class='ocrx_word' id='word_1_940' title='bbox 1813 1721 1878 1748; x_wconf 73' lang='grc' dir='ltr'>οη.</span> <span class='ocrx_word' id='word_1_941' title='bbox 1902 1718 1939 1745; x_wconf 77' lang='lat' dir='ltr'>Vt</span> <span class='ocrx_word' id='word_1_942' title='bbox 1957 1719 2020 1746; x_wconf 88' lang='lat' dir='ltr'>libe-</span> 
     </span>
     <span class='ocr_line' id='line_1_99' title="bbox 1178 1761 2021 1800; baseline -0.001 -10"><span class='ocrx_word' id='word_1_943' title='bbox 1178 1774 1265 1791; x_wconf 91' lang='lat' dir='ltr'>rorum</span> <span class='ocrx_word' id='word_1_944' title='bbox 1290 1765 1394 1790; x_wconf 87' lang='lat' dir='ltr'>nomine</span> <span class='ocrx_word' id='word_1_945' title='bbox 1414 1763 1462 1790; x_wconf 87' lang='lat' dir='ltr'>dos</span> <span class='ocrx_word' id='word_1_946' title='bbox 1482 1763 1551 1800; x_wconf 85' lang='lat' dir='ltr'>apud</span> <span class='ocrx_word' id='word_1_947' title='bbox 1570 1764 1690 1790; x_wconf 82' lang='lat' dir='ltr'>maritum</span> <span class='ocrx_word' id='word_1_948' title='bbox 1714 1762 1836 1789; x_wconf 86' lang='lat' dir='ltr'>resideat.</span> <span class='ocrx_word' id='word_1_949' title='bbox 1860 1762 1891 1789; x_wconf 83' lang='lat' dir='ltr'>l&#39;r.</span> <span class='ocrx_word' id='word_1_950' title='bbox 1910 1765 1951 1789; x_wconf 75' lang='grc'>48.</span> <span class='ocrx_word' id='word_1_951' title='bbox 1971 1761 2021 1789; x_wconf 89' lang='lat' dir='ltr'>sol.</span> 
     </span>
     <span class='ocr_line' id='line_1_100' title="bbox 1178 1805 2020 1843; baseline -0.001 -10"><span class='ocrx_word' id='word_1_952' title='bbox 1178 1808 1288 1833; x_wconf 77' lang='lat' dir='ltr'>matrim.</span> <span class='ocrx_word' id='word_1_953' title='bbox 1307 1809 1349 1833; x_wconf 83' lang='lat'>24.</span> <span class='ocrx_word' id='word_1_954' title='bbox 1368 1808 1393 1834; x_wconf 87' lang='lat'>3.</span> <span class='ocrx_word' id='word_1_955' title='bbox 1430 1806 1459 1833; x_wconf 88' lang='lat' dir='ltr'>Si</span> <span class='ocrx_word' id='word_1_956' title='bbox 1484 1805 1575 1833; x_wconf 88' lang='lat' dir='ltr'>annale</span> <span class='ocrx_word' id='word_1_957' title='bbox 1600 1810 1703 1843; x_wconf 89' lang='lat' dir='ltr'>tempus</span> <span class='ocrx_word' id='word_1_958' title='bbox 1724 1822 1755 1825; x_wconf 97' lang='lat'><strong>—</strong></span> <span class='ocrx_word' id='word_1_959' title='bbox 1776 1805 1912 1832; x_wconf 84' lang='lat' dir='ltr'>resederit.</span> <span class='ocrx_word' id='word_1_960' title='bbox 1938 1815 1959 1832; x_wconf 92' lang='lat' dir='ltr'>c.</span> <span class='ocrx_word' id='word_1_961' title='bbox 1980 1807 2020 1832; x_wconf 84' lang='lat'>13.</span> 
     </span>
     <span class='ocr_line' id='line_1_101' title="bbox 1178 1848 2021 1884; baseline -0.001 -8"><span class='ocrx_word' id='word_1_962' title='bbox 1178 1851 1200 1884; x_wconf 83' lang='lat'>5.</span> <span class='ocrx_word' id='word_1_963' title='bbox 1220 1851 1243 1876; x_wconf 82' lang='lat'>8.</span> <span class='ocrx_word' id='word_1_964' title='bbox 1271 1849 1303 1876; x_wconf 88' lang='lat' dir='ltr'>de</span> <span class='ocrx_word' id='word_1_965' title='bbox 1327 1849 1406 1876; x_wconf 91' lang='lat' dir='ltr'>iudic.</span> <span class='ocrx_word' id='word_1_966' title='bbox 1431 1850 1455 1876; x_wconf 88' lang='grc'>3.</span> <span class='ocrx_word' id='word_1_967' title='bbox 1481 1851 1504 1876; x_wconf 93' lang='lat' dir='ltr'>l.</span> <span class='ocrx_word' id='word_1_968' title='bbox 1550 1848 1637 1874; x_wconf 70' lang='lat' dir='ltr'>Nullis</span> <span class='ocrx_word' id='word_1_969' title='bbox 1666 1848 1844 1875; x_wconf 83' lang='lat' dir='ltr'>residentibus</span> <span class='ocrx_word' id='word_1_970' title='bbox 1873 1848 2021 1875; x_wconf 82' lang='lat' dir='ltr'>iracundiae</span> 
     </span>
     <span class='ocr_line' id='line_1_102' title="bbox 1178 1890 2020 1929; baseline -0.001 -10"><span class='ocrx_word' id='word_1_971' title='bbox 1178 1894 1257 1919; x_wconf 85' lang='lat' dir='ltr'>menti</span> <span class='ocrx_word' id='word_1_972' title='bbox 1278 1892 1404 1929; x_wconf 81' lang='lat' dir='ltr'>reliquiis.</span> <span class='ocrx_word' id='word_1_973' title='bbox 1425 1891 1474 1918; x_wconf 83' lang='lat' dir='ltr'>Th.</span> <span class='ocrx_word' id='word_1_974' title='bbox 1496 1891 1526 1918; x_wconf 90' lang='lat' dir='ltr'>C.</span> <span class='ocrx_word' id='word_1_975' title='bbox 1546 1891 1590 1918; x_wconf 72' lang='lat' dir='ltr'>lx.</span> <span class='ocrx_word' id='word_1_976' title='bbox 1604 1893 1646 1918; x_wconf 78' lang='grc'>45.</span> <span class='ocrx_word' id='word_1_977' title='bbox 1667 1902 1688 1918; x_wconf 89' lang='lat' dir='ltr'>c.</span> <span class='ocrx_word' id='word_1_978' title='bbox 1701 1894 1724 1918; x_wconf 85' lang='lat'>5.</span> <span class='ocrx_word' id='word_1_979' title='bbox 1745 1891 1777 1918; x_wconf 77' lang='lat' dir='ltr'>de</span> <span class='ocrx_word' id='word_1_980' title='bbox 1796 1891 1820 1918; x_wconf 82' lang='lat' dir='ltr'>h.</span> <span class='ocrx_word' id='word_1_981' title='bbox 1843 1901 1886 1928; x_wconf 92' lang='lat' dir='ltr'>qu.</span> <span class='ocrx_word' id='word_1_982' title='bbox 1906 1891 1938 1918; x_wconf 83' lang='lat' dir='ltr'>ad</span> <span class='ocrx_word' id='word_1_983' title='bbox 1957 1890 2020 1918; x_wconf 84' lang='lat' dir='ltr'>eccl.</span> 
     </span>
     <span class='ocr_line' id='line_1_103' title="bbox 1179 1936 2021 1970; baseline -0.004 -7"><span class='ocrx_word' id='word_1_984' title='bbox 1179 1952 1211 1956; x_wconf 91' lang='lat'>—</span> <span class='ocrx_word' id='word_1_985' title='bbox 1232 1936 1263 1969; x_wconf 63' lang='grc' dir='ltr'>ξ.</span> <span class='ocrx_word' id='word_1_986' title='bbox 1284 1937 1322 1962; x_wconf 68' lang='lat'>4.</span> <span class='ocrx_word' id='word_1_987' title='bbox 1347 1938 1572 1970; x_wconf 80' lang='lat' dir='ltr'>Reliquorum,</span> <span class='ocrx_word' id='word_1_988' title='bbox 1598 1936 1644 1960; x_wconf 84' lang='lat' dir='ltr'>vel</span> <span class='ocrx_word' id='word_1_989' title='bbox 1662 1937 1879 1966; x_wconf 68' lang='lat' dir='ltr'>residuorum,</span> <span class='ocrx_word' id='word_1_990' title='bbox 1899 1936 2021 1961; x_wconf 80' lang='lat' dir='ltr'>nomine</span> 
     </span>
     <span class='ocr_line' id='line_1_104' title="bbox 1178 1976 2020 2014; baseline -0.001 -10"><span class='ocrx_word' id='word_1_991' title='bbox 1178 1980 1291 2005; x_wconf 80' lang='lat' dir='ltr'>deberi.</span> <span class='ocrx_word' id='word_1_992' title='bbox 1328 1977 1358 2004; x_wconf 92' lang='lat' dir='ltr'>lI.</span> <span class='ocrx_word' id='word_1_993' title='bbox 1374 1980 1441 2012; x_wconf 77' lang='lat' dir='ltr'>Op.</span> <span class='ocrx_word' id='word_1_994' title='bbox 1461 1977 1553 2003; x_wconf 79' lang='lat' dir='ltr'>Inferri</span> <span class='ocrx_word' id='word_1_995' title='bbox 1573 1977 1724 2014; x_wconf 70' lang='lat' dir='ltr'>pensiones</span> <span class='ocrx_word' id='word_1_996' title='bbox 1741 1993 1768 1997; x_wconf 91' lang='lat'>-—</span> <span class='ocrx_word' id='word_1_997' title='bbox 1790 1976 1917 2003; x_wconf 78' lang='lat' dir='ltr'>Residere</span> <span class='ocrx_word' id='word_1_998' title='bbox 1936 1978 1961 2003; x_wconf 90' lang='lat' dir='ltr'>in</span> <span class='ocrx_word' id='word_1_999' title='bbox 1977 1976 2020 2003; x_wconf 89' lang='lat' dir='ltr'>de-</span> 
     </span>
     <span class='ocr_line' id='line_1_105' title="bbox 1179 2019 2019 2048; baseline -0.002 0"><span class='ocrx_word' id='word_1_1000' title='bbox 1179 2022 1268 2048; x_wconf 89' lang='lat' dir='ltr'>bitum.</span> <span class='ocrx_word' id='word_1_1001' title='bbox 1300 2020 1337 2047; x_wconf 82' lang='lat' dir='ltr'>lb.</span> <span class='ocrx_word' id='word_1_1002' title='bbox 1357 2021 1402 2047; x_wconf 81' lang='lat' dir='ltr'>XI.</span> <span class='ocrx_word' id='word_1_1003' title='bbox 1424 2023 1446 2047; x_wconf 89' lang='lat'>1.</span> <span class='ocrx_word' id='word_1_1004' title='bbox 1473 2031 1493 2046; x_wconf 88' lang='lat' dir='ltr'>c.</span> <span class='ocrx_word' id='word_1_1005' title='bbox 1514 2022 1555 2046; x_wconf 88' lang='lat'>27.</span> <span class='ocrx_word' id='word_1_1006' title='bbox 1580 2019 1612 2045; x_wconf 85' lang='lat' dir='ltr'>de</span> <span class='ocrx_word' id='word_1_1007' title='bbox 1636 2030 1694 2046; x_wconf 87' lang='lat' dir='ltr'>ann.</span> <span class='ocrx_word' id='word_1_1008' title='bbox 1719 2024 1744 2045; x_wconf 84' lang='lat' dir='ltr'>et</span> <span class='ocrx_word' id='word_1_1009' title='bbox 1769 2020 1857 2046; x_wconf 84' lang='lat' dir='ltr'>tribut.</span> <span class='ocrx_word' id='word_1_1010' title='bbox 1893 2019 1936 2046; x_wconf 88' lang='grc'><strong>111.</strong></span> <span class='ocrx_word' id='word_1_1011' title='bbox 1954 2020 2019 2047; x_wconf 76' lang='lat' dir='ltr'>Cn.</span> 
     </span>
     <span class='ocr_line' id='line_1_106' title="bbox 1179 2062 2021 2100; baseline -0.004 -9"><span class='ocrx_word' id='word_1_1012' title='bbox 1179 2064 1248 2100; x_wconf 78' lang='lat' dir='ltr'>Lege</span> <span class='ocrx_word' id='word_1_1013' title='bbox 1268 2063 1332 2090; x_wconf 82' lang='lat' dir='ltr'>Iulia</span> <span class='ocrx_word' id='word_1_1014' title='bbox 1352 2063 1384 2090; x_wconf 88' lang='lat' dir='ltr'>de</span> <span class='ocrx_word' id='word_1_1015' title='bbox 1404 2063 1517 2090; x_wconf 85' lang='lat' dir='ltr'>residuis</span> <span class='ocrx_word' id='word_1_1016' title='bbox 1538 2067 1640 2089; x_wconf 79' lang='lat' dir='ltr'>tenetur</span> <span class='ocrx_word' id='word_1_1017' title='bbox 1659 2063 1690 2094; x_wconf 81' lang='lat' dir='ltr'>iS‚</span> <span class='ocrx_word' id='word_1_1018' title='bbox 1711 2062 1779 2100; x_wconf 87' lang='lat' dir='ltr'>apud</span> <span class='ocrx_word' id='word_1_1019' title='bbox 1799 2072 1875 2099; x_wconf 84' lang='lat' dir='ltr'>quem</span> <span class='ocrx_word' id='word_1_1020' title='bbox 1894 2076 1924 2081; x_wconf 89' lang='lat'>-—</span> <span class='ocrx_word' id='word_1_1021' title='bbox 1944 2071 2021 2098; x_wconf 87' lang='lat' dir='ltr'>pecu-</span> 
     </span>
     <span class='ocr_line' id='line_1_107' title="bbox 1180 2103 2020 2144; baseline -0.004 -11"><span class='ocrx_word' id='word_1_1022' title='bbox 1180 2109 1221 2134; x_wconf 87' lang='lat' dir='ltr'>nia</span> <span class='ocrx_word' id='word_1_1023' title='bbox 1246 2106 1351 2144; x_wconf 83' lang='lat' dir='ltr'>publica</span> <span class='ocrx_word' id='word_1_1024' title='bbox 1374 2106 1480 2133; x_wconf 79' lang='lat' dir='ltr'>resedit.</span> <span class='ocrx_word' id='word_1_1025' title='bbox 1506 2106 1535 2132; x_wconf 80' lang='lat' dir='ltr'>t&#39;r.</span> <span class='ocrx_word' id='word_1_1026' title='bbox 1556 2108 1579 2132; x_wconf 89' lang='lat'>4.</span> <span class='ocrx_word' id='word_1_1027' title='bbox 1604 2106 1626 2139; x_wconf 85' lang='lat'>5.</span> <span class='ocrx_word' id='word_1_1028' title='bbox 1645 2107 1669 2131; x_wconf 86' lang='lat'>3.</span> <span class='ocrx_word' id='word_1_1029' title='bbox 1695 2105 1725 2131; x_wconf 89' lang='lat' dir='ltr'>ad</span> <span class='ocrx_word' id='word_1_1030' title='bbox 1750 2105 1779 2132; x_wconf 91' lang='lat' dir='ltr'>L.</span> <span class='ocrx_word' id='word_1_1031' title='bbox 1805 2104 1850 2131; x_wconf 92' lang='lat' dir='ltr'>lul.</span> <span class='ocrx_word' id='word_1_1032' title='bbox 1875 2103 1960 2141; x_wconf 86' lang='lat' dir='ltr'>pecul.</span> <span class='ocrx_word' id='word_1_1033' title='bbox 1979 2106 2020 2131; x_wconf 77' lang='lat'>48.</span> 
     </span>
     <span class='ocr_line' id='line_1_108' title="bbox 1182 2146 2021 2185; baseline -0.004 -9"><span class='ocrx_word' id='word_1_1034' title='bbox 1182 2152 1221 2176; x_wconf 87' lang='lat'>13.</span> <span class='ocrx_word' id='word_1_1035' title='bbox 1260 2150 1419 2181; x_wconf 60' lang='lat' dir='ltr'>Ostendam,</span> <span class='ocrx_word' id='word_1_1036' title='bbox 1439 2148 1501 2185; x_wconf 85' lang='lat' dir='ltr'>quid</span> <span class='ocrx_word' id='word_1_1037' title='bbox 1523 2165 1552 2169; x_wconf 81' lang='lat'><strong>—</strong></span> <span class='ocrx_word' id='word_1_1038' title='bbox 1574 2153 1693 2175; x_wconf 78' lang='lat' dir='ltr'>exactum</span> <span class='ocrx_word' id='word_1_1039' title='bbox 1714 2148 1799 2176; x_wconf 66' lang='lat' dir='ltr'>l‘uerit.</span> <span class='ocrx_word' id='word_1_1040' title='bbox 1818 2146 1914 2183; x_wconf 86' lang='lat' dir='ltr'>quidve</span> <span class='ocrx_word' id='word_1_1041' title='bbox 1934 2148 1959 2173; x_wconf 91' lang='lat' dir='ltr'>iu</span> <span class='ocrx_word' id='word_1_1042' title='bbox 1979 2147 2021 2174; x_wconf 84' lang='lat' dir='ltr'>de-</span> 
     </span>
     <span class='ocr_line' id='line_1_109' title="bbox 1181 2188 2020 2229; baseline -0.004 -10"><span class='ocrx_word' id='word_1_1043' title='bbox 1181 2193 1243 2219; x_wconf 88' lang='lat' dir='ltr'>bitis</span> <span class='ocrx_word' id='word_1_1044' title='bbox 1264 2192 1402 2224; x_wconf 75' lang='lat' dir='ltr'>habeatur,</span> <span class='ocrx_word' id='word_1_1045' title='bbox 1422 2192 1464 2218; x_wconf 88' lang='lat' dir='ltr'>vel</span> <span class='ocrx_word' id='word_1_1046' title='bbox 1484 2201 1565 2229; x_wconf 85' lang='lat' dir='ltr'>penes</span> <span class='ocrx_word' id='word_1_1047' title='bbox 1586 2201 1653 2228; x_wconf 88' lang='lat' dir='ltr'>quos</span> <span class='ocrx_word' id='word_1_1048' title='bbox 1672 2190 1807 2217; x_wconf 86' lang='lat' dir='ltr'>resederit.</span> <span class='ocrx_word' id='word_1_1049' title='bbox 1832 2188 1881 2215; x_wconf 86' lang='lat' dir='ltr'>Th.</span> <span class='ocrx_word' id='word_1_1050' title='bbox 1903 2189 1933 2216; x_wconf 86' lang='lat' dir='ltr'>C.</span> <span class='ocrx_word' id='word_1_1051' title='bbox 1955 2189 2020 2216; x_wconf 68' lang='lat' dir='ltr'>Ylll.</span> 
     </span>
     <span class='ocr_line' id='line_1_110' title="bbox 1181 2233 2021 2263; baseline -0.002 -1"><span class='ocrx_word' id='word_1_1052' title='bbox 1181 2240 1204 2263; x_wconf 71' lang='grc' dir='ltr'>ὅ.</span> <span class='ocrx_word' id='word_1_1053' title='bbox 1225 2246 1245 2262; x_wconf 93' lang='lat' dir='ltr'>c.</span> <span class='ocrx_word' id='word_1_1054' title='bbox 1265 2238 1289 2262; x_wconf 78' lang='lat'>9.</span> <span class='ocrx_word' id='word_1_1055' title='bbox 1309 2235 1342 2262; x_wconf 84' lang='lat' dir='ltr'>de</span> <span class='ocrx_word' id='word_1_1056' title='bbox 1361 2240 1508 2262; x_wconf 80' lang='lat' dir='ltr'>exsecutor.</span> <span class='ocrx_word' id='word_1_1057' title='bbox 1529 2234 1560 2261; x_wconf 81' lang='lat' dir='ltr'>cs.</span> <span class='ocrx_word' id='word_1_1058' title='bbox 1581 2234 1624 2261; x_wconf 77' lang='lat' dir='ltr'>XI.</span> <span class='ocrx_word' id='word_1_1059' title='bbox 1639 2235 1662 2260; x_wconf 87' lang='lat'>3.</span> <span class='ocrx_word' id='word_1_1060' title='bbox 1683 2243 1703 2260; x_wconf 86' lang='lat' dir='ltr'>c.</span> <span class='ocrx_word' id='word_1_1061' title='bbox 1722 2234 1744 2258; x_wconf 91' lang='lat'>1.</span> <span class='ocrx_word' id='word_1_1062' title='bbox 1764 2233 1821 2258; x_wconf 88' lang='lat' dir='ltr'>sine</span> <span class='ocrx_word' id='word_1_1063' title='bbox 1840 2242 1920 2259; x_wconf 88' lang='lat' dir='ltr'>censu</span> <span class='ocrx_word' id='word_1_1064' title='bbox 1940 2243 1962 2259; x_wconf 86' lang='lat' dir='ltr'>v.</span> <span class='ocrx_word' id='word_1_1065' title='bbox 1984 2243 2021 2260; x_wconf 87' lang='lat' dir='ltr'>re-</span> 
     </span>
     <span class='ocr_line' id='line_1_111' title="bbox 1181 2280 1244 2306; baseline -0.016 0"><span class='ocrx_word' id='word_1_1066' title='bbox 1181 2280 1208 2306; x_wconf 86' lang='grc'>11(</span> <span class='ocrx_word' id='word_1_1067' title='bbox 1221 2290 1244 2306; x_wconf 93' lang='lat' dir='ltr'>u.</span> 
     </span>
    </p>

    <p class='ocr_par' dir='ltr' id='par_1_18' title="bbox 1182 2290 2021 2436">
     <span class='ocr_line' id='line_1_112' title="bbox 1210 2290 2021 2354; baseline -0.009 -5"><span class='ocrx_word' id='word_1_1068' title='bbox 1210 2290 1420 2349; x_wconf 74' lang='lat' dir='ltr'>lBesiduuS.</span> <span class='ocrx_word' id='word_1_1069' title='bbox 1440 2321 1570 2354; x_wconf 85' lang='lat' dir='ltr'>(Adiect.)</span> <span class='ocrx_word' id='word_1_1070' title='bbox 1591 2320 1621 2353; x_wconf 71' lang='lat'>§0</span> <span class='ocrx_word' id='word_1_1071' title='bbox 1641 2320 1674 2345; x_wconf 84' lang='lat' dir='ltr'>l·</span> <span class='ocrx_word' id='word_1_1072' title='bbox 1697 2319 1758 2350; x_wconf 83' lang='lat' dir='ltr'>Qui</span> <span class='ocrx_word' id='word_1_1073' title='bbox 1777 2324 1931 2352; x_wconf 72' lang='lat' dir='ltr'>superest.</span> <span class='ocrx_word' id='word_1_1074' title='bbox 1959 2320 2021 2352; x_wconf 70' lang='lat' dir='ltr'>Qui</span> 
     </span>
     <span class='ocr_line' id='line_1_113' title="bbox 1182 2359 2020 2397; baseline -0.005 -5"><span class='ocrx_word' id='word_1_1075' title='bbox 1182 2368 1292 2392; x_wconf 75' lang='lat' dir='ltr'>salvos</span> <span class='ocrx_word' id='word_1_1076' title='bbox 1311 2371 1460 2391; x_wconf 78' lang='lat' dir='ltr'>remanet.</span> <span class='ocrx_word' id='word_1_1077' title='bbox 1498 2363 1541 2390; x_wconf 91' lang='lat'>111.</span> <span class='ocrx_word' id='word_1_1078' title='bbox 1555 2364 1621 2390; x_wconf 73' lang='lat'>(711.</span> <span class='ocrx_word' id='word_1_1079' title='bbox 1640 2361 1781 2397; x_wconf 82' lang='lat' dir='ltr'>Episcopi,</span> <span class='ocrx_word' id='word_1_1080' title='bbox 1801 2359 1842 2386; x_wconf 77' lang='lat' dir='ltr'>vel</span> <span class='ocrx_word' id='word_1_1081' title='bbox 1861 2361 2020 2397; x_wconf 75' lang='lat' dir='ltr'>presbyteri,</span> 
     </span>
     <span class='ocr_line' id='line_1_114' title="bbox 1182 2403 2021 2436; baseline -0.004 -2"><span class='ocrx_word' id='word_1_1082' title='bbox 1182 2408 1298 2436; x_wconf 85' lang='lat' dir='ltr'>diaconi.</span> <span class='ocrx_word' id='word_1_1083' title='bbox 1318 2422 1350 2426; x_wconf 96' lang='lat'><strong>—</strong></span> <span class='ocrx_word' id='word_1_1084' title='bbox 1375 2406 1474 2433; x_wconf 82' lang='lat' dir='ltr'>residui</span> <span class='ocrx_word' id='word_1_1085' title='bbox 1499 2414 1595 2432; x_wconf 89' lang='lat' dir='ltr'>omnes.</span> <span class='ocrx_word' id='word_1_1086' title='bbox 1627 2403 1676 2430; x_wconf 87' lang='lat' dir='ltr'>Th.</span> <span class='ocrx_word' id='word_1_1087' title='bbox 1698 2403 1728 2430; x_wconf 82' lang='lat' dir='ltr'>C.</span> <span class='ocrx_word' id='word_1_1088' title='bbox 1748 2403 1804 2430; x_wconf 74' lang='grc' dir='ltr'>ΧΠ.</span> <span class='ocrx_word' id='word_1_1089' title='bbox 1826 2405 1848 2430; x_wconf 94' lang='grc'>1.</span> <span class='ocrx_word' id='word_1_1090' title='bbox 1869 2414 1889 2430; x_wconf 90' lang='lat' dir='ltr'>c.</span> <span class='ocrx_word' id='word_1_1091' title='bbox 1912 2406 1968 2430; x_wconf 86' lang='grc'><strong>163.</strong></span> <span class='ocrx_word' id='word_1_1092' title='bbox 1989 2404 2021 2431; x_wconf 87' lang='lat' dir='ltr'>de</span> 
     </span>
    </p>
   </div>
   <div class='ocr_carea' id='block_1_12' title="bbox 1164 2489 2022 2907">
    <p class='ocr_par' dir='ltr' id='par_1_19' title="bbox 1164 2489 2022 2907">
     <span class='ocr_line' id='line_1_115' title="bbox 1184 2489 2021 2527; baseline -0.004 -7"><span class='ocrx_word' id='word_1_1093' title='bbox 1184 2494 1283 2520; x_wconf 73' lang='lat' dir='ltr'>adsess.</span> <span class='ocrx_word' id='word_1_1094' title='bbox 1310 2495 1330 2519; x_wconf 92' lang='lat' dir='ltr'>l.</span> <span class='ocrx_word' id='word_1_1095' title='bbox 1355 2495 1395 2518; x_wconf 87' lang='lat'>22.</span> <span class='ocrx_word' id='word_1_1096' title='bbox 1438 2492 1477 2517; x_wconf 84' lang='lat' dir='ltr'>Ex</span> <span class='ocrx_word' id='word_1_1097' title='bbox 1505 2490 1608 2517; x_wconf 80' lang='lat' dir='ltr'>residua</span> <span class='ocrx_word' id='word_1_1098' title='bbox 1637 2495 1710 2527; x_wconf 78' lang='lat' dir='ltr'>parte</span> <span class='ocrx_word' id='word_1_1099' title='bbox 1738 2489 1848 2516; x_wconf 85' lang='lat' dir='ltr'>heredes</span> <span class='ocrx_word' id='word_1_1100' title='bbox 1876 2491 2021 2523; x_wconf 89' lang='lat' dir='ltr'>institutus,</span> 
     </span>
     <span class='ocr_line' id='line_1_116' title="bbox 1184 2532 2022 2573; baseline -0.005 -10"><span class='ocrx_word' id='word_1_1101' title='bbox 1184 2547 1259 2573; x_wconf 84' lang='lat' dir='ltr'>quam</span> <span class='ocrx_word' id='word_1_1102' title='bbox 1279 2536 1344 2562; x_wconf 81' lang='lat' dir='ltr'>alter</span> <span class='ocrx_word' id='word_1_1103' title='bbox 1363 2535 1438 2561; x_wconf 86' lang='lat' dir='ltr'>heres</span> <span class='ocrx_word' id='word_1_1104' title='bbox 1458 2534 1572 2570; x_wconf 83' lang='lat' dir='ltr'>scriptus</span> <span class='ocrx_word' id='word_1_1105' title='bbox 1593 2543 1686 2570; x_wconf 67' lang='lat' dir='ltr'>capere.</span> <span class='ocrx_word' id='word_1_1106' title='bbox 1706 2543 1757 2559; x_wconf 86' lang='lat' dir='ltr'>non</span> <span class='ocrx_word' id='word_1_1107' title='bbox 1777 2537 1886 2570; x_wconf 83' lang='lat' dir='ltr'>poterat.</span> <span class='ocrx_word' id='word_1_1108' title='bbox 1907 2543 1927 2559; x_wconf 91' lang='lat' dir='ltr'>c.</span> <span class='ocrx_word' id='word_1_1109' title='bbox 1945 2535 1970 2559; x_wconf 87' lang='lat'>2.</span> <span class='ocrx_word' id='word_1_1110' title='bbox 1990 2532 2022 2559; x_wconf 87' lang='lat' dir='ltr'>de</span> 
     </span>
     <span class='ocr_line' id='line_1_117' title="bbox 1184 2575 2021 2612; baseline -0.005 -6"><span class='ocrx_word' id='word_1_1111' title='bbox 1184 2579 1272 2606; x_wconf 66' lang='lat' dir='ltr'>lit-red.</span> <span class='ocrx_word' id='word_1_1112' title='bbox 1293 2580 1353 2605; x_wconf 85' lang='lat' dir='ltr'>inst.</span> <span class='ocrx_word' id='word_1_1113' title='bbox 1373 2578 1396 2603; x_wconf 78' lang='grc'>6.</span> <span class='ocrx_word' id='word_1_1114' title='bbox 1415 2578 1457 2602; x_wconf 82' lang='lat'>24.</span> <span class='ocrx_word' id='word_1_1115' title='bbox 1479 2576 1508 2602; x_wconf 77' lang='lat' dir='ltr'>fr.</span> <span class='ocrx_word' id='word_1_1116' title='bbox 1532 2577 1568 2601; x_wconf 80' lang='grc'>13.</span> <span class='ocrx_word' id='word_1_1117' title='bbox 1589 2576 1610 2609; x_wconf 92' lang='lat'>5.</span> <span class='ocrx_word' id='word_1_1118' title='bbox 1627 2577 1647 2602; x_wconf 93' lang='lat'>1.</span> <span class='ocrx_word' id='word_1_1119' title='bbox 1668 2575 1700 2602; x_wconf 83' lang='lat' dir='ltr'>de</span> <span class='ocrx_word' id='word_1_1120' title='bbox 1719 2575 1837 2612; x_wconf 86' lang='lat' dir='ltr'>acceptil.</span> <span class='ocrx_word' id='word_1_1121' title='bbox 1857 2577 1897 2601; x_wconf 85' lang='lat'>46.</span> <span class='ocrx_word' id='word_1_1122' title='bbox 1912 2577 1935 2601; x_wconf 85' lang='lat'>4.</span> <span class='ocrx_word' id='word_1_1123' title='bbox 1964 2575 2021 2602; x_wconf 69' lang='lat' dir='ltr'>Nisi</span> 
     </span>
     <span class='ocr_line' id='line_1_118' title="bbox 1185 2618 2019 2655; baseline -0.007 -6"><span class='ocrx_word' id='word_1_1124' title='bbox 1185 2623 1251 2648; x_wconf 80' lang='lat' dir='ltr'>l&#39;orte.</span> <span class='ocrx_word' id='word_1_1125' title='bbox 1269 2620 1402 2648; x_wconf 85' lang='lat' dir='ltr'>residuum</span> <span class='ocrx_word' id='word_1_1126' title='bbox 1422 2619 1533 2655; x_wconf 75' lang='lat' dir='ltr'>legatum</span> <span class='ocrx_word' id='word_1_1127' title='bbox 1548 2618 1579 2644; x_wconf 85' lang='lat' dir='ltr'>ad</span> <span class='ocrx_word' id='word_1_1128' title='bbox 1593 2620 1703 2655; x_wconf 86' lang='lat' dir='ltr'>pretium</span> <span class='ocrx_word' id='word_1_1129' title='bbox 1717 2618 1823 2645; x_wconf 77' lang='lat' dir='ltr'>suflicit.</span> <span class='ocrx_word' id='word_1_1130' title='bbox 1843 2618 1872 2644; x_wconf 82' lang='lat' dir='ltr'>fr.</span> <span class='ocrx_word' id='word_1_1131' title='bbox 1886 2620 1928 2644; x_wconf 86' lang='lat'>24.</span> <span class='ocrx_word' id='word_1_1132' title='bbox 1947 2619 1969 2652; x_wconf 88' lang='lat'>5.</span> <span class='ocrx_word' id='word_1_1133' title='bbox 1982 2620 2019 2644; x_wconf 83' lang='lat'>16.</span> 
     </span>
     <span class='ocr_line' id='line_1_119' title="bbox 1185 2661 2020 2695; baseline -0.006 -3"><span class='ocrx_word' id='word_1_1134' title='bbox 1185 2665 1216 2691; x_wconf 69' lang='lat' dir='ltr'>tle</span> <span class='ocrx_word' id='word_1_1135' title='bbox 1236 2665 1321 2691; x_wconf 85' lang='lat' dir='ltr'>fideic.</span> <span class='ocrx_word' id='word_1_1136' title='bbox 1341 2662 1404 2689; x_wconf 88' lang='lat' dir='ltr'>libb.</span> <span class='ocrx_word' id='word_1_1137' title='bbox 1424 2664 1464 2688; x_wconf 84' lang='grc'>40.</span> <span class='ocrx_word' id='word_1_1138' title='bbox 1485 2665 1508 2688; x_wconf 90' lang='lat'>5.</span> <span class='ocrx_word' id='word_1_1139' title='bbox 1528 2661 1599 2688; x_wconf 82' lang='lat' dir='ltr'>Paul.</span> <span class='ocrx_word' id='word_1_1140' title='bbox 1619 2661 1662 2688; x_wconf 66' lang='lat' dir='ltr'>IV.</span> <span class='ocrx_word' id='word_1_1141' title='bbox 1682 2664 1706 2688; x_wconf 88' lang='grc'>3.</span> <span class='ocrx_word' id='word_1_1142' title='bbox 1726 2662 1748 2695; x_wconf 94' lang='lat'>5.</span> <span class='ocrx_word' id='word_1_1143' title='bbox 1766 2663 1790 2687; x_wconf 89' lang='lat'>3.</span> <span class='ocrx_word' id='word_1_1144' title='bbox 1812 2677 1841 2682; x_wconf 91' lang='lat'>·-—</span> <span class='ocrx_word' id='word_1_1145' title='bbox 1863 2661 1894 2694; x_wconf 84' lang='lat'>§.</span> <span class='ocrx_word' id='word_1_1146' title='bbox 1909 2662 1944 2688; x_wconf 69' lang='grc'>2.</span> <span class='ocrx_word' id='word_1_1147' title='bbox 1963 2662 2020 2688; x_wconf 77' lang='lat' dir='ltr'>Re-</span> 
     </span>
     <span class='ocr_line' id='line_1_120' title="bbox 1184 2704 2019 2739; baseline -0.006 -5"><span class='ocrx_word' id='word_1_1148' title='bbox 1184 2710 1323 2738; x_wconf 72' lang='lat' dir='ltr'>siduum,</span> <span class='ocrx_word' id='word_1_1149' title='bbox 1351 2707 1367 2732; x_wconf 80' lang='lat' dir='ltr'>i.</span> <span class='ocrx_word' id='word_1_1150' title='bbox 1394 2716 1414 2731; x_wconf 85' lang='lat' dir='ltr'>e.</span> <span class='ocrx_word' id='word_1_1151' title='bbox 1440 2715 1557 2731; x_wconf 76' lang='lat' dir='ltr'>summa</span> <span class='ocrx_word' id='word_1_1152' title='bbox 1585 2706 1753 2739; x_wconf 79' lang='lat' dir='ltr'>pecuniae,</span> <span class='ocrx_word' id='word_1_1153' title='bbox 1779 2705 1929 2738; x_wconf 80' lang='lat' dir='ltr'>publicae</span> <span class='ocrx_word' id='word_1_1154' title='bbox 1949 2704 2019 2738; x_wconf 74' lang='lat' dir='ltr'>pri-</span> 
     </span>
     <span class='ocr_line' id='line_1_121' title="bbox 1186 2745 2018 2782; baseline -0.005 -6"><span class='ocrx_word' id='word_1_1155' title='bbox 1186 2757 1329 2780; x_wconf 76' lang='lat' dir='ltr'>oatoeoe,</span> <span class='ocrx_word' id='word_1_1156' title='bbox 1361 2758 1451 2782; x_wconf 78' lang='lat' dir='ltr'>quam</span> <span class='ocrx_word' id='word_1_1157' title='bbox 1477 2750 1507 2774; x_wconf 85' lang='lat' dir='ltr'>in</span> <span class='ocrx_word' id='word_1_1158' title='bbox 1528 2749 1664 2782; x_wconf 79' lang='lat' dir='ltr'>reliquis</span> <span class='ocrx_word' id='word_1_1159' title='bbox 1683 2748 1792 2773; x_wconf 72' lang='lat' dir='ltr'>traxit</span> <span class='ocrx_word' id='word_1_1160' title='bbox 1811 2748 1940 2773; x_wconf 80' lang='lat' dir='ltr'>debitor.</span> <span class='ocrx_word' id='word_1_1161' title='bbox 1976 2745 2018 2771; x_wconf 89' lang='lat'>111.</span> 
     </span>
     <span class='ocr_line' id='line_1_122' title="bbox 1186 2788 2019 2827; baseline -0.006 -8"><span class='ocrx_word' id='word_1_1162' title='bbox 1186 2794 1251 2820; x_wconf 77' lang='lat' dir='ltr'>Gn.</span> <span class='ocrx_word' id='word_1_1163' title='bbox 1276 2791 1345 2827; x_wconf 75' lang='lat' dir='ltr'>Lege</span> <span class='ocrx_word' id='word_1_1164' title='bbox 1364 2790 1427 2816; x_wconf 87' lang='lat' dir='ltr'>lulia</span> <span class='ocrx_word' id='word_1_1165' title='bbox 1446 2790 1479 2817; x_wconf 86' lang='lat' dir='ltr'>de</span> <span class='ocrx_word' id='word_1_1166' title='bbox 1498 2790 1610 2817; x_wconf 88' lang='lat' dir='ltr'>residuis</span> <span class='ocrx_word' id='word_1_1167' title='bbox 1630 2794 1733 2816; x_wconf 86' lang='lat' dir='ltr'>tenetur</span> <span class='ocrx_word' id='word_1_1168' title='bbox 1752 2791 1786 2821; x_wconf 71' lang='lat' dir='ltr'>is.</span> <span class='ocrx_word' id='word_1_1169' title='bbox 1807 2788 1875 2826; x_wconf 87' lang='lat' dir='ltr'>apud</span> <span class='ocrx_word' id='word_1_1170' title='bbox 1893 2797 1968 2824; x_wconf 83' lang='lat' dir='ltr'>quem</span> <span class='ocrx_word' id='word_1_1171' title='bbox 1989 2804 2019 2808; x_wconf 91' lang='lat'>—</span> 
     </span>
     <span class='ocr_line' id='line_1_123' title="bbox 1164 2829 2019 2873; baseline -0.008 -10"><span class='ocrx_word' id='word_1_1172' title='bbox 1164 2856 1165 2866; x_wconf 59' lang='grc'>,</span> <span class='ocrx_word' id='word_1_1173' title='bbox 1186 2835 1295 2873; x_wconf 85' lang='lat' dir='ltr'>pecunia</span> <span class='ocrx_word' id='word_1_1174' title='bbox 1316 2833 1420 2871; x_wconf 86' lang='lat' dir='ltr'>publica</span> <span class='ocrx_word' id='word_1_1175' title='bbox 1439 2833 1545 2861; x_wconf 84' lang='lat' dir='ltr'>resedit.</span> <span class='ocrx_word' id='word_1_1176' title='bbox 1565 2833 1596 2860; x_wconf 75' lang='lat' dir='ltr'>fr.</span> <span class='ocrx_word' id='word_1_1177' title='bbox 1615 2834 1639 2859; x_wconf 86' lang='grc'>4.</span> <span class='ocrx_word' id='word_1_1178' title='bbox 1658 2833 1696 2866; x_wconf 80' lang='lat'>55.</span> <span class='ocrx_word' id='word_1_1179' title='bbox 1712 2835 1736 2859; x_wconf 85' lang='lat'>3.</span> <span class='ocrx_word' id='word_1_1180' title='bbox 1751 2842 1789 2869; x_wconf 82' lang='lat' dir='ltr'>sq.</span> <span class='ocrx_word' id='word_1_1181' title='bbox 1810 2831 1840 2859; x_wconf 84' lang='lat' dir='ltr'>cf.</span> <span class='ocrx_word' id='word_1_1182' title='bbox 1860 2830 1889 2857; x_wconf 86' lang='lat' dir='ltr'>sr.</span> <span class='ocrx_word' id='word_1_1183' title='bbox 1908 2832 1932 2856; x_wconf 87' lang='lat'>2.</span> <span class='ocrx_word' id='word_1_1184' title='bbox 1952 2829 1982 2856; x_wconf 79' lang='lat' dir='ltr'>fr.</span> <span class='ocrx_word' id='word_1_1185' title='bbox 1996 2832 2019 2857; x_wconf 88' lang='lat'>9.</span> 
     </span>
     <span class='ocr_line' id='line_1_124' title="bbox 1955 2874 2019 2907; baseline 0 -8"><span class='ocrx_word' id='word_1_1186' title='bbox 1955 2874 1976 2907; x_wconf 89' lang='lat'>5.</span> <span class='ocrx_word' id='word_1_1187' title='bbox 1996 2875 2019 2900; x_wconf 88' lang='lat'>6.</span> 
     </span>
    </p>
   </div>
   <div class='ocr_carea' id='block_1_13' title="bbox 1145 262 1167 2905">
    <p class='ocr_par' dir='ltr' id='par_1_20' title="bbox 1145 262 1167 2905">
     <span class='ocr_line' id='line_1_125' title="bbox 1145 262 1167 2905; baseline 0 0"><span class='ocrx_word' id='word_1_1188' title='bbox 1145 262 1167 2905; x_wconf 95' lang='lat' dir='ltr'> </span> 
     </span>
    </p>
   </div>
  </div>
 </body>
</html>
