2197 3121
249 186 313 216 332

249 273 344 294 aecta.
382 266 423 293 Ill.
445 267 510 294 Cn·
534 265 703 295 Eunomiani.
726 280 758 284 —-
777 264 971 292 Marcionistae.
991 281 1024 285 —
1043 264 1095 291 Eu-

251 309 343 337 chitae.
363 311 419 335 sive
443 308 630 335 Enthnsiastae
654 313 704 334 etc.
730 307 768 334 Ib.
788 307 859 335 XVI.
879 311 903 335 5.
924 319 945 335 c.
965 310 1006 334 (35.
1026 308 1049 342 5.
1068 310 1093 334 2.

250 352 283 379 de
303 353 424 379 haeretic.

286 397 408 423 Eudo.
447 397 563 422 Nomen
583 396 683 426 servi,
703 396 752 421 vel
769 396 891 421 liberti.
920 393 962 420 III.
977 395 1044 421 Cn.
1064 391 1093 420 Si

250 439 325 465 Eudo
347 439 395 472 [al.
422 438 515 474 Eydo]
535 447 587 463 non
606 437 714 474 probet,
734 447 763 464 se
781 443 844 474 post
861 437 1094 463 manumissionem

250 483 340 508 matris
360 492 422 508 suae
442 486 537 507 natum.
558 480 588 506 fr.
607 482 649 506 60.
670 480 702 507 (10
720 490 832 507 manum.
853 485 955 506 testam.
975 482 1017 506 40.
1037 482 1061 506 4.

285 524 666 557 Eudoxiopolitanus.
687 523 817 557 (Adiect.)
855 525 904 550 Aa
921 525 1093 550 civitatem

249 568 497 601 Eudoxiopolin
517 573 675 600 spectans.
706 566 723 593 I.
738 568 799 601 sy.
819 565 1023 603 Eudoxiopolis.
1043 566 1094 592 Eu-

250 609 448 647 doxiopolitaua
473 610 574 636 civitas,
599 609 649 636 Th.
674 608 705 635 C.
730 608 789 635 ΧΥ.
817 611 839 635 l.
866 619 888 635 c.
912 610 954 635 42.
979 608 1012 635 (10
1032 619 1094 646 opp.

250 653 312 690 pub.
333 652 364 679 cl'.
385 652 448 679 lust.
463 651 495 679 C.
515 662 537 679 0.
551 653 575 678 4.
595 651 628 678 (10
648 651 697 678 SS.
712 652 775 678 eccl.
796 654 819 678 l.
833 654 857 678 2.
873 662 894 678 c.
907 654 950 678 24.
971 651 1004 678 de
1016 662 1095 689 poen.

251 697 277 722 9.
295 697 336 722 47.
357 695 488 728 (subscr.)

283 739 456 766 Evectio.
485 739 516 772 §-
531 740 565 765 1.
587 739 710 765 Cursus
728 739 890 772 publicus.
912 738 1006 772 LSy.
1028 737 1096 764 Cur-

249 791 295 808 sus
319 781 382 818 pub.
421 781 472 808 Th.
493 780 524 808 C.
544 781 611 807 vlu.
632 783 655 807 5.
682 791 703 806 c.
723 782 748 807 3.
774 790 795 807 e.
815 782 856 807 39.
882 780 915 807 (10
935 791 1014 807 cursu
1032 780 1095 818 pub.

249 824 293 851 III.
321 826 388 852 (711.
411 824 507 861 Aliqua
527 824 633 851 militari
652 825 706 855 via.
726 840 759 843 —
779 823 824 850 ubi
844 825 945 850 evectio
965 834 1018 850 non
1038 825 1096 850 erit.

249 867 286 894 Ib.
307 867 324 894 l.
345 867 363 894 I.
383 878 404 894 c.
423 869 447 894 3.
481 884 513 887 —
544 868 575 901 §0
602 869 638 894 2.
659 869 820 894 Faculeas
843 877 941 894 cursu
960 869 1095 901 publico

251 912 368 938 utendi.
406 910 527 938 111.th.
557 910 672 937 Cursum
692 909 828 947 publicum
849 910 967 946 fatigavit
987 925 1019 929 —
1039 920 1097 936 eve-

251 954 368 980 ctionum
388 953 542 989 frequentia.
574 953 610 979 lb.
631 952 699 979 VIII.
719 955 743 979 5.
764 964 786 980 c.
807 955 847 980 12.
885 952 1096 979 Provincialibus

251 1012 284 1016 -
304 997 470 1023 evectionum
489 997 564 1033 copia
584 1006 637 1022 non
656 1001 747 1032 negata
768 1001 822 1028 est,
842 1001 871 1023 ut
891 996 923 1023 ad
942 1006 992 1022 nos
1012 1000 1097 1022 sumta

251 1040 388 1066 evectione
407 1039 575 1066 contendant.
595 1039 633 1066 lb.
653 1039 670 1065 l.
691 1039 707 1066 l.
728 1050 748 1066 c.
768 1041 811 1065 32.

252 1126 365 1151 emensis
385 1125 580 1157 evectionibus,
604 1125 716 1152 dandam
740 1125 902 1151 commeandi
922 1126 1043 1162 cuiquam
1061 1124 1097 1151 sa-

252 1167 383 1194 cultatem.
403 1168 441 1194 Ib.
461 1168 478 1194 1.
498 1168 515 1194 l.
536 1178 557 1195 c.
576 1170 618 1194 27.
646 1184 678 1188 —
704 1168 734 1201 ξ.
754 1169 792 1194 3.
818 1169 989 1202 ΒὶμΙοηια,
1009 1177 1097 1194 usum

251 1221 367 1238 rursus
389 1213 520 1246 publici
543 1214 724 1239 concedens.
767 1211 809 1237 III.
827 1212 893 1239 (711.
923 1211 1008 1248 Supra
1029 1210 1098 1237 diem

253 1259 422 1286 commeatus,
443 1259 487 1281 aut
507 1255 652 1281 iussionem
671 1255 824 1286 evectionis.
845 1254 946 1280 abesse.
983 1253 1020 1280 lb.
1040 1252 1097 1280 VII.

255 1299 294 1323 12.
314 1307 335 1323 0.
355 1299 379 1323 2.
401 1296 434 1323 (10
448 1302 583 1324 commeat.
622 1297 728 1333 Quibus
747 1307 796 1323 nos
823 1298 874 1334 ipsi
899 1298 926 1323 in
952 1297 1096 1329 evectione,

254 1350 330 1376 quam
345 1339 462 1368 facimus.
482 1340 605 1367 veredum
622 1350 680 1367 cum
693 1340 824 1377 parhippo
839 1340 919 1367 tribui
933 1340 1096 1366 iusserimus,

251 1382 289 1409 Ib.
309 1382 377 1409 wll.
396 1385 420 1409 5.
441 1393 462 1410 0.
481 1385 521 1410 29.
544 1383 575 1410 cl'.
596 1394 616 1410 c.
639 1385 678 1410 14.
697 1393 737 1420 pr.
758 1394 779 1410 c.
799 1385 841 1409 35.
862 1384 883 1417 5.
899 1385 922 1409 l.
943 1393 963 1409 c.
978 1384 1020 1409 59.
1053 1382 1097 1409 Vi-

252 1427 329 1452 cariis
349 1426 429 1453 denas
450 1442 483 1446 --
502 1428 662 1459 evectiones,
681 1436 759 1452 manu
772 1436 827 1452 mea
847 1427 1019 1463 perscriptas.
1038 1427 1097 1463 ipse

253 1470 408 1506 permittam.
440 1469 477 1496 lb.
496 1469 513 1496 l.
534 1469 550 1496 l.
571 1480 592 1496 c.
614 1471 653 1495 12.
692 1468 721 1496 Si
741 1470 879 1506 quisquam
897 1468 1096 1506 paraveredum.

253 1521 305 1538 nou
325 1518 431 1539 ostensa
451 1513 596 1544 evectione⁷
617 1528 649 1532 —
669 1513 867 1550 praesumserit.
887 1512 924 1539 Ib.
945 1512 961 1539 l.
975 1512 992 1539 l.
1013 1523 1034 1539 c.
1053 1514 1095 1539 59.

253 1554 354 1582 Seriem
374 1556 518 1582 evectionis
538 1555 675 1593 adspicere
694 1555 730 1582 lb.
751 1555 767 1582 I.
788 1555 804 1582 l.
825 1566 847 1582 c.
866 1557 908 1582 22.
927 1565 968 1592 pr.
987 1556 1053 1589 5.1.
1074 1566 1095 1582 c.

252 1600 293 1624 23.
314 1599 336 1632 5.
355 1600 379 1625 3.

287 1643 475 1669 Evehere.
513 1642 543 1675 §-
571 1642 606 1668 1.
631 1643 829 1676 Expertare.
867 1640 886 1667 I.
912 1642 974 1675 Sy.
1002 1641 1095 1673 Evehi⁷

252 1684 340 1716 Exire,
360 1684 496 1711 Proficisci
517 1687 561 1716 (ex
581 1685 682 1722 portu.)
703 1684 732 1710 t'r.
749 1686 788 1710 15.
808 1683 841 1710 (10
862 1683 994 1720 publican.
1015 1685 1056 1710 39.
1071 1685 1095 1710 4.

254 1726 295 1753 Ill.
311 1728 376 1755 Gn.
396 1727 459 1754 Sive
478 1727 572 1754 lectam
593 1738 668 1754 uvam
688 1726 801 1758 calcare.
828 1727 884 1753 sive
904 1732 1018 1753 mustum
1039 1737 1097 1753 eve-

255 1770 315 1796 here
334 1770 512 1807 prohibeatur.
540 1771 570 1797 l'r.
591 1773 632 1797 25.
657 1770 690 1797 de
708 1770 741 1796 A.
761 1770 790 1796 E.
812 1769 843 1796 V.
865 1771 905 1796 19.
928 1772 950 1796 1.
970 1769 1002 1796 cf.
1022 1769 1052 1796 fr.
1072 1771 1096 1796 6.

255 1812 287 1839 (10
306 1813 393 1840 donat.
412 1814 454 1840 39.
473 1815 497 1839 5.
518 1830 549 1833 -
570 1814 600 1847 §.
617 1815 651 1840 2.
673 1816 875 1841 Promovere.
896 1812 939 1838 III.
952 1814 1017 1840 Cn.
1035 1812 1097 1839 Sive
1118 1811 1120 1821 '¹

256 1855 399 1882 honoribus
419 1857 516 1883 evecti.
536 1857 592 1883 sive
612 1856 732 1893 quolibet
750 1857 882 1882 versutiae
901 1865 996 1892 genere
1016 1855 1098 1892 (l'uge-
1118 1862 1120 1882 J

255 1899 336 1931 runt.)
357 1898 406 1925 Th.
427 1898 457 1925 C.
474 1899 544 1925 XIV.
564 1902 588 1925 4.
609 1902 668 1926 c.1.
688 1899 721 1926 (10
740 1909 809 1926 suar.

290 1942 481 1969 Evellere.
519 1943 606 1974 §.L
632 1944 770 1973 Eruet-e,
796 1944 952 1968 avellere.
990 1941 1008 1967 1.
1033 1942 1096 1976 Sy.

256 1983 390 2013 Evertere.
411 1984 563 2011 oestrum-v.
583 1984 655 2011 Paul.
676 1984 694 2010 I.
707 1986 750 2011 21.
770 1985 791 2018 5.
806 1989 829 2011 δ.
850 1984 880 2010 l'r.
899 1987 923 2010 2.
945 1983 977 2010 de
996 1984 1096 2021 sepulc.

258 2026 318 2053 viol.
338 2029 378 2053 47.
402 2029 440 2053 12.
461 2027 510 2054 Th.
531 2027 562 2054 C.
576 2027 647 2054 XVI.
670 2029 709 2053 10.
731 2038 752 2053 c.
775 2028 813 2054 18.
834 2037 873 2063 sq.
895 2027 926 2053 de
940 2037 1030 2064 pagan.
1054 2027 1096 2053 111.

257 2070 322 2096 (711.
343 2069 370 2096 Si
391 2072 450 2106 quis
474 2070 600 2097 radicitus
625 2070 745 2097 arborem
769 2070 901 2097 evellerit.
923 2069 971 2103 [al.
997 2069 1098 2096 evulse-

259 2113 311 2145 riu]
331 2113 373 2140 vel
392 2115 585 2151 exstirpaverit.
607 2113 637 2140 l'r.
657 2115 680 2140 7.
701 2114 722 2147 5.
742 2116 766 2139 2.
787 2113 818 2139 cl‘.
840 2113 869 2139 sr.
885 2114 909 2139 3.
930 2114 952 2147 5.
965 2114 989 2139 3.
1010 2113 1096 2139 arbor.
1119 2111 1121 2137 ἶ

258 2154 317 2181 furt.
338 2166 403 2182 vat-s.
423 2158 463 2183 47.
485 2159 507 2183 7.
545 2157 573 2183 Si
588 2157 647 2193 quis
662 2156 760 2192 aliquid
774 2156 883 2183 aedibus
900 2155 1015 2183 adfixum
1029 2156 1097 2182 evel-

258 2197 317 2224 lerit
337 2199 379 2231 [al.
399 2199 543 2233 evulserit]
564 2199 593 2226 l'r.
613 2201 637 2225 9.
657 2200 679 2233 5.
698 2202 723 2225 2.
761 2200 812 2235 Qu.
833 2200 858 2225 vi
878 2203 922 2225 aut
941 2198 973 2225 cl.
993 2200 1035 2225 43.
1054 2200 1096 2225 24.

259 2257 290 2260 —
310 2242 341 2274 §.
366 2243 401 2269 2.
423 2244 623 2274 Convellere,
645 2244 837 2278 Infirmare.
870 2241 886 2267 l.
902 2244 963 2276 Sy.
984 2242 1098 2269 Convel-

259 2283 319 2310 lere.
357 2284 398 2311 Cf.
420 2285 443 2311 h.
464 2295 487 2310 v.
507 2286 528 2318 5.
547 2288 572 2311 2.

293 2328 508 2355 Evemerin.
542 2330 690 2355 Ancillae
708 2338 823 2354 nomen.
844 2327 887 2354 III.
905 2328 971 2355 Cn.
989 2327 1098 2355 Eveme-

259 2371 322 2396 riam
341 2370 460 2397 ancillam
481 2375 539 2396 01111-
559 2380 640 2396 annos
659 2370 756 2397 multos
771 2375 875 2396 emerat.
896 2369 925 2396 l'r.
944 2373 981 2397 10.
1002 2370 1034 2397 (10
1047 2381 1098 2398 ma-

260 2422 328 2438 num.
347 2415 388 2439 40.
412 2415 432 2440 1.

294 2457 473 2484 Evenire.
493 2458 523 2490 ξ.
537 2458 570 2483 1.
591 2459 756 2489 Accidere,
778 2458 984 2491 contingere.
1005 2456 1021 2483 l.
1036 2458 1097 2491 Sy·
1119 2481 1121 2492 A

262 2497 386 2530 Incidere,
405 2500 541 2527 Accidere.
567 2499 623 2526 Gai.
644 2498 686 2525 IV.
710 2501 764 2525 126.
792 2499 821 2526 fr.
842 2502 865 2525 4.
886 2509 925 2536 sq.
954 2499 983 2526 fr.
1007 2501 1044 2526 10.
1066 2499 1098 2526 (10

260 2539 312 2566 LL.
335 2543 355 2567 1.
376 2544 400 2568 3.
438 2542 479 2569 111.
500 2544 566 2570 οη.
585 2542 660 2569 1110111
680 2552 755 2567 casus
776 2543 880 2569 evenire
899 2547 1050 2579 potueruut,
1066 2558 1097 2561 —

262 2592 309 2608 nec
327 2584 476 2619 singulatim
495 2586 647 2612 enumerari.
672 2584 702 2610 fr.
722 2586 763 2610 26.
789 2585 809 2618 5.
829 2587 852 2611 9.
878 2595 910 2611 ex
935 2595 978 2621 qu.
998 2595 1019 2611 c.
1039 2586 1097 2611 01-Ίί7
1119 2602 1121 2614 ι

262 2626 284 2650 4.
304 2627 327 2651 (i.
366 2626 400 2653 Yt
424 2628 579 2665 plerumque
602 2629 629 2655 in
653 2627 781 2653 eiusmodi
806 2627 884 2653 rebus
908 2628 1028 2654 evenisse
1053 2627 1096 2661 [al.

262 2669 377 2701 evenire]
397 2670 472 2697 solet.
497 2671 527 2697 fr.
546 2672 588 2698 38.
613 2671 635 2704 5
653 2673 678 2696 2.
704 2669 736 2696 de
755 2670 786 2696 Α.
807 2670 835 2695 E.
858 2670 888 2696 Υ.
915 2672 953 2697 19.
980 2672 1002 2696 1.
1040 2669 1098 2696 Plo·
1119 2673 1120 2676 ’

262 2720 370 2747 rumque
395 2712 497 2739 adsolet
520 2715 625 2740 evenire
649 2714 734 2745 (circa
758 2713 824 2744 010.)
851 2712 880 2738 l'r.
905 2715 945 2739 24.
971 2713 1003 2740 de
1024 2713 1096 2739 inoff.

263 2758 363 2780 testam.
387 2756 411 2780 5.
434 2759 458 2781 2.
501 2755 617 2782 Τ;011(·151
640 2766 692 2782 non
717 2755 791 2782 facile
815 2756 919 2781 evenire
943 2757 1043 2792 possit.
1071 2761 1097 2782 ut

262 2801 310 2823 010.
331 2796 360 2823 l'r.
380 2798 403 2823 3.
423 2808 461 2834 pr.
482 2798 513 2824 de
533 2809 602 2825 usur.
626 2802 668 2825 22.
690 2800 711 2824 l.
738 2798 769 2825 cl'.
795 2798 824 2824 fr.
849 2799 872 2824 5.
900 2797 932 2824 de
956 2797 1009 2824 LL.
1031 2800 1052 2824 Ι.
1072 2800 1095 2824 3.

262 2839 291 2866 Si
311 2839 402 2866 horum
420 2840 519 2877 aliquid
539 2843 661 2868 evenerit.
683 2841 712 2868 fr.
731 2843 772 2867 55.
793 2842 814 2875 5.
831 2843 852 2867 l.
873 2840 905 2866 de
924 2840 1009 2867 lideie.
1031 2840 1095 2867 libb.

848 1039 969 1066 Duorum
988 1038 1098 1066 veredo·
1119 1042 1120 1054 ¹

251 1092 308 1109 rum
328 1083 479 1109 evectiones
503 1087 529 1109 te
552 1083 753 1120 praesumsisse.
779 1081 817 1108 lb.
837 1081 854 1108 I.
874 1082 891 1109 l.
912 1092 933 1108 c.
954 1084 995 1108 55.
1033 1079 1097 1114 Nec,
1119 1090 1120 1097 ¹

973 183 1064 214 EVD
1090 200 1129 206 —
1156 182 1254 213 EVE.

1116 266 1117 296 1
1141 266 1182 291 40.
1203 266 1227 290 5.
1264 263 1357 300 Neque
1378 265 1405 290 in
1423 263 1475 291 hoc
1494 264 1580 291 solum
1600 266 1715 292 evenire.
1727 266 1817 294 -sed
1836 272 1863 294 et
1881 269 1907 294 iu
1919 268 1984 295 inul-

1116 300 1117 304 .
1139 308 1174 333 tis
1195 308 1305 333 caeteris
1330 307 1418 333 rebus.
1443 306 1473 333 l'r.
1498 308 1538 334 76.
1563 307 1596 335 de
1619 307 1698 335 iudic.
1723 309 1747 334 5.
1768 310 1790 335 l.
1827 309 1985 348 Prospicere

1140 350 1240 381 debuit.
1260 349 1310 376 1100
1330 351 1435 376 evenire
1454 360 1543 387 posse.
1564 351 1595 377 fr.
1614 352 1638 377 9.
1658 352 1680 385 5.
1702 353 1724 377 l.
1738 350 1815 378 locat.
1831 354 1870 379 19.
1883 355 1908 380 2.
1928 353 1984 380 Nec

1139 393 1225 419 solum
1245 394 1268 419 si
1286 392 1376 419 l'raude
1390 392 1504 426 heredis,
1524 393 1572 420 sed
1585 395 1662 420 etiam
1677 395 1699 420 si
1713 393 1762 420 alia
1776 394 1893 431 qualibet
1906 406 1983 423 causa

1142 436 1169 463 id
1189 436 1314 462 evenerit.
1339 436 1369 462 l'r.
1389 437 1413 462 5.
1437 435 1470 462 de
1494 441 1548 473 opt.
1573 436 1622 473 leg.
1646 439 1687 463 33.
1713 439 1737 464 5.
1780 437 1809 464 Si
1828 448 1876 474 per
1894 439 1984 466 vinum

1140 484 1185 505 aut
1199 478 1327 505 desidiam
1341 478 1460 505 custodis
1480 479 1506 505 id
1520 481 1644 506 evenerit.
1659 480 1688 506 fr.
1703 482 1742 506 12.
1762 490 1802 517 pr.
1821 480 1854 507 de
1874 485 1945 507 cust.
1959 486 1985 508 et.

1140 521 1227 548 exhib.
1247 523 1289 548 48.
1308 523 1332 548 3.
1344 538 1376 541 —
1388 523 1418 555 §-
1433 523 1468 549 2.
1485 524 1659 558 Ουηεεᾳιιί,
1683 524 1843 550 Obtinere.
1863 523 1906 549 III.
1918 525 1983 552 Gn.

1116 573 1118 589 l
1141 564 1199 591 Vsu
1218 565 1268 591 1100
1288 570 1419 591 evenerat.
1440 564 1470 591 fr.
1490 566 1533 592 22.
1552 566 1574 599 5.
1594 568 1618 592 4.
1639 565 1671 592 (10
1690 567 1760 603 pign.
1781 571 1830 592 act.
1844 568 1885 593 13.
1900 568 1923 593 7.
1955 566 1984 594 Si

1140 618 1188 645 per
1210 607 1416 645 postulationem
1442 609 1498 634 eius
1527 607 1578 634 hoc
1603 610 1728 635 evenerit.
1753 609 1782 636 l'r.
1807 610 1832 635 3.
1858 619 1898 646 pr.
1930 610 1983 646 Qu.

1142 651 1229 687 quisq.
1250 652 1298 677 iur.
1317 652 1342 677 2.
1361 653 1385 677 2.
1422 650 1503 683 Mora.
1518 661 1584 687 quae
1603 652 1740 678 eveniebat
1754 663 1785 679 ex
1805 652 1884 679 furto.
1899 651 1983 679 fr.l7.

1141 693 1173 720 de
1199 693 1274 720 cond.
1300 693 1360 721 furt.
1387 695 1426 720 13.
1454 696 1477 720 1.
1515 693 1582 720 Cum
1606 695 1674 720 enim
1699 695 1858 722 connubium
1882 687 1985 722 id¹effi-

1141 737 1205 769 ciat,
1230 753 1263 756 —
1284 737 1371 763 evenit
1394 742 1422 763 ut
1446 742 1495 763 010.
1520 736 1577 763 Gai.
1601 736 1620 763 I.
1644 738 1686 764 56.
1712 738 1743 764 cl'.
1767 740 1809 765 40.
1855 737 1984 775 Legitimo

1141 781 1197 806 iure
1216 785 1349 818 peremto,
1368 781 1456 806 evenit
1480 785 1508 806 ut
1533 785 1582 807 etc.
1606 779 1644 806 Ib.
1664 779 1706 806 III.
1725 782 1767 807 51.
1804 780 1928 817 Plerique
1946 780 1985 808 Iu-

1142 822 1204 849 liani
1228 824 1384 850 seutentiam
1408 823 1535 860 probant,
1560 822 1706 849 secundum
1729 823 1801 860 quod
1829 825 1933 851 eveniet
1956 829 1986 850 ut

1143 871 1192 892 etc.
1212 865 1243 892 fr.
1263 866 1287 892 8.
1307 865 1329 898 5.
1348 868 1372 892 2.
1393 865 1425 892 de
1445 867 1472 892 in
1491 867 1532 892 ius
1551 876 1608 892 voc.
1627 868 1652 892 2.
1665 868 1689 892 4.
1726 866 1786 893 Iure
1798 866 1849 893 hoc
1862 868 1912 900 (sc.
1926 876 1985 904 gen-

1143 908 1219 941 tium)
1240 909 1327 934 evenit
1349 913 1378 935 ut
1397 913 1446 935 etc.
1470 909 1501 935 l'r.
1520 910 1545 935 3.
1571 908 1603 935 de
1626 909 1645 935 I.
1665 914 1690 935 et
1710 908 1728 935 I.
1754 911 1777 936 1.
1798 911 1820 936 l.
1856 910 1905 937 His
1923 910 1985 947 legi-

1118 949 1120 988 }
1142 951 1192 978 bus
1211 951 1273 978 latis
1293 953 1389 989 coepit.
1410 957 1437 978 ut
1456 951 1610 978 naturaliter
1629 953 1734 978 evenire
1753 951 1830 985 solet,
1842 957 1871 979 ut
1889 958 1938 980 etc.
1953 953 1984 980 fr.

1141 997 1166 1021 2.
1186 995 1208 1029 5.
1228 996 1252 1021 5.
1272 994 1305 1021 de
1325 995 1358 1021 O.
1378 995 1396 1021 I.
1419 997 1440 1021 1.
1459 997 1484 1021 2.
1525 994 1576 1021 Per
1598 1000 1687 1032 partes
1707 996 1807 1027 evenit,
1827 1000 1856 1022 ut.
1874 1005 1986 1023 necesse

1143 1043 1215 1065 esset
1234 1043 1283 1065 etc.
1304 1037 1334 1064 fr.
1353 1040 1378 1064 2.
1398 1038 1420 1072 5.
1442 1040 1482 1064 ll.
1502 1038 1537 1064 ib.
1558 1039 1580 1064 l.
1598 1040 1623 1064 2.
1661 1038 1827 1074 Quamquam
1846 1039 1906 1076 quis
1924 1049 1985 1076 pos-

1143 1082 1178 1107 sit
1197 1080 1294 1113 dicere.
1314 1081 1420 1107 evenire
1440 1085 1467 1106 ut
1487 1084 1536 1106 etc.
1559 1080 1590 1107 fr.
1610 1082 1634 1107 Β.
1658 1080 1691 1107 de
1714 1091 1775 1108 nox.
1795 1086 1844 1108 act.
1864 1083 1888 1109 9.
1908 1083 1934 1108 4.
1953 1081 1985 1109 cf.

1142 1124 1173 1151 fr.
1193 1126 1235 1151 41.
1256 1124 1289 1151 (10
1301 1123 1332 1150 R.
1348 1122 1379 1150 C.
1395 1124 1435 1149 12.
1456 1124 1479 1149 1.
1516 1122 1602 1160 Saepe
1620 1123 1735 1150 futurum
1755 1134 1822 1155 esse,
1843 1129 1871 1151 ut
1889 1129 1939 1152 010.
1952 1141 1985 1144 -

1143 1172 1221 1204 atque
1241 1177 1269 1194 ea
1289 1168 1390 1193 ratione
1410 1170 1572 1193 eventurum.
1596 1166 1626 1193 1“ι·.
1645 1169 1668 1193 2v
1690 1166 1722 1193 de
1742 1166 1803 1193 don.
1823 1168 1868 1194 int.
1889 1167 1921 1194 V.
1941 1169 1984 1194 24.

1144 1212 1166 1237 1.
1187 1210 1219 1237 cf.
1240 1210 1270 1237 fr.
1292 1212 1332 1236 12.
1352 1210 1374 1244 5.
1394 1211 1417 1235 5.
1438 1209 1471 1236 de
1490 1209 1558 1236 usuf.
1579 1211 1601 1235 7.
1623 1211 1645 1236 l.
1683 1209 1835 1237 Secundum
1855 1221 1921 1247 quae
1939 1221 1986 1248 po-

1119 1254 1120 1266 *
1142 1254 1204 1280 terit
1223 1254 1342 1285 evenire,
1366 1262 1399 1279 ne
1423 1256 1473 1279 etc.
1498 1252 1528 1279 fr.
1550 1254 1589 1278 ll.
1609 1252 1631 1286 5.
1650 1254 1674 1278 5.
1699 1252 1739 1279 ad.
1759 1252 1788 1279 L.
1809 1252 1878 1279 FaIc.
1897 1255 1939 1280 35.
1959 1256 1985 1281 2.

1142 1296 1174 1323 cf.
1199 1296 1230 1322 lr.
1252 1298 1274 1323 1.
1299 1296 1320 1330 5.
1340 1297 1365 1322 3.
1390 1297 1413 1322 si
1433 1297 1475 1322 cui
1500 1295 1536 1333 pl.
1561 1306 1605 1332 qu.
1624 1306 1650 1332 p.
1671 1294 1699 1322 L.
1720 1295 1790 1323 Falc.
1808 1298 1851 1323 35.
1870 1297 1894 1323 3.
1931 1295 1986 1323 Sed

1142 1339 1175 1366 ob
1196 1338 1231 1371 id,
1252 1338 1324 1375 quod
1343 1344 1393 1366 etc.
1412 1355 1446 1358 —
1466 1340 1568 1369 evenit,
1589 1348 1641 1375 quo
1665 1339 1759 1365 minus.
1786 1339 1818 1366 fr.
1847 1340 1888 1366 45.
1917 1339 1984 1372 5.1.

1141 1382 1174 1409 de
1192 1382 1269 1418 legat.
1290 1382 1307 1409 I.
1322 1383 1390 1416 (30.)

1175 1427 1361 1453 Eventus.
1398 1426 1429 1459 §.
1455 1426 1489 1452 1.
1515 1426 1646 1452 Exitus.
1683 1424 1702 1451 1.
1727 1426 1790 1460 Sy.
1814 1424 1984 1452 postfaetum.

1118 1503 1119 1507 Ἰ
1140 1469 1171 1495 fr.
1192 1471 1233 1495 15.
1253 1468 1286 1495 (10
1304 1468 1358 1495 reb.
1379 1468 1442 1495 dub.
1461 1470 1504 1495 34.
1523 1470 1547 1495 5.
1584 1468 1615 1495 II.
1636 1469 1703 1502 ΟΡ.
1735 1468 1849 1495 Initium.
1869 1467 1899 1495 fr.
1918 1470 1944 1494 2.
1963 1468 1985 1502 5.

1118 1510 1120 1529 ²
1140 1514 1164 1539 2.
1197 1512 1249 1548 Qu.
1269 1513 1352 1538 iussu.
1374 1514 1414 1538 15.
1435 1513 1460 1538 4.
1480 1511 1511 1538 fr.
1529 1513 1589 1538 201.
1610 1511 1642 1538 de
1661 1511 1693 1537 R.
1713 1510 1732 1537 I.
1751 1513 1792 1538 50.
1813 1512 1854 1538 17.
1892 1510 1986 1538 Consi-

1118 1565 1120 1577 1
1140 1555 1213 1582 lium.
1235 1554 1265 1582 fr.
1286 1557 1327 1582 79.
1347 1555 1381 1582 ib.
1402 1557 1443 1581 50.
1464 1556 1504 1581 17.
1525 1554 1555 1581 l'r.
1577 1556 1616 1580 15.
1639 1554 1691 1590 Qu.
1711 1555 1737 1580 10
1757 1553 1787 1580 fr.
1808 1553 1877 1580 cred.
1896 1555 1939 1580 42.
1958 1554 1983 1580 8.

1118 1599 1120 1613 '¹
1140 1598 1183 1624 111.
1200 1600 1266 1626 011.
1289 1598 1407 1624 Alterius
1432 1599 1583 1629 sanitatem⁷
1609 1602 1652 1624 aut
1675 1598 1768 1624 mortis
1788 1601 1909 1623 eventum
1929 1597 1986 1630 (ex—

1141 1642 1284 1678 spectare.)
1305 1640 1335 1667 fr.
1355 1643 1397 1667 22.
1417 1641 1439 1674 5
1459 1642 1483 1667 8.
1510 1640 1559 1667 sol.
1585 1641 1696 1667 matrim.
1717 1642 1760 1667 24.
1778 1641 1803 1666 3.
1823 1638 1856 1666 cf.
1874 1638 1906 1665 fr.
1919 1640 1943 1666 6.
1962 1639 1984 1673 5.

1142 1686 1164 1710 7.
1185 1683 1217 1710 de
1237 1683 1280 1710 off.
1301 1683 1388 1710 Praes.
1416 1685 1436 1709 l.
1463 1685 1502 1709 18.
1544 1683 1613 1709 Cum
1637 1687 1661 1709 et
1686 1688 1788 1709 sumtus
1814 1683 1840 1709 in
1860 1681 1985 1719 petendo,

1141 1731 1167 1753 01
1187 1731 1297 1753 eventus
1317 1727 1497 1753 exsecutionis
1518 1727 1604 1762 possit
1623 1736 1683 1752 esse
1701 1727 1826 1752 incertus.
1847 1725 1877 1751 l'r.
1891 1726 1932 1751 51.
1953 1724 1986 1751 de

1141 1769 1227 1807 pecul.
1249 1772 1288 1796 15.
1304 1771 1326 1795 l.
1363 1769 1493 1795 Eventum
1508 1768 1592 1795 litium
1612 1784 1645 1788 ——
1665 1768 1801 1795 redimere.
1816 1769 1846 1794 l'r.
1861 1769 1884 1794 7.
1899 1767 1985 1794 mand.

1143 1814 1182 1839 17.
1204 1814 1226 1839 l.
1247 1812 1277 1838 sr.
1298 1814 1338 1838 15.
1358 1813 1379 1845 5.
1399 1814 1440 1838 30.
1465 1811 1498 1838 de
1522 1812 1598 1838 iniur.
1623 1812 1664 1837 47.
1691 1813 1731 1837 10.
1756 1811 1829 1838 Paul.
1848 1810 1880 1837 V.
1899 1813 1942 1838 25.
1961 1811 1984 1845 5.

1143 1857 1183 1882 13.
1220 1855 1351 1882 Incertum
1370 1859 1492 1881 eventum
1512 1855 1667 1887 (cautionis)
1690 1858 1818 1890 spectare.
1838 1854 1868 1880 l'r.
1888 1856 1912 1881 6.
1933 1854 1984 1890 Qu.

1142 1898 1208 1925 salso
1228 1903 1275 1925 tut.
1294 1900 1336 1924 27.
1356 1899 1380 1924 6.
1418 1897 1447 1924 Si
1461 1901 1561 1923 tantum
1581 1898 1734 1923 aestimatus
1748 1898 1783 1923 sit
1802 1897 1898 1924 dubius
1910 1906 1984 1923 even-

1119 1939 1120 1978 ]
1142 1947 1193 1968 105.
1213 1941 1243 1968 fr.
1262 1943 1304 1968 23.
1325 1941 1383 1967 sam.
1404 1941 1496 1967 ercisc.
1519 1942 1558 1966 10.
1577 1942 1601 1966 2.
1639 1940 1679 1966 Ex
1700 1941 1770 1966 omni
1790 1944 1885 1966 eventu
1904 1940 1984 1972 (coni-

1119 2010 1120 2022 x
1142 1985 1253 2022 petere.)
1273 1984 1303 2010 fr.
1323 1985 1347 2010 9.
1367 1985 1389 2018 5.
1413 1986 1433 2010 1.
1453 1983 1486 2010 de
1505 1982 1532 2009 S.
1553 1983 1584 2009 C.
1605 1981 1703 2009 Maced.
1726 1984 1764 2008 14.
1784 1984 1808 2008 6.
1844 1982 1874 2008 111
1887 1987 1984 2009 utrum-

1142 2038 1193 2064 que
1213 2032 1334 2054 eventum
1354 2026 1520 2060 (videbitur.)
1545 2026 1574 2052 fr.
1595 2027 1619 2052 4.
1644 2025 1666 2058 5.
1685 2026 1709 2050 2.
1734 2024 1766 2050 de
1785 2024 1854 2060 vulg.
1875 2030 1901 2051 et
1919 2035 1982 2062 pup.

1141 2073 1183 2096 28.
1203 2072 1227 2096 6.
1264 2070 1367 2096 Eventu
1393 2069 1514 2095 damnum
1539 2069 1601 2105 pati.
1626 2067 1656 2094 fr.
1681 2069 1723 2094 23.
1748 2067 1779 2094 cl'.
1806 2067 1835 2094 l'r.
1858 2069 1896 2094 11.
1917 2068 1938 2102 5.
1958 2069 1982 2095 4.

1143 2113 1174 2139 de
1194 2114 1286 2139 minor.
1306 2115 1330 2138 4.
1346 2114 1369 2138 4.
1406 2112 1465 2137 Etsi
1484 2115 1607 2137 eventum
1621 2110 1760 2136 adversum
1780 2110 1880 2139 habuit.
1897 2110 1984 2146 (quod

1118 2150 1121 2155 Α
1142 2161 1244 2193 gestum
1264 2156 1325 2187 est.)
1345 2154 1374 2181 l'r.
1394 2156 1418 2180 3.
1439 2154 1460 2187 5.
1481 2156 1503 2180 7.
1525 2153 1557 2180 de
1576 2158 1659 2179 contr.
1679 2158 1726 2179 101.
1746 2155 1787 2179 27.
1806 2156 1830 2179 4.
1859 2154 1889 2179 Si
1908 2163 1984 2180 even-

1142 2205 1197 2225 tum
1217 2198 1308 2224 habuit
1328 2197 1406 2224 fraus.
1428 2197 1457 2223 l'r.
1480 2198 1519 2222 10.
1539 2196 1596 2230 5.1.
1634 2196 1686 2231 Qu.
1706 2196 1732 2222 in
1751 2195 1833 2222 fraud.
1854 2195 1923 2222 cred.
1941 2198 1983 2222 42.

1142 2246 1166 2268 ὅ.
1203 2241 1333 2267 Eventum
1352 2246 1416 2278 puto
1437 2238 1600 2276 sequendum
1623 2239 1648 2264 in
1673 2238 1720 2264 hac
1745 2248 1780 2265 re.
1800 2238 1830 2265 fr.
1855 2242 1878 2265 ὅ.
1899 2239 1983 2273 5.10.

1120 2281 1121 2286 ’
1142 2285 1174 2311 de
1194 2284 1266 2310 inoff.
1287 2288 1388 2310 testam.
1408 2285 1432 2309 5.
1451 2285 1476 2309 2.
1513 2282 1540 2308 Iu
1566 2285 1661 2308 eventu
1685 2286 1798 2317 ponetur
1821 2282 1875 2315 (sc.
1895 2281 1984 2309 condi—

1119 2345 1120 2360 1
1143 2328 1201 2360 110.)
1222 2327 1251 2353 l'r.
1272 2328 1313 2353 60.
1333 2337 1372 2363 pr.
1393 2325 1425 2352 de
1445 2325 1521 2352 cond.
1542 2329 1568 2350 et
1586 2324 1652 2350 (1010.
1672 2325 1714 2350 35.
1736 2325 1757 2350 1.
1778 2340 1809 2343 -
1830 2325 1860 2358 5.
1873 2326 1908 2352 8.
1927 2326 1983 2361 Ef-

1119 2364 1264 2407 lfectus,
1288 2372 1349 2398 Vis.
1386 2368 1404 2395 1.
1420 2370 1482 2403 Sy.
1502 2367 1627 2394 Effectus.
1647 2366 1677 2392 l'r.
1700 2368 1738 2392 10.
1758 2367 1780 2400 5.
1804 2369 1825 2394 1.
1846 2367 1879 2394 de
1898 2366 1929 2394 N,
1950 2367 1982 2394 G,

1119 2408 1121 2433 1
1141 2416 1166 2440 3.
1186 2416 1210 2440 5.
1248 2413 1290 2440 III.
1310 2415 1376 2440 Gn..
1405 2411 1499 2438 Variae
1523 2410 1706 2436 altercationes
1731 2414 1837 2436 exortae
1863 2415 1936 2441 sunt.
1957 2415 1983 2437 et

1144 2458 1233 2483 varius
1253 2461 1371 2486 eventus.
1391 2455 1531 2490 variusque
1551 2453 1699 2479 continetur
1719 2457 1852 2479 tractatus.
1873 2463 1893 2479 0.
1908 2454 1931 2480 8.
1943 2463 1981 2490 pr.

1143 2499 1175 2526 de
1194 2499 1255 2525 bon.
1276 2509 1319 2535 qu.
1346 2498 1390 2524 lib.
1413 2499 1437 2523 6.
1461 2498 1502 2523 61.
1539 2497 1608 2522 Aule
1632 2500 1732 2521 eertum
1756 2497 1902 2522 sententiae
1921 2501 1982 2522 tem-

1119 2565 1121 2581 ]
1143 2552 1201 2579 pus,
1221 2547 1247 2568 et
1266 2541 1384 2568 ordinem
1403 2544 1521 2566 eventus.
1542 2537 1591 2565 Th.
1612 2538 1643 2564 C.
1663 2538 1707 2565 XI.
1726 2540 1767 2564 36.
1789 2548 1809 2564 e.
1824 2541 1866 2565 29.
1898 2538 1981 2574 Quor.

1143 2596 1201 2623 app.
1223 2595 1248 2611 n.
1267 2594 1317 2611 rec.
1355 2583 1405 2609 Per
1423 2583 1508 2608 omnia
1527 2581 1638 2608 similem
1653 2591 1712 2607 esse
1726 2581 1751 2607 in
1766 2580 1815 2607 hoc
1829 2582 1893 2607 iuris
1907 2590 1981 2607 even-

1120 2629 1121 2643 *
1143 2633 1204 2654 tum.
1225 2628 1255 2654 l'r.
1275 2628 1298 2653 8.
1319 2625 1351 2652 de
1375 2625 1455 2652 usul'r.
1482 2625 1551 2651 ader.
1580 2626 1602 2650 7.
1627 2627 1652 2650 2.
1689 2623 1718 2650 In
1742 2623 1793 2650 hoc
1816 2629 1918 2661 tempus
1939 2633 1981 2649 ex—

1142 2672 1223 2698 currit
1242 2669 1391 2697 donationis
1412 2673 1529 2695 eventus.
1550 2678 1601 2704 quo
1622 2672 1670 2693 010.
1691 2666 1720 2693 1“1“.
1742 2668 1780 2693 10.
1802 2666 1835 2693 (10
1854 2666 1913 2693 (100.
1933 2666 1978 2692 int.

1118 2707 1120 2760 1
1142 2713 1173 2740 V.
1191 2714 1233 2739 24.
1256 2715 1277 2738 1.
1318 2711 1374 2737 Nos
1394 2727 1425 2730 —
1444 2711 1627 2748 plenissimum
1652 2710 1676 2736 ei
1700 2709 1828 2736 donamus
1851 2713 1979 2735 eventum.

1142 2767 1163 2782 c.
1183 2758 1225 2782 30.
1245 2754 1278 2781 de
1297 2754 1454 2780 lideiromm.
1474 2755 1497 2780 6.
1518 2755 1559 2780 42.

1118 2769 1120 2815 1
1176 2797 1454 2825 Everriculum.
1493 2799 1596 2823 Genus
1616 2797 1696 2821 retis
1713 2795 1903 2829 piscatorii.
1934 2793 1975 2820 111.

1118 2816 1120 2852 l
1142 2842 1206 2869 Gn.
1244 2840 1272 2866 Si
1292 2840 1351 2876 quis
1371 2850 1411 2866 me
1431 2839 1568 2876 prohibeat
1588 2839 1613 2864 in
1634 2838 1697 2864 mari
1716 2837 1826 2874 piscari.
1847 2835 1888 2861 vel
1908 2846 1979 2863 ever-

1118 2853 1120 2884 Ξ
