2197 3121
948 153 1026 184 PAL
1042 171 1080 177 —
1094 153 1189 184 PAN.

192 230 194 232 .
230 239 364 265 Palea.

191 280 298 316 Fruges.
326 296 357 301 -—
384 278 485 305 Paleae.
510 288 531 305 c.
552 279 592 304 14,
616 278 637 311 §.
658 279 681 303 l.
707 276 739 303 de.
762 278 852 304 servit.
872 283 898 303 et
917 288 990 314 aqua.
1010 279 1034 304 3.

190 324 232 350 34.
270 322 313 349 lll.
330 323 396 350 (711.
415 321 541 353 Foenum,
561 319 695 358 pabulum,
714 319 796 356 palea.
816 320 847 346 fr.
862 321 903 347 93.
923 321 945 354 §.
959 323 983 347 4.
1003 321 1035 347 de

191 366 267 402 legat.
289 365 331 392 III.
352 365 419 398 (32.)
457 364 478 390 E
497 364 592 390 XXmo
613 379 644 382 —
672 362 760 400 lapide
779 362 875 389 milites
894 362 945 389 sibi
964 363 1035 390 iube-

191 418 249 435 mus
273 408 362 445 paleas
387 411 549 433 convectare.
570 405 620 432 Th.
641 405 672 432 C.
693 405 749 432 Vll.
768 408 792 432 4.
819 415 840 432 0.
859 406 882 431 9.
907 404 939 431 de.
964 416 1033 442 erog.

192 450 247 477 mil.
267 460 361 476 annon.

230 493 448 520 Palliolum.
468 493 621 519 Pallium.
657 491 699 517 111.
712 493 777 519 Cn.
798 490 890 517 Virilia
910 496 972 517 sunt
984 491 1033 525 (sc.

191 535 369 567 vestimenta)
384 550 416 554 -
429 534 511 561 veluti
525 539 608 570 togae,
628 535 739 566 tunicae,
759 533 865 571 palliola
880 538 928 560 etc.
948 534 978 560 fr.
991 535 1032 560 23.

191 579 213 612 ξ.
233 581 257 605 2.
277 578 310 604 de
329 587 392 604 auro
412 587 463 613 arg.
483 579 524 603 34.
544 579 568 603 2.
606 576 780 614 Coopertoria
800 575 930 607 Tabiana,
951 581 976 602 et
995 581 1034 603 tu-

191 622 265 648 nicae
283 620 318 646 111
337 630 396 647 cum
415 619 541 657 palliolis
561 619 591 645 fr.
606 620 647 646 38.
668 620 689 654 ᾗ.
706 621 727 645 l.
747 619 781 645 ib.
800 620 841 645 34.
860 621 884 644 2.

229 663 407 690 Panium.
449 664 681 689 Vestimentum
704 664 857 696 amplum,
886 664 968 696 quod
985 668 1034 688 tu-

191 709 281 734 nicae
306 708 568 740 superinduitur.
611 704 653 731 lil.
673 706 739 732 Cn.
764 703 852 741 Togae
876 709 1034 741 praetextae,

192 749 308 781 aliculam,
330 748 495 784 chlamydeS,
515 748 603 785 pallia.
626 762 659 766 —
683 747 787 779 Stolae,
807 747 902 784 pallia,
922 748 1032 774 tunicae.

192 807 223 811 -
243 791 349 823 Penula
369 791 519 828 palliumve.
544 790 574 817 fr.
594 792 634 816 23.
656 790 712 823 §.2
717 790 774 816 .‹]e
793 800 856 817 auro
876 800 927 826 arg.
947 791 988 816 34.
1008 792 1032 816 2.

191 834 220 860 Si
239 834 348 871 pallium
367 834 432 861 tullo
448 834 642 871 permutaverit.
661 832 692 859 fr.
707 834 747 858 13
767 833 789 866 ξ.
803 834 826 859 6.
846 833 922 859 locat.
939 834 978 859 19.
992 834 1014 859 2.

229 878 371 904 Pallor.

191 963 239 989 lor.
259 962 353 989 Const.
374 961 423 988 Th.
444 961 473 987 II.
495 960 526 987 tle
546 960 595 986 Th.
616 960 646 987 C.
667 966 733 987 auct.
758 961 848 995 (ch.
868 972 892 999 p.
913 962 950 994 9.)
987 961 1033 988 1111-

191 1005 300 1031 seranda
320 1005 416 1031 macies
436 1009 462 1030 et
481 1002 566 1029 letalis
586 1004 750 1040 pereuntium
770 1003 863 1041 pallor.
888 1004 954 1030 Nov.
974 1003 1033 1030 Val.

190 1047 232 1074 HI.
253 1047 286 1074 de
305 1052 404 1085 parent.
425 1056 466 1082 qu.
487 1045 522 1072 fil.
542 1045 572 1071 ll.
591 1047 632 1072 33.
659 1056 680 1072 c.
700 1048 723 1072 l.

229 1092 376 1117 Palma.
415 1089 445 1121 ξ.
466 1090 500 1115 1.
521 1090 679 1115 Arborum
696 1099 798 1123 genus
818 1092 1033 1116 notissimum.

190 1132 233 1159 III.
247 1134 312 1161 (ἠ.
332 1131 482 1158 Praefectus
496 1130 538 1157 Pr.
554 1136 578 1157 et
593 1131 656 1158 Cos.
671 1131 737 1163 ord„
756 1133 782 1158 in
801 1132 879 1159 domo
899 1143 953 1165 sua,
968 1143 1034 1170 quae

191 1181 232 1202 est.
255 1175 287 1202 ad
311 1174 429 1212 palmam.
463 1173 545 1200 Gesta
568 1175 593 1200 in
614 1175 676 1200 Sen.
696 1174 728 1200 de
747 1185 798 1201 rec.
819 1175 868 1202 Th.
890 1175 920 1202 C.
942 1186 980 1213 pr.
1001 1192 1033 1195 -

189 1219 220 1251 §.
233 1219 267 1244 2.
282 1219 424 1244 Fructus
438 1219 567 1243 arboris
586 1219 724 1243 eiusdem
745 1220 891 1244 nominis.
912 1218 1032 1246 111ίή.

190 1259 276 1287 Dulce
294 1261 392 1292 vinum,
412 1259 522 1297 palmae,
543 1260 651 1291 caricae,
671 1270 735 1286 uvae
755 1270 848 1297 passae
868 1261 1035 1288 dehebuntur

190 1304 244 1335 (sc.
264 1302 387 1329 dulcibus
408 1302 526 1339 legatis.)
555 1301 627 1328 Paul.
646 1302 689 1329 III.
709 1304 732 1329 6.
752 1304 774 1337 ς’.
796 1305 836 1329 77.
856 1304 885 1330 1ἰ“.
908 1306 947 1330 16.
968 1305 989 1338 ξ
1011 1307 1032 1330 l.

190 1345 222 1372 de
242 1347 295 1372 trit.
316 1347 385 1372 vino.
405 1347 445 1371 33.
467 1347 490 1371 6.
517 1361 547 1365 -
578 1345 610 1378 §0
629 1346 666 1371 3.
693 1347 855 1373 Laburnm
877 1354 907 1373 et
930 1350 1033 1374 victo-

189 1432 240 1457 riti.
270 1431 319 1457 Th.
345 1431 375 1458 C.
401 1430 444 1457 VI.
470 1431 512 1456 28.
538 1441 559 1457 0.
578 1432 602 1456 3.
645 1431 725 1466 Quod
754 1432 897 1469 palmarum
925 1443 1033 1459 numero

188 1474 346 1510 gloriosum,
372 1479 398 1500 et
417 1474 557 1500 celebratis
577 1474 708 1510 utrimque
727 1475 846 1501 victoriis
866 1475 955 1502 nobile
974 1486 1033 1502 con-

188 1522 316 1552 gregatur.
337 1517 373 1543 lb.
393 1516 452 1543 XV.
474 1518 496 1543 7.
517 1527 539 1543 c.
557 1518 580 1543 6.
601 1516 634 1542 de
653 1518 765 1543 scaenic.

226 1560 476 1586 Palmarium.
515 1560 636 1586 Merces
656 1562 832 1592 causidici,
858 1560 925 1593 (sub
946 1561 1034 1587 condi-

189 1603 261 1628 tione
283 1603 338 1629 litis
357 1601 517 1628 obtinendae
536 1603 691 1639 promissa.)
733 1603 775 1629 111.
795 1605 861 1631 Cn.
887 1603 1033 1630 lionoraria
1055 1633 1056 1636 Ἴ

190 1654 289 1672 summa
312 1646 367 1683 peti
391 1645 502 1682 poterit,
522 1660 555 1664 -—
584 1645 633 1670 etsi
657 1646 762 1671 nomine
787 1645 906 1683 palmarii
929 1652 1033 1673 cautum

190 1688 232 1714 sit.
252 1688 282 1714 l'r.
303 1690 326 1715 l.
346 1688 368 1722 ᾗ.
390 1690 429 1714 12.
450 1687 482 1713 de
502 1692 565 1714 extr.
587 1698 660 1723 cogn.
681 1690 722 1715 50.
744 1690 783 1715 13.

228 1731 452 1758 palmatius.
491 1730 631 1764 (Adiect.)
671 1733 733 1764 Qui
756 1742 863 1758 nomen
887 1735 997 1759 traxit
1016 1743 1032 1759 a

191 1776 360 1800 l’almatio
388 1776 530 1808 quodam.
573 1773 615 1799 III.
635 1775 701 1801 Cn.
729 1773 780 1800 Pro
809 1774 920 1810 singulis
948 1776 1032 1811 equiS,

191 1816 232 1842 vel
253 1816 385 1852 equabus,
410 1817 465 1843 sive
484 1815 714 1852 Hermogenianis.
743 1818 799 1843 sive
824 1816 959 1843 Palmatiis
984 1817 1031 1851 [al.

190 1859 328 1895 palmatis]
350 1875 379 1879 —-
409 1860 465 1884 auri
484 1858 566 1885 librae
586 1859 723 1885 eruendae.
749 1859 798 1886 Th.
820 1859 850 1886 C.
870 1860 903 1886 X.
922 1861 946 1886 6.
967 1870 988 1886 c.
1010 1862 1032 1886 l.

190 1901 222 1927 de
241 1911 317 1937 grege
337 1901 406 1927 dom.
426 1900 471 1933 (cf.
491 1901 554 1927 lust.
575 1901 606 1928 C.
627 1912 649 1928 c.
670 1903 691 1928 l.
712 1901 770 1928 eod.
792 1904 830 1928 ll.
846 1903 899 1933 75.)
918 1902 976 1929 XV.
993 1905 1032 1929 10.

191 1954 211 1970 c.
230 1946 251 1970 1.
272 1944 304 1970 dc
324 1954 382 1980 equ.
403 1944 485 1970 curul.

228 1988 440 2014 Palmatus.
476 1986 517 2013 Cf.
540 1997 563 2012 v.
584 1986 735 2013 palmatius.

227 2032 490 2063 Palmyrenus.
529 2029 658 2063 (Adiect.)
696 2033 743 2057 Ad
758 2033 945 2066 Palmyram
962 2041 1032 2065 per-

190 2075 312 2105 tinens,
333 2075 450 2108 Syriae
469 2075 644 2100 civitatem.
682 2072 726 2099 III.
741 2075 807 2101 Cn.
827 2073 981 2110 Palmyrena
1000 2075 1033 2101 ci·
1054 2088 1055 2092 ¹

191 2116 258 2142 vitas
277 2117 303 2142 in
322 2116 457 2153 provincia
476 2115 615 2142 Phoenice.
642 2117 672 2142 t‘r.
693 2118 716 2142 l.
736 2116 757 2150 ξ.
776 2118 800 2142 5.
821 2116 853 2143 de
872 2117 970 2143 censib.
990 2120 1032 2144 50.

195 2158 234 2183 15.
270 2158 411 2194 Ingenuum
435 2163 537 2190 natum,
562 2168 594 2184 ex
613 2158 783 2194 Palmyrenae
807 2159 928 2186 factionis
952 2160 1033 2187 domi-

192 2201 297 2226 natione
315 2201 471 2233 redemtum,
492 2201 565 2227 velut
585 2203 715 2238 captivum
735 2202 896 2229 distractum.
916 2213 937 2229 0.
957 2204 980 2229 4.
1001 2203 1033 2229 de

192 2244 277 2278 ingen.
297 2253 362 2269 man.
382 2246 405 2270 7.
427 2246 465 2270 14.

232 2286 400 2317 palpari.
419 2289 555 2313 Leniter
573 2294 601 2313 e!
617 2289 730 2313 blande
749 2294 889 2322 tangere.
912 2288 1031 2315 HLCn.

193 2327 262 2353 Cum
281 2337 376 2363 equum
395 2329 578 2364 permulsisset
598 2331 666 2367 quis,
686 2330 727 2356 vel
747 2330 869 2367 palpatus
889 2336 936 2357 est.
957 2331 988 2357 fr.
1009 2333 1031 2357 l.

193 2372 213 2403 ξ,
235 2372 257 2396 7.
279 2371 301 2395 si
321 2369 448 2407 quadrup.
467 2374 490 2398 9.
512 2375 534 2399 l.

232 2414 365 2443 Palus,
388 2415 507 2447 (pali.)
536 2418 678 2451 Lignum
698 2422 841 2447 acutum,
861 2418 1031 2443 interram

193 2458 409 2492 defigendam.
448 2456 490 2483 III.
511 2459 576 2485 Gn.
606 2458 661 2484 Pali
687 2463 712 2485 et
736 2460 850 2495 perticae
874 2460 900 2485 in
925 2469 1031 2485 numero

195 2499 362 2529 „materiae”
387 2498 522 2535 redigendi
546 2506 613 2527 sunt.
640 2501 670 2527 fr.
690 2502 731 2527 56.
756 2501 788 2527 de
807 2501 882 2538 legat.
903 2501 944 2528 III.
965 2504 1032 2534 (32.)

196 2543 275 2577 Ager.
300 2541 369 2567 unde
392 2541 453 2578 palo
477 2543 503 2568 in
527 2541 635 2570 fundum
654 2560 685 2563 —
710 2544 813 2570 solebat
831 2544 965 2581 patersam.
985 2546 1031 2576 uti,

194 2584 236 2610 vel
256 2583 344 2615 salice,
365 2584 407 2610 vel
426 2584 559 2610 arundine.
580 2584 609 2610 sr.
629 2587 652 2612 9.
671 2587 693 2620 §
714 2589 736 2613 7.
757 2587 788 2613 cf.
809 2587 838 2613 l'r.
854 2589 894 2613 59.
915 2589 935 2621 ξ.
958 2590 980 2614 l.
1000 2587 1032 2614 (le

196 2627 277 2654 ususr.
298 2628 320 2653 7.
343 2628 364 2652 1.
402 2626 466 2657 Pali,
487 2628 531 2663 qui
550 2628 641 2653 vineae
661 2639 736 2655 causa
756 2631 837 2667 parati
858 2635 926 2657 sunt.
947 2630 976 2657 fr.
992 2632 1031 2656 17.

195 2671 217 2704 ²³.
239 2672 277 2696 ll.
299 2669 331 2695 dv
351 2670 381 2695 A.
403 2670 432 2695 E.
454 2669 484 2695 V.
506 2671 546 2695 19.
567 2671 589 2695 1,

195 2757 247 2782 tis
283 2754 408 2781 111οη.
428 2754 456 2780 Si
476 2754 554 2781 luerit
572 2754 712 2781 inundatus
732 2758 781 2787 (se.
795 2768 839 2793 age
842 2768 861 2790 1.
881 2758 923 2784 vel
938 2758 1033 2791 locuS.)

420 878 533 908 Color,
570 877 625 910 qni
649 877 776 911 faciem
807 877 946 903 morbosi
977 869 1056 902 ant³v

190 922 311 946 mortui
330 921 460 955 inficit.
488 918 531 945 III.
549 919 614 945 Gn.
633 917 857 945 Lucubrationum
876 919 961 945 tristis
980 917 1033 955 pal·
1054 924 1056 942 1

1052 2419 1118 2443 ⁶2?
1138 2417 1175 2451 ἑξ.
1197 2418 1218 2442 1
1239 2419 1262 2442 5.
1282 2415 1314 2442 de
1335 2418 1435 2453 pict

1857 159 1920 189 675

402 237 553 270 stipula,
574 237 762 262 Stramenta
781 245 883 262 caesa.
920 235 952 262 Π.
967 237 1035 270 Op.
1057 236 1059 252 1
1082 235 1178 262 usussr.
1204 237 1226 262 7.
1246 236 1270 261 4.
1312 236 1376 272 Agri
1398 236 1524 263 limitanei
1548 237 1676 268 universi.
1702 246 1758 263 cum
1778 237 1920 274 paludibus

1080 279 1204 315 omnique
1223 278 1287 304 iure.
1307 289 1328 305 c.
1348 281 1371 306 3.
1392 279 1424 306 de
1443 279 1514 306 fund.
1534 279 1623 306 limitr.
1644 281 1684 305 ll.
1703 281 1745 306 59.
1783 280 1858 315 Quae
1877 292 1919 318 pa-

1080 321 1187 348 ludibus
1212 326 1286 347 antea
1310 321 1352 347 vel
1376 323 1481 358 pascuis
1500 322 1658 348 videbantur
1680 321 1826 359 adscripta,
1845 324 1868 350 si
1888 341 1920 344 —

1079 374 1148 390 nunc
1167 364 1199 390 ad
1219 364 1320 400 frugum
1340 363 1499 391 fertilitatem
1516 364 1641 391 translata
1655 370 1724 392 sunt.
1744 364 1810 392 Nov.
1826 365 1875 393 Th.
1889 366 1918 393 ll.

1079 406 1112 433 de
1132 406 1264 433 adluvion.
1284 406 1303 433 1.
1318 408 1359 433 21.
1380 417 1400 433 c.
1417 409 1438 433 l.
1458 408 1480 441 ξ.
1499 410 1523 434 3.

1118 449 1318 476 Palustris.
1350 449 1486 483 (Adiect.)
1520 452 1610 485 Aqua
1630 457 1844 487 restagnante
1863 454 1918 478 im-

1076 494 1192 526 pletas.
1231 491 1261 518 II.
1282 494 1349 526 Op.
1375 492 1450 519 Sicca
1470 494 1553 526 (via.)
1578 493 1606 519 sr.
1626 496 1650 519 2.
1675 494 1696 527 §.
1716 496 1758 521 32.
1778 505 1810 521 nc
1830 505 1872 532 qu.
1892 497 1919 521 in

1078 534 1129 561 100.
1148 535 1210 572 pub.
1230 536 1271 561 43.
1291 536 1316 561 8.
1356 534 1399 561 III.
1421 536 1486 563 011.
1510 535 1638 562 palustris
1657 536 1726 568 loci,
1746 537 1789 565 vel
1806 539 1918 567 arenosi.

1079 579 1192 604 nomine.
1213 578 1243 604 fr.
1263 579 1304 604 24.
1324 578 1345 611 ξ.
1365 580 1389 604 2.
1410 577 1442 604 de
1461 578 1545 604 damn.
1566 578 1610 605 ins.
1629 581 1670 605 39.
1690 581 1714 605 2.

1116 621 1351 654 Pamphilus.
1373 621 1585 654 Pamphila.
1624 624 1797 649 servorum
1817 625 1918 650 ancil-

1078 665 1235 695 larumoe,
1255 665 1332 690 item
1351 666 1556 696 libertorum,
1576 674 1692 691 nomen.
1729 665 1772 691 III.
1787 667 1853 693 Gn.
1867 665 1919 692 Sti-

1079 705 1143 732 chus
1164 710 1189 732 et
1208 705 1360 743 Pamphilus
1381 708 1463 739 servi,
1483 711 1509 733 et
1527 707 1609 739 Eros,
1629 712 1655 733 et
1673 707 1806 744 Diphilus.
1826 708 1856 735 sr.
1876 710 1918 735 56.

1055 779 1056 784 1
1078 748 1109 774 cf.
1130 748 1160 774 fr.
1180 750 1221 774 41.
1241 748 1264 782 ξ.
1286 750 1308 775 l.
1328 749 1361 775 de
1380 749 1466 776 fideic.
1486 749 1549 776 libb.
1563 751 1605 776 40.
1625 752 1648 776 5.
1686 750 1783 776 Damas
1803 756 1828 777 et
1847 751 1918 778 Pam-

1054 807 1055 817 1
1078 790 1175 827 philuS.
1195 790 1290 817 liberti.
1317 791 1347 818 sr.
1367 793 1408 818 88.
1429 792 1450 826 ξ.
1472 794 1511 818 ll.
1538 792 1570 819 de
1588 792 1663 829 legat.
1683 792 1714 819 II.
1735 794 1809 827 (31.)
1847 794 1918 821 Pam-

1078 833 1149 870 phila
1169 833 1221 859 lilia
1236 834 1361 860 naturalis
1375 839 1430 861 erat
1442 834 1580 872 Pamphili.
1600 835 1630 862 fr.
1645 836 1686 861 88.
1706 835 1728 869 §.
1742 838 1780 862 12.
1801 836 1834 863 ib.
1849 838 1918 870 (31.)

1115 877 1351 910 Pamphylia.
1376 879 1476 913 Regio
1497 880 1594 905 Aeiae
1612 880 1755 905 minoris.
1793 879 1835 905 Ill.
1852 881 1918 908 Cn.

1081 918 1262 954 Quaecunque
1286 918 1349 945 mihi
1374 925 1517 957 supersunt
1541 921 1566 947 in
1592 920 1760 958 Pamphylia,
1785 922 1828 955 [al.
1847 922 1918 950 Pam-

1055 992 1056 995 *
1077 960 1190 998 philia.]
1210 960 1305 996 Lycia,
1326 961 1367 987 vel
1387 962 1543 999 ubicunque.
1564 963 1594 990 fr.
1615 965 1654 990 77.
1675 964 1697 997 ξ.
1717 966 1758 990 20.
1779 964 1794 990 l.
1815 964 1832 991 l.
1853 967 1918 998 (31.)

1054 998 1056 1027 1
1077 1003 1188 1030 Praese-s
1207 1003 1304 1039 Lycia(-
1328 1009 1353 1029 et
1378 1004 1553 1042 Pamphyliae.
1582 1005 1631 1033 Th.
1652 1005 1682 1033 C.
1702 1006 1771 1033 XIII.
1793 1009 1833 1034 10.
1853 1018 1875 1035 0.
1894 1011 1919 1034 2,

1079 1046 1111 1073 de
1131 1056 1211 1073 censu
1231 1056 1251 1072 s.
1272 1045 1355 1072 adscr.

1115 1089 1378 1116 Parnm-atium.
1400 1093 1584 1125 Gymnicum
1603 1099 1774 1119 certamen.
1794 1093 1836 1120 III.
1852 1095 1918 1122 οη.

1079 1132 1107 1158 Si
1126 1133 1153 1158 in
1173 1131 1373 1161 colluctatione.
1397 1132 1439 1159 vel
1459 1134 1484 1159 in
1504 1136 1650 1170 pancratio,
1675 1135 1716 1162 vel
1736 1135 1838 1172 pugiles
1858 1136 1918 1163 dum

1078 1176 1146 1201 inter
1169 1184 1197 1200 se
1218 1180 1384 1207 exercentur,
1409 1175 1475 1202 alius
1501 1176 1577 1203 alium
1597 1177 1730 1204 occiderit.
1756 1179 1785 1205 1“1·.
1806 1181 1828 1205 7.
1853 1180 1874 1213 ξ.
1894 1181 1917 1205 4.

1078 1217 1110 1244 ad
1129 1216 1159 1243 L.
1180 1217 1248 1253 Aqu.
1268 1219 1291 1243 9.
1310 1219 1335 1243 2.

1116 1261 1352 1287 Pandectae.
1395 1262 1501 1293 Libri.
1530 1263 1582 1287 ius
1607 1264 1706 1289 civile
1731 1266 1762 1290 R.
1791 1266 1918 1291 uuiver-

1078 1314 1143 1330 sum
1168 1305 1477 1337 comprehendentes.
1518 1303 1536 1330 I.
1557 1306 1618 1339 Sy.
1647 1305 1764 1342 Digesta.
1788 1306 1830 1333 Cl'.
1849 1307 1873 1333 h.
1894 1317 1917 1333 v.

1054 1367 1056 1381 ζ
1077 1346 1120 1372 III.
1133 1348 1198 1374 011.
1218 1345 1239 1372 L
1252 1347 1332 1382 igitur
1346 1345 1421 1373 libris
1436 1347 1521 1373 omnia
1541 1347 1672 1384 complexi
1686 1359 1754 1375 nunc
1774 1359 1872 1376 sumus.
1885 1365 1918 1369 —

189 1390 259 1415 riae
275 1391 463 1423 praemium.
501 1387 543 1414 III.
556 1388 621 1415 Gn.
641 1387 706 1414 Post
724 1388 835 1425 palmam
854 1389 953 1416 laboris
968 1400 1034 1416 eme·
1054 1389 1056 1409 ἶ

1079 1389 1155 1424 Quos
1175 1388 1258 1415 libros
1279 1388 1401 1425 Digesta,
1421 1399 1468 1415 seu
1488 1389 1644 1423 pandectas,
1665 1391 1867 1429 adpellavimus.
1887 1409 1919 1412 —

1078 1431 1150 1468 quod
1169 1442 1245 1458 omne
1264 1433 1291 1458 in
1310 1442 1389 1458 unum
1409 1438 1592 1469 congregatum
1607 1435 1762 1471 receperint.
1784 1446 1803 1461 c.
1814 1437 1838 1462 3.
1859 1436 1880 1469 §.
1897 1438 1918 1462 l.

1054 1498 1056 1504 ,
1079 1474 1110 1501 tle
1130 1479 1181 1500 vct.
1202 1475 1257 1500 iure
1277 1474 1361 1501 enucl.
1383 1477 1405 1501 1.
1427 1477 1466 1501 17.
1491 1475 1522 1502 cl'.
1546 1475 1567 1507 ξ.
1588 1478 1627 1502 11.
1653 1476 1670 1503 l.
1691 1477 1723 1503 de
1742 1483 1815 1515 nupt.
1836 1480 1858 1504 l.
1879 1480 1918 1504 10.

1055 1516 1056 1520 ’
1079 1517 1197 1544 Prooem.
1219 1517 1281 1543 lnst.
1301 1518 1322 1551 ξ.
1343 1520 1365 1544 4,
1404 1517 1510 1555 leiani
1529 1517 1717 1546 pandectarum
1736 1519 1805 1546 libri.
1842 1520 1919 1547 Hom-

1078 1560 1148 1587 melii
1167 1560 1297 1598 palingen.
1319 1559 1349 1586 T.
1368 1562 1393 1586 3
1413 1571 1437 1597 p.
1458 1562 1516 1586 455.

1116 1604 1307 1630 Pandere.
1346 1605 1536 1635 Recludere,
1562 1606 1758 1638 Proponere,
1785 1607 1918 1640 Copiam

1054 1665 1056 1679 s
1072 1648 1195 1682 facere.
1225 1645 1244 1672 I.
1256 1647 1318 1680 Sy.
1333 1646 1445 1682 Aperite
1459 1648 1675 1680 (testamentum.)
1696 1658 1716 1673 c.
1727 1649 1750 1674 3.
1762 1657 1801 1684 sq.
1823 1648 1919 1683 Quem-

1078 1689 1117 1715 ad.
1138 1694 1239 1715 testam.
1260 1698 1330 1725 aper.
1350 1690 1373 1714 6.
1393 1690 1435 1714 32.
1472 1688 1515 1715 III.
1536 1690 1601 1716 Cn.
1628 1689 1715 1723 Vnus,
1739 1692 1783 1726 qui
1802 1691 1919 1728 philoso-

1077 1732 1154 1769 phiae
1173 1741 1265 1757 arcana
1284 1732 1407 1762 rimetur,
1429 1747 1459 1751 —
1480 1731 1545 1763 duo,
1569 1733 1613 1768 qui
1632 1732 1718 1769 legum
1737 1743 1766 1759 ac
1785 1734 1849 1760 iuris
1869 1734 1919 1761 for-

1077 1774 1159 1800 mulas
1179 1773 1302 1811 pandant.
1323 1773 1372 1800 Th.
1393 1773 1423 1800 C.
1443 1774 1488 1800 IX.
1507 1776 1530 1801 9.
1552 1785 1573 1801 c.
1587 1776 1611 1801 3.
1632 1776 1653 1809 ξ,
1670 1777 1690 1802 l.
1711 1775 1744 1802 de
1757 1776 1826 1802 stud.
1843 1776 1917 1804 liber.

1078 1817 1133 1843 urb.
1153 1816 1184 1843 ll.
1222 1816 1321 1843 Motum
1347 1818 1448 1854 proprii
1472 1817 1585 1849 arbitrii,
1612 1819 1712 1844 ratione
1732 1818 1842 1846 decursa
1861 1830 1919 1846 sen—

1077 1860 1181 1890 tentiis,
1202 1869 1266 1896 quas
1286 1859 1437 1897 pandimus,
1458 1860 1560 1886 referat.
1586 1860 1623 1887 lb.
1643 1860 1700 1887 XII.
1721 1863 1760 1887 12.
1786 1872 1807 1888 c.
1828 1864 1867 1888 10.
1886 1862 1919 1889 de

1077 1902 1152 1937 legat.
1173 1907 1198 1928 et
1217 1902 1287 1929 decr.
1325 1902 1372 1928 llis
1392 1902 1473 1934 horis,
1493 1902 1589 1939 quibus
1609 1913 1744 1930 cansarum
1757 1905 1856 1937 merita,
1876 1906 1918 1932 vel

1078 1945 1143 1971 sacta
1170 1944 1218 1978 [al.
1239 1945 1306 1978 sata]
1331 1945 1489 1982 panduntur.
1518 1945 1554 1971 lb.
1574 1945 1591 1972 l.
1612 1947 1635 1972 8.
1661 1957 1682 1973 c.
1703 1948 1725 1973 l.
1750 1946 1782 1973 de
1802 1947 1844 1974 off.
1865 1948 1917 1974 iud.

1078 1989 1126 2014 civ.
1170 1988 1265 2014 Aditus
1291 1988 1458 2025 supplicandi
1482 1988 1618 2026 pandatur.
1644 1989 1681 2016 lb.
1706 1989 1723 2016 I.
1747 1992 1770 2016 2.
1796 2000 1817 2016 c.
1836 1992 1860 2016 3.
1885 1991 1918 2017 de

1078 2031 1129 2057 (liv.
1150 2041 1230 2057 rescr.
1258 2030 1287 2057 Si
1307 2031 1370 2057 haec
1390 2031 1494 2057 licentia
1514 2031 1592 2058 latius
1611 2032 1778 2069 panderetur.
1798 2032 1835 2059 lb.
1850 2032 1916 2060 VIII.

1077 2076 1100 2100 5.
1122 2084 1142 2100 c.
1162 2076 1186 2100 5.
1207 2073 1239 2100 de
1258 2084 1337 2100 cursu
1357 2074 1418 2111 pub.
1439 2074 1470 2101 cf.
1490 2073 1560 2101 XIV.
1580 2076 1604 2100 3.
1628 2085 1649 2101 c.
1672 2077 1709 2101 ll.
1730 2075 1761 2102 de
1780 2076 1873 2112 pistor.
1893 2082 1917 2103 ct

1078 2116 1160 2143 catab.

1115 2160 1366 2187 l'aneficium.
1403 2159 1444 2186 Cf.
1464 2170 1487 2186 v.
1508 2159 1589 2186 Panis.

1116 2204 1303 2237 Pangere.
1325 2205 1486 2230 Consensn
1505 2204 1712 2229 constituere.
1741 2202 1833 2237 LSy.
1848 2203 1916 2229 Con-

1078 2247 1180 2275 venire.
1201 2245 1313 2275 Pacisci
1334 2245 1485 2272 Pactionem
1504 2245 1596 2271 l'aceie.
1622 2244 1652 2270 sr.
1671 2247 1687 2270 2
1691 2246 1769 2279 7.§§.
1792 2248 1813 2273 1.
1833 2256 1872 2282 sq.
1892 2248 1915 2271 5.

1077 2299 1115 2325 sq.
1136 2288 1359 2325 dcpact.‘..1.4
1381 2289 1409 2315 lr.
1431 2290 1471 2315 75
1492 2288 1524 2313 de
1544 2292 1627 2313 contr.
1648 2292 1707 2314 emt.
1729 2289 1805 2314 181.
1838 2288 1915 2324 Pago,

1076 2331 1146 2368 Pang
1133 2341 1172 2357 “a
1198 2331 1238 2357 CL
1258 2341 1282 2357 v.
1294 2310 1379 2367 ‘Paga
1421 2330 1462 2356 III
1487 2331 1553 2358 Gn.
1578 2329 1607 2356 Si
1632 2331 1691 2380 quis
1715 2340 1772 2357 cum
1797 2330 1916 2357 debitore

1076 2384 1124 2400 suo
1132 2354 1289 2410 0pepigffit.
1314 2384 1346 2399 ne
1367 2379 1414 2400 etc.
1443 2372 1472 2398 fr.
1492 2374 1533 2399 39.
1554 2372 1586 2399 de
1605 2374 1708 2399 iure-iul.
1730 2375 1770 2399 12.
1789 2375 1813 2400 2.
1833 2373 1864 2399 cf.
1884 2374 1914 2400 11.

1439 2417 1504 2442 ..l4
1542 2415 1580 2447 Si,
1600 2425 1657 2441 cum
1677 2415 1763 2441 dotem
1783 2415 1863 2447 daret,
1883 2432 1915 2435 —

1076 2469 1125 2496 pio
1148 2458 1256 2485 mulie1c
1280 2460 1306 2484 111
1335 2468 1414 2484 unum
1442 2468 1530 2485 casum
1555 2459 1661 2495 pepigit.
1690 2458 1718 2484 1’.ι·
1739 2460 1780 2484 2‘.
1806 2469 1844 2495 pr.
1865 2459 1914 2485 sol.

1077 2503 1185 2528 matrim.
1210 2503 1252 2527 24.
1276 2503 1300 2527 3.
1326 2500 1357 2527 01.
1382 2501 1412 2527 11·.
1436 2503 1478 2528 26.
1503 2501 1525 2535 §.
1550 2502 1573 2526 4.
1598 2501 1629 2526 de
1652 2505 1719 2537 pact.
1745 2500 1798 2527 dot.
1825 2503 1866 2528 23.
1890 2503 1914 2528 4.

1077 2544 1149 2571 Pacti
1169 2544 1291 2570 conventi
1310 2545 1359 2576 (sc,
1379 2545 1521 2581 exceptio‚)
1541 2553 1592 2579 quo
1613 2547 1716 2579 pactum
1736 2548 1790 2574 est,
1815 2554 1846 2570 ne
1866 2550 1914 2571 etc.

1078 2587 1133 2613 Gai.
1154 2586 1198 2612 IV.
1220 2588 1276 2612 121.
1296 2586 1327 2612 cf.
1348 2586 1432 2613 11.-18.
1454 2587 1485 2613 dc
1504 2591 1571 2623 pact.
1582 2587 1605 2610 2.
1622 2586 1660 2610 14.
1699 2585 1811 2619 Quodsi,
1831 2588 1915 2623 pactis

1078 2631 1186 2666 nuptiis,
1199 2646 1227 2649 —-
1244 2628 1318 2655 alteri
1338 2629 1446 2656 eandem
1465 2629 1612 2654 sociaverit.
1634 2627 1683 2654 Th.
1705 2627 1735 2654 C.
1756 2627 1797 2654 III.
1811 2631 1834 2655 5.
1856 2639 1877 2655 c.
1891 2631 1913 2654 4.

1054 2689 1055 2699 ι
1078 2672 1110 2698 (le
1130 2671 1246 2708 sponsal.

233 2714 362 2742 Palus,
377 2713 569 2744 (paludis.)
589 2713 746 2740 collectio
760 2726 862 2750 aquae
881 2723 1034 2751 stagnan
1054 2732 1056 2746 ι,

1055 2774 1057 2784 a
1079 2759 1174 2789 rriitm.
1211 2756 1229 2783 l.
1244 2758 1304 2790 Sy.
1325 2756 1436 2782 Pistoris
1457 2755 1579 2782 osticium.
1617 2755 1735 2782 I’·=niticii
1755 2756 1797 2790 [al.
1817 2756 1914 2782 1)·111011

1115 2714 1564 2741 Panifieium.[1istorum
1593 2723 1718 2745 munus,
1746 2716 1795 2740 vel
1821 2716 1913 2741 colle-

197 2803 223 2823 ut
243 2802 362 2833 stagnum
383 2798 432 2823 iam
452 2798 499 2825 sit
519 2802 563 2823 aut
580 2797 665 2834 palus
691 2797 719 2823 fr.
743 2801 781 2825 10.
805 2801 827 2833 §.
845 2788 868 2827 2,
894 2802 945 2836 Qu.
965 2801 1034 2827 mod
1055 2794 1124 2833 lcii]
1151 2800 1303 2826 necessitas.
1332 2799 1368 2824 lh.
1388 2797 1458 2824 XIV.
1482 2800 1505 2823 3.
1531 2808 1552 2824 0.
1571 2799 1596 2824 3.
1621 2799 1658 2832 §§
1681 2801 1701 2824 l.
1727 2809 1765 2835 sq
1795 2810 1814 2825 c
1836 2801 1858 2824 4.
1882 2799 1913 2824 dc

1417 2843 1469 2866 85
