2197 3121
213 202 277 232 602

216 284 284 310 ferre
307 281 479 316 (terminos)
506 279 576 307 Coll.
596 278 649 305 LL.
670 278 702 306 Μ.
722 278 791 306 XIII.
810 281 834 306 3.
863 278 971 306 Tollere
990 277 1063 311 (the-

216 336 321 353 saurum
340 325 493 356 effossum.)
522 323 553 350 fr.
575 324 615 348 15.
640 321 673 348 ad
697 322 783 349 exhib.
810 324 849 349 10.
869 324 893 348 4.
931 321 974 348 111.
992 317 1062 349 vG'n·

217 370 294 405 Quos
314 370 363 400 (sc.
383 366 522 398 terminos)
543 366 676 397 eiecerint,
697 365 756 392 loco
776 366 914 392 moverint.
935 363 965 390 sr.
978 365 1002 390 3.
1022 373 1062 401 pr.

217 412 250 439 de.
271 417 343 437 term.
363 415 425 437 mot.
446 411 487 436 47.
507 411 548 435 21.
587 408 680 435 Solum
700 409 756 435 eius
776 409 917 441 (fluminis)
937 417 989 433 non
1009 412 1064 433 tan-

217 457 262 491 git.
282 459 360 491 atquc
380 455 436 491 ipsa
456 457 577 479 movetur
595 451 716 485 (insula.)
736 451 766 478 fr.
787 453 828 478 65.
848 451 869 485 3.
889 453 913 477 2.
934 451 966 477 de
985 450 1017 477 A.
1031 450 1063 477 R.

217 499 251 525 1).
271 499 312 524 41.
334 499 356 523 1.
395 496 424 522 Si
444 506 499 522 eam
519 496 575 528 (sc.
596 495 668 528 rem)
688 494 748 521 loco
767 505 820 521 non
838 495 963 525 moveris.
983 498 1010 521 ct
1028 494 1065 520 in-

217 540 324 568 ficiandi
343 540 457 566 animum
477 538 582 565 habeas.
604 538 634 564 sr.
652 540 676 564 3.
697 538 780 572 318.
800 536 831 563 cs.
850 537 872 571 3.
891 538 915 563 3.
936 537 969 563 de
987 537 1019 563 A.
1039 546 1064 562 v.

218 585 250 611 A.
270 583 298 610 P.
319 585 360 609 41.
378 584 403 608 2.
429 598 460 602 —
486 581 517 615 §.
537 583 624 608 LA.
650 583 687 608 Sc
710 590 851 612 movere,
874 582 892 606 i.
911 590 931 607 e.
952 582 1087 607 Ληιὶιιι-Ἰ

217 629 300 658 lare,
328 627 469 652 Saleare.
507 624 550 650 III.
571 625 638 652 Cn.
662 623 713 649 Vbi
733 623 792 659 quis
817 624 946 649 consistat
963 632 1066 650 movca-
1086 619 1087 646 J

219 675 322 705 tut-que.
344 666 525 705 spectaculum
545 668 586 693 sui
605 666 781 704 praebiturus.
806 665 836 692 fr.
855 668 880 692 2.
900 667 923 700 3.
943 668 967 692 5.
987 665 1021 692 de
1039 664 1064 692 h.

218 722 261 749 qu.
287 716 340 737 not.
366 710 412 737 inf.
435 712 459 737 3.
485 712 509 737 2.
534 710 565 736 sr.
585 711 608 736 8.
633 710 654 744 3.
682 711 720 736 ll.
746 709 779 735 de
803 719 880 747 poen.
904 710 946 735 48.
972 710 1012 735 19.
1033 724 1065 728 —

218 756 250 789 §.
270 756 306 781 2.
328 756 494 784 Antenore,
514 755 691 780 Renmvere.
730 751 823 786 [Sy.
843 751 992 783 Removeri7
1011 751 1066 778 Mo-

218 799 287 829 veri.
313 796 438 824 Interdici
458 796 593 829 (ordine.)
619 794 649 821 sr.
668 796 692 821 2.
714 805 753 832 sq.
778 794 808 821 fr.
830 797 852 821 7.
872 795 909 829 33.
931 797 953 821 1.
973 804 1014 831 sq.
1034 793 1066 820 dc
1088 812 1089 825 ¹

219 841 308 868 Senat.
329 842 352 866 l.
373 842 397 867 9.
420 839 450 866 fr.
471 842 494 866 3.
520 839 541 873 3.
564 840 585 865 l.
606 838 638 865 de
658 838 792 865 decuriou.
812 840 854 865 50.
873 840 897 864 2.
936 838 1066 864 Amovere
1088 835 1089 867 J

219 885 308 918 (res.)
337 882 398 920 le.
419 881 475 909 Vll.
495 885 518 908 2.
557 881 600 908 III.
626 883 692 909 Cn.
721 881 833 913 Senatu.
857 891 878 907 s.
898 881 939 907 De
959 881 1066 912 Senatu,

219 928 327 954 moveri.
349 926 378 953 l'r.
398 928 420 952 2.
447 925 476 951 fr.
495 926 518 951 7.
543 925 608 958 3.1.
629 924 661 951 dc
681 924 768 951 Sonat.
791 926 813 951 l.
834 926 858 951 9.
882 923 913 951 fr.
934 926 975 951 1⁴2.
999 924 1022 958 3.
1041 925 1066 950 2.

220 970 252 997 de
273 970 350 997 indic.
371 971 394 994 5.
416 970 438 994 l.
475 968 529 994 Aut
554 967 687 1004 relegandi
712 973 786 999 sunt,
811 972 854 993 ant
873 966 996 993 movendi
1017 966 1067 992 Or·

220 1013 288 1040 diue.
310 1013 339 1039 fr.
356 1014 378 1038 1.
398 1012 420 1045 3.
434 1012 458 1037 3.
479 1010 512 1037 de
531 1010 597 1047 abig.
612 1012 653 1037 47.
670 1012 709 1037 14.
747 1010 960 1047 Prae-scriptione
978 1014 1066 1036 motus
1088 1005 1089 1009 ¹

220 1057 251 1083 ab
272 1055 442 1082 excusatione
462 1053 627 1092 perferenda.
652 1054 683 1080 fr.
705 1055 727 1080 1.
748 1063 787 1091 pr.
807 1053 840 1096 de
860 1064 921 1091 opp.
943 1053 1004 1090 pub.
1024 1054 1066 1078 50.

221 1102 261 1126 10.
277 1115 309 1118 -
329 1099 360 1132 §-
373 1099 409 1124 3.
425 1099 617 1128 Concilare,
639 1098 847 1124 Contraltere.
877 1096 895 1123 Ι.
910 1097 972 1130 Sy.
989 1095 1067 1122 Com-

219 1152 326 1169 movcre
346 1141 506 1177 (angarias.)
532 1140 574 1167 Cf.
594 1140 619 1166 h.
639 1150 663 1166 v.
684 1140 705 1174 3.
725 1143 749 1166 2.
787 1139 954 1171 Sollicitare,
980 1140 1066 1165 conci-

220 1191 309 1212 tan—eve
329 1184 434 1210 milites.
473 1184 552 1210 Arma
571 1193 684 1210 movere.
705 1182 778 1209 Paul.
799 1182 830 1209 V.
850 1184 891 1209 29.
911 1182 932 1216 3.
948 1184 970 1208 l.
991 1181 1021 1208 fr.
1045 1184 1066 1208 l.

221 1229 242 1262 3.
264 1230 285 1254 I.
306 1227 338 1254 ad
356 1227 386 1254 L.
407 1226 454 1253 Iul.
475 1227 533 1252 mai.
554 1228 595 1252 48.
617 1228 641 1253 4.
679 1226 721 1252 III.
742 1227 807 1253 Cn.
832 1225 861 1251 Si
885 1226 952 1251 intra
972 1224 1068 1251 vocife-

220 1273 349 1298 rationem
370 1287 400 1291 -
421 1269 517 1296 seditio
537 1275 606 1295 mota
626 1275 674 1295 est.
695 1269 724 1296 t'r.
745 1271 769 1296 3.
789 1269 812 1302 3
826 1270 867 1294 20.
889 1267 965 1294 (1(·Ῑῖ.
980 1267 1066 1294 11149.

222 1316 262 1341 16.
301 1314 354 1349 Qui
374 1313 406 1339 ad
425 1312 584 1339 movendum
603 1312 712 1338 militrm
731 1313 799 1338 mini
822 1316 990 1338 consuerunt.
1016 1310 1067 1338 Th.

222 1357 253 1384 C.
274 1356 342 1383 Vlll.
363 1359 386 1383 5.
407 1366 429 1382 c.
450 1357 472 1381 7.
494 1355 526 1381 de
546 1365 624 1381 cursu
644 1355 705 1392 pub.
725 1370 758 1374 —
779 1355 809 1388 §.
825 1356 864 1381 l.
884 1356 1066 1390 Profiteri.

222 1401 386 1436 Proferre.
424 1399 442 1425 I.
457 1400 519 1433 Sy.
545 1397 642 1424 Facere
661 1398 912 1431 (controversiam)
933 1398 963 1424 fr.
984 1399 1024 1424 10.
1045 1398 1067 1423 si

221 1452 283 1480 pars
303 1442 391 1469 hered.
411 1444 434 1468 5.
458 1444 481 1467 4.
502 1441 532 1467 sr.
555 1443 576 1467 l.
596 1441 617 1474 3.
640 1443 662 1467 1.
682 1441 712 1467 sr.
733 1444 756 1467 4.
777 1441 809 1467 de
829 1441 908 1467 (Jarb.
929 1441 1006 1467 edict.
1025 1441 1067 1467 37.

224 1488 264 1513 10.
300 1486 433 1512 Exercere
453 1485 666 1521 (quat-stiones.)
688 1495 708 1510 c.
729 1486 752 1510 4.
774 1484 805 1510 de
825 1494 913 1521 prat-p.
935 1484 962 1510 S.
983 1483 1067 1510 cubic.

223 1531 263 1556 12.
284 1532 308 1555 5.
333 1529 363 1555 οἵ.
389 1538 410 1554 c.
430 1529 454 1553 3.
479 1527 512 1553 de
536 1537 649 1564 prat-scr.
671 1527 756 1553 XXX.
778 1529 800 1553 7.
819 1530 861 1553 39.
899 1528 998 1563 Agere.
1017 1527 1068 1553 Ex-

222 1573 303 1609 periri
323 1570 509 1605 (interdicto.)
529 1570 558 1597 fr.
573 1572 597 1597 3.
618 1571 640 1604 3.
657 1572 696 1596 13.
717 1570 750 1596 de
768 1569 837 1596 hom.
858 1569 903 1596 lib.
923 1570 1066 1596 exhib.-13.

221 1616 263 1641 29.
283 1614 314 1640 fr.
337 1616 358 1640 1.
378 1615 399 1648 3.
420 1616 444 1640 4.
466 1614 495 1640 fr.
515 1616 538 1640 3.
563 1615 584 1648 3.
605 1616 628 1640 4.
655 1613 687 1639 de
712 1613 757 1639 lib.
778 1613 863 1639 exhib.
884 1614 926 1639 43.
944 1614 986 1639 30.
1024 1612 1066 1638 HI.

223 1660 289 1686 Cn.
313 1657 341 1683 In
367 1656 440 1683 litem
457 1656 629 1683 movendam.
654 1654 696 1682 vel
715 1657 852 1693 pecuniam
873 1655 1068 1693 suscipiendam

222 1700 421 1738 (procurator.)
446 1700 476 1726 fr.
497 1702 538 1726 55.
563 1699 595 1726 de
619 1708 724 1736 procur.
749 1700 773 1724 3.
796 1700 821 1724 3.
859 1697 914 1725 Nec
938 1699 1067 1725 actionem

222 1754 329 1771 movere
354 1743 448 1774 debet.
473 1753 520 1769 nec
545 1742 621 1768 aliam
641 1741 733 1768 ullam.
754 1751 829 1778 quam
850 1741 1004 1767 hereditatis
1024 1752 1068 1778 pe-

225 1789 342 1814 titionem
362 1796 492 1813 exercere.
518 1785 548 1811 fr.
568 1788 609 1812 20.
635 1784 667 1811 dc
693 1784 765 1810 inoff.
789 1789 890 1810 testam.
911 1787 934 1811 5.
953 1786 977 1810 2.
1002 1794 1023 1811 c.
1043 1786 1067 1811 9.

224 1830 257 1857 de
274 1829 363 1856 hered.
384 1839 407 1855 v.
428 1834 476 1855 act.
496 1831 520 1854 4.
539 1830 581 1855 39.
619 1828 671 1854 Iam
691 1832 783 1864 coepta
805 1828 1002 1854 controversia.
1025 1827 1068 1854 vel
1090 1821 1091 1827 ἵ

223 1877 389 1911 praeparata.
409 1871 451 1898 vel
471 1873 508 1903 si,
532 1882 589 1898 cum
609 1872 681 1897 venit
700 1870 732 1897 ad
751 1870 906 1896 movendam
926 1870 1069 1897 inofficiosi

225 1915 365 1953 querclam.
385 1914 508 1941 decessit.
530 1914 559 1940 l'r.
579 1916 603 1940 6.
624 1914 644 1948 3
659 1916 683 1939 2.
705 1913 736 1939 cf.
757 1912 786 1939 fr.
801 1914 825 1939 8.
846 1914 923 1947 3.12.
943 1913 976 1940 de
994 1914 1067 1939 inoff.

224 1964 326 1986 testam.
346 1960 370 1984 5.
389 1960 413 1983 2.
452 1958 562 1989 Causae.
583 1967 648 1993 qnae
668 1958 756 1983 statim
776 1961 861 1982 motae
881 1961 954 1987 suut.
975 1962 999 1983 et
1019 1962 1069 1983 tra-

226 2007 281 2028 ctae
301 2001 368 2027 ultra
387 2000 439 2026 XX
458 2010 560 2026 annum.
582 2000 611 2026 fr.
634 2001 655 2026 l.
676 2000 697 2033 3.
717 2003 740 2026 4.
761 1999 793 2026 de
813 2000 869 2025 iure
888 1999 954 2026 fisci.
974 2001 1068 2026 4914.

226 2045 335 2072 Si'vivo
355 2053 399 2069 reo
419 2044 551 2070 accusatio
571 2048 640 2068 mota
663 2047 716 2073 est.
743 2042 804 2068 licet
831 2052 882 2068 non
907 2042 955 2069 suit
975 2042 1069 2069 conde-

226 2088 322 2114 mnatio
342 2091 439 2113 secuta.
460 2086 490 2112 fr.
504 2088 545 2112 20.
567 2085 599 2111 de
618 2095 703 2111 accus.
718 2087 757 2111 45.
772 2088 796 2111 2.
826 2085 981 2112 Iniuriarum
1000 2087 1068 2112 actio
1089 2102 1090 2108 ι

227 2130 339 2157 civilitm·
362 2130 461 2156 moveri
486 2133 581 2166 potest.
608 2128 638 2154 fr.
657 2130 699 2154 37.
724 2128 744 2161 3.
767 2130 788 2154 1.
814 2128 846 2154 de
869 2130 945 2155 ininr.
965 2131 1006 2155 47.
1028 2131 1067 2155 10.

227 2174 281 2209 Qui
301 2173 407 2204 rvcmlit.
423 2189 452 2193 —
473 2183 505 2198 ne
524 2182 613 2198 secum
633 2170 719 2207 aliqua
739 2172 806 2197 actio
820 2176 964 2198 moveatur.
984 2171 1067 2198 11:36.

227 2216 260 2243 dc
279 2216 332 2243 reb.
352 2221 417 2241 auct.
443 2215 495 2242 ind.
517 2218 557 2241 .1·.’.
578 2217 600 2240 5.
638 2214 736 2240 Eorum
760 2214 888 2240 bonorum
910 2231 940 2235 —
966 2215 988 2240 si
1009 2224 1068 2240 con-

229 2259 354 2286 troversia
370 2264 511 2284 num-atur.
532 2257 617 2284 Yatic.
638 2258 658 2291 3
677 2259 715 2282 14.
728 2273 759 2276 -
780 2257 810 2289 ξ.
824 2258 862 2284 ὅ.
883 2259 1067 2291 Impellere,

228 2304 299 2329 Com
307 2312 436 2328 morere.
474 2301 490 2326 1.
507 2302 568 2335 Sy.
589 2300 772 2327 Commowro.
792 2300 822 2326 sr.
836 2302 860 2325 2.
879 2299 910 2325 de.
924 2309 955 2326 m.
971 2309 991 2325 c.
1007 2299 1067 2326 don.

226 2347 268 2372 139.
289 2347 312 2371 6.
333 2344 459 2371 Turbam:
479 2344 627 2369 Concitare.
650 2342 720 2369 Paul.
739 2342 766 2368 V.
780 2344 821 2368 21.
842 2342 918 2376 33.1.
939 2352 978 2378 sq.
999 2342 1029 2368 fr.
1045 2344 1067 2368 l.

228 2389 265 2422 33.
280 2390 302 2414 4.
318 2389 340 2414 7.
361 2388 383 2413 si
403 2386 530 2423 qnatlrup.
545 2388 567 2412 9.
585 2389 605 2413 l.
643 2386 684 2412 Ill.
700 2387 765 2414 (7¹11.
785 2385 942 2422 Ybicunqut·
956 2385 1068 2411 iudicem

228 2432 345 2467 aequitas
365 2431 484 2456 movi-rit.
505 2429 534 2455 [ι’.
554 2431 595 2454 21.
615 2429 646 2455 de
671 2430 760 2455 interr.
787 2430 813 2454 in
834 2430 896 2454 inre.
920 2430 957 2454 Η.
980 2430 1002 2454 1.
1040 2428 1068 2454 Si

229 2484 278 2510 qna
300 2474 366 2499 insta
382 2484 458 2499 cansa
473 2472 623 2498 Praetorvm
638 2473 756 2498 mox-vrit.
777 2481 823 2497 cur
836 2477 884 2497 ctc.
905 2471 935 2497 fr.
949 2474 971 2498 3.
993 2472 1013 2505 3
1030 2473 1068 2498 12.

230 2516 262 2542 ale
285 2526 356 2552 susp.
382 2520 428 2541 tut.
448 2518 489 2541 26.
512 2517 550 2541 10.
589 2514 657 2549 Quia
681 2515 760 2540 multa
784 2514 862 2540 simul
885 2519 1068 2549 congruerunt.

229 2569 334 2585 muvrro
354 2568 402 2584 nos
423 2563 547 2595 possunt.
569 2562 597 2583 ut
616 2563 665 2583 etc.
695 2557 776 2583 tatic.
797 2558 817 2591 3.
837 2559 896 2584 215.
934 2557 1016 2594 Impp.
1037 2572 1068 2576 -

231 2603 263 2627 ita
284 2603 490 2638 rescripserunt:
512 2600 646 2626 Moventur
659 2604 683 2625 et
699 2601 823 2636 temporis
838 2600 1009 2627 diuturnitate
1020 2605 1068 2626 etc.

232 2644 260 2669 tr.
281 2646 321 2669 57.
347 2645 410 2677 31.
436 2643 468 2669 (1(Ι
493 2643 522 2669 Ii.
544 2642 575 2669 N.
595 2645 635 2669 23.
655 2644 679 2668 2.
717 2642 779 2679 Imp.
805 2648 908 2675 nostvr,
933 2648 1020 2669 motus
1044 2648 1069 2668 vt

232 2688 359 2722 aequitat«-
383 2688 420 2713 rei
441 2691 466 2712 et
486 2686 573 2712 verbis
595 2686 755 2711 testamenti.
775 2701 807 2704 -
827 2687 1018 2722 pronunciavit.
1038 2685 1067 2712 tr.

232 2730 272 2755 74.
298 2729 319 2761 3
342 2731 361 2754 l.
386 2730 417 2755 cs.
442 2730 472 2756 fr.
492 2731 532 2755 54.
559 2729 591 2755 ad
610 2730 637 2755 S.
647 2728 676 2755 C.
698 2728 777 2755 Trcb.
802 2730 842 2754 36.
866 2731 886 2754 l.
912 2729 968 2755 Gai.
991 2729 1006 2755 I.
1027 2730 1068 2754 1⁴54.

233 2782 272 2808 sq.
294 2771 334 2797 Ill.
354 2773 393 2797 73.
423 2772 558 2807 Quosdam
578 2782 678 2807 negare.
695 2787 726 2790 —
746 2770 799 2797 Sed
820 2770 946 2797 Proculus
967 2781 996 2797 eo
1017 2781 1070 2797 mo-

232 2819 320 2840 vetur.
345 2813 415 2850 qnod
435 2820 482 2840 etc.
510 2814 578 2841 Call.
599 2814 650 2840 LL.
672 2814 703 2840 Η.
724 2813 781 2840 XII.
802 2815 824 2840 7.
850 2814 879 2840 fr.
900 2818 922 2839 δ’.
952 2814 972 2847 3.
992 2816 1015 2839 3.
1037 2813 1069 2839 (le

233 2856 264 2883 N.
285 2856 315 2883 (ἱ.
335 2858 359 2882 3.
379 2858 402 2882 5.
441 2858 595 2891 Quavsitnm
620 2862 667 2884 est.
693 2873 724 2876 —
750 2856 835 2883 Movet
860 2856 924 2882 illud
948 2857 1068 2893 primum,

957 195 1053 226 Mox
1063 213 1102 218 -—
1112 194 1219 226 MUC.

1108 277 1180 314 quod
1199 282 1249 304 etc.
1269 276 1300 303 fr.
1318 279 1340 303 l.
1360 278 1382 312 3.
1398 279 1422 304 9.
1442 277 1522 313 Quod
1541 277 1617 314 legat.
1635 278 1677 304 43.
1695 279 1720 304 3.
1740 277 1769 304 fr.
1783 280 1824 305 28.
1845 278 1878 305 de
1897 279 1951 305 reb.

1108 325 1175 347 auct.
1195 319 1249 346 iud.
1270 321 1311 346 42.
1331 322 1355 346 5.
1392 320 1550 347 Videndum.
1576 319 1666 347 Movet
1690 320 1879 348 dubitationem
1904 327 1952 348 etc.

1109 363 1139 390 sr.
1158 365 1182 390 3.
1203 363 1224 397 3.
1244 365 1268 389 4.
1290 363 1323 390 de
1342 364 1435 390 minor.
1449 366 1472 390 4.
1488 366 1512 391 4.
1542 363 1632 395 Movit,
1653 363 1724 400 quod
1739 368 1788 390 etc.
1802 380 1834 384 -
1853 364 1953 392 Contra

1108 411 1198 433 movet
1217 411 1266 433 etc.
1292 405 1322 432 fr.
1344 407 1365 432 1.
1394 406 1417 440 3.
1438 408 1477 433 10.
1502 406 1534 433 ad
1554 407 1581 433 S.
1591 406 1621 433 C.
1643 406 1725 444 Tui-p.
1749 408 1791 434 48.
1819 408 1858 434 16.
1899 407 1954 435 Sed

1109 450 1151 476 cui
1169 450 1207 476 rei
1225 454 1377 481 moveatur,
1406 459 1459 475 non
1482 449 1575 481 video3
1604 460 1662 476 nam
1686 451 1708 476 si
1733 449 1806 482 ideo.
1826 466 1858 470 —-—
1882 451 1953 478 nulla

1109 493 1175 519 ratio
1195 497 1244 519 est.
1265 492 1295 519 fr.
1316 493 1356 518 13.
1376 492 1398 526 §-
1420 493 1442 518 l.
1462 492 1495 519 de
1518 503 1569 519 rec.
1589 503 1632 529 qu.
1653 493 1706 519 arb.
1725 496 1749 519 4.
1769 494 1793 519 8.

1144 537 1243 563 Mox.
1264 534 1377 568 (Advb.)
1398 535 1429 568 §-
1444 536 1479 562 1.
1500 538 1633 567 Statim,
1654 538 1823 562 Celeriter.
1860 535 1878 562 1.
1892 537 1954 571 Sy.

1110 577 1195 606 Simul
1211 583 1298 616 atque.
1327 577 1416 610 Tunc,
1435 588 1502 604 cum.
1530 578 1606 611 Mox,
1627 588 1712 615 quam.
1741 578 1842 605 Statim.
1862 578 1892 605 sr.
1915 580 1953 605 13.

1110 622 1162 657 Qu.
1182 621 1252 648 mod.
1272 621 1369 648 usussr.
1390 623 1413 647 7.
1432 623 1456 647 4.
1476 620 1507 647 fr.
1526 623 1568 648 25.
1588 621 1610 655 3.
1626 623 1648 648 l.
1668 621 1699 648 fr.
1712 623 1754 648 28.
1771 632 1810 659 pr.
1831 621 1864 648 de
1882 631 1953 648 usur.

1109 666 1151 690 22.
1173 666 1195 690 l.
1231 664 1272 691 Ex
1293 674 1353 701 quo.
1381 663 1452 696 Mox,
1473 674 1538 690 cum.
1564 663 1614 691 Th.
1635 664 1666 692 C.
1686 664 1716 691 Il.
1739 666 1777 691 16.
1802 675 1824 691 c.
1843 666 1867 691 2.
1887 665 1908 698 3.
1929 666 1953 691 4.

1111 707 1144 734 de
1166 708 1261 743 integri
1285 712 1348 734 rest.
1368 706 1502 734 Protinus.
1530 706 1567 733 Ib.
1586 707 1643 735 VII.
1661 709 1704 734 23.
1729 718 1750 734 c.
1771 710 1794 734 1.
1818 707 1852 734 de
1875 707 1953 734 oblat.

1088 783 1089 788 1
1111 760 1202 787 equor.
1239 749 1283 776 III.
1304 751 1370 778 Gn.
1389 750 1418 776 Si
1438 751 1506 787 quis.
1526 760 1606 777 onere
1624 761 1748 788 pressus.
1768 752 1794 777 in
1814 752 1883 777 viam
1900 760 1955 777 rem

1111 794 1247 824 abiecerit.
1265 803 1327 819 mox
1345 803 1403 819 cum
1422 793 1480 819 aliis
1500 803 1662 821 reversurus.
1684 794 1714 821 l'r.
1732 795 1756 820 S.
1776 794 1809 820 de
1823 793 1853 820 L.
1867 793 1954 820 Rhod.

1113 839 1152 863 14.
1169 839 1193 863 2.
1221 836 1293 868 Mox,
1314 837 1432 872 quamvis
1453 836 1496 869 [al.
1511 847 1588 873 quarn
1601 836 1654 870 vel]
1676 847 1742 863 nnus
1762 847 1794 864 ex
1812 836 1955 863 heredibus

1111 880 1206 907 adierit
1224 878 1410 911 hereditatem,
1430 878 1498 906 liber
1517 880 1554 906 fit.
1580 879 1642 917 le.
1661 879 1680 906 I.
1699 882 1742 907 22.
1778 879 1849 906 Iusta
1869 889 1954 910 causa.

1112 933 1189 960 quam
1208 932 1271 949 mox
1289 921 1400 948 Praescs
1418 921 1514 948 litteris
1535 924 1678 949 excusavit.
1698 923 1728 949 fr.
1744 924 1768 950 (3.
1788 923 1810 957 3.
1823 924 1847 949 9.
1867 922 1900 949 de
1919 923 1955 949 in·

1111 968 1171 993 inst.
1191 970 1260 1003 rupt.
1279 966 1322 991 28.
1341 966 1365 991 3.
1401 964 1502 991 Eodem
1520 971 1667 998 momento,
1693 975 1746 1002 quo
1770 965 1868 992 suerint
1886 965 1955 993 ordi-

1111 1010 1177 1041 nati,
1202 1018 1263 1035 mox
1288 1008 1382 1035 adeant
1401 1010 1559 1044 cognitores.
1579 1008 1628 1035 Th.
1650 1008 1680 1035 C.
1702 1009 1744 1035 Ill.
1765 1010 1805 1035 19.
1831 1020 1852 1035 c.
1871 1010 1895 1036 6.
1915 1019 1954 1046 pr.

1112 1051 1226 1085 (ch.)
1247 1051 1280 1078 de.
1300 1051 1367 1077 adm.
1387 1056 1413 1077 et
1430 1061 1485 1088 per.
1505 1067 1537 1071 —
1563 1052 1594 1085 §.
1615 1053 1651 1078 2.
1679 1054 1831 1087 Tempore
1853 1053 1955 1079 inter-

1109 1097 1232 1130 posito,
1253 1096 1338 1122 Post.
1376 1093 1396 1120 Ῑ.
1415 1095 1477 1128 Sy.
1497 1093 1599 1121 Postea.
1621 1094 1650 1121 sr.
1671 1096 1694 1120 6.
1715 1095 1752 1128 33.
1772 1097 1796 1122 9.
1816 1104 1858 1132 sq.
1876 1094 1909 1121 de
1923 1094 1955 1121 N.

1112 1138 1144 1165 G.
1163 1140 1188 1164 3.
1207 1140 1232 1164 5.
1253 1137 1283 1164 fr.
1305 1139 1344 1163 11.
1362 1137 1384 1171 3.
1404 1138 1428 1164 8.
1448 1136 1481 1163 de
1499 1138 1588 1164 interr.
1609 1138 1635 1164 in
1654 1138 1718 1163 inre.
1740 1139 1779 1164 11.
1800 1140 1822 1164 1.
1842 1137 1955 1165 Deinde.

1112 1182 1142 1208 I'r.
1162 1183 1187 1207 ⁶2.
1207 1181 1229 1214 3
1248 1182 1291 1207 32.
1312 1180 1344 1206 de
1364 1179 1397 1206 Ο.
1417 1179 1435 1206 1.
1456 1182 1478 1207 l.
1497 1182 1521 1207 2.
1542 1180 1571 1206 sr.
1585 1181 1609 1206 3.
1630 1190 1670 1217 sq.
1690 1180 1722 1206 de
1741 1190 1808 1207 man.
1828 1180 1899 1208 vind.
1913 1183 1955 1207 40.

1111 1227 1135 1250 2.
1172 1223 1216 1250 III.
1231 1224 1298 1251 Cn.
1318 1222 1361 1255 Vt.
1383 1233 1441 1249 cum
1454 1222 1481 1249 X
1499 1224 1638 1260 acceperit,
1658 1222 1747 1250 eadem
1767 1224 1790 1249 ei
1808 1229 1879 1250 retro
1899 1223 1957 1251 red-

1112 1267 1165 1299 dat,
1185 1277 1247 1293 mox
1266 1266 1298 1293 ab
1319 1276 1349 1293 eo
1369 1266 1489 1303 accipiat.
1511 1277 1541 1292 ac
1560 1266 1703 1292 novissime
1722 1267 1840 1294 retineat.
1865 1266 1895 1293 t'r.
1913 1269 1954 1294 67.

1112 1310 1144 1337 de
1164 1310 1243 1337 solut.
1263 1311 1305 1336 46.
1324 1311 1349 1336 3.
1386 1308 1513 1335 Traditus
1533 1314 1574 1335 est
1592 1318 1685 1335 servus
1704 1308 1875 1342 hereditario.
1895 1319 1957 1336 mox

1113 1358 1256 1390 usucaptus
1277 1352 1308 1379 ab
1329 1356 1462 1378 extraneo.
1488 1352 1518 1378 fr.
1539 1354 1562 1379 6.
1587 1352 1610 1386 3.
1629 1354 1653 1378 2.
1674 1351 1706 1378 de
1725 1352 1814 1379 hered.
1834 1354 1894 1379 inst.
1913 1354 1955 1379 28.

1112 1399 1136 1423 5.
1173 1396 1296 1423 Amissus
1321 1394 1431 1427 usussr..
1455 1405 1517 1421 mox
1546 1397 1693 1422 restitutus.
1718 1394 1748 1422 fr.
1767 1397 1809 1422 25.
1833 1396 1854 1430 3.
1873 1398 1898 1422 2.
1924 1395 1956 1422 de

1113 1439 1195 1466 nsusr.
1216 1441 1239 1466 7.
1261 1440 1283 1465 l.
1321 1438 1351 1465 Si
1370 1438 1418 1465 tibi
1438 1438 1627 1465 habitationem
1651 1438 1786 1470 locavero,
1815 1448 1875 1465 mox
1895 1449 1957 1476 pen-

1113 1484 1213 1509 sionem
1233 1483 1371 1508 remittam.
1395 1480 1425 1508 fr.
1445 1484 1470 1507 5.
1490 1480 1567 1508 locat.
1589 1483 1629 1508 19.
1647 1483 1672 1508 2.
1709 1481 1749 1508 Ex
1768 1481 1900 1508 levissima
1920 1481 1956 1508 ot'-

1113 1526 1186 1552 sensa
1204 1526 1299 1552 vinxit.
1318 1535 1381 1551 mox
1400 1523 1481 1551 solvit
1498 1525 1548 1557 (sc.
1562 1525 1689 1557 servum.)
1708 1524 1738 1551 sr.
1752 1526 1794 1551 27.
1808 1524 1840 1550 de
1854 1525 1955 1562 pignor.

1112 1572 1153 1595 20.
1175 1571 1197 1595 l.
1236 1568 1265 1595 Si
1291 1568 1394 1595 tabulae
1418 1568 1569 1594 testamenti
1588 1584 1620 1588 —-
1644 1567 1688 1594 diu
1713 1577 1872 1605 suppressae
1894 1569 1956 1599 sint.

1113 1623 1173 1639 mox
1191 1617 1296 1638 mortuo
1315 1611 1372 1638 filio
1390 1610 1517 1648 prolatae.
1538 1610 1567 1637 fr.
1587 1612 1611 1637 9.
1632 1611 1653 1644 3.
1673 1612 1697 1637 2.
1717 1609 1750 1637 de
1769 1610 1794 1636 d.
1813 1621 1846 1637 m.
1866 1612 1890 1636 4.
1903 1612 1927 1637 3.

1147 1655 1360 1682 Mucianus.
1393 1653 1532 1686 (Adiect.)
1564 1653 1594 1687 ξ.
1615 1655 1650 1679 1.
1676 1655 1725 1680 :ld
1739 1659 1865 1689 gentem
1887 1655 1957 1680 Μη-

1112 1700 1194 1725 ciam
1214 1704 1371 1732 spectans.
1410 1696 1451 1723 III.
1472 1697 1539 1724 Gn.
1563 1695 1592 1722 L.
1613 1696 1737 1727 Crassus.
1756 1695 1837 1722 frater
1856 1696 1883 1722 P.
1903 1696 1957 1723 Mn-

1113 1742 1154 1773 cii.
1175 1741 1218 1777 qni
1234 1740 1369 1767 Mucianus
1388 1740 1475 1766 dictus
1495 1744 1549 1767 est:
1568 1739 1638 1765 hunc
1651 1738 1746 1766 Cicero
1766 1740 1801 1765 ait
1819 1738 1958 1766 I.Ctorum

1113 1784 1325 1811 disertissimum.
1345 1783 1376 1810 l'r.
1395 1785 1419 1809 2.
1440 1783 1461 1816 3.
1481 1784 1522 1809 40.
1543 1782 1576 1809 de
1596 1781 1628 1808 Ο.
1648 1781 1666 1808 I.
1683 1783 1704 1808 l.
1717 1784 1741 1808 2.
1757 1798 1789 1801 —
1809 1782 1839 1815 §-
1856 1783 1892 1809 2.
1911 1784 1959 1809 Aa

1115 1828 1255 1854 Mucium
1270 1828 1473 1858 Scaevolam,
1488 1827 1617 1853 ICtum.
1634 1827 1812 1859 pertinens.
1838 1824 1956 1853 HLGn·

1113 1870 1247 1897 Mucianae
1269 1870 1414 1896 sententiae
1438 1867 1656 1902 (adsentiendum
1676 1868 1766 1905 puto.)
1792 1868 1822 1894 fr.
1842 1869 1866 1895 9.
1889 1869 1912 1902 3.
1931 1870 1955 1894 2.

1113 1913 1146 1940 de
1165 1918 1219 1950 opt.
1240 1912 1288 1949 leg.
1302 1914 1344 1939 33.
1357 1915 1381 1939 5.
1410 1911 1514 1943 Cautio.
1536 1921 1556 1937 s.
1571 1910 1725 1943 Satisdatio,
1743 1910 1871 1938 Muciana.
1890 1910 1920 1937 sr.
1933 1912 1954 1936 7.

1112 1967 1152 1994 pr.
1172 1956 1202 1982 fr.
1223 1958 1263 1982 72.
1288 1956 1368 1990 331.
1389 1965 1428 1991 sq.
1456 1955 1486 1981 l'r.
1508 1956 1565 1980 106.
1589 1953 1622 1980 de
1642 1953 1718 1979 cond.
1739 1958 1764 1980 et
1783 1953 1850 1980 dem.
1869 1955 1911 1979 35.
1932 1954 1954 1978 l.

1113 1999 1251 2026 Cautionis
1264 1998 1399 2026 Mucianae
1414 1997 1565 2024 remedium.
1586 1996 1616 2023 fr.
1631 1999 1671 2023 79.
1691 1997 1713 2030 3
1728 1998 1752 2023 3.
1773 1996 1803 2022 fr.
1818 1998 1875 2022 101.
1895 1996 1915 2029 3.
1929 1997 1953 2022 3.

1112 2043 1146 2069 il».
1165 2044 1207 2068 35.
1229 2044 1250 2068 l.
1283 2041 1311 2067 L.
1332 2041 1395 2067 lulia
1415 2040 1542 2072 miscella,
1562 2050 1620 2066 cum
1635 2039 1753 2066 Muciana
1774 2040 1894 2065 cautione
1913 2048 1955 2065 su-

1113 2095 1159 2123 per
1178 2085 1228 2111 hoc
1247 2083 1404 2115 introducta.
1424 2083 1535 2116 (cedat.)
1555 2092 1577 2108 c.
1596 2084 1620 2108 2.
1641 2092 1680 2119 sq.
1701 2081 1733 2108 dc
1752 2080 1843 2108 indict.
1863 2081 1953 2108 viduit.

1112 2130 1136 2155 ti.
1156 2130 1197 2154 40.

1147 2170 1332 2198 Mucidus.
1371 2168 1509 2202 (Adiect.)
1549 2169 1612 2200 Qui
1635 2177 1793 2193 mucorem
1812 2176 1848 2193 (κι-
1868 2174 1954 2194 retu-

1112 2219 1198 2240 state
1215 2214 1393 2240 contraxit.
1431 2210 1473 2237 nl.
1489 2212 1555 2238 Cn.
1575 2209 1604 2236 Si
1622 2210 1681 2235 vina
1702 2210 1816 2236 exuerim.
1837 2211 1955 2248 exceptis

1113 2256 1194 2283 acidis
1214 2261 1240 2282 et
1259 2255 1379 2282 mucidis.
1400 2254 1430 2280 t'r.
1450 2256 1473 2280 6.
1494 2254 1527 2280 dc
1546 2254 1626 2290 peric.
1646 2257 1671 2278 et
1691 2262 1782 2278 comm.
1802 2254 1841 2279 18.
1861 2254 1884 2280 6.

1147 2299 1306 2326 Mucius.
1345 2299 1374 2331 §-
1395 2298 1430 2324 1.
1451 2299 1481 2324 Ρ.
1504 2297 1633 2324 Mucius
1654 2297 1825 2327 Scaevola,
1845 2297 1954 2322 [δίκε

1112 2345 1318 2377 praeclarus,
1339 2340 1414 2374 (Cos.
1435 2344 1461 2365 ot
1479 2338 1600 2365 Pontifex
1619 2337 1666 2369 Μ.)
1705 2337 1721 2363 I.
1737 2340 1798 2372 Sy.
1818 2337 1952 2365 Scaevola.

1114 2385 1142 2411 fr.
1163 2387 1186 2411 2.
1212 2385 1232 2419 3.
1257 2386 1297 2411 39.
1324 2383 1356 2410 dc
1376 2384 1408 2409 Ο.
1434 2382 1451 2408 I.
1479 2384 1499 2407 1.
1520 2384 1543 2407 2.
1570 2380 1599 2406 fr.
1620 2382 1643 2406 4.
1669 2380 1701 2407 de
1726 2382 1821 2418 captiv.
1846 2382 1887 2408 49.
1913 2383 1953 2408 15.

1114 2428 1155 2454 III.
1177 2430 1242 2456 (ἠ.
1267 2427 1331 2454 Post
1355 2426 1404 2452 hos
1428 2425 1531 2451 fuerunt
1556 2422 1583 2449 P.
1604 2423 1717 2450 Mucius.
1743 2429 1768 2449 et
1791 2424 1903 2456 Brutus⁷
1929 2429 1954 2450 et

1115 2471 1243 2497 Manilius.
1265 2471 1307 2507 qni
1328 2468 1502 2496 fundaverunt
1523 2467 1562 2492 ius
1583 2466 1666 2492 vivite.
1687 2466 1718 2492 fr.
1731 2470 1755 2492 2.
1775 2467 1796 2502 3'.
1810 2468 1852 2493 39.
1873 2467 1905 2493 de
1919 2468 1952 2493 0.

1114 2514 1131 2540 l.
1154 2516 1175 2540 1.
1195 2516 1218 2540 2.
1245 2514 1294 2549 Qu.
1317 2512 1416 2539 Mucius
1436 2509 1531 2535 solitus
1551 2514 1589 2535 est
1610 2509 1784 2546 respondere.
1805 2526 1836 2530 —
1857 2509 1953 2546 quibus

1114 2556 1342 2587 existimantibus,
1363 2554 1420 2580 aliis
1441 2557 1542 2579 contra:
1563 2568 1594 2571 —
1620 2553 1646 2578 in
1665 2562 1715 2588 qua
1734 2553 1864 2579 sententia
1883 2551 1953 2579 vide-

1115 2605 1155 2627 tur
1177 2600 1242 2626 Pub.
1261 2599 1362 2625 Mucius
1387 2596 1475 2622 tuisse.
1501 2595 1529 2621 sr.
1552 2597 1590 2621 17.
1617 2594 1649 2621 de
1674 2594 1794 2630 legationi.
1815 2597 1856 2621 5⁰.
1878 2597 1899 2621 7.

1114 2643 1144 2675 §-
1162 2644 1197 2669 2.
1225 2644 1278 2674 Qu.
1306 2641 1434 2667 Mucius
1460 2641 1629 2665 ἕσσει-οἱα.
1653 2640 1767 2665 Publii
1790 2640 1884 2664 illius
1901 2639 1951 2673 fi-

1113 2687 1192 2716 lius,
1219 2685 1380 2710 [Clarum
1400 2683 1638 2710 f-elrherrimns.
1660 2681 1737 2712 (itt-m
1757 2680 1878 2707 Pontifex
1896 2679 1951 2711 Μ.)

1114 2728 1131 2753 I.
1149 2728 1210 2761 sy.
1236 2725 1370 2752 Scaevola.
1397 2724 1425 2750 fr.
1447 2727 1487 2750 48.
1512 2723 1596 2750 mand.
1619 2725 1657 2750 17.
1680 2725 1700 2749 1.
1738 2723 1781 2750 III.
1802 2724 1866 2751 Cn.
1886 2721 1951 2748 Post

1113 2770 1162 2796 hos
1188 2768 1239 2804 Qu.
1260 2768 1374 2795 Mucius.
1400 2767 1462 2794 Pub.
1488 2767 1570 2799 filius.
1595 2766 1717 2793 Pontifex
1736 2766 1784 2797 M..
1808 2766 1848 2791 ius
1873 2765 1950 2791 civile

1112 2813 1212 2849 primus
1232 2812 1375 2837 constituit.
1395 2811 1535 2847 gemratim
1554 2811 1580 2836 iu
1599 2809 1683 2836 libros
1700 2808 1787 2836 XVIII
1799 2806 1948 2842 redigendo.

1113 2855 1190 2881 Mucii
1210 2853 1342 2880 auditores
1363 2854 1467 2881 fuerunt
1485 2852 1646 2889 complures,
1670 2852 1716 2879 sed
1735 2850 1889 2888 praecipu-'w
1908 2861 1949 2876 au-
