2197 3121
947 143 1035 175 HER
1060 162 1098 168 --
1124 142 1208 175 HIC.

207 230 330 258 XXVIII.
352 232 392 257 12.
413 230 443 257 fr.
465 231 487 256 1.
508 229 540 256 de
559 238 632 266 poss.
652 227 740 254 hered.
762 232 815 264 pet.
835 229 858 253 5.
879 229 902 253 5.
926 226 956 253 fr.
975 228 1000 252 2.
1021 226 1053 252 de

208 274 238 300 B.
260 273 287 300 P.
307 275 348 300 37.
371 275 392 299 1.
430 273 488 299 Iure
513 271 585 299 civili
608 271 693 297 heres.
718 269 774 296 Gai.
795 269 837 296 ΙΙΙ.
857 271 899 296 36.
937 269 990 296 Sua
1009 269 1052 295 he·

208 326 259 343 res.
280 316 310 343 fr.
330 318 354 342 9.
375 316 407 342 de
427 315 480 342 dot.
502 314 588 341 collat.
608 315 650 340 37.
672 315 694 340 7.
716 312 756 340 Cf.
777 323 800 339 v.
821 312 900 339 Suus.
915 326 946 331 —
962 313 993 346 ξ.
1015 313 1052 338 3.

210 361 273 392 Qui
292 365 488 385 testamento
508 359 659 391 scriptus
677 363 723 383 est
742 358 839 382 lieres.
864 355 894 381 II.
917 357 984 389 Op.
1004 354 1053 381 He—

207 401 273 431 redi.
294 418 326 421 —
346 402 487 433 Exti-aneo,
508 400 600 436 (legari
613 400 716 436 posse.)
731 399 786 426 Gai.
802 398 831 425 11.
846 400 905 424 222.
920 408 959 434 sq.
989 397 1052 423 Sive

207 444 286 471 heres
306 446 349 474 sit.
369 445 426 471 sive
445 445 468 470 is
489 444 530 470 cui
550 442 683 469 hereditas
708 443 829 469 restituta
854 445 902 467 est.
923 440 953 466 fr.
974 441 997 466 6.
1019 439 1051 466 de

208 487 227 513 1.
252 487 269 514 l.
294 487 324 514 R.
350 490 374 513 4.
401 488 422 513 l.
466 485 748 512 Fideicommissarius.
772 483 814 511 Cf.
839 483 864 510 h.
886 493 909 509 v.
932 483 1051 515 (Subst.)

207 529 251 556 III.
273 531 339 558 (7η.
359 530 412 566 Qui
432 529 518 555 sciens
538 528 710 565 prudensque
732 526 836 553 tabulas
855 526 1005 552 testamenti
1026 526 1051 551 in

207 572 326 599 fraudem
351 571 489 603 heredum,
514 570 714 607 legatariorum,
737 570 1051 596 fideicommissariorum.

207 620 252 642 aut
270 615 429 647 libertatum,
449 624 502 640 non
521 614 630 651 prosert.
654 613 726 640 Paul.
745 612 790 639 IV.
811 614 834 639 7.
854 613 876 646 ς’.
895 615 919 639 3.
957 612 991 638 Et
1010 611 1052 637 he-
1073 633 1075 639 ,

207 658 285 684 redes
305 657 474 689 instituendi.
495 661 520 683 et
539 656 623 693 legata
643 661 669 683 et
687 655 823 682 libertates
843 654 935 686 dandi,
955 654 1052 681 tutelas

208 711 314 737 quoque
334 699 512 726 constituendi
533 699 695 737 (potestas.)
720 698 750 725 fr.
776 700 833 724 120.
858 697 891 724 de
910 697 941 724 V.
962 697 990 724 S.
1010 699 1051 723 50.

209 745 249 770 16.
270 743 327 770 Gai.
341 742 359 769 l.
375 744 416 769 40.
454 742 513 768 Non
532 741 697 778 relinquendi
716 740 839 767 heredem
858 742 964 767 nomine
982 742 1053 778 prin·

207 785 298 823 cipali.
327 795 380 811 non
404 785 662 816 fideicommissario,
688 794 740 810 non
764 783 888 819 legatario
912 783 1052 815 (licentia.)

207 828 257 855 Th.
278 827 309 855 C.
329 827 400 854 XVI.
421 831 445 854 5.
467 838 487 854 c.
504 830 543 854 17.
563 828 595 854 de
608 827 705 853 haeret.
738 826 944 858 Testamentum.
958 827 985 852 in
999 836 1051 862 quo

205 881 283 898 nemo
304 876 376 898 recto
398 872 454 898 iure
479 871 555 898 heres
579 871 734 897 instituitur.
755 869 812 896 Gai.
831 869 863 896 11.
882 871 942 896 248.
979 869 1051 895 Olim

205 913 319 940 familiae
343 919 428 940 emtor
453 913 559 940 heredis
582 913 669 940 locum
699 912 843 939 obtinebat.
875 912 912 939 Ib.
937 912 968 939 II.
993 914 1051 938 103.

206 956 312 984 Irritum
332 957 362 983 fit
381 961 573 988 testamentum,
593 956 675 983 veluti
695 957 718 982 si
736 956 793 982 iure
811 956 880 982 facto
893 960 1052 982 testamento

206 1009 283 1026 nemo
308 1000 441 1026 exstiterit
464 999 551 1026 heres.
574 998 635 1036 le.
660 998 757 1025 XXIII.
784 1001 808 1025 4.
833 998 864 1025 cf.
889 999 907 1025 I.
933 1000 974 1025 14.
994 997 1051 1025 Gai.

206 1042 249 1069 III.
272 1044 311 1068 ll.
333 1044 373 1068 13.
411 1042 473 1068 Sive
492 1041 606 1078 legatum
620 1043 759 1079 acceperit,
778 1042 836 1069 sive
853 1042 929 1068 heres
948 1042 1052 1068 iustitu-

204 1090 249 1111 tus
269 1086 312 1117 sit,
331 1084 373 1112 vel
393 1084 425 1110 ab
446 1085 571 1111 intestato
591 1086 758 1111 successerit.
784 1084 856 1111 Paul.
877 1084 920 1111 IV.
943 1086 964 1111 l.
985 1084 1007 1118 §.
1027 1086 1051 1110 4.

205 1127 376 1155 Testameuto
397 1127 465 1154 liber
484 1132 510 1154 et
529 1127 606 1154 heres
626 1128 735 1154 relictus
754 1128 804 1161 (sc.
824 1129 940 1158 servus.)
961 1128 1018 1154 Gai.
1032 1127 1050 1154 I.

180 1188 185 1198 »
204 1172 246 1196 21.
267 1170 298 1197 cs.
319 1169 380 1207 le.
401 1170 419 1196 I.
440 1172 481 1196 14.
524 1170 695 1197 Testamento
720 1172 827 1208 scriptis
847 1171 989 1198 heredibus
1009 1170 1051 1196 de-

205 1213 306 1240 cedere.
328 1213 359 1240 fr.
379 1215 420 1240 25.
441 1223 480 1250 pr.
502 1213 535 1240 de
555 1213 644 1251 adopt.
665 1215 687 1240 1.
709 1215 731 1240 7.
769 1213 937 1251 Nuncupare,
956 1213 1051 1240 s.Pro—

204 1257 343 1288 nunciare,
368 1256 481 1283 heredes
505 1258 636 1294 (primos,
656 1267 680 1283 v.
700 1256 859 1289 secundos.)
884 1257 915 1284 fr.
934 1259 976 1283 25.
997 1256 1049 1292 Qu.

202 1303 307 1326 testam.
327 1299 376 1326 fac.
398 1309 423 1336 p.
437 1302 479 1326 28.
495 1301 517 1325 1.
555 1299 615 1326 Non
635 1305 734 1326 tantum
754 1301 890 1336 proximus
904 1300 989 1331 heres⁷
1003 1299 1050 1326 sed

203 1343 281 1368 etiam
301 1343 425 1378 scrilvtuS.
452 1342 482 1368 fr.
502 1344 561 1369 227.
586 1344 607 1376 ξ.
630 1345 651 1369 1.
678 1342 710 1369 de
730 1342 761 1369 V.
782 1342 810 1369 S.
834 1345 875 1369 50.
902 1344 942 1369 16.
980 1342 1049 1369 Con-

202 1385 313 1411 iunctim
333 1386 427 1421 scripti
447 1384 566 1411 heredes.
588 1385 617 1412 fr.
641 1388 697 1412 142.
717 1385 734 1412 l.
754 1384 770 1411 l.
791 1388 832 1411 50.
856 1387 894 1412 16.
910 1399 939 1403 —
955 1386 986 1420 ξ.
1008 1387 1047 1412 4.

204 1428 348 1454 Coheres.
386 1427 404 1454 Ι.
431 1429 493 1462 Sy.
523 1428 650 1455 Coheres.
684 1427 741 1455 Gai.
766 1427 796 1454 II.
820 1430 879 1455 243.
917 1428 960 1455 III.
981 1430 1047 1456 Gn.

203 1469 267 1497 Sive
286 1480 353 1497 unus
373 1481 405 1497 ex
423 1470 566 1498 heredibus
587 1472 629 1502 sit,
650 1472 706 1497 sive
726 1475 874 1498 extraneus.
894 1471 974 1498 1b.11.
988 1473 1046 1498 222.

203 1512 234 1540 Si
252 1513 332 1539 iudex
351 1514 395 1540 uni
416 1524 448 1540 cx
467 1513 621 1546 heredibus,
642 1519 685 1540 aut
698 1514 788 1545 sot-Iis,
808 1519 852 1540 aut
870 1515 974 1547 vicinis,
993 1525 1047 1541 rem

203 1555 317 1592 aliquam
340 1555 539 1583 adiudicaverit.
564 1556 626 1594 le.
649 1557 722 1583 XIX.
748 1558 788 1583 16.
830 1557 957 1584 Iudicium
978 1558 1048 1584 sami-

203 1598 254 1625 liae
273 1599 454 1631 erciscundae,
474 1599 545 1636 quod
570 1600 639 1626 inter
661 1599 773 1626 heredes
793 1599 826 1626 de
845 1600 990 1627 hereditate
1010 1611 1048 1627 er-

204 1641 328 1668 ciscuuda
348 1658 381 1661 —
401 1643 484 1679 accipi
504 1642 580 1668 solet.
605 1642 662 1669 Gai.
683 1642 713 1669 ΙΙ.
732 1644 792 1669 219.
818 1643 849 1670 cf.
869 1643 899 1670 l'r.
919 1646 961 1671 42.
981 1644 1002 1677 ᾗ.
1022 1645 1046 1670 6.

204 1683 237 1710 de
256 1694 360 1720 procur.
380 1686 404 1711 3.
424 1686 449 1711 3.
487 1684 516 1711 Si
535 1686 579 1711 uni
600 1685 724 1712 coheredi
743 1686 834 1722 plures
848 1686 960 1713 heredes
980 1688 1047 1713 exsi-

204 1730 284 1752 stant.
304 1726 334 1753 fr.
355 1729 396 1754 42.
417 1728 438 1760 ξ.
459 1728 483 1753 6.
504 1727 520 1754 I.
550 1744 582 1747 —
614 1729 645 1762 ἕ.
666 1730 703 1755 5.
724 1730 769 1761 13,
790 1741 806 1756 α
826 1741 885 1764 qno
904 1733 1046 1765 legatum

203 1771 369 1802 relictum,
398 1773 445 1796 vel
472 1773 565 1797 cuius
584 1772 676 1807 fidei
699 1774 899 1799 commixsum
923 1779 977 1799 est.
1015 1772 1045 1798 ll.

204 1812 273 1845 011.
293 1810 454 1848 Legatarius.
482 1812 540 1839 Gai.
560 1813 591 1839 11.
610 1815 669 1840 214.
689 1824 748 1850 sqq.
771 1817 830 1841 251.
851 1825 910 1851 sqq.
948 1814 981 1846 Is.
1002 1815 1047 1851 qui

204 1854 435 1881 fideicommissam
454 1856 554 1892 recepit
577 1855 763 1888 hereditatem,
783 1867 804 1883 s.
824 1857 864 1889 Is,
884 1859 925 1884 cui
944 1857 1046 1884 heredi-

203 1901 243 1923 tas
264 1907 296 1923 ex
316 1896 485 1924 Trebelliano
506 1898 533 1925 S.
554 1898 584 1925 C.
605 1900 725 1925 restituta
744 1904 793 1926 est.
812 1899 843 1926 fr.
859 1902 898 1927 17.
913 1900 945 1927 de
964 1905 1047 1927 traus-

202 1944 252 1966 act.
271 1941 295 1966 2.
318 1942 357 1966 15.
379 1939 409 1967 fr.
429 1942 470 1967 42.
491 1941 513 1974 §.
532 1942 556 1967 3.
577 1941 609 1967 de
628 1951 733 1978 procur.
753 1944 777 1968 3.
797 1943 975 1971 3.111.Cn.
995 1943 1046 1970 To-

202 1988 257 2009 tum
276 1984 462 2020 patrimonium
481 1983 573 2019 legatis
593 1989 671 2021 atque
684 1984 851 2013 libertatibus
866 1996 981 2023 erogare,
998 1997 1046 2013 nec

202 2025 345 2062 quidquam
369 2025 459 2052 heredi
479 2026 629 2063 relinquere
653 2032 836 2065 praeterquam
856 2030 932 2056 inane
951 2039 1045 2055 nomen

202 2068 316 2095 heredis.
342 2068 399 2095 Gai.
425 2068 455 2095 II.
480 2071 539 2096 224.
566 2080 625 2106 sqq.
670 2070 750 2105 Quod
775 2072 916 2098 coercendi
939 2071 1045 2099 heredis

203 2120 280 2138 causa
299 2111 464 2148 relinquitur.
485 2112 521 2139 lb.
541 2112 572 2139 11.
592 2114 651 2140 235.
666 2115 725 2140 243.
740 2113 801 2151 le.
815 2114 912 2141 XXIV.
928 2117 967 2141 17.
996 2115 1045 2142 He-

203 2152 291 2179 redem
310 2158 430 2180 nostrum
450 2154 593 2191 obligatum
606 2155 779 2193 relinquimus
793 2157 825 2184 de
838 2158 1044 2185 fideicommissa

204 2196 374 2223 restituendo.
396 2196 452 2223 Gai.
468 2197 498 2223 11.
518 2200 577 2225 277.

240 2238 346 2264 Ileri.
382 2239 495 2272 (Advb.)
532 2242 692 2268 Hesterno
711 2244 768 2269 die.
805 2242 836 2269 11.
857 2245 925 2278 Op.
950 2243 1043 2270 Hodie.

205 2280 236 2306 fr.
257 2281 279 2306 7.
300 2280 321 2313 ξ.
341 2282 365 2306 2,
385 2281 417 2308 de
436 2284 512 2310 iniur.
532 2285 573 2310 47.
596 2285 634 2309 10.

240 2322 394 2349 Herilis·
421 2325 550 2363 (Adiect.)
575 2328 622 2353 Ad
639 2328 745 2354 Iterum
765 2335 923 2362 spectans.
948 2329 966 2355 I.
982 2330 1043 2364 Sy.

206 2364 313 2390 Domini
332 2365 449 2399 (iussi0.)
469 2378 489 2394 c.
509 2370 533 2395 3.
570 2368 621 2395 Per
640 2380 682 2406 qu.
703 2380 773 2407 pers.
793 2371 854 2397 nob.
875 2371 951 2407 adqu.
967 2374 990 2398 4.
1001 2374 1043 2399 27.
1065 2370 1067 2384 ¹

204 2406 247 2433 111.
269 2408 334 2434 Gn.
356 2406 384 2433 Si
404 2407 511 2436 herilem
529 2410 655 2439 lectulum
679 2413 773 2440 ancilla
797 2413 972 2441 adscenderit.
993 2415 1043 2442 Th.

205 2449 237 2476 C.
257 2448 301 2475 IV.
320 2453 344 2475 ὅ.
370 2460 391 2476 c.
410 2452 434 2476 3.
460 2451 492 2477 de
515 2453 617 2481 liberali
641 2466 662 2481 c.
684 2455 796 2485 Servus.
819 2473 848 2477 -—
870 2457 946 2483 herili
966 2462 1044 2484 testa-

207 2496 294 2518 mento
315 2493 419 2527 cognito
440 2498 487 2520 etc.
509 2505 530 2521 c.
550 2498 572 2523 7.
593 2497 625 2524 de
645 2498 721 2525 cond.
741 2500 833 2526 insert.
853 2502 876 2526 6.
897 2501 938 2526 46.

241 2536 596 2568 Hermapllroditufl·
644 2543 870 2577 Androgynus.
917 2542 959 2569 ΙΙΙ.
977 2545 1042 2571 Cn.

205 2576 292 2603 Herm.
313 2587 344 2603 an
363 2578 395 2603 ad
414 2583 597 2606 testamentum
615 2582 733 2610 adhiberi
751 2586 852 2621 possit,
873 2585 984 2622 qualitas
1005 2596 1043 2613 se-

204 2629 254 2646 xus
274 2619 459 2647 incalescentis
483 2622 608 2649 ostendit.
632 2624 662 2651 fr.
683 2628 722 2653 15.
748 2628 769 2661 ξ.
792 2630 814 2654 l.
840 2628 872 2655 de
890 2629 979 2655 testib.
999 2632 1040 2656 22.

203 2665 229 2688 5.
248 2662 280 2688 cf.
301 2662 331 2688 fr.
353 2665 392 2689 10.
419 2663 451 2690 de
475 2669 544 2691 statu
567 2665 636 2693 hom.
662 2669 684 2693 l.
703 2670 726 2695 5.
763 2670 850 2697 Herm.
872 2687 901 2691 —
923 2673 945 2698 si
964 2673 990 2699 in
1011 2683 1040 2699 eo

204 2705 288 2731 virilia
303 2705 492 2742 praevalebunt
505 2712 552 2734 etc.
567 2708 597 2734 fr.
609 2710 632 2735 6.
644 2709 666 2742 ᾗ.
677 2712 700 2736 2.
714 2711 746 2738 de
759 2712 803 2740 lib.
818 2718 843 2739 et
854 2714 941 2751 posth.
952 2717 993 2741 28.
1005 2717 1028 2741 2.

238 2749 508 2776 Hermodorus·
544 2752 710 2785 Ephesius
733 2757 866 2788 nobilis,
891 2760 948 2792 qui
966 2764 1039 2784 tem-
1061 2760 1062 2773 ³

204 2792 334 2822 poribus
359 2792 539 2819 xvirorum
562 2796 654 2829 legib.
682 2798 774 2823 scrib.
800 2799 917 2826 Romae
944 2803 1037 2827 vixit.

1879 144 1941 173 415

1076 228 1077 232 ’
1098 225 1141 252 ΙΙΙ.
1162 228 1227 255 Gn.
1247 226 1331 261 Leges
1350 226 1399 253 XII
1419 226 1516 258 Tabb.‚
1542 235 1651 262 quarum
1670 224 1834 251 ferendarum
1853 229 1940 250 aucto-

1098 279 1152 296 rem
1174 269 1257 297 fuisse
1279 269 1380 296 Xviris
1404 268 1596 296 Hermodorum
1625 267 1761 304 quemdam
1786 267 1940 304 Ephesium,

1098 313 1261 340 exsulantem
1280 314 1306 339 in
1326 312 1409 345 Italia,
1428 312 1533 349 quidam
1553 310 1707 337 retulerunt.
1727 310 1757 336 fr.
1777 312 1800 336 2.
1821 311 1843 344 §.
1864 312 1887 336 4.
1908 309 1940 335 de

1098 355 1131 382 O.
1152 356 1170 382 I.
1192 358 1214 383 l.
1228 358 1252 383 2.

1134 401 1406 434 Hermogenes.
1444 397 1486 424 Cf.
1506 408 1530 424 v.
1551 396 1782 433 Ilermogenianus.
1803 396 1824 429 ξι
1847 397 1868 422 1.

1133 442 1477 477 Hermogenianus.
1498 441 1528 474 ξ.
1553 441 1587 466 1.
1609 442 1650 466 Ab
1671 441 1872 473 Hermogene
1891 449 1938 465 eo-

1094 495 1189 519 guom
1199 487 1317 512 inatus.
1331 484 1350 511 I.
1361 486 1422 518 sy.
1437 483 1617 519 Hermogenis,
1628 482 1827 518 Ilermogeniani
1843 481 1938 517 (equi.)

1098 526 1147 554 Th.
1173 527 1204 554 C.
1228 528 1262 554 X.
1286 529 1310 554 6.
1336 538 1357 554 c.
1384 529 1406 554 l.
1431 527 1463 553 de.
1486 536 1563 563 grege
1587 525 1655 552 dom.
1680 524 1740 554 XV.
1760 526 1799 550 10.
1820 534 1841 550 c.
1863 525 1885 549 l.
1907 523 1939 549 de

1097 580 1156 606 equ.
1177 570 1260 597 curul.
1275 586 1307 590 —
1321 571 1449 604 §.1.A.
1470 571 1605 596 Adsecla
1626 569 1844 603 Hermogenis
1862 568 1938 593 ltue—

1097 616 1204 640 retici.
1240 613 1283 640 III.
1304 615 1370 642 Gn.
1390 613 1481 640 Ariani
1501 617 1526 639 et
1544 610 1733 642 Macedoniani,
1755 627 1784 630 —
1804 609 1939 636 Batrachi-

1097 661 1145 688 tae,
1164 656 1366 693 Hermogeniani
1385 661 1434 683 etc.
1455 666 1476 682 c.
1497 657 1521 682 5.
1542 654 1574 680 de
1594 653 1717 679 haeretic.
1740 655 1761 679 1.
1781 653 1892 686 5.—§.
1901 653 1937 678 2.

1097 701 1143 725 Ad
1161 700 1464 735 Hermogenianum
1484 699 1605 725 Letum
1625 703 1782 731 spectans.
1806 695 1849 722 111.
1871 697 1937 723 011.

1097 741 1191 769 Codex
1211 741 1390 779 Gregorianus
1410 747 1488 778 atque
1507 740 1739 776 Hermogenianus.
1760 738 1809 764 Th.
1824 738 1854 765 C.
1875 738 1893 764 I.
1915 739 1936 763 l.

1097 795 1116 811 c.
1129 787 1153 811 5.
1174 785 1279 817 (ch.)
1300 786 1332 813 de
1352 790 1436 812 coust.
1458 784 1500 811 Pr.
1521 783 1627 820 Corpus
1640 782 1849 818 Ilermogeniani.
1869 780 1938 807 Con—

1096 827 1157 854 sult.
1177 833 1229 854 vet.
1248 828 1322 855 LCti.
1343 839 1363 855 c.
1384 830 1407 855 4.
1437 838 1458 855 c.
1478 829 1502 854 6.
1532 837 1553 853 e.
1573 828 1597 853 9.
1635 825 1813 855 constitutio,
1833 834 1853 850 S.
1873 823 1937 855 Lex⁷

1097 871 1308 907 Hermogeniaui.
1329 871 1359 898 L.
1380 871 1456 898 Rom.
1477 871 1557 907 Burg.
1579 871 1618 896 14.
1640 868 1684 903 [al.
1706 868 1757 901 15.]
1776 869 1818 893 23.
1832 868 1874 893 37.

1132 916 1249 942 Hero·
1286 913 1328 940 Cf.
1348 924 1371 940 v.
1392 914 1453 940 Ero.

1133 959 1273 984 Herus.
1311 958 1469 983 Dominus
1495 957 1621 986 (servi.)
1661 955 1678 981 I.
1704 955 1766 988 Sy.
1797 952 1936 979 Dominus.

1098 1000 1127 1027 fr.
1150 1002 1190 1027 11.
1211 1001 1232 1034 §.
1253 1001 1276 1026 6.
1298 999 1330 1026 ad
1349 1000 1379 1026 L.
1400 1000 1469 1036 Aqu.
1489 1000 1512 1025 9.
1531 1001 1556 1024 2.

1131 1043 1418 1070 fleurelnatiea.
1457 1042 1498 1069 Cf.
1517 1052 1542 1068 v.
1560 1041 1733 1068 Eurematica.

1132 1086 1410 1113 Hibernacula.
1439 1087 1539 1117 Loca,
1559 1087 1590 1110 in
1610 1085 1723 1118 quibus
1742 1084 1865 1109 milites
1881 1090 1937 1115 per

1095 1131 1227 1156 hiemem
1254 1131 1414 1155 habitant.
1451 1127 1494 1154 111.
1520 1129 1586 1155 (711.
1605 1126 1634 1153 In
1652 1124 1821 1152 hibernacula
1839 1123 1937 1151 milites

1096 1171 1236 1198 deducere.
1273 1171 1387 1198 Plebisc.
1409 1171 1441 1198 dc
1461 1170 1618 1197 Thermens.
1638 1169 1668 1195 11.
1688 1171 1712 1195 5,

1131 1216 1337 1243 Hibernas.
1352 1216 1398 1241 Ad
1415 1216 1546 1241 hiemem
1565 1219 1723 1248 spectans.
1737 1211 1825 1245 [Sy.
1838 1210 1935 1236 Hieme.

1095 1257 1212 1284 Hiberno
1231 1263 1358 1294 tempore.
1384 1258 1414 1284 l'r.
1438 1259 1459 1284 l.
1484 1257 1523 1291 §§.
1547 1259 1571 1282 2.
1597 1266 1636 1292 sq.
1661 1255 1693 1281 de
1717 1265 1782 1291 aqua
1802 1258 1874 1290 quot.
1894 1254 1935 1278 43.

1093 1302 1135 1327 20.
1173 1300 1203 1326 11.
1229 1302 1297 1334 ΟΡ.
1316 1301 1463 1333 Aestivum,
1484 1316 1516 1319 —
1536 1299 1679 1326 Hibernum
1703 1298 1842 1334 (tempus.)
1862 1296 1892 1322 l'r.
1914 1297 1936 1321 l.

1093 1344 1115 1377 ξ.
1134 1345 1158 1370 3.
1179 1344 1213 1370 ib.
1233 1345 1274 1370 43.
1288 1346 1330 1370 20.
1367 1344 1502 1375 Aestivus⁷
1515 1359 1546 1362 —
1558 1342 1691 1369 Ilibernus
1712 1340 1830 1374 (saltus.)
1850 1339 1880 1365 fr.
1895 1340 1935 1365 67.

1093 1386 1126 1412 de
1144 1386 1221 1422 legat.
1241 1386 1283 1414 ΠΙ.
1304 1387 1372 1420 (32.)

1128 1423 1214 1458 ιιῖο.
1252 1430 1366 1463 (Aavb.)
1403 1430 1434 1463 ς.
1454 1431 1488 1456 1.
1523 1431 1684 1456 121001000.
1708 1427 1750 1454 ΠΙ.
1771 1428 1837 1454 οη.
1858 1424 1936 1451 Vtru-

1093 1473 1174 1509 bique
1194 1475 1288 1510 (posse
1307 1473 1464 1505 conveniri.)
1485 1477 1510 1498 et
1529 1471 1580 1503 hic.
1601 1476 1627 1498 et
1645 1471 1690 1498 ibi.
1710 1471 1741 1497 fr.
1763 1472 1802 1497 19.
1823 1470 1845 1503 ς,
1859 1471 1882 1495 4.
1903 1467 1936 1494 de

1093 1516 1171 1542 indic.
1191 1518 1215 1542 5.
1239 1518 1259 1542 1.
1297 1515 1357 1542 Non
1383 1515 1505 1542 similiter
1528 1515 1571 1541 hic
1595 1515 1719 1545 edicitur.
1745 1518 1772 1540 ut
1792 1518 1839 1539 etc.
1860 1512 1890 1538 fr.
1911 1513 1935 1538 9.

1093 1559 1125 1585 de
1145 1559 1238 1585 iurisd.
1257 1562 1282 1586 2.
1304 1561 1326 1585 l.
1363 1558 1413 1585 Hie
1431 1558 1505 1595 loqui
1525 1563 1636 1585 constat.
1656 1557 1686 1584 fr.
1703 1558 1759 1583 195.
1779 1556 1800 1590 ᾗ.
1816 1558 1839 1582 l.
1859 1554 1892 1581 de
1902 1554 1934 1580 V.

1093 1601 1120 1628 S.
1141 1604 1182 1628 50.
1205 1604 1244 1628 16.
1265 1619 1296 1623 —
1318 1602 1348 1635 ξ.
1372 1603 1408 1628 2.
1433 1603 1469 1628 1η
1487 1604 1545 1628 liae
1563 1612 1609 1633 re,
1628 1611 1650 1627 v.
1670 1602 1780 1635 specie.
1801 1598 1843 1625 ΙΙΙ.
1868 1599 1935 1626 Gn.

1092 1644 1146 1671 Sed
1166 1644 1210 1671 hic
1229 1644 1335 1681 quidam
1359 1644 1453 1671 modus
1477 1643 1623 1670 servandus
1649 1648 1696 1669 est.
1722 1643 1752 1669 fr.
1776 1644 1818 1668 35.
1842 1651 1881 1679 pr.
1902 1640 1934 1667 de

1093 1687 1124 1714 N.
1140 1687 1172 1714 G.
1185 1689 1209 1714 3.
1229 1690 1253 1714 5.
1290 1688 1324 1714 Et
1343 1688 1424 1723 magis
1444 1692 1493 1718 est,
1513 1692 1542 1713 ut
1561 1692 1586 1713 et
1605 1686 1648 1712 hic
1666 1695 1743 1712 causa
1762 1685 1865 1721 cognita
1878 1683 1934 1710 dari

1092 1730 1185 1757 debeat
1205 1730 1261 1763 (sc.
1281 1730 1402 1763 dilatio.)
1427 1729 1457 1756 l'r.
1479 1732 1501 1756 7.
1528 1729 1561 1756 de
1580 1729 1660 1756 seriis.
1680 1731 1705 1755 2.
1727 1730 1765 1754 12.
1803 1728 1843 1754 Ex
1862 1727 1934 1753 bono

1092 1778 1117 1799 et
1136 1783 1219 1810 aequo
1239 1777 1265 1799 et
1284 1772 1326 1799 hie
1346 1774 1467 1810 exceptio
1492 1774 1515 1799 ei
1539 1771 1760 1799 accommodanda
1788 1776 1835 1797 est.
1856 1770 1888 1797 fr.
1908 1771 1932 1796 2.

1091 1816 1112 1850 ξ.
1132 1817 1156 1842 8.
1177 1817 1200 1842 si
1219 1826 1260 1852 qu.
1282 1820 1359 1842 cautt.
1378 1817 1402 1841 2.
1425 1818 1464 1842 11.
1502 1815 1556 1842 Sed
1576 1826 1634 1842 cum
1653 1815 1724 1841 nulla
1744 1814 1837 1841 subest
1856 1823 1933 1840 causa

1090 1863 1200 1896 propter
1219 1860 1428 1891 conventionem,
1448 1859 1491 1885 hic
1511 1863 1614 1885 constat
1633 1868 1685 1884 non
1705 1867 1786 1894 posse
1806 1857 1932 1884 constitui

1090 1901 1284 1938 obligationem.
1305 1901 1335 1928 fr.
1358 1903 1380 1928 7.
1401 1902 1422 1935 §.
1443 1904 1466 1928 4.
1488 1901 1520 1928 de
1539 1906 1608 1939 pact.
1629 1903 1653 1927 2.
1675 1902 1715 1927 14.

1126 1945 1213 1975 llic,
1235 1946 1338 1976 Haec,
1359 1946 1432 1971 Hoc.
1471 1944 1605 1977 (Pronom.
1626 1943 1811 1976 demonstrat.)
1836 1944 1868 1977 ξ.
1896 1944 1931 1969 1.

1091 1990 1170 2020 Iste,
1191 1989 1286 2014 Idem.
1314 1986 1357 2013 III.
1379 1988 1445 2014 Gn.
1464 1987 1533 2013 lllud
1552 1989 1602 2020 (sc.
1623 1988 1676 2021 ius)
1697 1986 1818 2013 omnibus
1838 1987 1932 2012 anima-

1090 2030 1169 2062 libus,
1188 2030 1238 2056 hoc
1257 2029 1323 2056 solis
1342 2030 1494 2056 hominihus
1514 2031 1583 2056 inter
1602 2040 1631 2056 se
1650 2040 1793 2056 commune.
1815 2029 1845 2056 fr.
1867 2031 1888 2055 1.
1908 2029 1930 2062 ᾗ.

1090 2076 1113 2100 4.
1134 2073 1166 2100 de
1186 2073 1204 2100 I.
1220 2072 1277 2099 etl.
1299 2075 1320 2099 1.
1337 2075 1358 2099 l.
1396 2072 1447 2100 Vel
1467 2084 1499 2100 ex
1518 2073 1574 2105 hac.
1595 2073 1637 2099 vel
1658 2084 1689 2100 ex
1709 2073 1752 2099 illa
1773 2082 1857 2099 causa.
1873 2071 1930 2098 Gai.

1090 2116 1119 2143 II.
1139 2117 1198 2142 283.
1235 2115 1295 2142 Non
1315 2115 1366 2142 hoc
1385 2116 1457 2148 dicit⁷
1478 2132 1509 2136 ——
1530 2116 1577 2143 sed
1597 2116 1663 2143 illud
1682 2115 1776 2142 solum.
1796 2115 1826 2142 fr.
1841 2117 1882 2142 90.
1898 2114 1930 2141 de

1089 2159 1121 2186 V.
1142 2159 1169 2186 S.
1189 2161 1230 2185 50.
1252 2160 1291 2185 16.
1328 2159 1451 2185 Adiectio
1470 2159 1534 2186 haec
1556 2174 1583 2178 —
1606 2159 1656 2185 hoc
1675 2159 1813 2195 significat.
1833 2163 1861 2185 ut
1880 2163 1929 2183 etc.

1089 2202 1119 2229 fr.
1140 2203 1198 2229 169.
1218 2202 1253 2228 ib.
1273 2203 1314 2228 50.
1335 2203 1374 2228 16.
1412 2201 1490 2232 Haec.
1511 2203 1533 2229 si
1552 2207 1614 2240 post
1630 2201 1887 2231 condelnnationen13
1906 2201 1928 2226 si

1089 2250 1175 2271 autem
1195 2250 1256 2271 ante
1274 2246 1431 2271 sententiam
1457 2250 1505 2271 etc.
1526 2245 1557 2272 fr.
1579 2247 1617 2271 14.
1643 2246 1664 2279 ξ.
1690 2247 1729 2271 11.
1755 2246 1806 2280 Qu.
1827 2249 1884 2270 met.
1906 2253 1926 2269 c.

1088 2291 1111 2315 4.
1131 2290 1155 2314 2.
1193 2287 1264 2314 Haec
1283 2289 1326 2319 ita,
1347 2304 1379 2307 —
1400 2289 1435 2321 (si
1457 2298 1515 2314 cum
1536 2298 1566 2314 eo
1586 2290 1700 2324 agetur3)
1720 2298 1772 2314 non
1787 2288 1871 2315 etiam.
1891 2287 1927 2319 (si

1088 2331 1166 2366 agat.)
1187 2330 1216 2357 sr.
1237 2332 1279 2357 42.
1299 2330 1332 2357 de
1351 2330 1381 2357 R.
1402 2330 1420 2357 I.
1440 2333 1482 2357 50.
1504 2332 1543 2356 17.
1570 2330 1601 2357 cf.
1622 2330 1651 2357 fr.
1674 2333 1713 2357 17.
1743 2331 1764 2364 ξ.
1783 2332 1806 2356 3
1827 2329 1858 2355 de
1876 2329 1927 2354 Ae-

1089 2373 1133 2400 dil.
1155 2373 1231 2400 edict.
1252 2375 1328 2400 21.1.
1355 2373 1409 2399 Sed
1422 2373 1486 2399 haec
1506 2375 1549 2405 ita,
1569 2375 1620 2400 uisi
1640 2375 1662 2400 si
1683 2379 1729 2399 etc.
1751 2373 1778 2398 I'r.
1790 2374 1830 2397 23.
1852 2371 1884 2397 de
1894 2371 1924 2398 R.

1089 2416 1107 2443 I.
1119 2418 1160 2443 50.
1175 2418 1214 2443 17.
1235 2416 1346 2443 Tutelae
1360 2416 1485 2447 damnari,
1506 2416 1556 2443 hoc
1570 2427 1621 2443 non
1635 2421 1724 2443 natura
1738 2415 1863 2452 probrum
1876 2419 1924 2441 est.

1088 2459 1118 2485 I'r.
1137 2461 1179 2485 42.
1200 2459 1232 2486 de
1251 2458 1283 2485 V.
1304 2459 1331 2485 S.
1351 2461 1391 2485 50.
1414 2460 1452 2485 16.
1490 2459 1547 2486 Hoc
1566 2465 1690 2496 tempore.
1710 2458 1739 2484 fr.
1762 2460 1783 2483 1.
1808 2458 1829 2491 §.
1849 2459 1873 2484 2.
1894 2457 1926 2484 de

1088 2502 1112 2528 h.
1134 2512 1176 2538 qu.
1197 2503 1246 2528 sui.
1268 2504 1289 2528 1.
1310 2503 1333 2528 6.
1371 2501 1413 2528 Ad
1432 2501 1483 2528 hoc
1507 2513 1591 2539 usque
1614 2502 1746 2538 temporis
1766 2500 1796 2526 fr.
1816 2501 1839 2526 8.
1859 2500 1880 2534 ξ.
1900 2503 1924 2527 4.

1088 2544 1120 2571 de
1139 2546 1211 2571 inoff.
1231 2550 1332 2571 testam.
1352 2546 1376 2571 5.
1395 2547 1419 2571 2.
1457 2544 1535 2581 Legis
1559 2546 1655 2571 virtus.
1680 2554 1703 2570 v.
1727 2543 1783 2570 Lex
1807 2548 1924 2575 naturae,

1086 2597 1110 2613 v.
1130 2586 1228 2613 Natura
1248 2587 1431 2619 cavillationis.
1455 2588 1519 2614 haec
1538 2592 1592 2615 est.
1612 2591 1640 2612 ut
1659 2591 1706 2613 etc.
1726 2586 1756 2612 fr.
1777 2588 1799 2612 7.
1819 2585 1852 2613 de
1870 2586 1923 2613 LL.

1088 2632 1109 2656 l.
1130 2631 1153 2656 3.
1175 2630 1204 2656 fr.
1225 2632 1266 2656 24.
1287 2630 1320 2657 de
1339 2636 1407 2657 statu
1427 2631 1495 2656 hom.
1518 2632 1538 2655 l.
1559 2631 1581 2655 5.
1602 2629 1632 2655 fr.
1654 2631 1710 2655 177.
1731 2628 1763 2655 de
1782 2628 1813 2656 V.
1834 2629 1861 2656 S.
1880 2631 1922 2655 50.

1087 2674 1126 2698 16.
1164 2672 1213 2698 IIic
1239 2683 1345 2710 quoque
1369 2684 1458 2703 casuS.
1483 2672 1515 2697 de
1534 2681 1586 2707 quo
1605 2671 1744 2708 loquimur.
1765 2671 1821 2699 Gai.
1842 2672 1860 2699 1.
1879 2674 1920 2699 39.

1061 2738 1062 2743 .
1086 2716 1158 2749 —§·
1171 2716 1206 2742 2.
1219 2717 1279 2742 Ille
1299 2719 1339 2743 Ia.
1360 2716 1477 2743 111.(Υη..
1493 2714 1537 2740 Sic
1557 2715 1708 2751 accipimus.
1728 2725 1780 2742 non
1800 2725 1920 2742 accusan-

1085 2763 1123 2784 tes
1144 2758 1273 2787 dominos.
1294 2759 1343 2785 hoc
1363 2759 1430 2784 enim
1450 2767 1527 2783 servo
1541 2767 1703 2794 nequaquam
1718 2758 1919 2796 permittendum

1059 2794 1061 2844 j
1084 2806 1130 2827 est.
1152 2801 1182 2828 sr.
1204 2803 1225 2828 1.
1246 2802 1266 2835 ξ
1286 2803 1309 2829 8.
1332 2801 1363 2827 de
1383 2800 1425 2826 off.
1446 2799 1497 2826 Prf.
1513 2799 1557 2826 Vr.
1580 2802 1601 2827 1,
1624 2803 1662 2827 12.
1701 2801 1730 2828 Si
1750 2803 1809 2838 quis
1828 2801 1919 2828 illicite
