2197 3121
1028 155 1132 188 CON.

217 238 283 265 adm.
304 243 329 265 et
348 239 428 276 periC.
448 240 489 265 26.
510 240 533 265 7.
571 237 600 264 Si
624 242 682 264 ante
707 237 957 264 consummationem
980 242 1058 264 testa·
1080 242 1081 267 t

217 282 298 308 menti
316 281 411 308 sactum
431 286 477 307 est.
510 281 540 307 fr.
562 282 583 307 1.
604 281 625 314 3.
640 282 664 306 2.
685 279 717 306 de
736 279 760 306 h.
782 290 824 316 qu.
844 281 871 306 in
890 285 991 307 testam.
1006 280 1058 307 del.
1080 289 1081 292 ¹

217 325 258 351 28.
278 325 302 350 4.
342 323 453 361 Propi-io
478 323 554 361 lapsu
577 324 703 360 temporis
729 322 884 349 decurrente
916 322 948 349 ad
970 323 1058 349 XXX.
1079 317 1081 350 .³

218 376 302 403 usque
320 368 576 393 consummationem.
605 365 655 392 Th.
676 365 706 392 C.
727 365 770 392 lv.
795 367 834 391 14.
855 375 876 391 c.
898 366 920 391 l.
940 365 961 399 3.
981 367 1005 391 5.
1026 365 1058 391 de
1079 365 1081 399 ζ

218 410 312 436 action.
333 415 404 436 certo
424 414 502 446 temp.
521 409 566 435 fin.
587 424 618 428 —-
638 409 669 442 ξ.
691 410 728 435 3.
755 409 842 442 Opus
863 412 1048 444 perfectum

218 451 236 478 I.
256 453 317 486 Sy.
352 453 528 489 Compositio,
558 451 715 478 Contextus.
750 461 772 477 c.
790 452 815 476 2.
843 450 880 483 33.
900 452 924 476 2.
950 460 1008 487 sqq.
1032 453 1056 477 8.
1078 446 1080 487 1

218 493 250 520 de
269 499 320 521 vet.
345 496 400 521 iure
423 495 506 521 enucl.
536 496 559 521 l.
581 496 620 520 17.
666 493 708 520 111.
731 495 796 521 Gn.
824 491 948 519 Nostram
972 498 1057 519 autem

218 539 468 563 consummationem
487 553 519 557 ——
539 537 720 573 Digestorum,
744 535 787 562 vel
805 534 994 562 Pandectarum
1013 546 1057 562 no·
1078 547 1079 576 ζ

217 589 276 605 men
294 579 390 606 habere
410 580 548 606 sancimus.
577 590 598 606 c.
620 581 641 605 l.
663 580 685 613 3.
708 581 746 605 12.
766 578 800 604 ib.
824 580 846 604 l.
867 580 908 604 17.
1078 581 1080 641 ¹¹

254 623 554 649 consummatus.
581 621 710 655 (Partic.)
746 622 938 657 Perfectu3‚
958 623 1056 647 Abso-

217 666 313 692 lutus.
352 665 370 691 I.
392 666 452 699 Sy.
478 664 621 695 Perfectus,
641 664 844 690 Consummatae
863 664 988 690 scientiae
1006 666 1057 695 (ar-
1078 664 1079 687 ἶ

218 706 309 740 tifex).
341 707 371 734 fr.
393 709 432 734 19.
457 708 478 741 3.
499 709 522 733 4.
548 707 580 733 de
598 706 685 733 Aedil.
706 706 784 733 edict.
808 708 850 733 21.
871 708 894 732 1.
935 706 965 732 II.
990 708 1057 740 ⁰1).

217 748 294 776 Initio
314 751 381 776 anni.
402 766 434 769 —
454 750 532 776 Anno
552 754 738 776 consummato.
768 749 798 775 fr.
812 751 835 776 S.
849 749 871 782 3.
886 751 910 775 6.
930 749 963 775 de
976 754 1058 775 trans·
1079 765 1080 768 =

218 797 267 818 act.
286 794 311 818 2.
333 795 372 819 15.
410 792 526 829 Coepta,
551 808 583 812 —-—
608 792 795 818 consummata
814 792 952 825 (iniuria).
983 791 1013 818 fr.
1035 794 1057 818 l.
1079 783 1081 834 1

217 835 239 869 3.
259 836 282 860 2.
308 835 359 869 Qu.
380 836 465 871 quisq.
486 836 533 861 iur.
553 837 577 861 2.
596 837 620 861 2.
641 834 685 867 (cf.
705 845 729 861 v.
750 834 948 861 consummare..
967 835 989 868 3.
1002 834 1039 867 2.)
1079 847 1080 872 i

253 878 502 913 Consurgere.
544 879 751 913 Exsurgere‚
783 879 967 912 Insurgere.
1013 876 1056 903 III.
1079 886 1080 889 ¹

217 921 284 947 Cn.
313 920 377 947 Post
397 920 545 947 absolutum
565 919 754 956 dimissumque
772 920 905 949 iudicium.
925 919 997 945 nefas
1018 924 1057 945 est
1079 928 1080 948 1

216 961 289 988 litem
309 962 415 989 alteram
435 972 592 998 consurgere
612 973 644 989 ex
663 962 719 989 litis
738 964 837 1000 primae
855 963 970 988 materia.
1007 961 1056 988 Th.
1078 967 1080 985 ἐ

217 1004 248 1031 C.
268 1005 312 1031 IV.
333 1008 374 1032 15.
395 1016 415 1033 c.
435 1008 458 1032 2.
479 1006 511 1032 de
531 1005 606 1032 fruct.
627 1010 652 1032 et
671 1005 710 1032 lit.
730 1016 837 1042 expens.
881 1005 909 1032 Si
931 1006 985 1032 eius
1005 1005 1057 1031 sue-

217 1048 252 1074 rit
271 1048 420 1085 dignitatis,
440 1053 468 1074 ut
486 1058 649 1085 nequaquam
668 1049 694 1074 iu
714 1059 772 1075 eum
793 1048 883 1074 deccat
902 1048 948 1074 tali
967 1049 1057 1084 vigore
1078 1052 1079 1087 1

217 1100 374 1128 consurgere
394 1096 442 1118 etc.
471 1091 508 1118 lb.
522 1091 590 1117 Ylll.
610 1093 633 1117 5.
655 1102 676 1118 c.
692 1093 714 1117 1.
735 1091 767 1118 de
787 1101 865 1118 cursu
884 1091 946 1128 pub.
966 1090 997 1117 cl'.
1011 1090 1056 1117 IX.
1077 1097 1079 1117 ¹

216 1135 257 1159 40.
278 1144 299 1160 c.
321 1136 360 1160 14.
383 1134 414 1160 de
434 1144 510 1171 poen.

253 1176 472 1204 Consutum.
505 1176 631 1210 (Subst.)
673 1178 836 1209 Linteum,
862 1179 892 1203 in
910 1178 1055 1213 formam
1077 1182 1078 1196 ¹

215 1226 316 1245 zonae
346 1222 561 1246 coniunctum.
607 1219 649 1246 III.
671 1221 736 1247 011.
771 1219 907 1251 Linteum,
936 1235 968 1239 —
997 1229 1057 1245 con-

216 1262 269 1287 suti
297 1271 378 1297 genus
406 1272 478 1294 esse,
507 1272 559 1298 quo
587 1263 751 1289 necessariae
780 1267 869 1299 partes
899 1266 1055 1298 tegerentur.

217 1302 273 1330 Gai.
292 1304 335 1331 [II.
356 1306 413 1331 193.

252 1347 449 1375 consutum
469 1347 589 1381 (Partic.)
619 1351 742 1375 Sutura
762 1350 900 1374 iunctus.
927 1347 968 1374 111.
990 1348 1056 1375 (7¹11.

215 1389 275 1416 Etsi
294 1400 346 1416 uon
366 1395 428 1416 sunt.
447 1390 513 1417 clavi
532 1391 697 1417 vestimentis
718 1391 834 1423 consuti,
859 1393 963 1421 (tamen
982 1395 1056 1416 veste.

216 1431 301 1469 legata
330 1434 482 1464 contineri).
511 1433 541 1459 t'r.
568 1435 607 1460 19.
636 1434 657 1467 3.
683 1435 706 1460 5.
737 1433 768 1459 de
793 1443 855 1459 auro
885 1443 936 1469 arg.
964 1434 1006 1460 34.
1030 1435 1054 1459 2.
1077 1432 1078 1459 l

216 1475 381 1502 membranae
407 1475 522 1502 nondum
546 1481 679 1503 consutae.
716 1475 747 1502 fr.
773 1477 814 1502 52.
834 1476 855 1509 3.
875 1477 899 1501 5.
928 1474 1054 1511 delegat.
1076 1475 1078 1494 ³

216 1518 260 1544 111.
281 1518 356 1551 (32.)

252 1561 451 1595 contagio,
478 1572 498 1588 s.
520 1562 756 1596 Contagium.
800 1563 980 1588 Contactus
1001 1571 1054 1595 pe-

217 1605 345 1636 nitens,
367 1606 562 1632 Commthio
581 1607 733 1632 exitiosa.
770 1603 813 1630 Ill.
834 1605 899 1631 Cn.
931 1603 994 1630 Sive
1012 1614 1055 1641 pe-

219 1655 277 1672 cora
297 1648 450 1682 contagione
468 1648 586 1674 morbosi
605 1649 709 1685 pecoris
729 1648 871 1684 perierunt.
900 1646 930 1673 fr.
951 1648 990 1672 13.
1014 1657 1054 1684 pr.
1076 1663 1078 1683 ¹.

219 1688 251 1714 de
270 1689 301 1715 A.
319 1689 349 1716 E.
368 1689 400 1716 Y.
422 1691 461 1716 19.
483 1693 505 1717 l.
546 1690 632 1717 Casus
652 1692 757 1717 maioris
777 1700 806 1716 ac
825 1690 886 1715 novi
906 1690 1056 1725 contingen·
1076 1691 1078 1708 ²

218 1732 253 1757 tis
272 1733 384 1764 ratione,
404 1732 530 1760 adversus
549 1735 670 1760 timorem
689 1733 864 1769 contagionis,
889 1743 954 1768 quae
974 1737 1055 1758 testes
1077 1745 1078 1767 i

219 1773 334 1800 deterret
353 1780 401 1801 etc.
421 1786 442 1802 c.
457 1779 480 1802 ὅ.
502 1776 534 1802 de
552 1781 654 1802 testam.
674 1781 699 1802 et
719 1776 838 1812 quemad.
858 1777 881 1801 6.
896 1777 937 1801 23.
969 1775 1056 1810 Quan-
1077 1769 1079 1780 ³

219 1815 361 1853 doquidem
379 1817 442 1843 haec
462 1818 573 1850 scelera,
597 1819 669 1845 velut
693 1820 840 1854 contagium
864 1817 995 1854 quoddam
1019 1817 1056 1844 t'u-
1077 1812 1079 1857 1

219 1864 309 1885 nestae
326 1861 425 1896 pestis,
450 1860 562 1887 debeant
581 1860 715 1887 declinari.
744 1860 793 1887 Th.
815 1860 844 1886 C.
864 1860 909 1886 lx.
929 1862 970 1886 25.
991 1871 1011 1886 c.
1031 1863 1055 1886 2.
1078 1893 1079 1897 Ἰ

220 1901 252 1928 dc
272 1903 342 1928 crim.
363 1902 448 1940 pecul.
477 1903 508 1929 ct'.
528 1903 572 1930 IX.
593 1904 634 1929 40.
659 1914 679 1929 c.
700 1905 741 1929 17.
765 1902 797 1929 de
815 1912 893 1939 poen.
930 1902 1056 1929 Precandi
1077 1913 1079 1943 Ξ

219 1955 325 1981 quoque
348 1946 375 1971 in
398 1950 533 1982 posterum
557 1956 637 1983 snper
660 1945 705 1972 tali
729 1947 862 1981 coniugio,
892 1946 943 1972 imo
967 1947 1056 1983 potius
1077 1955 1079 1963 *¹

219 1988 352 2022 contagio,
377 1989 478 2014 cunctis
503 1988 635 2014 licentiam
654 1988 819 2024 denegamus
851 1998 872 2014 c.
892 1991 915 2014 2.
941 1990 962 2015 si
982 1994 1054 2026 nupt.
1077 1980 1079 2004 [

219 2040 251 2057 cx
270 2040 350 2057 rescr.
374 2032 398 2057 5.
423 2033 446 2057 8.
488 2031 684 2057 Haereticorum
708 2030 810 2068 polluta
833 2033 950 2068 contagia
975 2033 1056 2070 (pelli
1077 2010 1079 2067 l

219 2073 350 2106 urbibus).
379 2072 428 2099 Th.
449 2073 479 2100 C.
499 2073 569 2100 XVI.
590 2076 613 2100 5.
634 2084 654 2100 c.
672 2076 714 2100 20.
735 2073 766 2100 de
785 2073 907 2100 haeretic.
943 2074 1055 2101 Iudaicis
1077 2069 1078 2107 l

220 2121 302 2142 semet
328 2115 448 2153 polluere¹
477 2118 612 2153 contagii&
646 2116 684 2142 Ib.
708 2116 778 2143 XVI.
804 2118 826 2143 7.
856 2128 876 2143 c.
903 2119 927 2144 3.
952 2128 991 2155 pr.
1024 2118 1056 2145 de

221 2163 330 2195 apostat.

256 2201 537 2229 contaminare.
566 2203 597 2236 §.
612 2203 646 2228 l.
672 2204 927 2234 Commaculare.
947 2205 1056 2238 Inqni-
1077 2199 1079 2212 ³

1076 1531 1078 1550 Ι

1076 1597 1079 1638 ἔ

1076 1643 1078 1662 Ι

221 2253 304 2270 nare.
330 2244 373 2270 III.
391 2246 455 2271 Gn.
475 2244 565 2280 Aquas
580 2255 712 2281 spurcare,
732 2246 843 2278 fistulas,
858 2246 937 2278 lacus,
953 2246 1056 2282 quodve
1077 2244 1078 2268 l

222 2285 292 2312 aliud
315 2286 347 2312 ad
369 2288 488 2313 iniuriam
511 2287 643 2324 publicam
668 2290 849 2315 contaminare.
882 2289 912 2315 l'r.
938 2292 960 2315 1.
985 2290 1054 2323 3.1.
1077 2281 1078 2315 1

223 2328 255 2355 ds:
275 2333 339 2354 extr.
360 2331 428 2355 crim.
449 2332 545 2356 47.11.
566 2346 597 2349 —
618 2331 648 2364 §.
664 2332 698 2356 2.
720 2332 955 2364 Deltonestare,
976 2335 1055 2359 l'oe-
1076 2331 1077 2334 ¹

222 2374 304 2397 dare.
342 2370 383 2396 III.
408 2373 473 2399 Cn.
501 2373 542 2399 Ab
561 2372 602 2399 his
623 2374 783 2400 secernimus
803 2384 861 2406 eos,
881 2376 976 2411 quibus
997 2385 1056 2401 con·
1077 2389 1078 2398 π

223 2414 341 2439 tamin-‘uri
365 2415 453 2450 potius
476 2416 567 2451 gaudia
586 2416 762 2452 laetitiamque
781 2428 943 2444 communem
962 2434 994 2438 —
1014 2418 1056 2444 ad-

223 2457 355 2482 vertimus.
386 2455 434 2482 Th.
455 2457 485 2484 C.
504 2459 547 2485 ΙΧ.
567 2461 608 2485 38.
629 2470 649 2485 c.
670 2462 693 2485 ὅ.
714 2459 745 2486 de
765 2460 861 2496 iudulg.
882 2461 952 2486 crim.
990 2460 1056 2487 Coe-
1077 2450 1078 2486 l

225 2504 265 2525 tus
286 2499 394 2524 illicitos
414 2510 576 2536 congregare.
596 2502 757 2539 profanaque
769 2509 854 2530 mente
868 2505 1055 2540 omnipotentis
1076 2501 1078 2511 ’

223 2541 264 2567 dei
285 2543 459 2567 contaminare
473 2546 632 2578 mysterium.
652 2545 769 2572 lb.XVI.
782 2548 805 2572 5.
821 2557 842 2572 c.
853 2548 893 2572 26.
914 2546 946 2572 de
958 2546 1054 2573 haeret.
1077 2550 1078 2553 ’

224 2584 255 2610 cs.
276 2584 345 2610 XYI.
366 2586 389 2610 b'.
410 2595 430 2610 c.
453 2587 474 2610 1.
495 2595 526 2610 ne
546 2585 572 2612 S.
591 2587 662 2624 bapt.
682 2589 738 2614 iter.

260 2628 552 2654 (soutaminatio.
577 2631 748 2663 Fomlatio,
769 2632 987 2667 Diffamatio.
1012 2632 1054 2658 ΙΠ.
1077 2651 1078 2680 1

225 2671 291 2698 011.
323 2670 377 2705 Qui
400 2671 497 2706 patitur
523 2680 629 2697 uxorem
648 2682 720 2699 suam
739 2673 903 2710 delinquere,
927 2676 1056 2701 matrimo-
1077 2681 1078 2705 t

225 2713 347 2749 niumque
373 2722 448 2738 suum
475 2715 630 2746 coutemnit.
655 2717 751 2752 quique
775 2719 986 2744 contaminationi
1004 2728 1055 2744 non
1077 2709 1078 2730 1

225 2754 380 2792 indignatur.
405 2754 434 2781 fr.
454 2758 478 2781 2.
498 2756 519 2789 3.
539 2758 562 2782 3.
583 2756 616 2782 ad
634 2756 663 2782 L.
683 2757 729 2784 Iul.
749 2759 781 2785 de
800 2759 878 2787 adult.
898 2763 939 2787 48.
954 2763 976 2788 5.
1009 2761 1058 2787 Pu-
1078 2764 1079 2791 l

226 2797 297 2824 doris
317 2799 535 2825 contaminatione
554 2798 660 2825 foedari.
685 2799 754 2826 Coll.
768 2801 819 2828 LL.
839 2803 872 2829 M.
893 2803 923 2829 V.
937 2805 960 2829 3.
992 2803 1058 2830 Pho-
1078 2808 1080 2832 '1

1077 1306 1078 1321 ³
1100 1309 1141 1334 40.
1161 1310 1185 1334 5.
1211 1307 1242 1334 cf.
1262 1308 1292 1335 fr.
1312 1311 1353 1336 53.
1373 1310 1395 1343 3.
1417 1311 1439 1335 1.
1460 1309 1492 1335 de
1511 1320 1540 1336 re
1559 1310 1611 1337 iud.
1631 1313 1672 1338 42.
1689 1313 1710 1338 l.

1077 1861 1079 1890 ἶ
1100 1866 1121 1898 3.
1142 1866 1166 1891 9.
1186 1864 1218 1891 de
1236 1864 1322 1891 Aedil.
1343 1865 1420 1891 edict.
1440 1867 1481 1892 21.
1503 1868 1524 1892 1.

1880 166 1943 197 209

1104 240 1216 266 tinianae
1236 239 1304 266 labis
1323 242 1522 274 contaminatio,
1546 242 1637 269 Ariani
1662 243 1790 280 sacrilegii
1814 255 1941 274 venenum

1104 287 1152 308 etc.
1182 282 1231 309 Th.
1258 282 1289 309 C.
1308 282 1379 310 XVI.
1401 286 1424 310 5.
1445 295 1465 311 c.
1486 286 1508 311 6.
1530 284 1563 311 de
1581 285 1703 313 haeretic.

1139 326 1360 359 Contegere.
1400 328 1574 360 obducere,
1598 330 1717 356 Velare.
1748 329 1779 356 II.
1796 332 1862 365 ΟΡ.
1882 332 1941 359 Per-

1103 366 1170 394 serre
1189 368 1221 394 ad
1240 373 1357 394 nostram
1378 368 1550 397 clementiam.
1578 387 1610 391 —
1639 371 1830 400 Taciturnitate
1854 380 1942 401 conte-

1079 402 1080 410 *
1101 419 1169 445 gere.
1198 410 1234 437 Ib.
1255 410 1311 436 ΥΠ.
1331 412 1354 437 4.
1376 422 1397 437 c.
1417 414 1458 438 21.
1479 412 1511 438 dc
1531 424 1600 449 erog.
1620 414 1673 440 mil.
1693 425 1787 442 annon.

1138 452 1458 481 Contemnendus.
1502 449 1631 490 (Pan-tic.)
1687 459 1940 487 Contemtibilis.

1101 494 1142 521 III.
1159 496 1225 522 (¹11.
1244 495 1304 522 Non
1325 497 1530 524 contemnendae
1549 501 1713 526 auctoritatis
1733 500 1861 535 (LCtus).
1881 514 1902 529 c.
1915 506 1939 530 5.

1101 536 1133 563 ad
1152 537 1239 564 exhib.
1262 540 1286 565 3.
1305 540 1347 565 42.

1138 579 1400 609 Contemnere.
1438 582 1469 616 §.
1489 583 1523 609 1.
1553 585 1723 618 Sperncre,
1756 588 1939 622 Despioere.

1078 652 1079 657 ¹
1101 621 1144 648 ΙΠ.
1160 624 1225 650 Cn.
1257 623 1325 650 Cum
1343 629 1470 662 patronus
1490 628 1621 653 contemni
1641 638 1669 653 se
1688 639 1700 654 a
1720 628 1816 656 liberto
1835 630 1939 665 dixerit,

1101 664 1144 691 vel
1163 666 1382 694 contumeliosum
1401 668 1452 694 sibi
1476 667 1600 695 libertum
1625 676 1761 706 queratur,
1786 673 1829 699 vel
1853 676 1941 701 convi-

1102 709 1169 734 cium
1188 719 1217 735 se
1236 709 1267 735 ab
1292 720 1321 736 eu
1345 720 1461 747 passum.
1488 710 1527 737 'sr.
1548 713 1571 737 1.
1598 712 1620 745 3.
1642 714 1681 739 10.
1707 713 1739 740 de
1758 715 1801 742 off.
1822 715 1874 742 Prf.
1894 717 1939 744 Vr.

1103 752 1125 777 l.
1148 753 1186 777 12.
1212 752 1243 778 cl'.
1264 752 1294 778 sr.
1316 754 1355 779 15.
1381 753 1413 779 de
1432 763 1509 780 servo
1530 764 1596 780 corr.
1618 756 1656 781 ll.
1676 757 1700 782 3.
1739 756 1940 787 Observandum

1103 798 1143 819 est
1166 795 1206 820 ius
1231 795 1364 827 reddenti,
1394 800 1422 822 ut
1450 797 1476 822 in
1506 795 1626 823 adeundo
1655 798 1759 834 quidem
1783 800 1884 828 facilem
1911 813 1940 829 se

1101 836 1238 873 praebeat.
1263 837 1311 864 sed
1336 840 1468 865 contemni
1493 849 1546 865 non
1569 841 1691 877 patiatur.
1724 841 1754 868 fr.
1781 845 1820 870 19.
1845 855 1884 881 pr.
1908 846 1940 872 de

1102 879 1145 905 oss.
1165 878 1253 906 Praes.
1275 883 1296 907 l.
1318 882 1357 907 18.
1395 882 1569 911 Maiestatem.
1594 893 1618 909 v.
1637 884 1842 915 Auctoritatem.
1866 887 1940 915 Prae-

1101 923 1167 948 toris
1187 927 1316 949 contcmn.
1348 923 1377 949 l'r.
1397 926 1420 950 9.
1447 924 1478 951 de
1498 925 1589 952 iurisd.
1609 928 1632 952 2.
1654 928 1675 953 1.
1706 927 1736 954 fr.
1756 930 1780 954 5.
1805 929 1838 955 de
1861 931 1939 958 iudic.

1101 967 1125 990 5.
1147 967 1221 991 1.-
1242 967 1272 999 ς’.
1293 967 1328 992 2.
1349 968 1488 1000 Insuper
1506 970 1634 1001 habere,
1657 970 1823 998 omittere.
1849 972 1940 1008 [Sy.

1101 1006 1179 1033 Nolle
1198 1009 1243 1035 uti.
1273 1008 1302 1035 fr.
1316 1010 1357 1035 41.
1378 1008 1410 1035 de
1429 1011 1521 1036 minor.
1541 1011 1565 1036 4.
1579 1012 1602 1037 4.
1634 1011 1774 1048 Spernere,
1793 1013 1939 1052 Negligere.

1101 1049 1131 1076 fr.
1152 1052 1174 1076 l.
1194 1051 1215 1084 3.
1235 1054 1259 1077 8.
1279 1051 1311 1077 de
1330 1052 1417 1079 Aedil.
1438 1052 1514 1079 edict.
1535 1055 1576 1079 21.
1598 1055 1619 1079 l.
1644 1054 1673 1080 fr.
1688 1057 1711 1081 5.
1732 1056 1753 1089 3.
1773 1057 1796 1082 9.
1823 1057 1854 1084 de
1873 1059 1938 1086 adm.

1101 1098 1126 1119 et
1144 1094 1224 1130 peric.
1249 1095 1291 1120 26.
1312 1096 1335 1121 7.
1372 1095 1416 1122 III.
1437 1097 1502 1123 Cn.
1532 1096 1635 1131 Quodsi
1660 1097 1785 1129 noluerit.
1815 1106 1858 1126 aut
1881 1112 1940 1128 con-

1100 1137 1226 1162 temserit.
1260 1136 1290 1163 sr.
1310 1139 1351 1164 52.
1377 1138 1410 1165 (le
1434 1149 1545 1165 manum.
1571 1143 1671 1165 testam.
1700 1142 1740 1167 40.
1760 1144 1784 1168 4.
1827 1143 1856 1170 Si
1880 1146 1940 1181 quis

1102 1178 1144 1205 vel
1172 1178 1358 1213 differendum,
1387 1181 1430 1208 vel
1458 1182 1676 1208 contemnendum
1704 1193 1762 1210 esse
1791 1186 1939 1214 crediderit.

1101 1221 1151 1248 Th.
1171 1221 1202 1248 C.
1223 1221 1266 1249 11.
1286 1224 1310 1249 4.
1331 1234 1352 1250 c.
1371 1226 1414 1250 20.
1435 1224 1467 1250 de
1487 1224 1571 1251 Praet.
1593 1230 1617 1251 et
1637 1226 1689 1261 Qu.
1727 1226 1756 1252 Si
1775 1237 1827 1254 nou
1847 1228 1939 1263 latitet,

1101 1269 1251 1291 contemnat
1270 1271 1354 1293 autem
1373 1268 1470 1293 venire.
1504 1267 1534 1294 fr.
1554 1269 1595 1294 28.
1620 1269 1685 1302 3.1.
1711 1268 1743 1295 de
1765 1270 1850 1298 fideie.
1875 1272 1938 1299 libb.

1748 1311 1896 1351 Ynicuique
1912 1316 1940 1342 li·

1101 1355 1142 1377 cet
1161 1355 1327 1378 contemnere
1346 1352 1422 1383 haec,
1443 1362 1509 1388 quae
1527 1363 1576 1390 pro
1596 1364 1625 1379 se
1644 1354 1792 1381 introducta
1811 1363 1880 1384 sunt.
1910 1358 1939 1385 t'r.

1100 1395 1141 1419 41.
1161 1393 1193 1419 de
1212 1395 1304 1420 minor.
1324 1396 1348 1420 4.
1369 1397 1392 1421 4.
1430 1395 1533 1422 Diebus
1553 1406 1582 1422 ac
1603 1397 1734 1426 noctibus.
1755 1403 1780 1424 et
1795 1402 1864 1426 omni
1879 1406 1940 1427 tem-

1099 1442 1201 1474 pestate
1221 1442 1364 1469 contemta,
1388 1438 1438 1464 iter
1463 1440 1616 1465 continuare
1640 1441 1704 1476 cogi.
1737 1440 1767 1467 sr.
1789 1443 1846 1469 137.
1874 1444 1895 1478 3.
1915 1446 1938 1470 2.

1100 1479 1133 1506 de
1151 1479 1183 1506 V.
1204 1480 1236 1506 0.
1260 1482 1301 1506 45.
1323 1481 1345 1506 l.

1136 1523 1406 1555 Contemplari.
1446 1525 1677 1557 Considerare,
1710 1528 1874 1560 Spectat-e.
1920 1530 1938 1556 I.

1100 1567 1161 1600 Sy.
1198 1566 1267 1592 Ante
1287 1565 1378 1592 oculos
1399 1566 1503 1593 habere.
1532 1566 1562 1593 fr.
1582 1569 1605 1593 3.
1627 1568 1648 1602 3.
1668 1570 1692 1594 2.
1719 1569 1764 1596 ubi
1781 1580 1844 1608 pup.
1865 1572 1938 1599 educ.

1099 1611 1140 1635 27.
1160 1611 1184 1635 2.

1137 1652 1425 1685 Contemplatio.
1447 1654 1559 1685 Ratio,
1580 1655 1737 1682 Intuitus.
1761 1655 1779 1681 Ι.
1795 1657 1856 1690 Sy.
1877 1657 1939 1684 Gra-

1100 1695 1143 1727 tia,
1163 1694 1393 1732 Contemplatione
1412 1694 1544 1727 (alicuius,
1563 1706 1599 1722 sc.
1620 1696 1739 1723 relictum
1759 1700 1833 1732 ete).
1852 1699 1939 1728 [1:21.

1100 1747 1140 1773 sq.
1160 1737 1192 1763 de
1212 1737 1279 1763 usuf.
1300 1739 1360 1763 7.1.
1398 1737 1438 1763 Ill.
1452 1739 1517 1765 Cn.
1541 1738 1652 1765 Multum
1671 1740 1799 1767 interesse
1818 1742 1939 1776 arbitror,

1101 1781 1142 1805 cui
1166 1779 1237 1805 volet
1261 1784 1444 1816 prospectum,
1469 1781 1596 1817 cuiusque
1619 1783 1840 1820 contemplatione
1862 1790 1940 1812 testa·

1100 1827 1142 1848 tor
1161 1821 1259 1848 fecerit.
1289 1822 1318 1848 fr.
1340 1824 1380 1848 11.
1400 1823 1422 1856 3.
1442 1825 1483 1849 22.
1505 1823 1536 1849 de
1556 1823 1632 1859 legat.
1652 1824 1694 1851 111.
1716 1827 1782 1860 (32.)
1803 1827 1834 1854 cs.
1854 1828 1884 1855 fr.
1897 1831 1938 1856 23.

1568 1866 1647 1901 Quod
1666 1867 1762 1895 sactum
1781 1871 1940 1908 contempla-

1101 1909 1171 1934 tione
1191 1917 1304 1939 morum,
1329 1912 1354 1933 et
1374 1918 1450 1934 causa
1468 1908 1590 1945 publicae
1612 1909 1773 1943 honestatis,
1798 1913 1938 1941 vindictam

1101 1950 1321 1977 extraordinariae
1349 1950 1458 1977 ultionis
1484 1957 1627 1988 exspectat.
1662 1952 1733 1980 Paul.
1759 1954 1790 1981 V.
1810 1957 1833 1982 4.
1854 1957 1875 1990 3.
1895 1959 1936 1983 21.

1099 1993 1163 2019 Eam
1182 1993 1290 2019 formam
1309 1998 1432 2025 statuere,
1452 2005 1528 2031 quam
1547 1994 1641 2022 modus
1659 1996 1719 2023 l'acti
1742 1998 1939 2036 contemplatio-

1101 2046 1151 2072 que
1175 2036 1321 2062 dictaverit.
1350 2036 1399 2063 Th.
1424 2037 1455 2064 C.
1480 2038 1523 2064 lx.
1550 2040 1591 2064 40.
1620 2048 1641 2065 c.
1663 2041 1702 2066 10.
1730 2040 1763 2066 de
1785 2051 1862 2078 poen.
1909 2042 1937 2069 Si

1101 2079 1211 2105 amicitia
1232 2078 1279 2104 Iilii
1300 2080 1350 2107 tui.
1370 2079 1412 2106 vel
1432 2081 1514 2111 servi,
1539 2080 1581 2107 vel
1600 2091 1688 2108 eorum
1708 2084 1936 2121 contemplatione,

1077 2153 1079 2157 y
1101 2123 1219 2157 (negotia
1239 2123 1308 2157 gessi
1328 2122 1494 2158 peculiaria).
1527 2123 1556 2149 sr.
1576 2126 1599 2149 ⁴5.
1625 2125 1646 2157 3.
1667 2127 1690 2151 6.
1715 2126 1747 2152 de
1767 2126 1798 2152 N.
1819 2128 1849 2154 G.
1869 2130 1892 2154 3.
1912 2131 1935 2154 5.

1078 2182 1079 2190 η
1101 2164 1181 2200 Quod
1201 2166 1249 2197 (sc.
1269 2166 1411 2201 negotium)
1433 2166 1463 2191 ab
1484 2168 1558 2193 initio
1578 2172 1650 2193 tuum
1669 2178 1721 2193 non
1741 2174 1808 2201 erat,
1829 2170 1875 2197 sed
1894 2176 1936 2197 tua

1077 2230 1078 2243 χ
1101 2207 1321 2244 contemplatione
1340 2213 1448 2244 gestum.
1469 2209 1498 2235 sr.
1511 2211 1534 2235 (i.
1555 2210 1591 2243 33.
1606 2211 1628 2235 9.
1645 2220 1702 2246 sqq.
1723 2211 1758 2237 ib.
1778 2214 1801 2238 3.
1822 2214 1844 2238 5.
1883 2214 1935 2248 Qui

1101 2250 1321 2287 contemplatione
1342 2256 1471 2276 extremae
1491 2253 1668 2285 necessitatis,
1693 2258 1735 2279 aut
1755 2253 1935 2281 alimentorum

1100 2295 1194 2329 gratia.
1223 2293 1293 2319 tilios
1318 2303 1380 2319 suos
1406 2293 1579 2320 vendiderint.
1608 2295 1679 2321 Paul.
1700 2295 1731 2322 V.
1757 2298 1778 2322 1.
1804 2298 1824 2330 3.
1847 2299 1868 2323 1.
1905 2298 1934 2323 Si

1100 2337 1178 2363 l'uerit
1197 2336 1330 2367 donatum,
1350 2352 1382 2355 —-
1402 2335 1449 2361 hac
1474 2341 1558 2363 tamen
1583 2339 1813 2375 contemplatione.
1840 2344 1865 2364 ut
1885 2344 1933 2366 ete.

1101 2379 1130 2405 sr.
1150 2381 1191 2405 25.
1206 2390 1244 2416 pr.
1266 2379 1297 2405 d·—
1316 2379 1388 2405 inoff.
1408 2383 1509 2405 testam.
1529 2382 1552 2406 5.
1563 2383 1586 2407 2.
1625 2381 1675 2408 Cui
1695 2382 1834 2407 fideiussor
1853 2383 1875 2407 is
1895 2392 1934 2408 ac-

1077 2442 1078 2448 .
1101 2423 1194 2454 cessit,
1219 2423 1276 2448 siue.
1303 2421 1522 2458 contemplatione
1546 2425 1609 2450 iuris
1633 2425 1763 2461 praetorii.
1794 2423 1824 2449 sr.
1846 2425 1886 2450 95.
1911 2425 1932 2458 3.

1100 2466 1124 2491 3.
1154 2464 1186 2491 de
1215 2464 1292 2490 solut.
1327 2466 1367 2490 lli.
1391 2466 1415 2490 3.
1466 2464 1695 2503 Contemplatione
1726 2465 1830 2498 salutis,
1862 2472 1933 2493 certo

1100 2507 1178 2533 modo
1198 2508 1329 2533 aestimari
1349 2517 1401 2533 non
1421 2507 1526 2544 placuit.
1556 2508 1626 2535 Paul.
1648 2508 1676 2533 Y.
1698 2509 1737 2533 11.
1758 2508 1778 2541 3.
1799 2509 1822 2534 6.
1859 2509 1934 2536 Prae-

1100 2550 1183 2576 fertur
1203 2549 1387 2586 contemplatio
1407 2550 1528 2586 publicae
1547 2551 1673 2577 utilitatis.
1697 2549 1733 2575 Ila.
1748 2550 1776 2576 II.
1794 2552 1832 2577 19.
1847 2552 1868 2585 3.
1883 2555 1905 2578 5.

1136 2593 1423 2619 Contelnfibilis.
1444 2593 1572 2625 (Adiect.)
1601 2595 1816 2626 Spernendus‚
1840 2596 1932 2621 Vilis.

1100 2635 1142 2662 III.
1159 2637 1225 2663 Cn.
1251 2635 1327 2662 Circa
1346 2635 1487 2662 advocatos
1506 2637 1645 2671 patientem
1665 2644 1723 2661 esse
1737 2634 1843 2663 Procos.
1857 2648 1932 2674 opor-

1103 2683 1152 2709 tet,
1173 2677 1220 2704 sed
1239 2689 1296 2704 cum
1316 2679 1428 2714 ingenio.
1448 2688 1480 2703 nc
1499 2677 1683 2703 contemtibilis
1702 2677 1828 2705 videatur.
1858 2679 1887 2705 sr.
1907 2682 1930 2706 9.

1102 2722 1123 2755 3.
1137 2723 1162 2747 2.
1182 2721 1214 2747 de
1227 2721 1270 2747 off.
1284 2720 1391 2747 Procos.
1407 2725 1431 2746 et
1443 2719 1504 2754 ch.
1526 2721 1547 2744 1.
1563 2721 1603 2745 16.
1632 2720 1790 2747 Ornalnenta
1808 2723 1931 2758 pretiosa.

1101 2763 1144 2789 vel
1163 2765 1246 2790 vestis
1266 2765 1361 2791 serica.
1386 2762 1426 2788 vel
1446 2761 1508 2797 quid
1528 2761 1598 2788 aliud
1616 2773 1667 2789 non
1687 2764 1872 2790 contemtibile.
1899 2764 1928 2791 fr.

1101 2808 1141 2832 37.
1164 2806 1185 2839 3.
1208 2809 1229 2832 l.
1251 2806 1282 2833 de
1302 2806 1421 2832 cvictiou.
1440 2805 1481 2829 21.
1501 2806 1524 2830 2.

1457 2848 1490 2872 27
