2197 3121
273 164 336 194 450

272 245 360 278 feras)
378 246 452 272 initio
481 243 618 271 incluserit
647 246 734 281 operis
760 245 831 276 suis,
860 243 903 271 vel
931 248 994 281 post
1020 243 1114 271 ibimet

271 289 345 326 ipsae
359 288 402 321 [al.
415 287 520 314 sibimet
539 289 620 325 ipsae,
640 297 664 313 v.
679 288 702 314 si
721 287 858 325 metipsae]
876 286 1024 318 inciderint,
1044 286 1114 313 dcla-

271 341 368 369 psaeve
389 330 491 357 suerint.
512 330 541 356 fr.
562 331 603 356 62.
623 330 645 363 §.
667 332 688 356 1.
714 330 747 357 de
774 330 855 357 ususr.
876 332 898 356 7.
920 331 942 356 1.
968 329 1000 356 cf.
1020 328 1050 356 fr.
1070 331 1112 357 29.
1135 346 1137 370 ;

271 385 311 412 pr.
331 373 363 400 ad
381 372 411 400 L.
431 373 500 409 Aqu.
520 374 543 399 9.
563 375 588 399 2.
609 372 639 400 l'r.
659 375 700 400 55.
721 372 754 400 de
771 373 803 400 A.
823 373 853 400 R.
873 373 907 400 D.
926 374 968 399 41.
991 374 1012 399 1.
1043 371 1113 399 Fieri
1134 376 1137 414 l

271 421 361 455 potest
380 421 408 443 ut
426 415 505 442 aedes
525 416 646 448 vitiosae,
665 417 692 443 in
711 416 789 443 aedes
809 426 861 443 uon
874 416 984 442 vitiosas
997 415 1113 442 inciden-

270 465 320 491 tes,
339 459 461 486 damnum
480 458 542 485 mihi
563 458 634 485 dent.
655 459 683 486 i'r.
705 460 744 486 13.
764 459 786 493 5.
805 461 830 485 2.
849 458 882 485 de
902 458 986 485 damn.
1006 458 1052 485 inf.
1070 460 1112 486 39.

268 505 293 529 2.
331 502 415 529 Glans
441 511 473 528 ex
497 501 591 528 arbore
616 507 659 529 tua
684 503 711 529 in
730 502 838 529 fundum
856 511 941 528 meum
961 501 1061 529 incidit.
1081 501 1112 528 fr.

269 547 293 572 9.
314 545 336 580 §
358 547 380 572 l.
401 544 432 571 ad
453 544 541 571 cxliib.
563 546 602 571 10.
622 546 645 571 4.
666 561 697 565 —
717 546 748 579 §.
762 546 796 572 2.
812 547 1002 579 1mplicari,
1022 546 1112 572 Com-

269 590 401 615 mittere
426 589 458 614 in
482 593 540 614 etc.
580 589 698 615 Tenen*
721 590 754 614 ab
777 594 831 615 etc.
867 587 886 614 I.
907 588 969 622 Sy.
1001 587 1111 615 Cadere,

269 630 311 658 Cf.
333 631 356 657 11.
377 641 401 658 v.
421 630 444 664 §.
463 632 488 657 5.
525 630 622 658 Facere
641 635 744 662 contra,
769 630 928 662 Offendere,
946 630 1066 657 Incidere
1084 632 1111 658 in

268 674 354 707 (S.C.
375 684 398 701 v.
419 673 560 705 edictum.)
584 673 615 700 i'r.
635 676 659 700 6.
684 674 722 707 55.
743 675 764 700 l.
785 683 824 710 sq.
851 675 874 700 si
893 684 936 711 qu.
957 683 1007 700 om.
1027 684 1048 700 c.
1068 675 1110 701 29.

267 719 291 744 4.
316 716 347 744 fr.
366 719 408 744 22.
433 717 470 751 55.
493 718 515 743 1.
533 718 556 743 9.
577 716 610 742 de
629 715 658 743 L.
679 716 760 743 Corn.
787 716 820 743 de
839 716 896 743 fals.
922 717 963 743 48.
985 718 1025 743 10.
1063 716 1112 743 Te-

268 760 332 786 neri.
352 759 437 787 Plecti
457 759 565 793 (edicto,
584 769 607 785 v.
629 759 711 786 S.Cto
731 760 794 792 etc.)
813 759 932 787 Incidere
945 761 971 786 in
984 759 1112 793 <edictum

268 803 331 835 etc.)
350 802 380 830 fr.
399 804 441 829 20.
466 802 487 836 5.
507 804 531 829 3.
552 802 582 828 l'r.
601 804 642 828 22.
668 803 733 836 5.1.
758 802 811 838 Qu.
836 804 862 829 vi
886 807 931 830 aut
955 802 988 829 cl.
1008 804 1049 830 43.
1068 805 1110 829 24.

269 845 299 872 [r.
321 847 344 872 1.
364 845 464 879 55.10.
484 855 542 881 sqq.
563 844 594 871 ad
614 845 641 872 S.
651 845 680 872 C.
696 844 778 882 Turp.
799 847 840 873 48.
863 847 901 873 16.
939 845 1112 873 Committere

268 889 310 922 (in
330 899 455 926 poenam,
474 898 511 914 sc.
531 887 637 921 edicti.)
661 888 690 915 l'r.
715 889 740 915 3.
764 889 802 923 55.
827 891 850 916 2.
870 899 930 926 sqq.
954 888 985 916 fr.
1009 890 1033 915 4.
1058 888 1110 925 Qu.

267 932 355 968 quisq.
375 932 424 958 iur.
443 934 466 957 2.
486 932 511 956 2.
531 930 562 958 sr.
580 933 622 958 23.
642 930 674 958 de
694 932 721 958 in
740 932 782 958 ius
801 941 858 959 voc.
878 934 902 958 2.
923 933 946 958 4.
984 931 1027 958 III.
1044 933 1110 959 Gn.

267 973 324 1000 Nec
344 984 445 1000 omnem
460 990 491 994 —
506 973 556 1000 hoc
577 973 664 1000 edicto
678 976 812 1001 conveniri
826 984 921 1012 posse;
941 985 1027 1011 neque
1042 976 1110 1001 enim

267 1032 300 1036 —-
319 1017 341 1042 si
362 1017 420 1052 quis
440 1016 521 1043 officii
545 1016 657 1044 honeste
680 1017 792 1044 faciendi
816 1019 897 1054 gratia
916 1017 943 1044 id
966 1017 1039 1050 facit,
1060 1023 1111 1044 sta-

266 1060 313 1085 tim
333 1060 359 1085 in
379 1058 493 1086 edictum
512 1059 613 1086 incidit.
633 1060 664 1087 fr.
686 1062 724 1086 l5.
749 1061 771 1095 5.
790 1062 831 1087 23.
857 1060 890 1087 de
909 1061 985 1088 iniur.
1005 1062 1047 1087 47.
1069 1062 1108 1086 10.

266 1101 322 1128 Hoc
342 1101 428 1128 edicto
454 1112 505 1129 non
530 1104 614 1130 teneri
639 1104 693 1137 (sc.
714 1104 804 1136 eum,)
825 1119 857 1123 —
877 1105 996 1140 quamvis
1022 1104 1109 1140 negari

266 1155 319 1171 non
338 1146 433 1182 possit,
454 1147 480 1172 in
499 1145 589 1172 Iuliam
609 1156 667 1172 eum
687 1145 719 1172 de
737 1147 764 1172 vi
783 1146 919 1173 incidisse.
939 1146 970 1173 sr.
991 1148 1031 1173 12.
1051 1146 1071 1179 5
1083 1148 1108 1173 2.

266 1187 299 1215 cf.
319 1187 352 1215 fr.
373 1189 397 1215 8.
417 1199 457 1226 pr.
477 1188 529 1224 Qu.
549 1193 608 1215 met.
629 1199 650 1216 c.
670 1191 695 1215 4.
713 1190 737 1216 2.
779 1188 940 1216 Poenalibus
959 1189 1108 1216 actionibus

265 1241 318 1257 non
339 1230 546 1268 adstringuntur,
566 1233 593 1258 in
613 1241 677 1268 quas
696 1231 846 1259 inciderunt
865 1231 892 1259 1ιί
912 1237 960 1259 etc.
981 1232 1010 1259 fr.
1026 1234 1066 1259 17.
1085 1232 1108 1266 §.

266 1276 306 1300 15.
327 1273 359 1300 ad
378 1275 474 1300 munic.
498 1276 540 1301 50.
565 1276 588 1301 1.
625 1274 708 1301 Posse
733 1274 845 1311 aliquem
865 1274 890 1302 d.
909 1285 941 1302 m.
962 1275 1060 1308 facere,
1080 1280 1109 1302 ut

265 1318 292 1344 in
312 1327 367 1343 eam
393 1317 476 1353 legem
500 1328 553 1344 non
576 1317 682 1344 incidat.
705 1317 736 1344 fr.
755 1319 780 1344 3.
805 1318 827 1352 §.
848 1319 871 1345 6.
897 1318 930 1345 de
948 1318 1000 1346 tab.
1020 1318 1107 1345 exhib.

265 1361 308 1386 43.
329 1362 352 1387 5.
390 1359 470 1386 Iucid.
490 1361 516 1386 in
536 1359 697 1388 voluntatem
717 1360 800 1388 S.C[i.
821 1361 852 1388 fr.
872 1363 914 1388 22.
934 1362 956 1396 §.
971 1363 1011 1388 ll.
1032 1361 1064 1388 de
1077 1361 1107 1389 L.

265 1402 346 1430 Corn.
367 1402 399 1429 de
418 1402 475 1429 sals.
500 1404 540 1429 48.
566 1405 605 1430 10.
651 1403 732 1430 Iucid.
757 1404 784 1430 in
804 1405 916 1437 crimen,
940 1415 965 1431 v.
982 1414 1105 1444 poenam.

265 1445 296 1473 fr.
318 1447 374 1472 152.
394 1456 432 1483 pr.
453 1445 482 1472 fr.
504 1448 560 1472 154.
585 1446 617 1473 de
641 1445 672 1473 R.
697 1446 716 1473 I.
740 1448 783 1474 50.
810 1449 850 1474 17.
880 1464 911 1469 —
943 1448 974 1481 §.
996 1449 1033 1475 3.
1055 1450 1108 1475 Ιη-

264 1499 408 1520 currere,
432 1489 583 1526 Deferri,
607 1491 790 1517 Pervenire.
828 1490 847 1517 I.
873 1492 935 1525 Sy.
965 1490 1106 1518 Contineri

265 1531 439 1565 (definitione,
459 1542 480 1558 s.
500 1533 652 1564 sententia.)
671 1532 752 1560 Incid.
774 1533 812 1566 (in
833 1535 910 1567 eam.)
929 1533 960 1561 fr.
981 1535 1021 1561 71.
1041 1535 1062 1568 §.
1084 1536 1106 1561 1.

265 1574 298 1601 de
317 1574 404 1601 hered.
425 1575 487 1601 inst.
506 1576 548 1601 28.
569 1577 592 1601 5.
613 1574 643 1601 fr.
662 1577 703 1602 27.
725 1576 747 1610 §.
766 1577 790 1603 3.
810 1576 843 1603 de
865 1586 928 1603 auro
948 1587 999 1613 arg.
1019 1578 1061 1604 34.
1081 1579 1106 1604 2.

264 1617 362 1644 Venire
382 1618 408 1644 in
428 1618 663 1654 (computationem
682 1617 771 1654 Iegis.)
790 1618 870 1645 Incid.
892 1620 931 1652 (in
950 1619 1055 1656 legem.)
1075 1620 1106 1646 sr.

264 1662 305 1687 60.
325 1661 346 1694 5.
368 1662 391 1687 l.
411 1659 442 1686 ad
462 1659 492 1686 L.
516 1659 586 1686 falc.
604 1661 646 1687 35.
665 1663 689 1687 2.
726 1660 768 1687 III.
790 1663 856 1689 οη.
889 1660 956 1688 Cum
975 1662 1107 1689 coherede

264 1713 317 1730 non
337 1702 524 1735 contrabimus,
544 1703 591 1729 sed
610 1703 750 1730 incidimus
774 1705 800 1731 in
825 1714 890 1731 cnm.
910 1704 942 1731 fr.
961 1707 1002 1731 25.
1023 1706 1105 1739 §.16.

264 1745 341 1773 famil.
362 1747 453 1773 ercisc.
475 1748 515 1773 10.
535 1748 561 1773 2.
585 1745 615 1772 fr.
634 1748 677 1773 31.
701 1757 749 1784 pro
775 1757 828 1773 soc.
854 1749 893 1773 17.
913 1749 937 1773 2.
974 1747 1105 1786 Pupillus,

265 1805 296 1808 —
316 1790 361 1826 qni
380 1799 433 1816 non
452 1790 510 1827 ipse
529 1790 673 1821 contraxit,
698 1789 746 1816 sed
770 1791 796 1817 in
815 1794 929 1817 tutorem
947 1791 1053 1824 incidit,
1080 1796 1106 1818 et

264 1832 367 1867 ignorat
386 1833 479 1859 omnia.
500 1832 530 1858 sr.
552 1834 591 1858 12.
616 1842 670 1859 rem
694 1843 756 1870 pup.
781 1833 846 1860 salv.
872 1835 913 1860 46.
933 1835 956 1860 6.
994 1833 1023 1860 In
1042 1839 1105 1861 tem-

264 1879 406 1912 pestatem,
427 1885 450 1901 v.
470 1876 496 1901 in
516 1875 631 1902 fluminis
651 1876 718 1908 vim,
739 1876 817 1903 incid.
838 1875 867 1902 fr.
887 1878 913 1903 2.
933 1877 955 1911 §.
974 1878 998 1904 8.
1019 1878 1042 1904 si
1061 1887 1104 1914 qu.

265 1922 343 1944 cautt.
361 1920 385 1944 2.
407 1919 447 1944 11.
483 1918 512 1944 In
535 1918 652 1945 latrones
676 1919 783 1950 incidit,
808 1920 947 1956 (suamque
966 1921 1104 1957 pecuniam

264 1960 401 1997 perdidit.)
421 1960 451 1987 fr.
471 1963 511 1987 52.
531 1961 596 1994 5.-1.
616 1971 664 1998 pro
685 1971 739 1988 soc.
760 1964 799 1989 17.
818 1964 842 1989 2.
880 1962 908 1989 In
928 1962 1105 1990 valetudinem

265 2002 400 2030 adversam
419 2003 498 2030 incid.
523 2003 552 2030 fr.
577 2006 618 2030 20.
644 2003 676 2030 de
702 2005 791 2031 iniust.
810 2010 878 2043 rupt.
897 2007 940 2031 28.
959 2007 983 2032 3.
1020 2005 1049 2032 In
1068 2007 1105 2032 vi-

266 2047 329 2072 tium
349 2045 497 2073 inciderunt
516 2046 628 2079 (aech.)
648 2047 678 2074 fr.
701 2049 739 2074 13.
759 2048 781 2082 5.
795 2049 819 2074 6.
840 2047 874 2075 dc
892 2048 977 2075 damn.
997 2048 1042 2075 ins.
1061 2050 1104 2075 39.

264 2091 289 2115 2.
309 2090 363 2124 Qui
382 2089 530 2115 inciderunt
549 2090 574 2116 in
594 2091 749 2127 captionem.
769 2090 799 2117 fr.
822 2093 843 2117 l.
864 2090 896 2117 de
915 2091 932 2117 I.
953 2091 971 2118 I.
991 2091 1022 2118 R.
1041 2094 1066 2118 4.
1081 2094 1103 2119 1.

266 2147 297 2152 -—
318 2132 348 2164 ξ.
370 2134 408 2159 4.
430 2134 596 2164 Accidere,
616 2135 766 2160 Evenire.
795 2133 813 2160 1.
829 2135 890 2168 Sy.
904 2134 1041 2162 Accidere.
1060 2134 1103 2162 Cf.

266 2173 290 2200 11.
310 2183 334 2200 v.
354 2175 419 2208 5,1.
456 2175 499 2201 111.
524 2176 591 2203 Gn.
611 2175 700 2211 Quod,
720 2180 799 2213 prout
816 2186 859 2203 res
879 2177 978 2209 incidit,
998 2179 1024 2204 in
1044 2178 1104 2205 albo

265 2218 431 2254 propositum
455 2219 511 2245 erit.
537 2218 567 2245 fr.
593 2220 615 2245 7.
635 2229 673 2256 pr.
700 2218 732 2245 de
751 2218 842 2245 iurisd.
862 2221 886 2246 2.
908 2221 928 2246 l.
966 2220 1105 2258 Quidquid

266 2269 356 2286 eorum
375 2260 507 2293 inciderit,
532 2261 603 2298 quod
627 2267 676 2288 etc.
700 2261 730 2288 fr.
750 2264 791 2288 20.
812 2261 844 2288 de
863 2262 924 2289 don.
944 2264 990 2289 int.
1011 2263 1042 2290 V.
1061 2266 1103 2290 24.

268 2304 289 2328 l.
326 2301 355 2328 Si
375 2302 438 2339 quid
458 2306 674 2331 transversarium
695 2305 845 2336 incidisset,
866 2306 1034 2342 quamobrem
1054 2312 1103 2333 etc.

266 2344 297 2371 sr.
315 2346 358 2371 27.
383 2355 422 2382 pr.
447 2345 523 2372 locat.
549 2349 587 2373 19.
613 2350 637 2374 2.
679 2347 708 2374 Si
732 2347 792 2374 talis
816 2349 919 2385 species
938 2349 1060 2376 inciderit
1078 2351 1104 2376 in

267 2392 314 2414 etc.
335 2386 366 2414 fr.
386 2390 410 2415 2.
430 2387 462 2415 de
480 2389 535 2415 rel).
559 2400 612 2416 eor.
637 2401 679 2427 qu.
705 2400 726 2417 s.
751 2395 798 2417 tut.
823 2393 864 2418 27.
884 2393 908 2418 9.
945 2392 1104 2429 Quicunque

267 2440 342 2457 casus
368 2430 503 2460 inciderit.
523 2432 794 2465 (accommodabimus
818 2440 931 2461 mentem
951 2434 1052 2467 S.Cti.)
1073 2435 1103 2461 fr.

265 2475 306 2500 30.
331 2474 352 2507 5.
372 2475 396 2500 4.
421 2473 454 2500 de
473 2474 557 2501 fideic.
586 2474 648 2501 libb.
668 2478 708 2502 40.
728 2478 752 2503 5.
798 2477 860 2504 Scio
880 2479 956 2504 ctiam
975 2477 1040 2504 illud
1060 2477 1104 2504 ali-

266 2516 370 2552 quando
389 2516 522 2543 incidisse.
542 2516 572 2544 fr.
592 2519 615 2544 3.
641 2517 662 2551 §.
682 2520 705 2544 2.
726 2518 758 2545 de
776 2521 868 2546 minor.
888 2522 912 2546 4.
932 2523 956 2547 4.
976 2519 1008 2547 cf,
1029 2520 1058 2547 11·-
1081 2522 1102 2548 l.

266 2568 305 2595 pr.
325 2558 357 2585 de
375 2560 469 2597 inspic.
488 2564 587 2587 ventre.
606 2561 648 2586 25.
669 2561 692 2586 4.
730 2561 858 2589 Vniversa
884 2563 1003 2589 incidens
1028 2573 1104 2599 quae-

268 2603 326 2628 stio.
347 2613 368 2629 c.
391 2605 413 2630 l.
433 2613 454 2630 c.
473 2605 498 2630 3.
518 2602 551 2630 de
569 2601 625 2629 ord.
645 2602 764 2630 iudicior.
783 2607 807 2631 3.
820 2606 844 2631 8.
881 2605 1015 2633 Incidcnte
1033 2606 1104 2632 infir-

267 2645 364 2676 mitate,
383 2645 425 2672 vel
445 2647 594 2673 necessaria
613 2645 784 2683 profectione.
804 2647 834 2673 fr.
856 2650 894 2674 18.
915 2659 953 2686 pr.
974 2649 1006 2675 de
1024 2648 1102 2675 iudic.

268 2688 292 2712 5.
314 2689 334 2712 1.
371 2688 404 2714 Et
427 2690 449 2715 si
475 2699 524 2726 qua
548 2688 597 2715 alia
622 2689 822 2716 incommoditas
846 2691 869 2716 ei
889 2706 920 2710 —-
940 2691 1045 2718 incidat.
1071 2691 1102 2718 fr.

271 2730 309 2755 16.
328 2739 367 2765 pr.
389 2730 421 2757 de
439 2742 490 2758 rec.
510 2742 552 2769 qu.
577 2732 630 2758 arb.
655 2733 678 2758 4.
698 2732 722 2758 8.
758 2732 858 2759 Damna
878 2738 969 2769 postea
987 2733 1103 2761 inciden-
1124 2760 1125 2767 ,

269 2773 311 2798 tia.
331 2772 361 2798 l'r.
375 2773 420 2813 ΞΟ.
440 2774 460 2806 5.
481 2777 504 2801 5.
525 2774 557 2802 ad
576 2774 605 2801 L.
625 2774 695 2802 Falc.
714 2776 755 2801 35.
775 2776 799 2801 2.

305 2816 495 2843 lucium-e.
515 2818 547 2850 §.
558 2818 593 2844 1.
614 2819 779 2845 Caedendo
798 2819 995 2852 insculpere.
1009 2818 1027 2846 1.
1039 2820 1100 2854 Sy.

1097 160 1184 193 1NC.

1136 257 1138 279 5
1160 242 1308 270 inscribere
1327 243 1467 276 (nomen.)
1492 244 1522 271 fr.
1541 245 1583 271 36.
1605 254 1644 281 pr.
1669 244 1702 272 ad
1725 248 1820 273 munic.
1841 249 1882 274 50.
1904 250 1926 274 1.
1963 248 2003 275 In-

1135 280 1137 339 4
1159 285 1282 324 sculpere
1301 286 1433 320 (tabulis.)
1453 286 1621 314 T11.C.Xll.
1641 289 1665 314 5.
1685 298 1706 315 c.
1726 291 1751 316 2.
1788 290 1915 325 Quemad.
1931 301 2001 318 mun.

1159 330 1208 356 civ.
1227 328 1296 356 xlv.
1315 331 1340 356 4.
1360 339 1381 356 c.
1401 330 1426 356 4.
1445 329 1478 356 de
1496 340 1566 357 suar.
1585 329 1657 357 xlv.
1680 333 1719 357 13.
1740 342 1761 359 c.
1782 334 1806 359 l.
1826 332 1858 359 de
1877 334 1933 360 iure
1944 333 2002 360 Ital.

1159 388 1189 393 --
1210 372 1242 405 §0
1266 373 1302 399 2·
1327 373 1513 400 Concidere.
1554 373 1574 399 1.
1599 374 1660 408 Sy·
1691 373 1790 401 Delcre
1813 375 1950 408 (tabulas.)
1970 376 2001 404 fr.

1157 416 1181 441 4.
1202 414 1236 441 de
1255 414 1280 442 h.
1301 425 1345 451 qu.
1364 415 1391 441 iu
1410 419 1470 441 test.
1490 415 1542 443 del.
1561 417 1604 443 28.
1623 418 1647 443 4.
1685 415 1727 444 111.
1744 418 1810 445 Gn.
1836 417 1866 444 Si
1885 420 1944 455 quis
1964 424 2001 446 ta-

1158 457 1234 484 bulas
1253 458 1360 494 quidem
1379 467 1431 484 non
1451 459 1553 495 aperuit
1571 459 1738 491 naturaliter,
1757 459 1839 487 linum
1859 466 1944 489 autem
1963 463 2001 489 in-

1158 500 1260 528 ciderit.
1280 500 1312 527 fr.
1331 502 1356 527 3.
1376 501 1398 535 5.
1417 502 1459 527 23.
1480 500 1514 528 de
1531 501 1559 528 S.
1567 501 1599 528 C.
1619 501 1700 529 Silau.
1719 504 1762 530 29.
1775 505 1801 530 5.
1819 504 1851 530 cf.
1873 504 1903 531 ft.
1920 506 1942 532 l.
1961 505 2000 540 55.

1159 545 1199 570 lo.
1219 553 1258 580 sq.
1279 543 1312 570 de
1324 544 1355 570 B.
1369 543 1398 570 P.
1417 553 1439 570 s.
1460 548 1478 571 t.
1495 545 1593 571 3211.
1628 544 1730 572 Incisae
1749 545 1862 579 tabulae,
1881 547 1924 574 vel
1943 558 2001 575 can-

1158 585 1274 613 cellatae.
1294 585 1324 613 fr.
1345 588 1368 613 1.
1387 587 1409 621 5.
1428 588 1453 614 8.
1473 587 1497 613 si
1515 586 1568 614 tab.
1588 592 1690 615 testam.
1711 587 1775 615 null.
1794 591 1837 616 38.
1851 591 1875 616 6.
1917 590 1947 617 Si
1965 596 2001 618 ta-

1157 628 1234 656 bulas
1252 629 1387 662 inciderit,
1407 635 1433 656 et
1459 629 1552 666 legerit
1571 634 1768 663 testamentum,
1793 642 1823 658 ac
1840 643 1933 660 rursus
1951 643 2001 661 suo

1157 672 1233 708 signo
1252 673 1403 708 signaverit.
1422 672 1453 700 l‘r.
1472 675 1513 699 20.
1533 673 1554 707 §.
1575 674 1599 699 1.
1619 672 1651 701 cf.
1671 673 1702 701 l'r.
1723 676 1763 701 15.
1787 675 1809 709 5.
1831 677 1853 702 l.
1873 675 1906 702 de
1923 676 2000 703 milit.

1157 719 1260 742 testam.
1280 716 1322 742 29.
1346 717 1369 742 1.

1192 758 1328 786 lucile.
1366 760 1472 786 Lacu,
1500 765 1572 786 arte
1599 766 1789 792 excavatus,
1818 763 1859 788 ad
1884 771 2000 796 aquam

1156 811 1192 828 ex
1204 802 1353 837 flumine
1371 803 1536 837 agendam.
1573 801 1593 828 I.
1612 803 1674 837 Sy.
1696 802 1785 830 Locus
1805 802 1948 841 depressus
1967 805 2000 832 ad

1156 843 1225 871 latus
1243 843 1369 871 fluminis.
1397 844 1429 871 fr.
1449 845 1472 870 l.
1501 845 1523 878 5.
1543 847 1567 872 5.
1592 844 1624 873 de
1647 846 1695 872 riv.
1719 847 1762 873 43.
1789 848 1832 873 21.
1868 847 1911 874 111.
1932 849 2000 875 Cn.

1156 886 1241 914 Prima
1260 886 1357 917 incilia.
1376 887 1420 914 vel
1439 888 1570 925 principia
1589 888 1728 921 fossarum,
1749 889 1846 926 quibus
1865 900 1948 927 aquae
1966 901 2001 918 ex

1156 929 1263 956 flumine
1282 945 1316 949 —
1334 930 1398 967 pelli
1417 930 1512 958 solent.
1538 930 1568 958 fr.
1590 933 1612 957 1.
1638 932 1659 965 §.
1679 933 1703 958 8.
1729 931 1763 959 de
1780 943 1846 969 aqua
1865 938 1937 970 quot.
1956 935 1999 961 43.

1155 974 1196 999 20.
1234 972 1315 1010 Septa
1333 977 1406 1004 sunt,
1425 983 1493 1010 quae
1511 973 1544 1000 ad
1562 974 1642 1002 incile
1661 980 1841 1012 opponuntur,
1861 986 1943 1013 aquae
1955 976 2000 1004 de-

1154 1015 1287 1047 rivandae,
1306 1015 1537 1053 compellendaeve
1557 1027 1589 1044 ex
1607 1016 1714 1044 flumine
1733 1028 1820 1045 causa.
1839 1018 1869 1046 fr.
1892 1021 1914 1046 1.
1934 1020 1956 1054 §.
1972 1021 1997 1047 4.

1155 1058 1186 1084 cl'.
1207 1058 1230 1092 5.
1249 1060 1273 1085 5.
1293 1057 1326 1084 de
1345 1059 1394 1085 riv.
1413 1060 1456 1085 43.
1475 1061 1517 1086 21.

1189 1101 1382 1134 Incipere.
1418 1102 1450 1135 §.
1467 1103 1502 1129 1.
1522 1104 1692 1130 Inchoare.
1730 1103 1749 1130 1.
1775 1105 1838 1139 Sy.
1858 1105 1998 1143 Coepisse.

1154 1143 1186 1171 sr.
1204 1146 1248 1171 28.
1267 1143 1301 1171 de
1319 1145 1422 1182 pignor.
1440 1146 1482 1172 20.
1497 1147 1519 1171 1.
1557 1144 1661 1173 Cedere
1679 1145 1784 1180 (diem.)
1803 1147 1923 1186 Incipere
1941 1149 1999 1183 (de-

1153 1186 1232 1220 beri.)
1252 1186 1284 1214 cs.
1303 1197 1328 1214 V.
1349 1186 1460 1214 Cedere.
1480 1188 1501 1222 §.
1521 1190 1546 1214 5.
1583 1188 1613 1215 II.
1634 1190 1702 1223 011.
1721 1189 1859 1217 Desinere.
1880 1190 1920 1218 Cf.
1934 1191 1959 1218 h.
1973 1201 1998 1219 v.

1153 1229 1250 1257 Finire.
1283 1229 1324 1257 Cf.
1348 1230 1375 1257 h.
1399 1240 1423 1258 v.
1447 1231 1470 1264 §.
1492 1232 1515 1258 1.
1552 1230 1700 1269 Incipiens,
1717 1247 1750 1252 —
1768 1233 1885 1260 Exactus
1905 1234 1998 1267 (dies.)

1153 1272 1184 1300 fr.
1207 1275 1264 1300 134.
1285 1273 1318 1300 de
1336 1272 1368 1300 V.
1389 1272 1416 1300 S.
1435 1275 1476 1300 50.
1497 1275 1539 1301 16.
1561 1273 1604 1301 III.
1625 1276 1692 1302 Cn.
1712 1274 1839 1312 Sequitur
1857 1281 1886 1303 ut
1907 1293 1938 1297 —
1959 1277 1998 1304 di-

1153 1317 1304 1354 spiciamus,
1324 1321 1351 1343 et
1368 1317 1524 1354 incipiamus
1544 1327 1557 1343 a
1577 1322 1626 1344 etc.
1644 1317 1701 1344 Gai.
1720 1317 1767 1345 IV.
1787 1321 1846 1346 161.
1882 1319 1996 1356 1ngredi,

1153 1365 1179 1386 et
1197 1361 1315 1398 incipere
1334 1359 1508 1397 (possidere.)
1527 1359 1558 1387 sr.
1579 1362 1602 1386 1.
1622 1361 1645 1395 §.
1663 1362 1706 1388 26.
1726 1361 1759 1388 cf.
1777 1362 1800 1396 §.
1815 1364 1855 1388 14.
1876 1362 1909 1389 de
1926 1364 1953 1390 vi
1971 1368 1999 1390 et

1152 1403 1179 1429 vi
1198 1413 1260 1430 arm.
1280 1404 1322 1429 43.
1342 1404 1382 1430 16.
1419 1402 1568 1430 Praeterire
1590 1413 1643 1431 non
1666 1409 1781 1441 possunt
1804 1406 1854 1439 (sc.
1878 1407 1997 1443 operae.)

1153 1450 1291 1482 antequam
1314 1446 1442 1483 incipiant
1470 1445 1578 1477 cedere;
1608 1451 1634 1473 et
1656 1447 1799 1484 incipiunt,
1823 1453 1998 1486 posteaquam

1153 1488 1250 1515 suerint
1271 1487 1395 1516 indictae.
1423 1489 1453 1516 fr.
1480 1490 1520 1515 13.
1550 1489 1571 1522 §.
1591 1492 1616 1516 2.
1644 1489 1677 1516 de
1705 1500 1777 1527 oper.
1801 1490 1890 1518 libert.
1909 1493 1951 1519 38.
1973 1494 1996 1519 l.

1152 1531 1212 1558 Non
1231 1532 1321 1558 statim
1337 1542 1353 1558 a
1371 1533 1511 1559 tormentis
1529 1532 1708 1569 incipiendum
1721 1537 1768 1565 est,
1789 1533 1903 1571 ideoque
1920 1535 1996 1572 prius

1152 1580 1201 1601 etc.
1220 1574 1294 1602 Paul.
1314 1574 1345 1601 V.
1367 1577 1408 1602 14.
1427 1575 1466 1609 55.
1487 1577 1509 1602 l.
1530 1585 1571 1612 sq.
1590 1591 1623 1595 —
1643 1576 1674 1609 §-
1694 1577 1730 1603 2.
1750 1578 1902 1611 Incipere
1921 1587 1996 1610 esse,

1151 1628 1213 1655 pro:
1234 1619 1390 1644 Converti
1408 1619 1455 1650 in,
1475 1620 1605 1653 Redigi.
1629 1617 1648 1644 I.
1669 1619 1732 1653 Sy.
1752 1618 1881 1647 Obtinere
1898 1620 1995 1653 locum,

1151 1659 1275 1687 Nancisci
1293 1661 1336 1686 ius
1354 1660 1468 1694 (filiae‚)
1486 1659 1582 1696 Redigi
1606 1661 1650 1694 (in
1669 1663 1854 1699 potestatem.)
1874 1662 1995 1701 Incipere

1151 1713 1211 1730 esse
1229 1704 1255 1729 in
1275 1703 1441 1740 (potestate.)
1460 1702 1517 1729 Gai.
1531 1703 1550 1730 1.
1564 1705 1605 1730 67.
1619 1713 1679 1740 sqq.
1701 1706 1759 1731 111.
1774 1706 1823 1731 115
1831 1705 1855 1732 b.
1875 1705 1918 1733 111.
1927 1708 1996 1734 Gn·

1151 1745 1239 1773 Semel
1258 1746 1366 1784 impleta
1385 1747 1560 1783 usucapione,
1584 1746 1697 1784 proinde
1721 1747 1800 1784 pleno
1825 1749 1882 1776 iure
1901 1750 1996 1788 incipit

1128 1799 1129 1804 ¹
1151 1805 1183 1810 —
1202 1794 1246 1816 tua
1265 1799 1307 1816 res
1327 1799 1393 1816 esse.
1413 1788 1495 1815 1b.11.
1515 1790 1558 1815 41.
1595 1789 1723 1817 Debitum
1742 1792 1835 1828 incipit
1854 1802 1914 1819 csse
1933 1802 1995 1820 usu-

1150 1833 1255 1864 rarium,
1275 1833 1337 1865 (etsi
1357 1832 1425 1859 sorte
1443 1842 1497 1858 non
1521 1832 1601 1859 fuerit
1619 1834 1788 1865 usurarium.)
1814 1834 1845 1861 l'r.
1864 1836 1889 1862 6.
1909 1835 1930 1870 5.
1951 1837 1993 1862 12.

1150 1875 1183 1902 de
1201 1875 1233 1902 N.
1253 1875 1286 1902 G.
1305 1877 1330 1902 3.
1349 1877 1372 1902 5.
1410 1875 1506 1912 Incipit
1525 1879 1612 1903 tecum
1631 1876 1735 1902 noxalis
1754 1878 1823 1903 actio
1843 1887 1911 1909 esse,
1926 1887 1993 1915 quae

1150 1923 1210 1945 ante
1228 1917 1327 1945 directa
1345 1918 1402 1945 fuit.
1423 1917 1479 1945 Gai.
1499 1917 1544 1945 lV.
1571 1920 1610 1945 77.
1648 1918 1758 1946 Sublata
1782 1919 1837 1946 litis
1861 1925 1993 1947 contesta-

1149 1962 1230 1993 tione,
1249 1962 1343 1998 incipit
1362 1972 1393 1988 ex
1412 1971 1491 1988 causa
1510 1961 1618 1988 iudicati
1636 1963 1728 1989 teneri.
1750 1962 1788 1989 lb.
1808 1962 1850 1989 III.
1870 1964 1926 1990 180.

1184 2005 1340 2032 lucinio.
1378 2004 1409 2037 ξ.
1433 2005 1469 2031 1.
1499 2005 1700 2039 Amputueio.
1743 2004 1788 2031 HJ.
1812 2006 1878 2032 Gn.
1897 2004 1991 2032 Manus

1150 2048 1305 2074 incisionem
1328 2047 1484 2073 subsistere.
1509 2046 1556 2073 Iul.
1581 2057 1622 2084 ep.
1648 2057 1708 2073 nov.
1733 2057 1754 2073 c.
1780 2049 1820 2073 10.
1844 2047 1866 2080 5.
1891 2049 1933 2075 46.
1958 2064 1992 2069 —-—

1149 2090 1180 2124 §·
1206 2092 1242 2117 2.
1273 2092 1390 2121 Linea,
1414 2099 1495 2123 quae
1517 2091 1754 2117 distinctione·
1776 2092 1918 2117 Iocorum
1941 2093 1991 2118 de·

1148 2135 1273 2160 scribit.
1311 2132 1352 2159 m.
1373 2133 1440 2160 Gn.
1458 2131 1615 2163 mechanici,
1639 2137 1665 2159 et
1683 2137 1843 2168 geometrae,
1863 2138 1889 2159 et
1907 2133 1991 2161 archi-

1149 2177 1219 2207 tecti,
1239 2176 1284 2212 qui
1303 2175 1448 2202 divisiones
1467 2175 1579 2211 partium
1592 2175 1706 2202 omnium
1721 2175 1918 2212 incisioncsque
1936 2186 1990 2204 ser-

1125 2217 1127 2233 *
1149 2223 1218 2245 vant.
1239 2218 1288 2244 Th.
1309 2218 1339 2245 C.
1360 2217 1429 2244 XIII.
1447 2219 1471 2243 4.
1492 2227 1512 2243 c.
1532 2218 1557 2243 3.
1577 2216 1611 2244 de
1629 2226 1717 2244 excus.
1738 2217 1805 2244 artii'.

1183 2261 1367 2288 Incitato.
1414 2262 1592 2291 Excitare,
1624 2262 1806 2294 Impellere.
1851 2260 1895 2288 111.
1922 2263 1989 2290 Gn.

1149 2304 1246 2330 Amore
1269 2305 1368 2341 patriae
1392 2304 1503 2330 incitari.
1527 2302 1563 2329 111.
1589 2302 1643 2329 VH.
1670 2304 1708 2329 1³.
1734 2312 1755 2329 c.
1782 2304 1821 2329 16.
1850 2303 1883 2330 de
1910 2305 1988 2332 tiron.

1148 2346 1291 2384 Frequenti
1310 2347 1454 2373 monitione
1473 2350 1551 2382 atquc
1568 2344 1674 2372 hortatu
1693 2346 1764 2372 incit.
1789 2345 1826 2372 Ib.
1845 2345 1904 2373 XII.
1923 2349 1946 2374 1.
1966 2357 1988 2375 c.

1147 2392 1189 2417 39.
1209 2389 1241 2416 de
1261 2389 1394 2416 dccuriou.

1183 2433 1368 2461 lncivilis.
1406 2430 1535 2465 (Adiect.)
1573 2432 1699 2458 Contra
1718 2434 1881 2458 racionem
1900 2434 1987 2460 iuris

1148 2478 1205 2503 civ.
1225 2477 1384 2503 Iniustas.
1420 2473 1462 2500 ΠΙ.
1483 2475 1548 2501 Gn.
1572 2473 1680 2501 incivile
1699 2474 1795 2501 sactum
1815 2474 1924 2502 Praeses
1943 2475 1985 2502 Pr.

1148 2522 1276 2545 coerceat.
1303 2518 1333 2545 l'r.
1352 2519 1376 2544 3.
1401 2516 1434 2543 de
1457 2521 1523 2543 extr.
1547 2526 1619 2553 cogn.
1645 2519 1686 2544 50.
1708 2519 1748 2544 13.
1787 2517 1829 2544 Ex
1848 2519 1985 2555 praecipiti

1148 2562 1268 2593 avaritia,
1292 2565 1318 2587 et
1335 2559 1434 2587 incivili
1458 2558 1586 2586 debitoris
1611 2559 1717 2586 audacia
1736 2560 1899 2594 (accidisse.)
1919 2571 1939 2587 c.
1958 2561 1983 2587 3.

1148 2604 1181 2631 de
1204 2609 1273 2630 naut.
1297 2603 1365 2630 soen.
1389 2604 1413 2629 4.
1437 2604 1480 2629 ³3.
1523 2602 1633 2630 Incivile
1657 2607 1735 2639 atque
1759 2603 1910 2630 inusitatum
1934 2607 1983 2635 est,

1148 2647 1233 2684 (quod
1251 2645 1392 2683 postulas.)
1413 2656 1435 2672 c.
1458 2648 1496 2671 12.
1518 2645 1550 2672 de
1568 2645 1599 2672 R.
1615 2645 1645 2672 V.
1665 2648 1689 2672 3.
1709 2647 1750 2672 32.
1788 2645 1860 2672 Satis
1878 2645 1984 2672 incivile

1147 2694 1196 2721 est,
1215 2689 1315 2722 (teneri
1340 2698 1397 2715 cum
1421 2689 1487 2721 etc.)
1511 2688 1542 2715 l'r.
1564 2690 1603 2715 15.
1628 2698 1666 2725 pr.
1691 2688 1724 2715 dc
1742 2698 1846 2726 procur.
1864 2689 1888 2714 3.
1907 2689 1931 2714 3.
1951 2687 1982 2715 fr.

1146 2733 1186 2758 66.
1207 2732 1227 2765 5.
1249 2733 1271 2758 1.
1291 2731 1324 2758 de
1342 2730 1373 2758 R.
1393 2730 1424 2757 N.
1444 2732 1485 2758 23.
1505 2733 1529 2758 2.
1566 2731 1674 2758 incivile
1693 2736 1734 2758 est
1752 2731 1887 2765 (iudicare,
1907 2739 1929 2756 v.
1944 2740 1982 2757 re-

1123 2773 1125 2812 }
1145 2775 1233 2801 vocari
1253 2776 1316 2807 etc.)
1335 2774 1365 2801 fr.
1384 2776 1426 2801 24.
1446 2774 1479 2801 de
1496 2773 1549 2801 LL.
1571 2776 1592 2801 1.
1611 2776 1636 2801 3.
1655 2774 1686 2801 l‘r.
1705 2776 1747 2802 23.
1766 2773 1787 2808 §.
1802 2775 1825 2800 3.
1846 2772 1898 2808 Qu.
1918 2778 1978 2800 met.

1146 2828 1167 2844 c.
1187 2819 1213 2844 4.
1232 2819 1256 2844 2.
