2197 3121
278 166 319 198 18

279 246 406 275 cohortal.
426 262 458 266 —
477 246 509 281 ἕ.
525 247 563 273 4.
591 246 755 272 Privatim
775 243 967 270 adtribuere.
996 240 1118 268 Istcn.

277 291 319 318 ΕΚ
338 291 441 328 privato
460 290 486 315 in
504 288 639 326 publicum
659 287 788 314 addicere.
808 290 833 312 et
853 295 885 311 ex
904 284 1010 322 publico
1025 285 1051 309 in
1067 283 1119 320 pri-

278 339 376 361 vatum.
405 333 435 359 fr.
454 334 496 359 30.
520 333 542 366 ξ.
561 333 585 358 3.
611 331 643 357 de
662 331 692 357 A.
713 329 744 356 R.
764 329 797 356 l).
822 330 863 354 41.
885 329 907 354 l.
945 326 1074 355 Yendito,
1094 329 1120 351 ct

278 378 306 405 in
326 377 395 403 diem
414 375 519 402 addicto
539 375 646 408 (servo,
666 383 690 399 v.
711 371 812 404 fundo).
833 370 863 398 sr.
883 372 907 397 4.
927 370 964 404 ἐξ.
983 372 1008 396 2.
1028 378 1067 405 sq.
1087 367 1120 394 de

278 422 306 448 in
325 419 394 446 diem
407 418 465 445 add.
486 419 525 444 18.
539 420 563 444 2.
592 416 632 444 Ad
653 416 721 442 diem
740 414 861 441 addicere
880 414 976 447 (totum
990 411 1119 444 fundum).

280 463 312 490 fr.
334 464 373 488 13.
392 472 432 499 pr.
456 461 491 488 ib.
512 463 551 487 13.
571 462 594 486 2.
631 459 732 486 Emtori
752 457 810 484 add.
830 456 860 483 sr.
881 458 903 482 7.
924 455 954 482 fr.
970 456 1009 481 19.
1029 454 1064 480 ib.
1079 455 1120 480 18.

278 508 303 532 2.
341 504 423 532 Certo
447 505 531 542 pretio
557 503 615 530 add.
635 500 784 539 (praedia).
812 499 843 526 sr.
862 501 902 525 50.
927 497 959 524 de
978 498 1035 524 iure
1053 496 1120 523 fisci.

280 549 321 575 49.
344 549 383 574 14.

314 590 502 618 Addictio.
543 589 575 623 §0
595 589 629 615 1.
666 586 869 622 Adsignalio
897 585 945 610 rei
972 584 1144 624 auctori-y

1142 629 1143 636 ¹
1165 627 1206 652 41.
1228 627 1250 652 1.
1280 640 1313 644 -
1341 625 1372 658 §0
1393 625 1428 650 2.
1461 624 1592 658 reique,
1612 624 1711 650 Certe.
1748 624 1790 651 Ill.
1811 626 1877 652 (711.
1905 624 2006 652 Patien-

280 642 350 662 tate
368 636 600 669 magistratus.
638 630 679 657 Ili.
700 631 765 658 Cn.
801 628 895 655 Vtrum
919 636 1012 653 servus
1036 626 1122 652 effice—

279 683 353 705 retur
372 687 403 703 ex
423 675 584 704 addictione,
611 684 642 700 an
667 672 808 700 adiudicati
831 670 890 697 loeo
909 670 1120 695 constitueretur.

280 721 337 748 Gai.
349 720 390 746 111.
403 720 459 745 189.
483 718 608 745 Addictio
622 716 770 743 libertatum
784 711 1023 741 conservandarum
1036 721 1120 738 causa.

280 764 311 791 l'r.
330 765 354 789 4.
374 762 411 796 ἐξ.
430 763 456 788 2.
475 763 498 788 5.
519 760 551 788 de
570 760 656 787 ssdeic.
676 758 740 786 libb.
760 759 801 783 40.
821 758 845 783 5.
870 771 903 775 -
932 755 963 789 δ.
978 756 1013 782 2.
1040 757 1121 782 Sim-

277 809 353 841 plex
388 811 485 839 atque
519 806 657 839 privata
693 803 780 828 iuris
815 800 926 826 nostri
954 800 989 824 in
1019 799 1122 824 alium

279 849 473 876 trannlatio.
509 846 551 873 111.
578 847 643 874 (ἠ.
680 844 748 871 Cum
771 844 798 870 in
822 842 892 869 diem
915 840 1029 868 addictio
1055 840 1122 866 sacta

281 896 335 920 est.
355 890 450 918 deinde
468 889 562 917 melior
580 888 696 915 conditio
716 886 801 914 adlata
820 890 868 912 est.
899 884 930 912 fr.
949 886 990 910 50.
1015 883 1048 910 de
1066 884 1122 910 iure

280 936 347 962 fisci.
371 935 413 960 49.
435 934 475 959 14.
504 932 535 959 cf.
556 932 585 959 fr.
604 934 628 958 2.
649 931 670 965 ξ.
690 932 714 956 4.
736 940 761 968 p.
781 933 840 956 emt.
865 930 907 954 41.
926 929 951 954 4.

314 977 497 1005 Addit-tus
517 974 658 1008 (Partim).
691 972 722 1000 cf.
742 983 766 999 v.
787 972 926 999 Addiccre.

315 1019 642 1049 Additamentum.
697 1017 869 1047 Adiectio,
900 1016 1122 1047 Augmentnm.

282 1064 300 1091 I.
320 1065 382 1099 Sy.
419 1062 557 1089 Accessio.
587 1071 608 1087 e.
628 1060 669 1086 16,
690 1069 712 1086 e.
731 1060 773 1085 23.
804 1058 837 1085 de
855 1067 927 1084 usur.
947 1058 971 1082 4.
991 1057 1033 1082 32.
1058 1065 1078 1081 c.
1098 1055 1122 1081 3.

281 1107 314 1134 ad
333 1107 360 1133 S.
382 1106 412 1133 C.
433 1105 497 1132 Mac.
517 1106 541 1131 4.
560 1105 602 1130 28.
639 1102 770 1129 Adiectio.
799 1111 820 1127 c.
843 1103 864 1127 1.
885 1100 917 1126 de
937 1099 1017 1126 seriis.
1037 1100 1061 1124 2.
1082 1099 1122 1123 12.

281 1161 302 1177 c.
326 1152 347 1176 l.
374 1160 394 1176 c.
413 1150 438 1175 2.
468 1147 501 1174 de
518 1146 594 1174 vend.
620 1145 674 1173 reb.
702 1146 772 1172 civit.
799 1146 838 1170 ll.
857 1145 900 1170 31.
941 1142 1123 1178 Augmentum.

282 1194 311 1221 sr.
331 1194 373 1219 26.
393 1193 415 1226 ξ.
436 1193 460 1217 2.
481 1190 514 1217 de
531 1195 600 1228 pact.
620 1189 674 1216 dot.
693 1189 736 1214 23.
756 1189 780 1214 4.
799 1187 830 1214 fr.
844 1188 885 1213 31.
905 1187 927 1221 §
941 1187 965 1212 4.
986 1184 1035 1211 sol.
1049 1188 1122 1210 matr.

279 1238 322 1263 24.
342 1237 366 1262 3.
403 1234 445 1261 ΠΙ.
466 1235 533 1262 Cn.
564 1232 593 1260 Si
617 1248 650 1252 —
674 1231 777 1258 aedium
801 1230 894 1257 hortus
919 1228 1124 1255 additamentum

281 1279 338 1306 suit.
367 1278 398 1305 sr.
417 1279 458 1304 91.
478 1277 500 1311 ξ.
520 1278 543 1303 5.
563 1276 595 1302 de
613 1275 661 1312 leg.
681 1274 723 1301 III.
744 1274 811 1307 (32.)
848 1271 1028 1300 Addit-amenti
1047 1280 1124 1297 causa

281 1322 341 1349 data
360 1321 464 1359 (portIo
484 1319 580 1353 dotis).
604 1318 634 1345 sr.
645 1319 686 1344 26.
707 1318 729 1352 ξ.
748 1319 772 1343 2.
792 1316 809 1343 l.
826 1318 868 1343 23.
888 1317 912 1342 4.
932 1325 953 1342 c.
972 1316 996 1341 8.
1017 1314 1049 1341 de
1068 1314 1124 1340 iure

282 1366 336 1393 dot.
361 1367 385 1392 5.
406 1367 446 1391 12.
483 1363 593 1399 Iugiter,
617 1366 643 1387 et
665 1362 723 1387 sine
746 1359 923 1386 additamento
942 1356 1125 1385 huiuscemodi

282 1408 397 1440 dierum,
416 1412 535 1444 tempora
554 1421 588 1425 —-
606 1405 713 1431 servari.
739 1413 760 1430 c.
783 1404 804 1429 1.
825 1402 858 1429 de
876 1402 956 1428 seriis.
980 1402 1004 1427 3.
1026 1402 1065 1426 12.

317 1450 543 1478 Addificius.
602 1449 740 1475 Numero
775 1451 928 1473 consueto
964 1446 1124 1471 adiectus.

282 1493 324 1521 III.
345 1495 412 1522 Gn.
443 1492 560 1519 Mensem
579 1490 760 1517 intercalarem
779 1487 931 1515 additieium
949 1497 1016 1514 esse.
1038 1486 1068 1513 t'r.
1081 1488 1123 1513 98.

282 1537 305 1571 ς’.
326 1538 349 1563 1.
369 1536 402 1563 de
421 1535 453 1562 V.
475 1535 502 1562 S.
527 1537 568 1561 50.
589 1535 629 1560 16.

317 1578 568 1607 Addubitare.
607 1577 839 1604 Subdubieare.
880 1574 923 1601 ΙΙΙ.
944 1575 1006 1602 Gn.
1037 1573 1126 1600 Forsi-

284 1628 328 1649 tan
352 1622 489 1649 addubitet
514 1620 561 1655 [al.
583 1619 669 1646 adhue
691 1618 809 1652 dubitet]
835 1619 902 1655 quis.
937 1617 968 1644 fr.
987 1618 1029 1644 29.
1054 1618 1076 1652 §.
1101 1619 1125 1643 ὃ.

284 1666 317 1693 de
336 1665 382 1692 lib.
404 1670 429 1691 et
448 1668 517 1702 post.
542 1664 584 1689 28.
604 1665 628 1689 2.

318 1709 532 1736 Adducere.
575 1706 606 1740 §.
627 1706 662 1732 1.
700 1707 891 1732 Producere.
933 1703 951 1730 1.
974 1704 1036 1738 Sy.
1071 1702 1127 1729 Du-

286 1762 344 1779 cere
364 1750 396 1777 ad
417 1749 523 1783 (villam
542 1749 613 1782 etc).
643 1748 673 1775 fr.
693 1750 717 1775 5.
736 1748 757 1782 ξ.
778 1749 801 1774 7.
826 1757 918 1774 comm.
944 1748 983 1773 13.
1003 1747 1027 1772 6.
1064 1745 1126 1772 Pro-

285 1794 394 1821 ducere.
414 1792 554 1819 Addueere
573 1791 701 1825 (testem).
731 1801 753 1817 c.
775 1792 813 1816 10.
834 1789 866 1816 de
886 1789 961 1816 cond.
980 1789 1034 1816 ind.
1057 1791 1081 1815 4.
1101 1791 1124 1815 5.

285 1837 376 1864 Iulian.
396 1846 436 1873 ep.
456 1845 516 1861 nov.
536 1845 557 1862 c.
572 1836 613 1860 41.
633 1835 654 1868 §.
670 1835 727 1860 172.
765 1832 806 1859 111.
822 1834 888 1860 Cn.
917 1832 992 1868 Quae
1011 1832 1060 1866 (sc.
1074 1842 1126 1864 reS‚

285 1881 343 1906 sine
362 1877 540 1911 incommodo)
560 1878 585 1903 111
605 1878 646 1903 ius
660 1876 754 1903 adferri
774 1875 901 1902 adducive
919 1880 1037 1912 possent.
1069 1874 1125 1901 Gai.

286 1922 332 1949 lv.
352 1924 392 1948 16.
413 1931 452 1958 sq.
482 1920 602 1956 Quaesiti
621 1919 783 1947 adducantur
801 1919 827 1944 iu
845 1918 988 1955 publicum.
1025 1917 1075 1945 Th.
1095 1917 1125 1944 C.

286 1965 358 1993 XVI.
383 1967 407 1991 5.
433 1975 454 1991 c.
478 1966 520 1990 35.
553 1963 586 1990 de
609 1963 705 1990 haeret.
742 1978 775 1982 —
811 1962 843 1995 §0
863 1962 897 1988 2.
933 1963 1126 1993 Perducere,

286 2011 487 2036 Promovere.
526 2006 569 2033 Ill.
590 2008 655 2034 (7η.
688 2005 730 2032 Ad
754 2005 875 2031 effectum
894 2003 1031 2030 adducere.
1061 2013 1082 2029 c.
1102 2004 1126 2029 8.

287 2051 320 2078 de
340 2061 425 2077 exsec.
446 2051 483 2077 rei
504 2049 556 2076 ind.
582 2051 605 2076 7.
620 2051 661 2076 53.
699 2048 741 2075 Ad
760 2052 856 2074 statum
874 2047 1014 2084 pristinum
1033 2046 1126 2072 nitoris

287 2094 346 2121 add.
384 2093 434 2120 Th.
454 2093 484 2120 C.
504 2092 562 2119 XV.
588 2094 611 2118 l.
636 2102 657 2118 c.
677 2094 718 2118 20.
751 2090 783 2117 (le.
812 2100 873 2127 opp.
903 2089 965 2127 pub.
1003 2088 1127 2115 Admixta

288 2138 424 2164 temeratio
444 2146 553 2162 naevum
572 2134 686 2161 adducit.
714 2144 734 2161 c.
754 2136 778 2160 2.
799 2133 832 2159 de.
851 2132 968 2168 murileg.
990 2134 1030 2158 11.
1051 2133 1074 2158 7.
1095 2147 1128 2151 —

287 2180 319 2215 ᾖ.
340 2181 377 2206 3.
410 2181 594 2213 Impellere,
624 2179 757 2205 Morere.
800 2176 818 2203 I.
842 2177 904 2211 Sy.
936 2175 1048 2202 Ducere.
1085 2174 1127 2201 Cf.

288 2223 314 2250 11.
334 2233 358 2249 v.
396 2221 437 2248 111.
453 2223 518 2249 Cn.
546 2221 601 2257 Ego
621 2230 726 2257 qunque
745 2218 869 2251 adducor,
888 2224 915 2245 ut
928 2223 1025 2256 putem.
1044 2217 1076 2244 fr.
1088 2219 1127 2244 lo.

288 2267 310 2300 §.
332 2267 356 2292 2.
379 2265 412 2291 dc
432 2264 516 2290 fideic.
538 2263 601 2290 libi).
620 2266 661 2289 «10.
681 2265 704 2289 5.

324 2307 512 2335 Ademtio.
547 2307 580 2340 δ.
600 2308 634 2333 l.
663 2307 829 2333 Prioalio.
866 2305 884 2332 I.
899 2306 961 2340 Sy.
980 2303 1128 2331 Publicatio

290 2350 460 2384 (bonorum).
496 2348 525 2375 fr.
545 2351 569 2375 3.
595 2349 617 2383 ξ.
638 2351 661 2375 5.
686 2348 718 2374 ad
736 2348 765 2374 L.
786 2348 849 2375 Cor.
870 2348 902 2375 de
921 2349 967 2374 sic.
987 2348 1029 2373 48.
1049 2348 1072 2373 8.
1097 2346 1128 2372 sr.

293 2395 313 2420 l.
334 2395 354 2427 ᾖ.
378 2396 416 2420 12.
440 2392 473 2419 de
491 2391 521 2419 L.
541 2391 604 2419 Cor.
624 2391 657 2418 de
675 2392 732 2418 fals.
752 2393 794 2418 48.
816 2394 855 2418 10.
892 2391 933 2418 111.
950 2392 1016 2418 On.
1034 2389 1130 2416 Adem-

291 2437 341 2465 tio.
362 2441 383 2461 et
406 2436 481 2472 qnasi
499 2434 643 2462 deminutio
662 2436 820 2471 patrimonii.
845 2434 875 2461 sr.
889 2436 912 2461 3.
933 2433 966 2460 de
985 2433 1069 2460 damn.
1084 2431 1129 2459 ins.

290 2481 332 2505 39.
351 2481 375 2504 2.
412 2478 516 2505 Insulae
539 2477 687 2515 deportatio
711 2482 738 2504 et
761 2479 875 2504 omnium
898 2477 1028 2503 bonorum
1046 2475 1130 2502 adem-

292 2523 336 2548 tio.
370 2521 400 2547 t'r.
420 2523 444 2547 3.
470 2522 492 2555 §.
511 2523 537 2547 5.
560 2520 600 2547 ad.
623 2520 654 2547 L.
676 2520 738 2547 Cor.
763 2520 796 2547 (10
819 2521 866 2547 sie.
889 2521 930 2546 48.
950 2522 975 2546 8.
1016 2518 1130 2545 Poenam

291 2564 437 2591 sententiae
456 2574 565 2600 passus,
588 2573 664 2600 quam
691 2562 819 2590 bonorum
842 2563 955 2589 ademtio
973 2567 1062 2589 secuta
1081 2566 1128 2588 cst.

293 2617 314 2634 c.
334 2608 358 2633 3.
389 2606 421 2633 (10
444 2611 509 2633 sent.
529 2616 599 2643 pass.
623 2608 647 2633 9.
666 2607 707 2632 51.
744 2621 777 2625 —
812 2605 844 2639 §.
864 2607 900 2633 fl·
938 2607 1128 2632 Revocatn'o.

292 2650 323 2677 11.
344 2651 411 2684 ⁰1).
438 2649 518 2675 Datio
537 2650 707 2685 (legatorum,
727 2658 750 2675 v.
770 2648 921 2681 libertatis).
945 2647 976 2674 sr.
991 2649 1031 2674 14.
1045 2647 1076 2674 fr.
1086 2648 1127 2674 26.

292 2693 314 2726 ξ.
337 2694 358 2718 l.
378 2692 411 2718 de
430 2691 506 2718 adim.
527 2691 574 2727 leg.
595 2694 637 2718 34.
657 2694 680 2719 4.
710 2691 740 2718 11.
761 2692 800 2717 10.
820 2701 859 2728 pr.
880 2690 912 2717 dc
931 2691 986 2717 reb.
1007 2690 1068 2716 dub.
1087 2692 1128 2716 34.

294 2737 316 2761 5.
344 2735 372 2761 rr.
393 2736 416 2761 o.
437 2735 457 2768 ς.
472 2736 496 2760 4.
517 2734 550 2760 de
569 2734 656 2761 hom-«t
677 2736 737 2761 inst.
756 2735 798 2760 28.
818 2736 841 2760 5.
879 2732 920 2759 111.
942 2735 1003 2760 (ἰι.
1036 2733 1129 2759 mutari
1151 2724 1153 2743 ³

296 2788 372 2804 causa
391 2776 572 2814 praecedentis
592 2777 681 2812 legati.
707 2777 748 2803 vel
769 2777 825 2809 die,
845 2775 887 2802 vel
906 2775 1069 2802 conditione.
1088 2775 1130 2801 vel
1152 2777 1153 2809 J

296 2822 322 2846 in
342 2825 424 2846 totuin
443 2819 597 2846 ademtione.
618 2824 712 2856 potest.
738 2820 767 2846 fr.
783 2822 822 2846 12.
838 2820 860 2854 §.
873 2820 897 2846 3.
918 2819 950 2845 de
963 2817 1011 2854 leg.
1025 2817 1042 2843 I.
1064 2818 1130 2850 (30.)
1153 2828 1154 2847 1

1004 158 1095 190 ADD
1122 175 1160 181 -
1184 156 1281 188 ADF.

1162 238 1320 266 Ademtione
1339 248 1352 264 a
1370 237 1459 275 priore
1475 236 1600 273 legatario
1620 236 1699 269 sacta,
1724 236 1756 263 ad
1775 238 1918 265 secundum
1937 238 2003 275 lega-

1162 287 1218 309 tum
1237 286 1390 308 testatorem
1410 280 1573 307 convolasse.
1603 279 1633 307 fr.
1651 282 1693 306 33.
1714 280 1748 307 ib.
1769 280 1847 314 (30.)

1199 326 1302 352 Adeo
1322 322 1426 357 (Atha).
1455 322 1486 357 §·
1502 324 1536 350 1.
1565 325 1601 350 In
1620 329 1717 350 tantu
1726 333 1757 350 m.
1786 323 1829 350 lII.
1844 325 1909 351 Gn.
1929 324 2004 351 Adeo

1165 369 1212 399 ita.
1232 372 1261 394 ut
1279 372 1328 393 etc.
1367 365 1424 392 Gai.
1442 365 1462 392 1.
1481 366 1523 392 59.
1542 367 1583 393 78.
1603 365 1644 392 111.
1667 368 1723 393 149.
1744 368 1800 393 156.
1839 366 1914 393 Adeo
1933 367 2004 394 fami-

1164 411 1303 437 liaritatem
1322 409 1427 437 hahere.
1448 413 1476 435 ut
1495 413 1544 435 ete.
1573 408 1610 435 Ib.
1624 408 1666 435 III.
1684 411 1740 436 145.
1767 409 1843 436 Adeo
1862 411 2004 443 minimum,

1165 458 1191 480 ut
1212 453 1282 486 (non
1302 451 1464 490 expediret).
1502 451 1539 477 Ib.
1559 450 1590 478 II.
1612 454 1672 478 225.
1714 452 1788 478 Adeo
1812 454 1948 490 proprium
1971 454 2006 480 ci·

1165 497 1236 523 vium
1254 495 1299 527 R..
1324 500 1360 522 ut..
1389 494 1426 521 111.
1445 494 1488 521 III.
1508 495 1549 521 93.
1586 493 1615 521 Si
1638 494 1703 521 adeo
1722 505 1801 532 saepe
1819 495 1916 522 refecta
1935 500 2006 522 esset

1166 540 1219 573 (sc.
1240 539 1336 571 navis).
1357 542 1386 564 ut
1404 542 1452 564 etc.
1483 537 1513 564 fr.
1534 538 1574 564 76.
1594 537 1627 564 de
1645 538 1723 564 iudic.
1751 540 1774 564 5.
1797 540 1818 564 1.
1855 539 1930 565 Adeo
1950 538 2006 566 Ion-

1165 583 1223 619 gius
1243 581 1361 609 evolare.
1386 585 1415 607 ut
1438 581 1596 617 ignoremus.
1624 580 1655 607 fr.
1674 583 1698 607 5.
1722 581 1744 615 ξ.
1764 582 1787 607 6.
1817 580 1850 607 dc
1869 582 1900 608 A.
1919 581 1950 609 R.
1970 582 2004 609 D.

1165 674 1218 695 tem
1237 678 1296 694 esse
1315 671 1434 704 oportet.
1459 666 1507 692 sed
1530 676 1588 692 cum
1612 666 1728 702 ingenio.
1753 683 1785 687 -—
1805 677 1853 694 nec
1871 667 1936 694 adeo
1956 667 2005 702 [al.

1166 711 1242 745 ideo]
1263 709 1442 741 dissimulare,
1463 710 1486 735 si
1505 718 1572 745 quos
1591 724 1624 728 —
1644 708 1828 746 deprehendat.
1848 710 1878 737 fr.
1897 712 1921 738 9.
1940 711 1962 745 ξ.
1980 712 2006 737 2.

1166 755 1199 781 dc
1218 754 1261 780 off.
1281 753 1357 780 Proe.
1382 757 1408 779 et
1426 751 1488 788 Leg.
1519 753 1541 778 1.
1567 753 1607 778 16.
1646 751 1722 779 Adeo
1745 754 1893 790 praesentia
1917 763 2008 780 eorum

1166 807 1218 824 non
1242 801 1282 823 est
1306 796 1461 823 necessaria.
1490 794 1520 821 fr.
1545 796 1569 821 6.
1594 805 1633 832 pr.
1658 795 1691 821 ad
1715 794 1742 821 S.
1763 795 1793 822 C.
1813 795 1892 823 Treb.
1915 797 1958 823 36.
1983 798 2006 823 l.

1166 840 1196 867 Si
1216 839 1281 866 adeo
1301 838 1401 876 aliquid
1420 838 1499 864 suerit.
1517 837 1700 864 inchoandum.
1733 837 1782 864 Th.
1802 838 1833 865 C.
1852 838 1911 866 XV.
1937 841 1959 866 l.
1985 849 2006 866 c.

1168 884 1207 910 14.
1229 883 1261 909 dc
1281 893 1342 920 opp.
1362 881 1424 919 pub.

1201 925 1374 959 Adeptio.
1413 925 1614 959 Adquieitio.
1656 923 1698 950 III.
1719 924 1784 951 Cn.
1814 923 1948 962 Usucapio
1968 930 2009 951 est

1167 968 1276 995 dominii
1295 967 1401 1004 adeptio
1427 966 1475 1000 [al.
1495 966 1622 1000 adiectio]
1642 977 1690 1004 per
1709 968 1930 994 continuationem
1947 977 2009 1005 pos-

1167 1011 1297 1037 sessionis
1321 1014 1371 1037 etc.
1408 1009 1470 1047 Ylp.
1494 1009 1567 1036 ΧΙΧ.
1597 1011 1622 1036 8.
1660 1010 1713 1045 Qui
1738 1010 1804 1036 alios
1833 1012 2008 1048 promotionis

1167 1060 1285 1091 tempore
1305 1057 1331 1079 et
1349 1052 1532 1079 codicillorum
1551 1052 1690 1089 adeptione
1703 1055 1884 1090 praecesserit.
1913 1053 1963 1080 Th.
1977 1053 2008 1081 C.

1168 1097 1211 1124 VI.
1232 1099 1255 1123 7.
1276 1106 1298 1123 c.
1319 1098 1342 1122 1.
1362 1106 1384 1123 c.
1403 1098 1427 1122 2.
1448 1095 1481 1122 de
1499 1095 1583 1122 Prae-f.
1604 1095 1645 1122 Pr.

1202 1141 1356 1167 Adesse.
1397 1139 1429 1173 §0
1449 1140 1483 1165 1.
1512 1141 1652 1165 Praesto
1679 1149 1756 1171 esse.
1793 1141 1931 1174 Copiam
1958 1141 2011 1166 sui

1162 1185 1286 1220 facere.
1323 1181 1354 1208 II.
1375 1183 1442 1216 ΟΡ.
1477 1181 1568 1218 Ipsum
1587 1181 1681 1208 adesse
1699 1182 1830 1209 auditorio
1850 1182 1954 1209 debere.
1975 1197 2009 1201 —

1168 1226 1218 1253 Per
1237 1225 1315 1252 alium
1335 1225 1374 1261 agi
1392 1234 1473 1262 posse
1492 1234 1604 1251 causam.
1634 1224 1664 1251 sr.
1680 1227 1701 1251 1.
1722 1236 1753 1251 an
1772 1236 1797 1262 p.
1818 1225 1849 1252 al.
1865 1235 1935 1251 caus.
1950 1235 2009 1262 app.

1168 1271 1209 1296 49.
1233 1270 1257 1296 4.
1295 1268 1337 1296 ΙΙΙ.
1358 1269 1424 1296 Cn·
1452 1267 1569 1295 Adesse.
1594 1272 1619 1294 et
1643 1278 1747 1294 causam
1766 1278 1854 1305 agere,
1878 1278 1903 1294 v.
1923 1267 2010 1295 defen-

1169 1313 1239 1339 dere.
1270 1311 1301 1338 sr.
1321 1313 1362 1337 55.
1380 1321 1420 1348 pr.
1441 1310 1474 1337 de
1493 1311 1570 1337 evict.
1589 1312 1630 1337 21.
1649 1312 1674 1337 2.
1711 1310 1815 1337 Adesse
1834 1310 2010 1347 (legatarios),

1169 1361 1195 1383 et
1213 1355 1375 1382 voluntatem
1395 1353 1511 1380 defuncti
1530 1355 1606 1380 tueri.
1635 1353 1666 1380 fr.
1685 1356 1727 1380 29.
1747 1364 1786 1391 pr.
1806 1354 1839 1380 de
1857 1354 1929 1380 inoff.
1949 1358 2009 1380 test.

1169 1401 1192 1426 5.
1205 1401 1230 1425 2.
1268 1398 1297 1425 Si
1316 1402 1470 1435 praesentes
1489 1396 1628 1423 adfuerunt
1647 1396 1825 1430 (coheredes),
1844 1407 1893 1423 nec
1910 1396 2011 1423 dissen-

1169 1446 1266 1469 serunt.
1296 1441 1327 1468 fr.
1349 1443 1388 1467 12.
1414 1440 1447 1467 de
1467 1441 1543 1467 evict.
1568 1441 1610 1466 21.
1629 1442 1653 1466 2.
1685 1439 1714 1466 111
1734 1439 1847 1476 aliquem
1865 1439 1966 1472 locum,
1985 1450 2010 1467 v.

1168 1485 1197 1512 In
1217 1495 1247 1511 eo
1266 1484 1334 1517 loco.
1354 1483 1444 1510 iubere
1463 1483 1564 1510 adesse.
1583 1482 1614 1509 sr.
1629 1484 1668 1509 19.
1683 1483 1704 1516 §
1718 1484 1742 1509 2.
1763 1482 1793 1509 sr.
1804 1485 1846 1510 21.
1860 1483 1897 1517 ἕξ.
1913 1484 1953 1510 10.
1968 1492 2009 1519 sq.

1169 1528 1201 1555 de
1220 1538 1272 1555 rec.
1286 1537 1329 1564 qu.
1345 1527 1398 1553 arb.
1418 1527 1442 1553 4.
1461 1527 1485 1552 8.
1523 1525 1553 1552 Si
1572 1525 1639 1552 sorte
1659 1525 1717 1552 data
1737 1536 1816 1563 opera
1835 1525 1868 1552 ad
1885 1525 2012 1552 iudicium

1169 1581 1222 1598 non
1241 1570 1331 1597 adfuit.
1356 1570 1387 1597 l'r.
1400 1571 1424 1596 3.
1444 1570 1466 1603 ξ.
1481 1571 1503 1595 1.
1532 1569 1584 1605 Qu.
1604 1570 1631 1595 in
1650 1568 1681 1595 fr.
1696 1569 1764 1596 cred.
1778 1570 1819 1595 42.
1833 1570 1857 1595 8.
1877 1585 1910 1589 —
1929 1569 1961 1603 §0
1974 1570 2010 1597 2·

1170 1616 1336 1641 Adiuvare
1368 1622 1498 1640 causam
1528 1614 1686 1644 alterins,
1722 1613 1952 1638 Patrocinium
1982 1613 2012 1638 ei

1168 1659 1331 1692 praebere.
1371 1655 1390 1682 I.
1419 1656 1481 1689 Sy.
1513 1655 1599 1691 Agere
1623 1665 1726 1681 causam
1750 1654 1866 1681 alu—rius.
1907 1654 2012 1681 Adesse

1170 1700 1291 1734 (causis).
1312 1699 1342 1726 sr.
1358 1701 1398 1725 10.
1418 1708 1457 1735 pr.
1478 1697 1508 1724 fr.
1530 1700 1570 1724 ll.
1590 1698 1622 1724 de
1640 1697 1740 1735 postul.
1759 1699 1783 1723 3.
1806 1699 1827 1724 l.
1848 1697 1878 1724 I'r.
1893 1699 1916 1724 l.
1936 1698 1957 1731 ξ.
1970 1699 2010 1723 11.

1170 1743 1202 1770 de
1222 1747 1286 1769 extr.
1307 1752 1380 1779 cogn.
1401 1744 1441 1768 50.
1463 1743 1502 1768 13.
1538 1741 1761 1768 Advocationem.
1780 1750 1804 1766 v.
1825 1739 2011 1772 Patrocinium,

1170 1790 1313 1824 praestare,
1332 1795 1353 1812 s.
1367 1784 1501 1822 praebere.
1522 1783 1552 1810 fr.
1566 1785 1590 1810 6.
1604 1785 1624 1818 ξ.
1641 1786 1662 1810 1.
1683 1783 1716 1810 de
1734 1782 1834 1820 postuI.
1852 1784 1877 1809 3.
1899 1785 1921 1809 l.
1941 1783 1972 1810 fr.
1986 1783 2011 1809 9.

1170 1830 1207 1864 ᾗῇ.
1228 1831 1250 1855 l.
1265 1838 1323 1865 sqq.
1344 1828 1377 1854 de
1394 1837 1472 1865 poen.
1491 1828 1532 1853 48.
1555 1828 1593 1853 19.
1626 1826 1667 1853 fr.
1683 1826 1714 1852 de
1728 1826 1745 1852 1.
1762 1826 1790 1852 F.
1810 1826 1832 1860 §.
1847 1827 1887 1852 17.
1907 1825 1938 1852 cf.
1953 1835 1974 1852 c.
1988 1827 2010 1851 l.

1171 1872 1203 1899 de
1217 1871 1308 1898 advoc.
1328 1871 1393 1897 fisci.
1413 1872 1437 1897 2.
1457 1871 1480 1897 9.
1508 1869 1550 1896 III.
1563 1870 1628 1897 011.
1653 1868 1682 1896 Si
1702 1869 1749 1895 tibi
1768 1868 1884 1901 adsuero,
1905 1869 1927 1895 si
1946 1868 2011 1894 satis

1170 1925 1218 1953 pro
1237 1919 1264 1941 te
1283 1914 1394 1946 dedero,
1419 1914 1442 1940 si
1461 1912 1578 1950 qualibet
1601 1913 1628 1938 in
1650 1922 1678 1938 re
1698 1922 1776 1949 opera
1795 1911 1838 1937 vel
1856 1911 1937 1947 gratia
1954 1920 2011 1937 mea

1171 1968 1235 1985 usus
1258 1957 1347 1984 fueris.
1380 1956 1412 1983 fr.
1434 1958 1474 1983 19.
1499 1956 1521 1990 ξ.
1542 1958 1564 1982 1.
1589 1955 1622 1981 de
1645 1955 1733 1981 donat.
1757 1955 1799 1980 39.
1819 1955 1843 1980 5.
1873 1952 1904 1979 cf.
1930 1952 1961 1979 fr.
1986 1955 2010 1979 5.

1171 2002 1192 2035 ξ.
1214 2003 1253 2026 ll.
1273 2000 1306 2026 (10
1324 1999 1349 2026 h.
1370 2009 1412 2035 qu.
1433 2003 1461 2025 ut
1481 1998 1533 2025 ind.
1557 1999 1600 2024 34.
1621 1999 1645 2024 9.
1682 1996 1806 2023 Interdici
1825 2000 1915 2033 potest
1934 1995 2012 2022 alicui

1171 2043 1346 2077 (advocato),
1375 2051 1408 2067 ne
1432 2042 1510 2067 certis
1533 2041 1656 2077 personis
1682 2039 1758 2066 adsit.
1789 2038 1819 2066 fr.
1840 2040 1863 2066 9.
1889 2039 1910 2073 §.
1932 2040 1954 2065 l.
1978 2037 2012 2065 de

1171 2096 1248 2123 poen.
1270 2087 1311 2111 48.
1334 2086 1372 2111 19.
1405 2100 1437 2104 —
1468 2084 1498 2117 δ.
1519 2084 1556 2110 3.
1590 2084 1706 2110 Inesse.
1741 2082 1784 2108 III.
1805 2083 1871 2110 011.
1902 2080 1932 2108 Si
1951 2082 2012 2118 quis

1172 2128 1361 2159 adfirmaverit,
1385 2127 1484 2164 aliquid
1508 2125 1601 2152 adesse
1624 2135 1715 2158 serm,
1739 2135 1788 2152 nec
1812 2124 1889 2151 adsit.
1918 2123 1949 2151 sr.
1970 2125 2010 2150 17.

1149 2169 1151 2178 ¹
1172 2172 1194 2206 §.
1213 2174 1255 2198 20.
1280 2171 1313 2197 de
1331 2170 1397 2197 Aed.
1417 2169 1457 2196 ed.
1476 2171 1518 2196 21.
1539 2170 1563 2195 1.

1206 2214 1387 2241 Adfatim.
1428 2212 1459 2246 §0
1484 2213 1518 2238 1.
1554 2213 1691 2238 Abunde.
1734 2210 1776 2237 Ill.
1801 2211 1868 2238 Gn.
1895 2209 2012 2237 Adfatim

1173 2263 1275 2284 cautum
1295 2261 1336 2283 cst
1353 2256 1386 2283 dc
1405 2261 1453 2282 etc.
1483 2254 1533 2281 Th.
1548 2254 1578 2281 C.
1592 2254 1650 2281 XII.
1666 2255 1688 2280 l.
1709 2264 1730 2280 c.
1747 2255 1803 2279 122.
1823 2252 1856 2279 dc
1869 2251 1958 2279 decur.
1978 2267 2011 2272 —

1172 2301 1203 2334 §.
1215 2302 1250 2327 2.
1271 2301 1448 2327 Secundum
1467 2299 1623 2329 ordinem,
1643 2297 1858 2332 Singulatim.
1885 2295 1929 2322 111.
1944 2296 2012 2323 Gn·

1173 2343 1284 2370 Cunctis
1304 2342 1409 2369 adfatim
1426 2357 1459 2361 -
1478 2341 1613 2378 inspectiS,
1634 2339 1793 2376 exploretur.
1826 2338 1863 2365 Ib.
1877 2337 1949 2365 XIV.
1968 2338 2009 2364 18.

1174 2397 1194 2413 c.
1207 2388 1228 2413 1.
1250 2386 1282 2413 dc
1294 2385 1404 2412 mendic.
1420 2385 1472 2411 non
1486 2383 1562 2410 inval.
1600 2382 1702 2420 Populo
1716 2382 1840 2419 porcinae
1853 2382 1955 2419 species
1969 2379 2012 2407 ad·

1174 2429 1245 2456 satim
1263 2428 1427 2466 praebeatur.
1464 2426 1500 2453 lb.
1520 2425 1590 2453 XIV.
1611 2427 1634 2452 4.
1655 2436 1676 2452 c.
1696 2427 1720 2452 3.
1741 2424 1774 2451 do
1793 2434 1860 2451 suar.

1208 2473 1369 2500 Adfatus
1401 2469 1536 2504 (subsc).
1583 2470 1792 2503 Rescriptum
1826 2467 2010 2501 Principis.

1174 2515 1192 2542 Ι.
1217 2517 1279 2550 Sy.
1315 2513 1431 2541 Litterae
1459 2522 1556 2539 sacrae.
1592 2511 1690 2548 Apices
1715 2511 1790 2537 sacri.
1827 2509 1864 2536 lb.
1890 2508 1944 2536 VII.
1970 2509 2010 2535 16.

1174 2569 1196 2585 c.
1208 2560 1233 2585 2.
1253 2557 1286 2584 de
1304 2557 1374 2584 litor.
1388 2561 1414 2583 et.
1427 2556 1481 2582 itin.
1497 2559 1563 2582 cust.
1596 2553 1739 2580 Oraculum
1752 2552 1872 2580 caeleste.
1901 2552 1938 2578 Ib.
1952 2550 2009 2578 VII.

1173 2603 1197 2628 ³.
1218 2611 1238 2628 c.
1258 2603 1282 2627 2.
1311 2600 1362 2636 Qu.
1382 2601 1409 2626 in
1427 2597 1515 2635 gradu.
1552 2597 1698 2636 ssescripta.
1727 2607 1748 2624 e.
1762 2598 1785 2623 6.
1806 2595 1838 2622 de
1857 2595 1909 2622 div.
1928 2603 2008 2622 rescr.

1175 2647 1197 2671 1.
1221 2645 1263 2670 23.
1298 2643 1340 2669 Ill.
1355 2644 1420 2671 Cn.
1445 2640 1606 2677 Principales
1621 2640 1818 2678 dispositiones,
1837 2638 1880 2665 vel
1899 2637 2009 2665 adfatus.

1175 2698 1195 2714 c.
1211 2688 1235 2713 6.
1256 2687 1288 2713 dc
1308 2686 1382 2712 fruet.
1403 2690 1428 2711 et
1446 2684 1483 2711 lit.
1504 2694 1562 2720 exp.
1583 2685 1605 2710 7.
1620 2685 1662 2710 51.
1699 2681 1848 2713 codicillis.
1866 2680 1908 2708 vel
1927 2680 2010 2706 sacris

1175 2730 1314 2758 adfatibus,
1334 2730 1378 2762 (ex
1398 2728 1448 2754 alio
1467 2727 1498 2753 atl
1518 2727 1596 2753 allum
1614 2725 1721 2762 gradum
1741 2724 1885 2761 emigrare).
1915 2722 1963 2749 Th.
1976 2722 2007 2749 C.

1174 2773 1230 2799 Vll.
1243 2775 1267 2799 3.
1288 2783 1310 2799 c.
1323 2775 1346 2798 2.
1369 2772 1420 2807 Qu.
1435 2772 1462 2797 in
1475 2770 1562 2806 gradu.
1600 2769 1751 2805 Principum
1770 2768 1850 2794 sacris
1870 2765 2009 2797 adfatibus,

1175 2816 1216 2842 vel
1236 2816 1389 2842 auctoritate
1403 2813 1539 2841 tribunalis
1554 2829 1585 2833 —
1600 2812 1694 2839 datum.
1719 2822 1740 2838 c.
1755 2813 1778 2838 7.
1792 2812 1813 2845 §.
1827 2812 1850 2836 5.
1870 2809 1903 2836 de
1918 2809 2008 2835 advoc.
