2197 3121
271 191 335 222 470

1017 182 1096 213 INH
1121 200 1160 206 —
1183 181 1253 212 INI.

272 273 291 300 I.
311 273 373 306 Sy.
393 270 543 297 Adhaerere
567 269 741 302 (ministeriis
761 266 827 299 etc.)
852 276 873 293 c.
894 267 918 292 4.
943 265 975 292 de
994 273 1116 302 praepos.
1138 264 1140 279 ¹
1161 262 1230 290 sorte
1249 262 1375 295 obsedit.)
1400 272 1421 290 c.
1440 263 1483 290 28.
1508 262 1540 290 de
1563 263 1636 290 inoff.
1660 267 1762 290 testam.
1786 265 1811 291 3.
1830 265 1871 291 28.
1908 263 1936 290 ln
1955 263 1999 290 ali·

272 315 299 342 S.
321 315 378 341 cub.
399 315 439 339 12.
460 315 484 339 5.
521 312 564 339 111.
585 313 651 339 (Ἦ.
683 310 830 347 Obsequiis
850 309 980 346 occupati.
1000 312 1025 334 et
1045 306 1117 333 aulae.

272 356 452 396 penetralibus
472 355 648 382 inhaerentes.
669 364 689 380 e.
709 354 733 379 2.
753 363 811 390 sqq.
832 352 866 379 ih.
888 354 926 378 12.
947 353 970 377 5.
1008 350 1062 386 Qui
1081 359 1118 377 ar—

273 403 322 428 mis
343 399 520 426 inhaeserunt.
542 396 593 424 Th.
615 396 646 423 C.
666 395 726 423 Vll.
747 397 769 422 1.
789 406 810 422 c.
830 398 854 421 5.
874 394 906 421 de
925 394 955 420 R.
975 393 1008 420 Μ.

308 442 479 471 laniare.
517 442 690 474 Adpetere,
711 440 885 466 lusidiari.
923 436 966 463 III.
981 437 1047 464 Gn*-
1067 435 1118 462 Ex-

273 493 359 514 torres
378 486 431 512 sint
451 483 481 510 ab
502 482 637 510 omnibus.
663 482 759 519 quibus
779 481 942 508 inhiaverant
960 479 1047 506 bonis.
1067 478 1116 505 Th.

273 529 304 556 C.
324 528 394 555 XVI.
413 530 437 553 2.
459 537 479 554 c.
499 528 540 553 27.
560 536 598 563 pr.
619 525 651 552 de
672 526 752 563 episc.
777 523 840 550 eccl.
865 522 896 549 cs.
921 522 954 549 X.
972 524 1014 548 20.
1035 532 1056 548 c.
1077 523 1116 548 14.

274 572 306 599 de
326 570 443 606 murileg.
480 568 591 596 Publice
610 567 767 595 muniendus
787 565 895 597 auxilio.
916 570 944 592 ut
957 564 1069 603 praedae
1082 565 1119 591 in-

273 614 400 642 hiantium
420 622 473 639 non
492 611 611 639 dedatur.
629 611 666 638 Ib.
686 611 718 638 X.
740 612 779 636 10.
800 620 821 635 e.
840 611 881 635 27.
906 609 928 643 §.
950 611 972 635 l.
992 607 1024 634 de
1043 609 1116 645 petit.

274 663 301 683 et
319 657 389 684 ultro
409 655 460 682 dat.
498 655 594 682 Sacros
613 654 703 681 vultus
723 652 884 679 inhiantibus
905 652 926 678 si
946 651 1015 678 sorte
1034 661 1119 688 popu·

274 699 307 726 lis
327 699 478 726 inseremus.
497 697 534 725 lb.
556 697 624 724 Vlll.
646 698 684 723 ll.
709 706 729 721 c.
749 697 772 721 4.
793 705 826 721 ne
845 705 888 731 qu.
908 694 971 732 pub.
990 693 1071 720 laetit.

309 742 492 770 Inhiatio.
531 741 703 775 ,4dpetitio
722 740 894 766 vehemens.
930 736 973 763 111.
993 737 1059 764 Gn.
1079 735 1119 762 In-

273 784 422 812 verecunda
445 788 581 821 petentum
604 782 748 809 inhiatione
772 780 926 816 constringi.
955 779 1005 806 Th.
1031 779 1061 806 C.
1085 779 1118 806 X.

275 830 316 855 10.
337 838 357 855 c.
378 829 418 854 15.
439 827 472 853 de
491 831 544 864 pet.
566 830 589 852 et
610 824 680 851 ultro
699 824 751 850 dat.

310 871 506 899 Inhibere.
544 870 719 902 Impedire,
738 868 923 894 Prohibere.
949 865 969 892 1.
989 866 1051 899 Sy.
1071 864 1119 891 Im-

274 914 374 952 pedire.
394 912 424 939 sr.
444 915 468 938 5.
488 913 509 946 §.
531 913 570 938 18.
591 911 624 938 de
643 910 703 937 don.
723 910 769 936 int.
789 909 820 936 V.
839 911 881 936 24.
903 911 925 935 l.
944 908 978 935 fr.
999 911 1038 935 11.
1059 909 1080 942 §.
1096 910 1118 934 1.

275 957 309 984 de
328 958 438 994 impenS.
458 956 483 982 in
503 963 545 981 res
565 954 618 981 dot.
644 956 686 980 25.
708 955 730 980 1.
767 952 920 979 Prohibere.
941 951 971 978 fr.
992 954 1033 978 30.
1053 952 1075 986 ᾗ.
1098 953 1120 977 l.

276 1000 310 1027 de
327 1004 395 1037 pact.
414 1002 437 1024 2.
459 999 498 1024 14.
519 997 550 1024 fr.
570 999 611 1024 47.
633 996 662 1023 fr.
683 997 724 1022 48.
744 996 765 1030 §.
786 996 809 1022 1.
829 994 862 1021 de
881 1004 953 1032 oper.
973 994 1060 1021 libert.
1079 996 1120 1020 35.

276 1045 300 1069 l.
337 1042 367 1069 11.
387 1043 454 1076 Op·
474 1040 639 1067 Permittere.
659 1039 689 1066 fr.
710 1041 733 1066 7.
754 1039 791 1072 ἕξ.
812 1039 834 1064 1.
855 1047 894 1074 sq.
914 1039 938 1064 4.
953 1047 992 1074 sq.
1013 1037 1046 1064 de
1059 1037 1121 1063 don.

276 1087 322 1113 int.
342 1085 374 1112 V.
392 1086 433 1111 24.
456 1086 477 1110 l.
515 1083 663 1110 Admittere
683 1082 883 1116 (sententiam.)
908 1080 939 1107 fr.
964 1081 1006 1106 34.
1031 1090 1070 1118 pr.
1090 1079 1122 1106 de

276 1128 310 1155 O.
331 1133 356 1155 et
375 1128 406 1154 A.
426 1128 468 1154 44.
489 1128 512 1153 7.
550 1126 629 1157 Dari.
650 1125 824 1162 Competere,
845 1139 875 1144 —
896 1123 1013 1149 Inhiberi
1032 1123 1124 1155 (actio-

277 1171 357 1204 nem.)
382 1170 412 1197 sr.
432 1172 474 1196 28.
499 1168 530 1196 fr.
550 1170 591 1195 31.
617 1168 649 1195 de
668 1179 729 1195 nox.
754 1172 802 1194 act.
823 1168 846 1193 9.
866 1167 890 1192 4.
914 1166 945 1192 sr.
965 1167 1006 1192 52.
1032 1175 1071 1203 pr.
1091 1165 1124 1192 de

276 1213 362 1253 pecul.
389 1215 428 1239 15.
454 1214 476 1239 1.
518 1211 663 1238 Remittere
686 1210 900 1248 prohibitionem.
926 1208 958 1235 fr.
982 1211 1004 1235 1.
1031 1219 1071 1246 pr.
1091 1208 1124 1235 de

277 1258 310 1284 Ο.
330 1256 362 1284 N
383 1255 414 1283 N.
435 1256 477 1282 39.
498 1257 521 1282 l.
558 1254 602 1281 111.
617 1256 682 1282 Cn.
703 1254 795 1280 Oratio
815 1252 898 1289 Impp.
912 1268 946 1272 -
960 1262 1027 1289 quae
1047 1262 1124 1289 quas-

278 1300 338 1327 dam
357 1299 463 1336 nuptias
483 1299 510 1324 in
529 1301 668 1335 personam
688 1297 736 1330 [al.
760 1295 891 1334 persona]
912 1295 1069 1322 Senatorum
1088 1296 1125 1322 in-

278 1343 374 1370 hibuit.
395 1342 426 1368 fr.
449 1342 489 1367 16.
515 1340 547 1367 de
572 1339 689 1378 sponsal.
709 1341 751 1365 23.
772 1341 794 1365 1.
832 1338 883 1365 Per
901 1338 969 1365 hanc
987 1338 1070 1375 legem
1089 1339 1126 1365 iu-

277 1386 380 1417 bemus,
400 1386 426 1411 in
445 1388 582 1421 posterum
602 1381 753 1409 huiusmodi
773 1391 899 1408 conamen
912 1381 1034 1408 inhiberi.
1049 1391 1070 1408 c.
1082 1382 1125 1408 22.

278 1427 364 1455 mand.
384 1430 408 1454 4.
427 1429 468 1453 35.
506 1426 559 1453 Sed
581 1431 606 1452 et
625 1426 689 1452 haec
708 1426 838 1451 sententia
857 1434 905 1462 per
918 1424 1070 1451 Praetorem
1089 1425 1127 1450 in-

278 1470 393 1499 hibenda
412 1475 459 1496 est.
481 1470 510 1496 fr.
530 1471 572 1496 34.
592 1479 631 1506 pr.
653 1468 685 1494 de
705 1468 738 1494 O.
763 1472 788 1494 et
811 1467 843 1494 A.
864 1470 905 1494 44.
931 1469 953 1494 7.
978 1467 1010 1494 cf.
1031 1467 1062 1494 fr.
1082 1468 1124 1494 32.

279 1515 301 1549 §.
325 1516 363 1540 10.
389 1513 421 1540 de
445 1522 497 1539 rec.
522 1522 564 1548 qu.
591 1511 645 1538 arb.
665 1513 689 1537 4.
709 1514 732 1538 S.
770 1510 902 1537 Praetoris
923 1510 1012 1537 officio
1032 1521 1126 1537 conve-

279 1558 336 1584 nire
355 1557 487 1587 existimo,
507 1559 535 1581 ut
554 1570 587 1574 —-
606 1554 724 1581 inhibeat
747 1553 821 1580 fundi
846 1555 1067 1591 persecutionem.
1093 1553 1124 1580 fr.

281 1601 338 1627 109.
364 1599 385 1633 §
412 1600 433 1625 1.
459 1598 492 1624 de
516 1597 592 1634 legat.
617 1597 636 1623 1.
656 1598 733 1630 (30.)
774 1596 815 1623 Ex
839 1598 971 1633 aequitate.
991 1596 1126 1623 inhibetur

280 1642 438 1676 (vindicatio
457 1639 581 1678 praedii.)
601 1640 631 1666 sr.
654 1641 694 1665 10.
715 1639 747 1666 de
765 1639 820 1666 reb.
836 1649 889 1665 eor.
911 1649 954 1676 qu.
974 1649 994 1665 s.
1015 1644 1062 1665 tut.
1082 1641 1124 1665 27.

280 1688 304 1713 9.
342 1685 391 1717 Ὑί,
411 1685 468 1710 sive.
487 1685 543 1710 iure
568 1684 624 1709 sive
644 1684 737 1709 iniuria
757 1692 823 1720 opus
843 1683 932 1714 lieret,
955 1692 1004 1719 per
1022 1682 1127 1708 nuncia·
1148 1695 1149 1700 =

281 1730 380 1755 tionem
399 1727 570 1754 inhiberetur.
591 1726 620 1752 fr.
643 1727 664 1751 l.
684 1736 723 1762 pr.
745 1725 777 1751 de
797 1725 828 1751 Ο.
844 1725 875 1751 N.
889 1724 920 1751 Ν
939 1727 981 1751 39.
1004 1726 1025 1750 1.
1046 1724 1077 1751 ef.
1095 1724 1125 1751 sr.

281 1773 305 1798 9.
325 1782 363 1809 pr.
385 1771 406 1796 si
427 1771 516 1796 servit.
536 1771 559 1795 8.
574 1771 598 1795 5.
636 1769 739 1795 Cursus
758 1768 908 1795 inhibeatur
926 1778 1064 1794 usurarum
1084 1767 1127 1794 de·
1148 1764 1149 1769 ¹

283 1812 503 1840 nunciationihus.
528 1822 549 1838 c.
573 1813 596 1838 4.
622 1811 654 1837 de
678 1821 749 1838 usur.
775 1821 837 1848 pup.
865 1813 888 1837 5.
909 1812 951 1837 56.
988 1810 1048 1837 Non
1068 1820 1127 1837 esse

284 1856 454 1882 inhibendum
475 1855 646 1883 creditorem.
671 1854 812 1890 quominus
835 1858 914 1891 petat.
940 1853 970 1880 fr.
993 1855 1035 1880 30.
1061 1853 1082 1887 ξ.
1104 1855 1126 1879 1.

285 1898 317 1925 de
336 1903 404 1935 pact.
424 1901 447 1924 2.
470 1900 508 1924 14.

320 1941 517 1968 Inhibifio·
554 1942 755 1967 Prohibitio.
798 1939 841 1966 111.
871 1940 937 1967 Cn·
968 1938 1005 1965 Vt
1035 1950 1048 1965 a
1073 1938 1150 1965 bia-²

285 1984 413 2022 sphemiis
433 1988 459 2009 et
476 1984 609 2020 periuriis,
629 1993 695 2019 quae
714 1984 832 2020 ipsorum
846 1983 896 2015 (sc.
911 1981 1040 2013 iudicum)
1060 1981 1128 2008 inhi-

285 2027 431 2054 bitionibus
450 2026 548 2052 debent
564 2027 709 2063 comprimi,
721 2041 752 2045 —
765 2026 953 2062 conquiescant
972 2025 1127 2059 (homines.)

286 2082 307 2097 c.
325 2072 350 2097 3.
371 2069 403 2096 de
423 2068 528 2095 aleator.
548 2070 572 2095 3.
592 2070 633 2094 43.

321 2112 546 2140 lambitum.
583 2110 704 2143 (partic.)
740 2112 962 2142 Prohibitnm,
986 2112 1129 2137 Interdi-

287 2162 338 2182 clu
347 2165 378 2181 ιιι.
416 2155 433 2181 1.
454 2156 515 2189 Sy.
536 2154 660 2180 Yetitum.
698 2153 810 2180 lnhibita
835 2154 982 2185 (sacratiss.
1003 2154 1130 2180 constitu-

289 2198 344 2231 tis.)
364 2197 413 2223 Th.
429 2197 460 2224 C.
480 2197 549 2224 Vllt.
569 2199 592 2223 4.
614 2207 635 2224 c.
655 2198 697 2223 25.
717 2196 749 2222 de
768 2195 894 2222 cohortal.
915 2195 983 2223 vltl.
1003 2198 1027 2223 5.
1047 2207 1068 2223 c.
1089 2198 1130 2222 54.

289 2240 322 2267 de
341 2249 419 2266 eursu
438 2240 500 2277 pub.
522 2239 589 2267 Vlll.
610 2241 634 2266 7.
655 2250 677 2265 c.
696 2241 738 2265 20.
759 2237 791 2264 de
811 2238 862 2265 div.
883 2238 953 2265 ol'fic.

324 2284 543 2310 lnhoneste..
581 2282 694 2316 (Advb.)
731 2283 898 2313 Iudecore,
923 2283 1093 2316 Turpiter.
1112 2282 1131 2315 1,
1153 2276 1155 2292 ¹

291 2327 352 2360 Sy.
372 2324 485 2351 Nefaria
506 2324 556 2350 Th.
577 2325 608 2352 C.
622 2324 653 2351 ll.
672 2326 714 2351 29.
735 2326 794 2351 c.1.
815 2325 837 2351 si
857 2329 920 2351 cert.
939 2329 992 2361 pet.
1013 2324 1045 2351 de
1058 2325 1132 2351 suffr.

291 2368 320 2394 11.
347 2369 414 2402 Op.
435 2367 506 2393 satis
527 2367 670 2397 commode,
688 2367 814 2394 Honeste.
839 2367 869 2394 fr.
889 2369 930 2394 63.
950 2377 990 2405 pr.
1013 2367 1036 2401 5.
1058 2370 1080 2394 l.
1101 2367 1133 2394 de

291 2411 368 2438 cond.
389 2415 415 2437 et
434 2410 501 2436 dem.
520 2411 562 2435 35.
584 2411 605 2435 1.
643 2410 707 2436 Sine
732 2419 779 2436 sua
805 2410 976 2447 turpitudine.
997 2410 1027 2437 fr.
1046 2411 1089 2437 21.
1109 2411 1131 2444 §.
1154 2414 1155 2420 ¹

294 2456 333 2480 ll.
353 2453 385 2480 de
405 2463 456 2479 rec.
477 2462 520 2488 qu.
547 2451 600 2478 arb.
626 2454 649 2478 4.
673 2455 696 2478 8.
733 2452 776 2479 111.
798 2454 864 2480 Gn.
883 2453 1079 2491 Imprudentius
1098 2457 1133 2479 at·
1155 2455 1156 2458 ’

293 2507 343 2533 que
362 2495 529 2522 inhonestius
553 2494 718 2521 arbitrantur.
743 2494 794 2522 Th.
814 2495 846 2522 C.
865 2495 912 2522 l.l.
950 2496 1004 2531 Qui
1028 2495 1135 2522 inhone—
1155 2493 1156 2515 i

293 2545 333 2565 ste
353 2544 379 2565 et
398 2543 487 2565 contra
507 2537 587 2564 decus
606 2537 713 2568 saeculi,
732 2537 775 2563 vel
793 2538 923 2565 honorem
941 2538 1059 2571 militiae,
1078 2548 1135 2565 ver-

295 2582 429 2608 sabuntur.
450 2580 487 2607 lb.
507 2579 551 2607 Vl.
571 2582 613 2607 29.
633 2590 655 2606 c.
673 2581 698 2606 3.
718 2578 751 2605 de
770 2582 865 2608 curios.

331 2623 571 2651 Inhonestus.
613 2620 752 2655 (Adiect.)
794 2625 973 2659 Indignus,
1004 2625 1134 2658 Turpis.

298 2665 328 2691 11.
352 2668 418 2699 ΟΡ.
450 2665 566 2693 Honesta
586 2670 611 2691 et
631 2664 714 2697 licita,
735 2681 767 2684 —
787 2665 927 2693 Inhonesta
947 2667 1024 2700 (res.)
1043 2666 1073 2693 sr.
1094 2668 1135 2692 57.
1157 2683 1158 2686 =

298 2717 344 2744 pro
365 2718 419 2734 soc.
440 2710 479 2735 17.
498 2710 522 2735 2.
559 2707 701 2739 llonestae‚
721 2723 752 2727 —-
773 2707 929 2735 Inhonestae
945 2709 1137 2742 (donationes.)
1158 2722 1159 2738 t

298 2750 327 2776 l'r.
347 2751 369 2774 5.
391 2749 422 2775 d·-
442 2751 529 2777 donat.
548 2752 590 2777 39.
610 2752 633 2776 5.
675 2750 718 2777 111.
739 2752 805 2778 Cn.
830 2750 895 2776 Rem
919 2750 1037 2779 illicitam
1057 2757 1083 2779 et
1101 2753 1138 2778 in·
1158 2748 1159 2775 i

299 2792 436 2818 honestam
455 2793 599 2820 admisisse.
626 2803 647 2819 c.
669 2795 691 2819 1.
712 2793 745 2819 de
769 2792 879 2819 liberali.
900 2803 921 2819 c.
942 2795 964 2819 7,
986 2796 1026 2821 16.
1063 2794 1138 2821 Inho-

301 2835 383 2860 nestis
404 2833 479 2859 sactis
499 2840 576 2871 atque
590 2835 774 2862 indecentibus
788 2835 1024 2863 machinationibus
1043 2837 1138 2870 (filium

1162 316 1239 342 quem
1258 305 1346 332 locum
1364 305 1545 338 inhonestum,
1565 320 1597 324 -—
1617 311 1678 343 puta
1703 307 1728 333 in
1752 307 1887 344 popinam.
1911 306 1954 334 vel
1973 308 2000 333 in

1162 349 1325 387 lupanarium
1345 348 1451 381 (adesse
1470 349 1582 381 iubere.)
1607 349 1636 376 fr.
1656 351 1697 376 21.
1722 350 1744 383 ξ.
1766 351 1804 376 11.
1830 349 1863 376 de
1885 360 1936 376 rec.
1956 359 1999 386 qu.

1162 392 1214 419 arb.
1234 394 1260 418 4.
1279 393 1302 418 8.
1340 391 1369 418 Si
1389 390 1528 418 inhonesta
1547 402 1623 419 causa
1644 392 1692 419 suit
1712 393 1899 430 (sponsionis.)
1916 392 1947 419 fr.
1962 394 2000 418 17.

1162 434 1184 468 ξ.
1204 437 1227 461 5.
1248 434 1280 461 de
1299 444 1399 472 praesc.
1419 444 1460 461 vv.
1485 436 1525 461 19.
1539 437 1563 462 5.
1599 435 1771 462 Inhonestum
1790 436 1875 462 visum
1894 439 1934 461 est
1952 439 2000 461 etc.

1139 476 1140 480 ¹
1163 477 1192 504 fr.
1219 478 1276 503 134.
1300 487 1339 514 pr.
1365 477 1397 503 de
1420 476 1453 504 V.
1477 477 1510 504 Ο.
1535 479 1575 505 45.
1603 480 1625 504 l.
1646 478 1676 505 cs.
1704 478 1734 505 fr.
1755 480 1794 504 12.
1815 477 1848 504 de
1867 477 2001 504 decurion.

1163 522 1203 547 50.
1223 523 1247 547 2.

1198 565 1427 590 Ιιιὶιιιιῃιιῐιθ.
1452 561 1565 596 (Advb.)
1590 565 1718 599 Inique,
1739 565 1939 592 Inciviliter.
1960 562 2001 590 111.

1164 607 1230 633 Cn.
1250 605 1284 632 Et
1303 605 1353 632 hoc
1372 605 1491 632 nonnulli
1505 606 1570 633 1.Cti
1591 608 1616 633 in
1636 607 1722 635 medio
1743 606 1786 640 [al.
1807 606 1930 639 medium]
1944 615 2003 643 pro-

1162 653 1293 686 ponentes
1311 648 1451 675 inhumane
1469 648 1640 686 reliquerunt.
1662 661 1684 677 c.
1697 652 1740 677 34.
1761 650 1794 677 de
1813 649 1885 677 inoff.
1900 653 2002 675 testam.

1161 694 1185 719 3.
1204 693 1246 718 28.

1199 734 1481 762 Inhumanitas.
1518 737 1706 768 Atrocitas,
1727 737 1930 763 hnmanitas.
1959 733 2003 760 111.

1164 780 1230 806 Cn.
1252 778 1324 813 Quin
1338 777 1554 805 inhumanitatem
1573 783 1680 816 superet
1693 778 1826 810 hostilem,
1845 779 1868 804 si
1882 778 1941 814 quis
1954 781 2003 804 etc.

1163 821 1233 848 Nov.
1252 820 1310 847 Yal.
1330 820 1373 847 111.
1394 820 1426 847 de
1445 831 1538 858 pecun.
1558 821 1614 848 Afr.
1635 821 1706 848 cred.
1725 821 1756 848 11.
1777 824 1816 848 14.
1837 832 1858 848 c.
1879 822 1901 847 1.
1921 830 1961 857 pr.

1200 866 1453 891 Inhumanus.
1495 864 1625 897 (Adiect.)
1662 866 1818 900 Iniquus,
1841 864 2004 891 lut-inilia.

1165 907 1207 934 lIl.
1223 908 1290 934 Cn.
1310 905 1472 944 Rescripsit:
1490 906 1567 934 valde
1581 907 1737 934 inhumanus
1750 918 1807 934 mos
1821 912 1862 933 est
1875 907 1934 938 iste,
1953 915 2006 942 quo

1166 955 1214 977 etc.
1235 950 1264 976 fr.
1285 951 1309 976 3.
1329 949 1351 983 §.
1371 950 1395 976 6.
1421 949 1453 976 de
1475 951 1531 976 iure
1555 950 1622 977 fisci.
1648 952 1689 977 49.
1713 952 1751 977 14.
1788 949 1873 976 Valde
1890 948 2007 976 inhuma-

1166 1004 1228 1020 num
1247 997 1296 1024 est,
1316 1003 1328 1019 a
1347 993 1451 1019 nemine
1470 994 1589 1030 accipere
1603 994 1651 1026 (sc.
1665 994 1767 1025 xenia3)
1788 993 1835 1020 sed
1848 993 1957 1030 passim.
1969 992 2007 1018 vi-

1166 1036 1295 1063 lissimum
1310 1040 1364 1067 est3
1384 1040 1409 1062 et
1429 1037 1524 1067 omnia,
1539 1037 1727 1063 avarissimum.
1748 1036 1778 1063 fr.
1792 1037 1816 1062 6.
1836 1036 1858 1070 ξ.
1870 1038 1895 1062 3.
1915 1035 1948 1062 de
1963 1034 2007 1061 off.

1167 1079 1242 1106 Proc.
1262 1085 1288 1104 et
1306 1077 1368 1115 Leg.
1390 1081 1413 1106 1.
1436 1081 1474 1105 16.
1511 1078 1637 1115 Alioquin
1662 1084 1687 1105 et
1712 1080 1757 1116 qui
1779 1079 1904 1116 precibus
1928 1079 2009 1115 impe—

1167 1123 1255 1154 travit,
1275 1137 1307 1141 —
1328 1123 1377 1148 erit
1396 1126 1513 1153 notatus,
1532 1131 1580 1148 nec
1599 1122 1648 1148 erit
1661 1123 1753 1148 veniae
1766 1122 1818 1148 ulla
1838 1123 1917 1148 ratio:
1938 1120 2009 1158 quod

1169 1170 1209 1192 est
1228 1164 1404 1191 inhumanum.
1424 1164 1455 1191 fr.
1475 1166 1499 1191 6.
1520 1164 1542 1198 §.
1557 1165 1581 1191 3.
1601 1164 1634 1191 de
1653 1164 1678 1191 h.
1699 1175 1741 1201 qu.
1761 1170 1815 1191 not.
1836 1165 1922 1191 inl'am.
1940 1166 1965 1190 3.
1983 1166 2008 1191 2.

1168 1209 1230 1244 Quo
1249 1207 1314 1234 nihil
1333 1207 1499 1235 inhumanius
1519 1211 1582 1240 erat,
1602 1208 1624 1234 si
1644 1212 1692 1234 etc.
1709 1218 1730 1234 c.
1746 1209 1768 1234 l.
1788 1207 1821 1234 de
1839 1217 1913 1234 usuc.
1926 1212 2010 1234 trans-

1168 1251 1243 1278 form.
1264 1252 1287 1277 7.
1307 1252 1348 1277 31.

1204 1294 1382 1321 lnieetio.
1406 1294 1437 1327 §.
1458 1294 1493 1320 l.
1521 1295 1623 1320 Actus
1642 1295 1821 1320 inficiendi
1839 1303 1961 1320 manum
1980 1299 2009 1320 et

1169 1338 1437 1371 adpreltendendi.
1474 1336 1517 1363 ΙΙΙ,
1535 1338 1601 1364 οη.
1630 1336 1740 1363 Servum
1760 1347 1788 1363 ea
1807 1336 1864 1373 lege
1882 1336 2010 1368 vendidit,

1170 1385 1206 1412 ut,
1226 1381 1249 1406 si
1268 1379 1367 1406 rediret
1386 1380 1412 1406 in
1432 1389 1488 1406 eam
1507 1380 1648 1410 civitatem.
1669 1379 1738 1406 unde
1757 1379 1856 1417 placuit
1869 1380 2010 1417 exportari,

1169 1433 1261 1450 manus
1286 1423 1392 1449 iniectio
1417 1427 1497 1449 esset.
1521 1422 1605 1449 Vatic.
1630 1423 1652 1457 §.
1677 1424 1702 1449 6.
1726 1422 1757 1449 fr.
1784 1424 1823 1449 10.
1848 1423 1869 1457 §.
1890 1422 1966 1450 1..d0
1984 1423 2011 1448 in

1170 1468 1211 1494 ius
1230 1476 1288 1493 voc.
1306 1468 1331 1493 2.
1350 1468 1375 1492 4.
1412 1465 1441 1492 Si
1460 1466 1533 1503 prior
1552 1465 1596 1492 lex
1615 1475 1707 1493 manus
1727 1466 1821 1492 habeat
1835 1466 2011 1496 iniectionem.

1169 1510 1303 1548 posterior
1321 1508 1477 1536 libertatem.
1503 1508 1532 1535 Τι’.
1552 1510 1575 1535 9.
1602 1508 1634 1535 dc
1658 1519 1726 1535 serv.
1751 1514 1854 1546 export.
1874 1509 1914 1535 18.
1935 1510 1958 1535 7.
1978 1507 2011 1534 cI.

1169 1553 1200 1581 fr.
1221 1554 1244 1579 7.
1282 1552 1336 1588 Qui
1356 1552 1414 1578 sine
1432 1561 1544 1579 manum.
1558 1553 1599 1577 40.
1614 1552 1638 1578 8.
1675 1551 1740 1578 Post
1758 1551 1854 1578 deinde
1870 1561 1963 1578 manus
1975 1552 2012 1577 iu-

1170 1597 1248 1623 iectio
1269 1600 1341 1627 esto,
1365 1595 1392 1621 in
1416 1595 1456 1621 ius
1481 1594 1585 1621 ducito!
1608 1594 1664 1621 Frr.
1690 1594 1720 1622 L.
1744 1595 1801 1622 XII.
1821 1594 1905 1621 Tabb.
1926 1594 1967 1620 111.
1986 1596 2011 1620 2.

1170 1639 1220 1665 Per
1244 1648 1335 1664 manus
1360 1638 1528 1664 iniectionem
1553 1653 1585 1657 —
1610 1637 1734 1673 agebatur
1757 1654 1789 1657 —
1815 1637 1935 1664 indicati.
1956 1637 2013 1673 lege

1170 1681 1227 1708 XII.
1247 1680 1332 1708 Tabb.
1353 1679 1410 1706 Gai.
1424 1679 1468 1707 lV.
1482 1682 1525 1706 21.
1545 1679 1577 1706 cf.
1592 1682 1633 1707 12.
1670 1680 1723 1707 Sed
1744 1680 1809 1707 aliae
1821 1680 1892 1716 leges
1912 1690 1944 1707 ex
1958 1681 2014 1717 qui-

1170 1724 1282 1751 busdam
1301 1723 1388 1750 causis
1409 1723 1603 1749 constituerunt
1622 1723 1748 1760 quasdam
1761 1725 1878 1750 actiones
1897 1733 1944 1760 per
1962 1733 2014 1749 ma-

1171 1777 1220 1794 nus
1240 1767 1416 1797 iniectionem,
1435 1765 1483 1792 sed
1501 1775 1601 1802 puram.
1621 1767 1637 1792 i.
1658 1776 1679 1792 e.
1699 1776 1751 1792 non
1771 1776 1819 1803 pro
1833 1766 1956 1792 iudicato.
1975 1765 2012 1792 lb.

1148 1826 1150 1841 ξ
1171 1809 1215 1836 lV.
1234 1811 1276 1836 23.
1301 1808 1333 1835 ef.
1356 1810 1398 1834 22.
1422 1810 1464 1836 25.
1502 1808 1531 1835 Si
1555 1810 1614 1845 quis
1640 1819 1717 1836 snum
1741 1808 1909 1835 decurionem
1928 1809 2014 1835 curiae

1171 1852 1305 1880 vindicare
1324 1851 1453 1883 maluerit,
1467 1867 1499 1871 -
1514 1852 1540 1877 in
1560 1851 1671 1878 eundem
1690 1862 1781 1878 manus
1795 1853 1936 1878 iniectione.
1954 1861 2014 1878 con-

1172 1906 1247 1923 cessa
1265 1899 1314 1921 etc.
1335 1905 1355 1922 c.
1375 1896 1415 1922 54.
1436 1894 1469 1921 de
1488 1894 1575 1921 decur.
1597 1897 1636 1921 10.
1655 1897 1697 1922 31.
1718 1911 1750 1914 —
1771 1895 1801 1928 §0
1816 1896 1852 1921 2.
1876 1896 2014 1921 Tribuli

1149 1964 1150 1968 ,
1170 1948 1279 1975 genus.
1316 1938 1360 1965 III.
1381 1939 1447 1965 Gn.
1481 1937 1586 1972 Quodsi
1609 1948 1661 1964 non
1685 1939 1833 1964 inveniatur
1851 1938 1895 1973 qui
1913 1936 2014 1973 praedi-

1173 1987 1240 2009 ctam
1260 1982 1389 2018 suscipiat
1412 1981 1624 2018 possessionem.
1650 1980 1692 2007 vel
1712 1980 1763 2007 alio
1782 1980 1860 2006 modo
1879 1980 2014 2016 impositio

1174 2026 1230 2052 sive
1249 2025 1355 2051 iniectio
1374 2025 1436 2050 item
1455 2023 1599 2050 differatur.
1618 2023 1666 2050 Iul.
1687 2033 1727 2060 ep.
1747 2033 1807 2049 nov.
1830 2024 1886 2048 124.
1906 2021 1928 2055 ξ.
1942 2024 2001 2048 548.

1209 2068 1389 2095 Iniicere·
1409 2067 1440 2100 §.
1452 2067 1486 2094 1.
1508 2068 1693 2098 Coniicere,
1714 2067 1900 2092 Imminere.
1918 2064 1936 2091 1.
1951 2066 2013 2099 Sy.

1174 2110 1324 2148 Adplicare.
1348 2109 1378 2136 fr.
1397 2111 1439 2136 27.
1464 2110 1486 2143 §.
1507 2110 1546 2135 14.
1573 2108 1606 2134 ad
1628 2107 1650 2134 L
1677 2107 1766 2144 Aquil.
1791 2109 1815 2134 9.
1833 2110 1858 2133 2.
1894 2107 1925 2133 11.
1946 2109 2014 2141 01).

1175 2152 1318 2190 Depellere
1337 2152 1475 2185 (manum.)
1495 2151 1552 2178 Gai.
1572 2150 1615 2178 lV.
1635 2152 1676 2177 21.
1695 2153 1736 2176 24.
1757 2160 1796 2186 sq.
1832 2149 1875 2176 111.
1897 2151 1962 2177 (7η.
1986 2150 2015 2176 Si

1152 2214 1154 2226 «,
1175 2196 1267 2223 lolium
1287 2200 1331 2222 aut
1350 2205 1456 2221 avenam
1475 2195 1501 2221 in
1521 2199 1635 2229 segetem
1654 2193 1763 2220 alienam
1782 2194 1911 2219 inieceris.
1932 2193 1962 2220 fr.
1973 2194 2015 2220 27.

1176 2240 1197 2274 §.
1219 2240 1259 2265 14.
1279 2238 1296 2265 1.
1316 2240 1339 2265 9.
1359 2240 1384 2265 2.
1422 2239 1476 2273 Qui
1495 2236 1608 2263 alienum
1627 2235 1777 2262 fundum—
1792 2236 1898 2264 excolit.
1917 2235 2015 2262 donnini

1176 2292 1219 2309 res
1244 2282 1275 2309 ab
1301 2291 1331 2308 eo
1355 2282 1465 2307 iniectas
1488 2281 1612 2306 continuo
1637 2278 1726 2305 efficit.
1750 2278 1780 2305 sr.
1807 2281 1846 2305 14.
1871 2278 1904 2304 de
1927 2278 2015 2305 donat.

1176 2327 1218 2351 39.
1238 2327 1262 2351 5.
1298 2324 1358 2351 Etsi
1378 2323 1488 2360 quilibet
1508 2327 1646 2349 extraneus
1671 2322 1755 2357 ignem
1779 2322 1905 2347 iniecerit.
1925 2320 1955 2347 fr.
1975 2323 2015 2348 12.

1178 2368 1254 2395 locat.
1276 2369 1315 2393 19.
1335 2368 1359 2393 2.
1402 2365 1475 2401 Quid
1498 2366 1524 2392 in
1548 2364 1643 2391 collum
1668 2365 1788 2395 iniicere.
1809 2368 1836 2390 ut
1855 2368 2015 2400 torqueatur.

1178 2410 1209 2437 sr.
1229 2413 1252 2437 7.
1272 2409 1304 2436 ad
1322 2408 1352 2436 L.
1373 2408 1419 2435 Iul.
1444 2408 1476 2434 de
1499 2408 1524 2434 vi
1546 2407 1608 2444 pub.
1635 2409 1675 2433 43.
1700 2408 1724 2433 6.
1761 2407 1873 2433 Servum
1897 2406 2016 2433 vendidit

1179 2464 1208 2480 ea
1227 2452 1293 2489 lege,
1313 2456 1350 2483 ut,
1370 2452 1393 2478 si
1410 2450 1508 2477 Romae
1527 2455 1644 2476 moratus
1659 2454 1738 2481 esset,
1757 2459 1849 2475 manus
1862 2450 1969 2475 iniicere
1987 2448 2015 2475 li-

1179 2500 1257 2522 ceret.
1278 2495 1307 2521 Ir.
1327 2496 1350 2521 9.
1370 2493 1403 2520 de
1421 2503 1488 2519 serv.
1509 2497 1610 2529 export.
1632 2494 1671 2519 125.
1692 2494 1715 2519 7.
1736 2492 1767 2519 cs.
1787 2492 1817 2518 fr.
1837 2494 1878 2518 20.
1899 2492 1920 2525 ξ.
1940 2494 1964 2518 2.
1983 2490 2015 2517 de

1155 2529 1157 2565 ,³
1178 2548 1289 2565 manum.
1314 2539 1356 2563 40.
1381 2537 1403 2562 l.
1426 2534 1511 2562 Vatic.
1537 2536 1558 2569 ξ.
1583 2537 1607 2561 6.
1645 2535 1725 2570 Quod
1749 2539 1777 2561 tu
1796 2535 1859 2561 mihi
1878 2534 2014 2562 iudicatus.

1179 2582 1236 2608 sive
1255 2580 1390 2607 damnatus
1410 2587 1450 2609 es,
1473 2593 1501 2598 ·—
1523 2578 1556 2604 oh
1578 2588 1632 2604 eam
1651 2588 1705 2604 rem
1725 2587 1772 2613 ego
1793 2577 1841 2604 tibi
1860 2577 1915 2604 IIS.
1926 2577 1958 2603 X.
1970 2577 2014 2602 mi-

1180 2623 1243 2651 lium
1262 2622 1367 2650 iudicati
1386 2630 1477 2647 manus
1496 2622 1592 2647 iniicio.
1613 2620 1670 2647 Gai.
1689 2620 1733 2647 lv.
1753 2622 1795 2647 21.
1820 2620 1853 2647 cf.
1872 2622 1912 2646 24.
1932 2635 1964 2639 —
1983 2619 2014 2652 §-

1180 2668 1216 2693 2.
1237 2668 1339 2699 Super
1358 2665 1480 2694 iacere,
1500 2666 1675 2698 Imponere.
1712 2662 1754 2689 111.
1770 2663 1837 2690 Cn.
1857 2661 1955 2698 Tapeta
1974 2672 2015 2687 ve-

1181 2709 1216 2735 sti
1235 2707 1340 2737 cedunt,
1360 2716 1426 2742 quae
1445 2711 1487 2732 aut
1511 2707 1594 2733 sterni
1618 2710 1661 2732 aut
1680 2706 1751 2732 iniici
1770 2705 1864 2731 solent.
1883 2704 1912 2730 fr.
1932 2706 1973 2730 25,
1993 2704 2014 2738 ς’.

1181 2752 1206 2777 3.
1226 2749 1257 2776 cl'.
1278 2749 1307 2776 fr.
1326 2750 1368 2775 23.
1389 2749 1410 2782 ξ.
1432 2751 1453 2775 l.
1474 2748 1506 2776 de
1531 2759 1592 2776 auro
1617 2758 1669 2784 arg.
1688 2750 1730 2775 34.
1749 2750 1774 2774 2.
1798 2746 1868 2774 Paul.
1887 2745 1929 2772 111.
1949 2748 1972 2772 6.
1993 2746 2014 2780 §.

1183 2794 1224 2820 79.
1261 2791 1289 2818 ln
1314 2793 1380 2818 viani
1405 2797 1533 2818 terrenam
1557 2791 1668 2828 glaream
1692 2791 1810 2817 iniicere.
1834 2793 1877 2814 ant
1899 2793 2016 2814 sternere

1159 2837 1161 2873 ξ
1182 2836 1250 2862 viam
1270 2834 1365 2872 lapide.
1386 2834 1416 2861 sr.
1438 2836 1460 2860 1.
1480 2834 1503 2867 ξ.
1522 2837 1547 2862 2.
1567 2833 1600 2860 dc
1619 2835 1659 2860 via
1678 2833 1740 2870 pub.
1759 2834 1800 2858 43.
1821 2833 1859 2857 ll.
1880 2847 1911 2851 —
1931 2832 1961 2864 ξ.
1978 2833 2014 2858 3.
