2197 3121
951 163 1032 193 EFF
1059 181 1097 186 —
1123 162 1220 194 EGE.

259 249 490 276 Efformare.
529 246 570 273 Cf.
589 255 613 272 v.
634 245 764 272 For-mare.

261 291 438 318 Effossio.
476 293 578 316 Actus
606 289 801 325 effodiendi.

225 350 258 354 -
280 343 402 360 saxorum
426 342 518 359 venam
537 331 677 358 laboriosis
696 330 885 357 effossionibus
906 340 1068 367 persequun-

226 382 274 403 tur.
296 375 346 402 Th.
367 376 397 402 C.
416 376 449 402 X.
472 377 510 402 19.
531 385 552 401 e.
574 376 613 400 10.
634 373 666 400 de
684 373 781 400 metall.

259 419 467 446 Era-actor.
504 419 679 454 Perfossor
700 419 880 451 parietum,
899 418 946 442 vel
966 417 1066 442 ostio-

224 472 300 489 rum.
337 461 379 488 III.
399 463 465 489 Cn.
496 460 666 487 Ell'ractores.
686 476 718 479 —
738 459 906 496 expilatorem,
927 474 959 477 —
979 467 1067 484 saccu-

226 505 283 531 larii
309 509 334 530 et
358 503 498 530 directarii.
525 502 555 529 fr.
577 505 599 528 1.
624 503 704 536 551.
725 513 764 539 sq.
789 502 821 528 de
845 502 942 528 effract.
963 502 1004 526 47.
1026 501 1065 526 18.

227 547 258 574 cl'.
279 547 309 574 fr.
329 549 353 573 3.
373 547 438 581 5.1.
459 546 491 572 de
515 546 558 571 off.
578 544 630 571 Prf.
651 545 725 581 Vigg.
747 547 769 571 1.
790 546 830 570 15.
868 543 939 570 Coll.
958 542 1011 570 LL.
1032 543 1065 569 M.
1087 552 1088 564 ³

225 590 280 617 Vll.
301 592 323 616 4.
361 589 499 616 Elii-actor.
520 604 552 608 -
572 589 617 624 qui
636 588 743 614 effracto
762 586 948 624 perforatoque
966 587 1066 623 pariete

225 634 361 670 pecuniam
381 631 532 658 abstulerat..
553 630 583 657 fr.
605 632 627 657 l.
647 631 668 664 5.
688 633 712 656 2.
731 629 764 656 de
777 630 875 656 effract.
889 631 930 656 47.
947 631 985 656 13.
1013 628 1066 655 No-

225 677 320 704 cturni.
340 692 372 695 —
392 675 478 701 diurni
503 674 663 700 effractores.
688 673 718 700 fr.
742 674 766 699 2.

225 719 247 752 5.
268 720 292 744 5.
313 717 345 744 de
364 727 441 754 poen.
461 719 503 743 4²5.
525 718 564 743 19.

259 761 495 787 Ilm-actura.
535 760 744 786 Commissum
772 759 985 794 effractoris.
1022 757 1065 784 ΙΙΙ.

203 823 205 826 ⁴
227 805 293 831 Cn.
312 803 462 829 Periculum
488 804 529 828 vis
554 802 673 828 maioris.
692 800 734 827 vel
755 801 908 827 effi-acturae
927 800 1065 829 latronum.
1086 809 1088 816 ’

225 847 403 883 (praestare.)
430 845 499 872 Coll.
519 844 572 871 LL.
597 844 630 871 Μ.
654 844 688 870 X.
708 845 732 870 9.
773 844 936 870 Effracturae
959 845 1066 870 crimine

225 894 371 916 accusatus.
404 889 436 915 fr.
455 891 496 915 45.
523 888 555 915 de
578 887 639 913 bon.
665 886 751 913 libert.
775 888 817 913 38.
842 888 866 913 2.
904 887 1067 913 Effracturae

224 932 290 958 fiunt
315 932 469 969 plerumque
493 932 518 957 in
542 929 646 961 insulis,
670 930 696 955 in
720 929 884 966 horreisque.
905 929 935 956 fr.
954 931 979 956 3.
1000 930 1022 964 5.
1041 932 1065 956 2.

225 974 258 1001 de
276 975 320 1001 off.
340 974 392 1001 Prf.
412 974 486 1010 Vigg.
506 975 528 999 l.
544 974 584 999 15.

260 1018 495 1045 Effrenatus.
533 1015 662 1049 (Partic.)
706 1017 783 1042 Indo
791 1017 896 1042 mitae.
933 1014 975 1041 ΠΙ.
1000 1017 1066 1043 Cn.

224 1060 357 1086 Effrenata
376 1064 521 1097 potestate,
541 1069 565 1084 v.
586 1058 691 1084 lieentia
711 1058 886 1096 (protrahere.
906 1068 930 1085 v.
950 1064 1068 1096 praeten-

225 1103 309 1135 dere.)
329 1102 359 1129 fr.
381 1105 403 1129 l.
423 1103 445 1136 5.
464 1104 488 1128 2.
509 1101 541 1128 de
561 1101 650 1127 testib.
669 1103 711 1127 22.
732 1103 756 1127 5.
778 1111 798 1128 c.
818 1103 863 1127 21.
883 1101 915 1128 ad
928 1100 957 1128 L.
972 1101 1019 1128 Iul.
1035 1101 1067 1128 de

225 1145 305 1172 adult.
325 1147 349 1172 9.
368 1147 392 1172 9.

259 1189 492 1223 Effringere.
533 1189 572 1214 Vi
589 1189 742 1214 adhibita
766 1189 903 1221 aperire.
941 1186 983 1213 ΙΠ.
1000 1188 1066 1215 Cn.

225 1230 279 1266 Qui
301 1230 379 1257 aedes
393 1231 500 1262 alienas,
520 1230 631 1256 villasve
645 1229 828 1267 expilaverint,
848 1230 1005 1266 effregerint,
1025 1241 1067 1257 ex-

224 1275 406 1311 pugnaverint,
426 1275 450 1300 si
469 1273 575 1310 quidem
597 1273 623 1299 id
642 1272 718 1299 turba
736 1283 794 1299 cum
813 1273 874 1299 telis
894 1278 983 1299 coacta
1002 1273 1068 1300 fece-

225 1317 277 1343 rint
297 1322 345 1344 etc.
366 1317 438 1343 Paul.
458 1316 489 1343 V.
510 1318 534 1343 3.
554 1317 575 1350 5.
595 1317 620 1342 3.
645 1315 676 1342 fr.
698 1317 737 1342 ll.
763 1325 802 1353 pr.
823 1315 855 1342 ad
873 1315 903 1342 L.
923 1315 970 1342 Iul.
990 1316 1023 1343 de
1041 1317 1067 1343 vi

223 1359 287 1396 pub.
306 1361 347 1386 48.
368 1362 390 1386 7.
429 1360 483 1395 Qui
508 1359 611 1386 furandi
634 1360 720 1385 animo
745 1358 870 1385 conclave
890 1359 1005 1395 effregit,
1025 1359 1067 1386 vel

224 1403 340 1439 aperuit,
365 1403 412 1429 sed
436 1402 501 1429 nihil
526 1402 643 1429 abstulit.
680 1401 752 1428 Paul.
772 1401 803 1428 11.
827 1403 868 1428 31.
889 1403 910 1436 5.
930 1403 972 1428 35.
997 1402 1028 1428 cf.
1048 1402 1066 1429 I.
1089 1400 1091 1433 J

223 1447 266 1471 2l.
291 1446 313 1479 5.
333 1446 356 1471 6.
382 1445 412 1472 fr.
436 1448 477 1472 53.
503 1456 542 1482 pr.
569 1445 601 1472 de
626 1445 686 1471 furt.
712 1446 753 1471 47.
777 1448 802 1471 2.
840 1445 893 1481 Qui
913 1445 1067 1472 ferramenta

225 1489 312 1514 sciens
337 1488 543 1515 commodaverit
567 1487 600 1514 ad
624 1487 814 1524 effringendum
833 1489 942 1520 ostium,
966 1488 1009 1514 vel
1028 1498 1065 1514 ar-

225 1532 341 1558 marium.
364 1531 394 1558 fr.
414 1533 455 1558 54.
480 1531 502 1564 5.
522 1532 546 1557 4.
570 1531 604 1557 ib.
624 1532 665 1557 47.
685 1533 709 1557 2.
736 1530 766 1557 cf.
792 1530 822 1557 fr.
842 1532 866 1557 3.
886 1531 907 1565 5.
927 1533 951 1557 2.
972 1531 1004 1558 de.
1023 1531 1067 1557 off.

225 1572 277 1600 Prf.
297 1573 371 1611 Yigg.
392 1576 415 1601 1.
437 1576 476 1600 15.
514 1574 568 1609 Qui
581 1573 614 1600 de
633 1584 737 1600 carcere
750 1579 900 1611 eruperunt.
920 1575 976 1601 sive
995 1574 1069 1601 effra-
1090 1581 1091 1585 ¹

227 1617 276 1643 ctis
296 1616 396 1643 foribus
416 1622 464 1643 etc.
486 1617 515 1643 l‘r.
539 1618 561 1642 1.
581 1626 621 1653 pr.
643 1616 675 1643 de
695 1617 794 1643 effract.
815 1618 857 1643 47.
878 1618 917 1643 18.

262 1660 457 1694 Effugere.
496 1660 526 1692 §-
547 1660 581 1686 1.
603 1661 740 1695 Fugere.
760 1661 864 1687 Abire.
889 1660 907 1686 I.
921 1661 984 1695 Sy.
1004 1660 1068 1687 Eva-

227 1702 289 1737 gari.
314 1702 383 1730 Coll.
408 1702 461 1729 LL.
485 1702 518 1729 M.
543 1702 599 1729 ΧΠ.
625 1704 648 1728 7.
685 1702 803 1729 Evadere
822 1704 1068 1740 (persecutionem.)

227 1744 257 1770 fr.
277 1745 319 1770 44.
339 1744 371 1771 de
390 1746 421 1772 Α.
440 1745 472 1771 R.
492 1746 525 1771 D.
546 1747 587 1771 41.
609 1747 632 1771 l.
661 1761 693 1765 —
721 1746 753 1779 ξ.
774 1747 810 1772 2.
834 1748 988 1778 Eritare,
1008 1748 1068 1773 De-

227 1788 361 1813 cliuare.
386 1787 427 1814 111.
440 1789 506 1815 Cn.
520 1787 556 1814 Vt
575 1787 700 1824 effugiant
718 1788 872 1825 periculum,
892 1789 963 1825 quod
982 1788 1069 1815 solent

228 1830 290 1865 pati.
311 1829 341 1855 t'r.
362 1831 401 1856 15.
421 1831 443 1864 5
453 1832 478 1856 2.
499 1830 531 1856 de
550 1831 650 1867 pignor.
664 1833 706 1856 20.
722 1833 744 1857 l.
782 1831 916 1868 Opinione
935 1831 1069 1857 hominum

228 1882 280 1898 non
300 1872 427 1908 effugiunt
446 1872 565 1899 infamiae
584 1878 679 1899 notam.
700 1872 730 1899 fr.
747 1875 771 1899 2.
790 1883 830 1910 pr.
850 1873 883 1900 de
902 1874 1012 1910 obsequ.
1025 1884 1069 1911 pa-

228 1919 293 1941 rent.
304 1916 346 1941 37.
358 1917 397 1941 15.
411 1915 627 1951 Effugiendorum
636 1925 771 1942 munerum
782 1926 858 1943 causa
868 1917 1018 1953 (imaginem
1028 1927 1069 1943 na—

227 1956 347 1983 vicularii
366 1957 495 1990 inducre.)
516 1958 545 1984 l'r.
565 1960 588 1984 5.
609 1959 631 1992 5.
651 1960 675 1985 9.
695 1958 727 1985 de
746 1960 801 1985 inre
821 1960 926 1986 immun.
946 1962 987 1986 50.
999 1962 1023 1986 5.
1036 1976 1068 1979 -

228 2000 259 2033 ξ.
280 2001 316 2026 3.
337 2002 504 2032 Recedere,
524 2002 672 2027 Alienum
692 2012 764 2028 esse.
792 2001 823 2028 Π.
845 2004 911 2036 Op.
933 2002 1069 2029 Pertinere

228 2042 260 2069 ad
280 2043 415 2076 (sensum,
435 2052 455 2069 s.
476 2042 687 2070 observationem
706 2044 797 2081 legis.)
823 2055 844 2071 c.
863 2047 887 2072 3,
908 2045 941 2072 de
959 2045 1012 2072 ind.
1032 2047 1069 2072 vi-

228 2085 292 2112 duit.
312 2087 336 2111 6.
356 2087 398 2112 40.
435 2085 478 2112 III.
499 2087 565 2114 011.
602 2085 669 2119 Res,
694 2097 760 2123 quae
783 2088 987 2124 adquisitionem
1006 2089 1068 2115 effu-

230 2128 309 2163 giunt.
330 2138 350 2154 c.
370 2129 394 2154 8.
414 2138 453 2165 pr.
473 2128 506 2155 de
524 2128 585 2155 bon.
606 2139 648 2166 qu.
668 2129 743 2156 liber.
763 2132 787 2157 6.
806 2132 847 2157 61.

264 2171 471 2205 Effugium.
508 2174 609 2199 Ratio
627 2174 827 2210 effugiendi.
856 2173 899 2201 III.
916 2175 982 2201 Gn.
1006 2173 1069 2200 Nul-

232 2212 284 2238 lum
303 2213 436 2249 effugium,
457 2230 489 2234 —
508 2214 606 2241 nullam
630 2225 704 2252 spem
729 2216 822 2243 salutis
842 2217 964 2243 habituri.
1000 2216 1068 2243 Nov.

233 2254 282 2281 Th.
302 2254 332 2281 ll.
353 2256 384 2282 de
402 2257 468 2283 amb.
489 2262 515 2284 et
533 2257 583 2284 loc.
604 2258 679 2285 iimit.
699 2258 716 2284 1.
736 2261 778 2286 24.
799 2270 819 2286 c.
841 2261 863 2286 1.
884 2260 906 2294 5.
925 2262 949 2286 2.

267 2298 490 2327 Effundere.
528 2301 560 2334 ἓ.
580 2303 614 2328 1.
635 2303 847 2338 Profundere.
884 2302 926 2328 III.
943 2304 1009 2330 Gn.
1028 2303 1069 2329 Ex

233 2341 307 2366 rnius
327 2342 466 2369 coenaculo
485 2343 623 2377 deiectum.
643 2345 788 2371 effusumve
807 2344 907 2382 aliquid
926 2350 974 2372 est.
994 2345 1024 2372 fr.
1044 2347 1068 2372 5.

233 2384 255 2416 5.
275 2384 299 2408 5.
326 2382 358 2409 de
377 2383 410 2409 Ο.
430 2389 456 2410 et
473 2385 505 2412 A.
525 2388 566 2413 44.
587 2389 609 2414 7.
635 2387 665 2414 sr.
687 2390 708 2414 l.
730 2398 768 2425 pr.
793 2388 815 2422 5.
834 2389 858 2414 3.
882 2388 914 2415 fr.
936 2391 960 2415 5.
987 2389 1025 2422 55.
1043 2391 1068 2415 3.

232 2435 291 2462 sqq.
318 2425 350 2452 de
373 2425 397 2452 h.
422 2435 464 2462 qu.
489 2427 570 2455 deiec.
594 2431 618 2456 9.
642 2432 666 2457 3.
713 2430 773 2457 Non
797 2431 883 2458 solum
907 2432 983 2465 (usta
1008 2432 1068 2464 aut)

234 2473 322 2505 rupta,
346 2473 390 2494 aut
413 2468 507 2501 fracta,
530 2472 578 2498 sed
602 2474 677 2499 etiam
701 2475 797 2505 scissa.
822 2479 848 2500 et
867 2474 972 2506 collisa,
991 2479 1016 2501 et
1035 2474 1069 2500 es-

233 2511 299 2539 susa.
319 2526 351 2530 —
370 2516 414 2537 aut
432 2517 547 2548 peremta
570 2520 617 2541 etc.
642 2515 698 2543 Gai.
718 2516 761 2543 111.
785 2518 844 2543 217.
865 2516 895 2544 fr.
916 2519 956 2543 10.
976 2527 1015 2554 pr.
1036 2517 1068 2544 de

235 2553 309 2580 cond.
334 2553 394 2580 furt.
420 2556 459 2581 13.
486 2557 507 2581 l.
544 2556 597 2591 Qui
619 2559 708 2586 vinum
732 2561 881 2597 spurcavit,
905 2560 948 2587 vel
967 2560 1068 2592 effudit,

234 2596 275 2623 vel
295 2602 395 2623 acetum
414 2597 487 2630 feeit.
512 2598 554 2625 vel
577 2598 628 2626 alio
646 2601 724 2628 modo
743 2604 853 2630 vitiavit.
874 2603 904 2630 fr.
923 2605 964 2630 27.
984 2604 1006 2637 5.
1028 2605 1068 2630 15.

234 2639 266 2666 ad
285 2638 314 2665 L.
334 2639 402 2676 Aqu.
420 2641 444 2667 9.
463 2643 488 2667 2.
525 2641 583 2668 Nisi
602 2643 628 2668 in
647 2647 741 2671 terram
760 2656 823 2673 uvas
842 2648 968 2684 proiecit,
988 2651 1016 2673 ut
1035 2646 1070 2673 ef-

234 2682 412 2709 funderentur.
432 2683 461 2709 fr.
475 2685 516 2710 27.
536 2685 558 2718 5.
571 2686 613 2711 25.
634 2685 650 2711 l.
664 2685 681 2712 l.
694 2688 717 2713 9.
729 2690 753 2714 2.
774 2688 803 2715 Si
822 2691 881 2726 quis
900 2689 1008 2722 milium,
1026 2689 1069 2716 vel

234 2725 392 2752 frumentum
411 2736 495 2753 meum
522 2727 644 2754 effuderit
667 2729 693 2755 in
711 2729 814 2757 flumen.
838 2732 868 2758 fr.
888 2734 930 2759 27.
949 2733 1031 2766 §.19.
1051 2732 1068 2758 1.

235 2768 251 2794 l.
267 2770 291 2795 9.
310 2770 334 2796 2.
359 2785 391 2788 -
411 2770 441 2803 ᾗ.
461 2771 496 2796 2.
519 2772 661 2802 Eiicere,
681 2773 848 2808 Effudere.
886 2775 927 2802 ΠΙ.
955 2777 1020 2803 Cn·
1040 2775 1069 2802 Si

236 2816 309 2838 sutor
327 2822 409 2848 puero
430 2829 459 2833 —
480 2812 561 2839 forma
587 2813 666 2840 calcei
689 2819 738 2841 tam
757 2816 924 2844 vehementer
943 2819 1070 2845 cervicem

838 286 879 313 III.
909 288 976 315 Cn·
1014 286 1090 326 Qui}

790 672 825 699 ib.
851 674 893 699 47.
914 674 953 699 15.
974 672 1004 699 fr.
1025 673 1064 698 16.
1086 666 1087 676 ³

1889 165 1952 195 315

1111 245 1285 282 percusserit,
1310 249 1338 270 ut
1363 246 1385 271 ei
1411 244 1503 271 oculus
1532 244 1718 271 effunderetur.
1743 244 1786 277 [al.
1806 244 1952 272 offundere-

1112 293 1162 320 tur,
1182 298 1205 314 v.
1226 287 1442 321 suffunderetur]
1469 288 1499 314 fr.
1522 289 1561 314 13.
1581 288 1603 321 5.
1623 289 1646 314 4.
1666 287 1742 314 locat.
1765 289 1804 314 19.
1823 289 1847 314 2.
1868 304 1899 307 -
1920 289 1950 321 §0

1112 332 1149 357 3.
1171 332 1378 365 Dilapidare.
1399 330 1417 356 I.
1433 332 1495 365 Sy.
1514 330 1667 357 Exhaurire.
1688 330 1719 357 cf.
1740 330 1764 356 b.
1784 340 1808 356 v.
1827 330 1870 357 III.
1885 332 1951 358 Cn·

1112 372 1179 400 Suas
1203 374 1327 410 pecunias
1352 374 1461 404 iactare.
1486 379 1510 399 et
1535 373 1666 400 indebitas
1690 373 1832 399 effundere.
1859 373 1890 400 sr.
1909 376 1950 400 25.

1111 426 1150 454 pr.
1179 415 1211 442 de
1235 416 1338 453 probat.
1357 418 1399 442 22.
1418 418 1441 442 3.
1480 416 1508 442 Si
1533 418 1616 453 patria
1635 421 1767 453 potestate
1786 416 1818 442 ad
1838 427 1952 443 corrum-

1111 459 1190 497 pendi
1214 464 1291 496 atque
1315 458 1466 485 effundendi
1490 460 1639 496 patrimonii
1664 459 1795 485 licentiam
1821 459 1950 486 abutetur.

1111 501 1161 528 Th.
1187 502 1217 528 C.
1242 502 1287 529 lx.
1311 503 1352 528 43.
1378 512 1398 528 c.
1426 504 1447 528 1.
1472 502 1494 535 5.
1517 503 1541 527 2.
1569 501 1600 527 de
1626 507 1693 528 sent.
1712 512 1782 539 pass.
1802 518 1834 521 —
1854 503 1885 535 ἕ.
1912 504 1951 529 4.

1110 547 1287 581 Proserre,
1307 547 1475 572 Emittere.
1511 544 1553 570 Ill.
1576 546 1642 572 011.
1673 545 1783 571 Iniurias
1802 549 1904 571 atroces
1925 546 1950 571 in

1111 598 1168 614 eum
1189 587 1331 619 effundere.
1350 587 1392 613 vel
1411 597 1502 613 manus
1522 588 1614 623 impias
1635 588 1738 614 inferre.
1759 598 1780 614 c.
1802 590 1841 614 lo.
1861 588 1894 614 de.
1913 598 1951 614 re-

1109 641 1166 657 voc.
1192 630 1279 657 donat.
1300 635 1324 657 δ.
1344 632 1385 657 56.
1423 630 1491 666 Quis
1516 629 1594 656 talem
1621 630 1783 657 voluntatem
1810 631 1951 657 verborum

1111 684 1187 700 casus
1207 675 1349 711 exceperit,
1369 679 1412 700 aut
1432 674 1490 710 quis
1504 672 1630 710 loquendi
1649 684 1712 700 usus
1726 674 1854 700 effuderit.
1875 685 1896 700 c.
1909 676 1951 700 21.

1110 716 1142 743 de
1162 716 1237 753 legat.
1258 719 1282 743 6.
1301 719 1342 743 37.
1381 717 1501 752 Cumque
1517 732 1544 736 —
1561 726 1650 753 magna
1665 726 1726 753 pars
1740 722 1875 743 auctorum
1888 716 1952 743 mul-

1111 764 1166 785 tum
1185 759 1307 786 effuderit
1327 764 1474 786 tractatum.
1494 769 1515 785 c.
1534 761 1559 785 3.
1578 769 1626 795 per
1639 769 1681 796 qu.
1701 769 1770 796 pers.
1792 760 1852 785 nob.
1873 759 1950 796 adqu.

1111 804 1134 828 4.
1153 805 1195 829 27.
1233 802 1338 838 Quibus
1359 804 1408 835 (sc.
1423 802 1547 838 negotiis)
1567 802 1649 828 effusa
1665 801 1831 828 docebuntur
1850 803 1899 833 (sc.
1914 812 1951 828 re-

1111 846 1231 882 scripta.)
1251 845 1301 871 Th.
1322 844 1353 871 C.
1373 844 1391 871 I.
1410 846 1434 871 2.
1455 855 1476 872 c.
1498 847 1538 871 ll.
1558 844 1661 879 (ch.)
1682 845 1714 872 de
1734 845 1787 872 div.
1807 855 1886 871 rescr.

1145 889 1292 915 Effuse.
1330 887 1443 920 (Advb.)
1480 890 1622 914 Prolixe.
1665 887 1707 914 III.
1728 889 1794 915 Cn..
1814 888 1850 914 Ita
1870 888 1952 914 effuse

1111 931 1276 957 intellectum
1295 929 1406 961 trahere.
1426 941 1449 956 v.
1469 931 1645 968 interpretari.
1665 941 1686 957 c.
1705 932 1729 957 3.
1750 931 1794 957 ubi
1814 936 1840 957 et
1853 941 1893 968 ap.
1909 941 1950 967 qu.

1112 975 1207 1010 cognit.
1227 975 1251 1000 2.
1271 975 1313 999 47.
1334 983 1355 999 c.
1376 975 1398 999 1.
1418 983 1457 1010 pr.
1478 973 1510 1000 de
1529 984 1587 1000 ann.
1608 984 1663 1000 exc.
1685 975 1707 1000 7.
1727 976 1769 1000 40.

1146 1016 1307 1044 Effusio·
1327 1016 1358 1049 ᾖ.
1378 1017 1412 1042 1.
1432 1018 1606 1052 Profusio,
1628 1018 1796 1053 Difstcsio.
1820 1015 1863 1042 111.
1886 1017 1952 1043 Cn·

1113 1059 1188 1095 Quae
1207 1061 1256 1091 (sc.
1277 1058 1422 1091 Iracundia)
1443 1059 1570 1085 effusione
1590 1059 1695 1085 humani
1714 1060 1848 1095 sanguinis
1867 1059 1953 1095 expia-

1112 1107 1162 1129 tur.
1183 1101 1233 1128 Th.
1254 1101 1284 1128 C.
1304 1101 1349 1128 XI.
1369 1103 1410 1128 36.
1431 1112 1452 1128 c.
1474 1103 1513 1128 14.
1540 1102 1622 1137 Quor.
1643 1112 1702 1139 app.
1723 1112 1746 1128 η.
1766 1102 1902 1135 rec.-—§·
1917 1102 1952 1128 ἓ.

1112 1146 1321 1179 Dissipatio,
1341 1145 1568 1179 Dilapidatio.
1605 1144 1648 1171 111.
1668 1147 1734 1172 Cn.
1766 1144 1953 1171 immoderatae

1111 1187 1278 1214 liberalitatis
1299 1187 1427 1213 effusione
1446 1188 1630 1224 patrimonium
1650 1198 1726 1214 suum
1746 1188 1873 1214 exhausit.
1904 1186 1953 1213 Va-

1113 1232 1155 1257 tic.
1176 1231 1197 1264 5.
1217 1231 1276 1256 282.
1298 1230 1329 1256 cf.
1350 1229 1400 1256 Th.
1421 1229 1451 1256 C.
1472 1229 1503 1256 V.
1524 1232 1564 1257 13.
1586 1241 1608 1257 e.
1628 1233 1668 1258 17.
1690 1231 1793 1264 (ch.)

1147 1274 1315 1300 Effusus.
1353 1272 1484 1306 (Partic.)
1522 1274 1704 1310 Diffusus,
1722 1276 1892 1301 Extenaus.
1921 1272 1952 1298 Il.

1114 1318 1181 1350 Op.
1213 1315 1373 1342 Conclusus.
1397 1326 1419 1343 c.
1439 1317 1462 1342 1.
1487 1316 1570 1350 §.15.
1595 1316 1627 1343 de
1650 1316 1681 1343 R.
1701 1316 1734 1343 U.
1759 1316 1790 1343 A.
1815 1318 1838 1342 5.
1860 1317 1899 1342 13.
1920 1331 1951 1335 —

1113 1359 1156 1385 ΙΙΙ.
1169 1360 1235 1387 Cn.
1261 1358 1327 1386 Tam
1345 1359 1445 1385 effusus
1464 1363 1582 1385 veterum
1601 1364 1679 1396 atque
1697 1358 1887 1386 inextricabilis
1905 1363 1955 1385 tra-

1113 1406 1206 1428 ctatus.
1231 1412 1252 1428 c.
1278 1404 1302 1428 5.
1328 1412 1367 1439 pr.
1393 1402 1425 1428 de
1444 1412 1546 1429 necess.
1566 1402 1655 1429 hei-ed.
1674 1404 1697 1429 6.
1722 1405 1764 1429 27.
1801 1401 1852 1428 Per
1870 1406 1954 1428 totum

1112 1449 1213 1471 textum
1233 1445 1331 1471 effusae
1351 1445 1498 1478 (litterae.)
1523 1456 1544 1472 c.
1566 1448 1588 1472 1.
1609 1447 1674 1480 5.1.
1695 1445 1727 1472 de
1745 1445 1802 1472 Lat.
1822 1445 1909 1472 libert.
1930 1446 1953 1471 7.

1089 1489 1135 1522 go.
1177 1487 1311 1514 Infinitum
1340 1493 1365 1515 et
1392 1498 1531 1526 perperam
1560 1489 1674 1516 effusum
1694 1488 1848 1522 (meritum.)
1886 1486 1953 1514 Nov.

1111 1531 1153 1557 36.
1193 1541 1213 1557 r.

1148 1541 1287 1607 Epgens.
1326 1573 1447 1607 (Partic.)
1484 1576 1621 1607 Pauper.
1659 1574 1678 1600 I.
1692 1575 1754 1608 Sy.
1773 1573 1861 1610 Inops.
1880 1573 1910 1599 fr.
1929 1574 1953 1599 5.

1113 1616 1216 1650 5513.
1242 1618 1282 1643 19.
1306 1618 1348 1643 26.
1373 1617 1406 1643 de
1430 1627 1534 1653 agnose.
1559 1621 1585 1643 et
1609 1616 1694 1643 alend.
1714 1619 1756 1643 25.
1774 1618 1798 1643 3.
1835 1616 1865 1642 Π.
1887 1617 1953 1649 ΟΡ-

1114 1658 1258 1696 Locuples.
1278 1659 1307 1686 sr.
1326 1661 1351 1686 3.
1371 1670 1410 1697 pr.
1432 1660 1464 1686 de
1483 1659 1571 1686 testib.
1585 1661 1627 1686 22.
1641 1662 1664 1686 5.
1684 1659 1715 1686 fr.
1729 1661 1770 1685 57.
1790 1659 1823 1685 de
1841 1668 1953 1685 manum.

1113 1706 1215 1728 testam.
1236 1704 1277 1728 40.
1297 1704 1320 1728 4.
1358 1702 1472 1728 Idoneus
1496 1702 1671 1728 facultatibus.
1693 1702 1723 1728 fr.
1744 1704 1767 1728 5.
1793 1702 1891 1736 5519.
1911 1702 1953 1728 26.

1114 1744 1146 1770 de
1165 1754 1268 1780 agnose.
1290 1749 1315 1771 et
1334 1744 1365 1770 al.
1385 1746 1426 1770 25.
1446 1746 1470 1770 3.
1494 1744 1537 1770 Ill.
1552 1746 1617 1772 011.
1636 1744 1770 1781 Pauperes
1789 1749 1867 1781 atque
1880 1754 1954 1781 egen-

1114 1792 1161 1813 tes.
1183 1797 1204 1813 c.
1224 1789 1248 1813 5.
1269 1787 1290 1820 5.
1312 1788 1334 1812 l.
1354 1786 1386 1813 ad
1405 1786 1434 1813 L.
1454 1787 1502 1814 Iul.
1522 1788 1580 1813 mai.
1601 1789 1625 1814 9.
1644 1788 1667 1813 8.
1688 1786 1737 1813 Th.
1753 1786 1784 1813 C.
1798 1787 1868 1814 XVI.
1887 1790 1911 1814 2.
1932 1797 1953 1814 c.

1115 1832 1154 1856 14.
1175 1840 1214 1867 pr.
1235 1829 1267 1856 de
1287 1830 1367 1866 episc.
1388 1829 1450 1856 eccl.
1471 1830 1578 1857 Patroni
1601 1835 1720 1866 egentes.
1744 1831 1855 1856 maxime
1874 1831 1896 1856 si
1916 1840 1955 1856 ae-

1113 1882 1174 1909 gros
1194 1882 1222 1899 se
1242 1882 1300 1899 esse
1320 1872 1419 1903 dicant.
1444 1873 1649 1909 desiderentque
1672 1884 1685 1899 a
1704 1872 1807 1899 libertis
1827 1873 1953 1899 exhiberi.

1115 1916 1144 1942 l'r.
1166 1917 1188 1941 l.
1208 1916 1230 1950 5.
1250 1918 1274 1942 2.
1295 1915 1327 1942 de
1347 1916 1390 1942 off.
1410 1915 1462 1942 Prf.
1484 1916 1530 1943 Vr.
1551 1919 1573 1943 l.
1595 1918 1634 1942 12.
1660 1916 1691 1942 cf.
1713 1916 1741 1942 fr.
1760 1917 1802 1942 50.
1822 1916 1854 1942 ad
1874 1915 1901 1942 S.
1922 1915 1952 1942 C.

1114 1958 1194 1985 Treb.
1218 1960 1260 1985 36.
1286 1960 1307 1985 l.
1345 1958 1449 1985 Liberis
1473 1975 1505 1979 -—
1530 1959 1667 1995 egentibus
1692 1959 1837 1985 consulere.
1875 1958 1954 1984 Alere

1113 2006 1228 2037 egentes.
1249 2011 1270 2027 s.
1290 2001 1423 2028 Alimenta
1441 2002 1568 2039 praebere
1587 2002 1649 2029 illis.
1670 2002 1700 2029 l'r.
1713 2004 1754 2028 20.
1775 2002 1823 2028 sol.
1843 2002 1952 2028 matrim.

1112 2046 1153 2070 24.
1173 2046 1197 2070 3.
1217 2044 1248 2071 fr.
1271 2047 1294 2071 5.
1315 2045 1412 2079 5519.
1432 2047 1474 2072 26.
1494 2045 1527 2072 de
1546 2055 1651 2082 agnose.
1671 2050 1697 2071 et
1716 2045 1747 2072 al.
1767 2047 1808 2071 25.
1827 2046 1851 2071 3.
1881 2044 1952 2071 Paul.

1112 2087 1142 2113 ll.
1162 2089 1203 2114 32.
1224 2088 1282 2121 5.1.
1320 2088 1373 2124 Qui
1387 2099 1497 2126 poenam
1516 2090 1692 2126 pecuniariam
1711 2093 1816 2125 egentes
1835 2087 1951 2114 eludunt.

1114 2130 1143 2157 t'r.
1165 2133 1187 2157 l.
1207 2131 1230 2164 5.
1249 2132 1273 2156 3.
1294 2130 1327 2156 de
1345 2142 1422 2168 poen.
1442 2134 1483 2158 48.
1505 2134 1545 2159 19.

1147 2174 1324 2208 Egentia.
1361 2177 1510 2210 Egestas.
1548 2175 1590 2201 111.
1614 2176 1680 2202 οη.
1716 2174 1859 2211 Postquam
1879 2184 1952 2210 egen-

1114 2218 1149 2243 tia
1175 2216 1295 2243 laborare
1325 2217 1488 2254 dignoscitur
1516 2228 1583 2244 reus.
1621 2217 1712 2244 Iulian.
1738 2228 1777 2254 ep.
1803 2227 1862 2243 nov.
1887 2227 1908 2243 c.
1927 2218 1950 2242 3.

1114 2260 1136 2294 5.
1157 2262 1196 2286 10.

1147 2304 1313 2338 Egenus.
1351 2304 1480 2337 (Adiect.)
1517 2305 1632 2339 Egens.
1668 2303 1687 2330 I.
1704 2304 1765 2338 Sy.
1796 2304 1889 2339 Egens.
1909 2301 1951 2328 Ad

1114 2351 1259 2382 egestatem
1278 2346 1430 2383 perductus.
1450 2346 1480 2372 fr.
1500 2348 1523 2373 3.
1544 2347 1565 2381 5.
1585 2348 1607 2373 6.
1628 2347 1673 2373 ubi
1692 2357 1754 2384 pup.
1773 2348 1813 2371 27.
1833 2348 1855 2371 2.
1876 2344 1906 2370 fr.
1928 2346 1950 2371 1.

1113 2390 1134 2423 5.
1160 2392 1184 2416 4.
1210 2389 1242 2415 de
1266 2394 1314 2415 tut.
1343 2394 1368 2415 et
1392 2394 1438 2415 rat.
1463 2391 1505 2416 27.
1528 2392 1552 2416 3.
1590 2389 1620 2416 Π.
1651 2391 1717 2423 Op.
1737 2389 1765 2414 In
1784 2387 1950 2414 facultatibus

1113 2433 1227 2469 posituS.
1245 2431 1387 2469 Locuples.
1412 2432 1442 2458 t'r.
1463 2434 1486 2458 l.
1511 2433 1532 2466 5
1552 2436 1576 2459 4.
1602 2432 1618 2459 l.
1637 2434 1679 2458 27.
1703 2434 1726 2457 3.
1752 2431 1780 2457 t'r.
1800 2432 1841 2456 52.
1866 2431 1888 2464 5.
1907 2432 1949 2457 21.

1113 2476 1146 2507 de
1165 2475 1225 2502 furt.
1245 2477 1286 2502 47.
1306 2478 1330 2501 2.
1368 2475 1410 2502 111.
1431 2477 1498 2503 Cn.
1522 2476 1590 2502 Cum
1610 2475 1705 2501 exinde
1723 2474 1888 2505 sustentatio,
1907 2473 1950 2499 vel

1114 2518 1243 2550 educatio,
1263 2519 1387 2556 orphanis
1411 2524 1489 2556 atque
1513 2520 1600 2555 egenis
1621 2534 1651 2537 —
1673 2521 1844 2553 comparetur.
1869 2526 1890 2542 c.
1907 2517 1948 2542 35.

1113 2561 1145 2588 de
1166 2563 1246 2599 episc.
1267 2567 1292 2588 et
1311 2562 1372 2588 cler.
1394 2564 1415 2589 l.
1433 2565 1457 2589 3.

1147 2606 1284 2639 Egere·
1308 2606 1344 2639 ᾖ.
1370 2607 1404 2633 1.
1425 2607 1634 2634 Desiderare,
1656 2604 1742 2636 Opus
1760 2605 1880 2629 hahere.
1906 2603 1948 2629 111.

1114 2649 1180 2676 Gn.
1199 2647 1435 2674 commendatione
1454 2658 1505 2674 non
1525 2656 1606 2682 egere..
1626 2661 1658 2665 —-
1677 2645 1852 2672 Adminiculis
1866 2656 1947 2681 egere.

1113 2691 1144 2718 fr.
1167 2693 1187 2717 l.
1208 2691 1241 2717 de
1259 2691 1277 2717 1.
1298 2691 1315 2718 I.
1335 2691 1366 2718 R.
1386 2693 1409 2717 4.
1433 2693 1453 2717 1.
1478 2690 1509 2716 l'r.
1532 2691 1553 2715 l.
1579 2689 1601 2722 5.
1623 2690 1645 2714 1.
1665 2689 1688 2714 si
1707 2688 1789 2715 ususf.
1808 2693 1861 2725 pet.
1881 2690 1904 2714 7.
1923 2690 1946 2714 6.

1114 2751 1146 2754 -
1165 2735 1197 2768 ἓ.
1220 2735 1256 2760 2.
1275 2737 1480 2768 Paupertate
1498 2734 1657 2758 laborare.
1695 2731 1948 2765 11.⁰p.1ns:.cul-

1115 2770 1213 2804 tatibuhs
1233 2787 1299 2803 esse..
1320 2777 1350 2803 sr.
1370 2779 1393 2802 5.
1414 2777 1434 2809 5.
1456 2776 1495 2800 13.
1516 2774 1547 2800 de
1567 2784 1669 2810 agnose.
1690 2780 1716 2801 et
1734 2774 1766 2801 al.
1785 2777 1827 2801 25.
1844 2777 1867 2800 3.
1898 2774 1946 2800 To-

1116 2826 1181 2851 tum.
1207 2820 1279 2856 quod
1302 2820 1411 2849 habent,
1439 2817 1646 2854 extorquendum
1670 2823 1717 2844 est.
1747 2834 1777 2837 —-
1806 2818 1881 2844 Ratio
1905 2816 1946 2842 ha-

1449 2862 1481 2886 40
1492 2862 1505 2874 ⁴⁰
