<?xml version="1.0" encoding="UTF-8"?>
<!DOCTYPE html PUBLIC "-//W3C//DTD XHTML 1.0 Transitional//EN"
    "http://www.w3.org/TR/xhtml1/DTD/xhtml1-transitional.dtd">
<html xmlns="http://www.w3.org/1999/xhtml" xml:lang="en" lang="en">
 <head>
  <title>
</title>
<meta http-equiv="Content-Type" content="text/html;charset=utf-8" />
  <meta name='ocr-system' content='tesseract 3.04.00' />
  <meta name='ocr-capabilities' content='ocr_page ocr_carea ocr_par ocr_line ocrx_word'/>
</head>
<body>
  <div class='ocr_page' id='page_1' title='image "./manualelatinitat00dirk_0245.png"; bbox 0 0 2197 3121; ppageno 0'>
   <div class='ocr_carea' id='block_1_1' title="bbox 0 1989 21 3110">
    <p class='ocr_par' dir='ltr' id='par_1_1' title="bbox 0 1989 21 3110">
     <span class='ocr_line' id='line_1_1' title="bbox 0 1989 21 3110; baseline 0 0"><span class='ocrx_word' id='word_1_1' title='bbox 0 1989 21 3110; x_wconf 95' lang='lat' dir='ltr'> </span> 
     </span>
    </p>
   </div>
   <div class='ocr_carea' id='block_1_2' title="bbox 961 159 1221 192">
    <p class='ocr_par' dir='ltr' id='par_1_2' title="bbox 961 159 1221 192">
     <span class='ocr_line' id='line_1_2' title="bbox 961 159 1221 192; baseline -0.004 0"><span class='ocrx_word' id='word_1_2' title='bbox 961 159 1034 192; x_wconf 80' lang='lat' dir='ltr'>CRI</span> <span class='ocrx_word' id='word_1_3' title='bbox 1060 179 1097 184; x_wconf 92' lang='lat'><strong>—</strong></span> <span class='ocrx_word' id='word_1_4' title='bbox 1123 159 1221 192; x_wconf 83' lang='lat' dir='ltr'>CRY.</span> 
     </span>
    </p>
   </div>
   <div class='ocr_carea' id='block_1_3' title="bbox 222 242 1089 2851">
    <p class='ocr_par' dir='ltr' id='par_1_3' title="bbox 226 242 1067 668">
     <span class='ocr_line' id='line_1_3' title="bbox 227 242 1066 283; baseline -0.008 -9"><span class='ocrx_word' id='word_1_5' title='bbox 227 248 288 283; x_wconf 83' lang='lat' dir='ltr'>Quo</span> <span class='ocrx_word' id='word_1_6' title='bbox 306 247 414 274; x_wconf 85' lang='lat' dir='ltr'>remotis</span> <span class='ocrx_word' id='word_1_7' title='bbox 433 247 557 278; x_wconf 82' lang='lat' dir='ltr'>abiectis,</span> <span class='ocrx_word' id='word_1_8' title='bbox 580 245 719 282; x_wconf 79' lang='lat' dir='ltr'><strong>pessimis,</strong></span> <span class='ocrx_word' id='word_1_9' title='bbox 744 243 907 275; x_wconf 77' lang='lat' dir='ltr'>criminosis,</span> <span class='ocrx_word' id='word_1_10' title='bbox 933 258 965 261; x_wconf 97' lang='lat'><strong>—</strong></span> <span class='ocrx_word' id='word_1_11' title='bbox 985 242 1066 268; x_wconf 92' lang='lat' dir='ltr'>bono-</span> 
     </span>
     <span class='ocr_line' id='line_1_4' title="bbox 226 285 1066 326; baseline -0.008 -9"><span class='ocrx_word' id='word_1_12' title='bbox 226 300 284 317; x_wconf 85' lang='lat' dir='ltr'>rum</span> <span class='ocrx_word' id='word_1_13' title='bbox 302 291 419 316; x_wconf 86' lang='lat' dir='ltr'>virorum</span> <span class='ocrx_word' id='word_1_14' title='bbox 438 289 549 326; x_wconf 84' lang='lat' dir='ltr'>collegio</span> <span class='ocrx_word' id='word_1_15' title='bbox 573 287 761 324; x_wconf 74' lang='lat' dir='ltr'>frequentetur.</span> <span class='ocrx_word' id='word_1_16' title='bbox 790 286 828 312; x_wconf 89' lang='lat' dir='ltr'>lb.</span> <span class='ocrx_word' id='word_1_17' title='bbox 847 285 891 312; x_wconf 85' lang='lat' dir='ltr'>VI.</span> <span class='ocrx_word' id='word_1_18' title='bbox 915 286 956 311; x_wconf 87' lang='lat'>27.</span> <span class='ocrx_word' id='word_1_19' title='bbox 983 295 1004 311; x_wconf 87' lang='lat' dir='ltr'>c.</span> <span class='ocrx_word' id='word_1_20' title='bbox 1026 285 1066 310; x_wconf 87' lang='lat'>18.</span> 
     </span>
     <span class='ocr_line' id='line_1_5' title="bbox 227 329 1067 368; baseline -0.008 -8"><span class='ocrx_word' id='word_1_21' title='bbox 227 333 260 360; x_wconf 84' lang='lat' dir='ltr'>de</span> <span class='ocrx_word' id='word_1_22' title='bbox 284 337 367 368; x_wconf 76' lang='lat' dir='ltr'>agent.</span> <span class='ocrx_word' id='word_1_23' title='bbox 393 334 419 359; x_wconf 90' lang='lat' dir='ltr'>in</span> <span class='ocrx_word' id='word_1_24' title='bbox 442 332 497 358; x_wconf 87' lang='lat' dir='ltr'>reb.</span> <span class='ocrx_word' id='word_1_25' title='bbox 540 330 690 368; x_wconf 83' lang='lat' dir='ltr'>Improbum</span> <span class='ocrx_word' id='word_1_26' title='bbox 715 329 820 366; x_wconf 87' lang='lat' dir='ltr'>quidem</span> <span class='ocrx_word' id='word_1_27' title='bbox 844 333 870 355; x_wconf 86' lang='lat' dir='ltr'>et</span> <span class='ocrx_word' id='word_1_28' title='bbox 898 329 1067 355; x_wconf 88' lang='lat' dir='ltr'>criminosum</span> 
     </span>
     <span class='ocr_line' id='line_1_6' title="bbox 227 370 1067 407; baseline -0.007 -5"><span class='ocrx_word' id='word_1_29' title='bbox 227 375 324 402; x_wconf 80' lang='lat' dir='ltr'>fateris.</span> <span class='ocrx_word' id='word_1_30' title='bbox 358 385 379 401; x_wconf 85' lang='lat' dir='ltr'>c.</span> <span class='ocrx_word' id='word_1_31' title='bbox 401 376 423 401; x_wconf 96' lang='lat' dir='ltr'>l.</span> <span class='ocrx_word' id='word_1_32' title='bbox 448 374 481 400; x_wconf 82' lang='grc'>(18</span> <span class='ocrx_word' id='word_1_33' title='bbox 500 375 571 400; x_wconf 86' lang='lat' dir='ltr'>crim.</span> <span class='ocrx_word' id='word_1_34' title='bbox 591 372 661 399; x_wconf 86' lang='lat' dir='ltr'>stell.</span> <span class='ocrx_word' id='word_1_35' title='bbox 685 374 708 399; x_wconf 96' lang='lat'>9.</span> <span class='ocrx_word' id='word_1_36' title='bbox 728 373 770 398; x_wconf 82' lang='lat'>34.</span> <span class='ocrx_word' id='word_1_37' title='bbox 813 370 892 406; x_wconf 81' lang='lat' dir='ltr'>Quod</span> <span class='ocrx_word' id='word_1_38' title='bbox 915 380 963 407; x_wconf 86' lang='lat' dir='ltr'>per</span> <span class='ocrx_word' id='word_1_39' title='bbox 982 370 1067 397; x_wconf 79' lang='lat' dir='ltr'>(lefor-</span> 
     </span>
     <span class='ocr_line' id='line_1_7' title="bbox 226 412 1067 450; baseline -0.007 -6"><span class='ocrx_word' id='word_1_40' title='bbox 226 419 277 444; x_wconf 84' lang='lat' dir='ltr'>mia</span> <span class='ocrx_word' id='word_1_41' title='bbox 296 422 321 444; x_wconf 85' lang='lat' dir='ltr'>et</span> <span class='ocrx_word' id='word_1_42' title='bbox 341 417 480 444; x_wconf 87' lang='lat' dir='ltr'>criminosa</span> <span class='ocrx_word' id='word_1_43' title='bbox 500 417 654 443; x_wconf 87' lang='lat' dir='ltr'>commercia</span> <span class='ocrx_word' id='word_1_44' title='bbox 678 414 746 448; x_wconf 88' lang='lat' dir='ltr'>(sibi</span> <span class='ocrx_word' id='word_1_45' title='bbox 768 414 922 450; x_wconf 89' lang='lat' dir='ltr'>impositum</span> <span class='ocrx_word' id='word_1_46' title='bbox 946 423 1005 439; x_wconf 77' lang='lat' dir='ltr'>esse</span> <span class='ocrx_word' id='word_1_47' title='bbox 1025 412 1067 439; x_wconf 80' lang='lat' dir='ltr'>de-</span> 
     </span>
     <span class='ocr_line' id='line_1_8' title="bbox 227 455 1067 497; baseline -0.007 -10"><span class='ocrx_word' id='word_1_48' title='bbox 227 460 353 497; x_wconf 76' lang='lat' dir='ltr'>plorant).</span> <span class='ocrx_word' id='word_1_49' title='bbox 384 459 434 486; x_wconf 90' lang='lat' dir='ltr'>Th.</span> <span class='ocrx_word' id='word_1_50' title='bbox 454 459 485 486; x_wconf 97' lang='lat' dir='ltr'>C.</span> <span class='ocrx_word' id='word_1_51' title='bbox 505 458 573 485; x_wconf 88' lang='lat' dir='ltr'>XIII.</span> <span class='ocrx_word' id='word_1_52' title='bbox 600 460 640 484; x_wconf 87' lang='lat' dir='ltr'>ll.</span> <span class='ocrx_word' id='word_1_53' title='bbox 667 468 688 484; x_wconf 86' lang='lat' dir='ltr'>c.</span> <span class='ocrx_word' id='word_1_54' title='bbox 708 460 732 484; x_wconf 74' lang='lat'>4.</span> <span class='ocrx_word' id='word_1_55' title='bbox 757 456 790 483; x_wconf 88' lang='lat' dir='ltr'>de</span> <span class='ocrx_word' id='word_1_56' title='bbox 812 457 935 482; x_wconf 79' lang='lat' dir='ltr'>censitor.</span> <span class='ocrx_word' id='word_1_57' title='bbox 973 455 1067 482; x_wconf 90' lang='lat' dir='ltr'>Crimi-</span> 
     </span>
     <span class='ocr_line' id='line_1_9' title="bbox 227 498 1065 536; baseline -0.008 -6"><span class='ocrx_word' id='word_1_58' title='bbox 227 513 308 530; x_wconf 89' lang='lat' dir='ltr'>nosos</span> <span class='ocrx_word' id='word_1_59' title='bbox 328 513 420 529; x_wconf 81' lang='lat' dir='ltr'>servos</span> <span class='ocrx_word' id='word_1_60' title='bbox 440 502 567 533; x_wconf 73' lang='lat' dir='ltr'>vendere,</span> <span class='ocrx_word' id='word_1_61' title='bbox 587 502 629 534; x_wconf 90' lang='lat' dir='ltr'>(ut</span> <span class='ocrx_word' id='word_1_62' title='bbox 647 511 706 527; x_wconf 90' lang='lat' dir='ltr'>cum</span> <span class='ocrx_word' id='word_1_63' title='bbox 724 500 817 526; x_wconf 87' lang='lat' dir='ltr'>bestiis</span> <span class='ocrx_word' id='word_1_64' title='bbox 836 498 1003 536; x_wconf 75' lang='lat' dir='ltr'>pugnarent).</span> <span class='ocrx_word' id='word_1_65' title='bbox 1035 498 1065 524; x_wconf 87' lang='lat' dir='ltr'>fr.</span> 
     </span>
     <span class='ocr_line' id='line_1_10' title="bbox 227 540 1065 572; baseline -0.007 0"><span class='ocrx_word' id='word_1_66' title='bbox 227 548 267 572; x_wconf 87' lang='lat'>42.</span> <span class='ocrx_word' id='word_1_67' title='bbox 288 546 321 572; x_wconf 86' lang='lat' dir='ltr'>de</span> <span class='ocrx_word' id='word_1_68' title='bbox 340 550 422 572; x_wconf 84' lang='lat' dir='ltr'>contr.</span> <span class='ocrx_word' id='word_1_69' title='bbox 443 550 502 572; x_wconf 90' lang='lat' dir='ltr'>emt.</span> <span class='ocrx_word' id='word_1_70' title='bbox 524 546 564 571; x_wconf 78' lang='lat'>18.</span> <span class='ocrx_word' id='word_1_71' title='bbox 585 546 608 570; x_wconf 95' lang='grc'>1.</span> <span class='ocrx_word' id='word_1_72' title='bbox 644 543 694 570; x_wconf 77' lang='lat' dir='ltr'>Rei</span> <span class='ocrx_word' id='word_1_73' title='bbox 713 542 854 569; x_wconf 82' lang='lat' dir='ltr'>criminosi.</span> <span class='ocrx_word' id='word_1_74' title='bbox 887 540 937 568; x_wconf 88' lang='lat' dir='ltr'>Th.</span> <span class='ocrx_word' id='word_1_75' title='bbox 953 540 983 567; x_wconf 90' lang='lat' dir='ltr'>C.</span> <span class='ocrx_word' id='word_1_76' title='bbox 998 540 1028 566; x_wconf 95' lang='lat' dir='ltr'>II.</span> <span class='ocrx_word' id='word_1_77' title='bbox 1043 542 1065 566; x_wconf 94' lang='lat' dir='ltr'>l.</span> 
     </span>
     <span class='ocr_line' id='line_1_11' title="bbox 228 583 1066 621; baseline -0.005 -8"><span class='ocrx_word' id='word_1_78' title='bbox 228 600 249 615; x_wconf 77' lang='lat' dir='ltr'>c.</span> <span class='ocrx_word' id='word_1_79' title='bbox 271 591 311 615; x_wconf 95' lang='grc'>11.</span> <span class='ocrx_word' id='word_1_80' title='bbox 331 589 364 615; x_wconf 83' lang='lat' dir='ltr'>de</span> <span class='ocrx_word' id='word_1_81' title='bbox 383 588 474 614; x_wconf 82' lang='grc'><strong>11111511.</strong></span> <span class='ocrx_word' id='word_1_82' title='bbox 512 586 747 614; x_wconf 87' lang='lat' dir='ltr'>Crimiuosissimis</span> <span class='ocrx_word' id='word_1_83' title='bbox 766 588 839 621; x_wconf 78' lang='lat' dir='ltr'>patet</span> <span class='ocrx_word' id='word_1_84' title='bbox 858 583 985 616; x_wconf 78' lang='lat' dir='ltr'>(facultas</span> <span class='ocrx_word' id='word_1_85' title='bbox 1005 593 1066 620; x_wconf 87' lang='lat' dir='ltr'>sup-</span> 
     </span>
     <span class='ocr_line' id='line_1_12' title="bbox 227 629 793 668; baseline -0.007 -10"><span class='ocrx_word' id='word_1_86' title='bbox 227 631 368 668; x_wconf 85' lang='lat' dir='ltr'>plicandi).</span> <span class='ocrx_word' id='word_1_87' title='bbox 398 631 434 657; x_wconf 86' lang='lat' dir='ltr'>Ib.</span> <span class='ocrx_word' id='word_1_88' title='bbox 454 630 499 656; x_wconf 79' lang='lat' dir='ltr'>[X.</span> <span class='ocrx_word' id='word_1_89' title='bbox 519 632 560 656; x_wconf 89' lang='lat'>40.</span> <span class='ocrx_word' id='word_1_90' title='bbox 581 640 602 656; x_wconf 90' lang='lat' dir='ltr'>c.</span> <span class='ocrx_word' id='word_1_91' title='bbox 622 631 647 655; x_wconf 84' lang='lat'>4.</span> <span class='ocrx_word' id='word_1_92' title='bbox 666 629 699 655; x_wconf 85' lang='lat' dir='ltr'>de</span> <span class='ocrx_word' id='word_1_93' title='bbox 716 637 793 665; x_wconf 90' lang='lat' dir='ltr'>poen.</span> 
     </span>
    </p>

    <p class='ocr_par' dir='ltr' id='par_1_4' title="bbox 226 669 1089 1011">
     <span class='ocr_line' id='line_1_13' title="bbox 263 669 1065 705; baseline -0.006 -4"><span class='ocrx_word' id='word_1_94' title='bbox 263 674 400 702; x_wconf 73' lang='lat' dir='ltr'>erinis.</span> <span class='ocrx_word' id='word_1_95' title='bbox 439 675 548 705; x_wconf 83' lang='lat' dir='ltr'>Coma,</span> <span class='ocrx_word' id='word_1_96' title='bbox 582 673 764 699; x_wconf 81' lang='lat' dir='ltr'>Caesaries.</span> <span class='ocrx_word' id='word_1_97' title='bbox 810 669 854 696; x_wconf 82' lang='lat' dir='ltr'>III.</span> <span class='ocrx_word' id='word_1_98' title='bbox 876 670 941 697; x_wconf 73' lang='lat' dir='ltr'>Gn.</span> <span class='ocrx_word' id='word_1_99' title='bbox 973 669 1065 696; x_wconf 79' lang='lat' dir='ltr'>Pellex</span> 
     </span>
     <span class='ocr_line' id='line_1_14' title="bbox 227 711 1065 751; baseline -0.008 -7"><span class='ocrx_word' id='word_1_100' title='bbox 227 727 296 744; x_wconf 85' lang='lat' dir='ltr'>aram</span> <span class='ocrx_word' id='word_1_101' title='bbox 319 717 426 743; x_wconf 87' lang='lat' dir='ltr'>Iunonis</span> <span class='ocrx_word' id='word_1_102' title='bbox 450 726 482 742; x_wconf 86' lang='lat' dir='ltr'>ne</span> <span class='ocrx_word' id='word_1_103' title='bbox 506 716 617 751; x_wconf 78' lang='lat' dir='ltr'>tangito!</span> <span class='ocrx_word' id='word_1_104' title='bbox 655 714 684 740; x_wconf 90' lang='lat' dir='ltr'>Si</span> <span class='ocrx_word' id='word_1_105' title='bbox 708 718 808 749; x_wconf 81' lang='lat' dir='ltr'>tanget,</span> <span class='ocrx_word' id='word_1_106' title='bbox 831 712 924 739; x_wconf 92' lang='lat' dir='ltr'>Iunoni</span> <span class='ocrx_word' id='word_1_107' title='bbox 949 711 1065 738; x_wconf 82' lang='lat' dir='ltr'>crinibus</span> 
     </span>
     <span class='ocr_line' id='line_1_15' title="bbox 226 755 1064 795; baseline -0.007 -9"><span class='ocrx_word' id='word_1_108' title='bbox 226 760 349 786; x_wconf 87' lang='lat' dir='ltr'>demissis</span> <span class='ocrx_word' id='word_1_109' title='bbox 369 769 462 795; x_wconf 85' lang='lat' dir='ltr'>agnum</span> <span class='ocrx_word' id='word_1_110' title='bbox 481 759 601 785; x_wconf 80' lang='lat' dir='ltr'>seminam</span> <span class='ocrx_word' id='word_1_111' title='bbox 620 757 733 784; x_wconf 85' lang='lat' dir='ltr'>caedito!</span> <span class='ocrx_word' id='word_1_112' title='bbox 758 755 788 782; x_wconf 94' lang='lat' dir='ltr'>L.</span> <span class='ocrx_word' id='word_1_113' title='bbox 808 755 908 782; x_wconf 66' lang='lat' dir='ltr'>Numae.</span> <span class='ocrx_word' id='word_1_114' title='bbox 926 755 1018 792; x_wconf 91' lang='lat' dir='ltr'>Pomp.</span> <span class='ocrx_word' id='word_1_115' title='bbox 1043 766 1064 781; x_wconf 89' lang='lat' dir='ltr'>c.</span> 
     </span>
     <span class='ocr_line' id='line_1_16' title="bbox 226 799 1066 838; baseline -0.007 -9"><span class='ocrx_word' id='word_1_116' title='bbox 226 806 250 829; x_wconf 73' lang='grc'>8.</span> <span class='ocrx_word' id='word_1_117' title='bbox 288 802 423 834; x_wconf 74' lang='lat' dir='ltr'>Feminae,</span> <span class='ocrx_word' id='word_1_118' title='bbox 447 812 514 838; x_wconf 87' lang='lat' dir='ltr'>quae</span> <span class='ocrx_word' id='word_1_119' title='bbox 533 802 631 828; x_wconf 86' lang='lat' dir='ltr'>crinem</span> <span class='ocrx_word' id='word_1_120' title='bbox 653 810 742 831; x_wconf 72' lang='lat' dir='ltr'>suum,</span> <span class='ocrx_word' id='word_1_121' title='bbox 762 815 795 818; x_wconf 91' lang='lat'>—</span> <span class='ocrx_word' id='word_1_122' title='bbox 814 799 941 825; x_wconf 78' lang='lat' dir='ltr'>instinctu</span> <span class='ocrx_word' id='word_1_123' title='bbox 960 808 1066 835; x_wconf 85' lang='lat' dir='ltr'>persua-</span> 
     </span>
     <span class='ocr_line' id='line_1_17' title="bbox 226 841 1064 882; baseline -0.006 -10"><span class='ocrx_word' id='word_1_124' title='bbox 226 856 270 872; x_wconf 82' lang='lat' dir='ltr'>sae</span> <span class='ocrx_word' id='word_1_125' title='bbox 288 845 473 882; x_wconf 77' lang='lat' dir='ltr'>1)rosessioniS‚</span> <span class='ocrx_word' id='word_1_126' title='bbox 493 843 659 871; x_wconf 75' lang='lat' dir='ltr'>absciderint.</span> <span class='ocrx_word' id='word_1_127' title='bbox 689 842 739 869; x_wconf 87' lang='lat' dir='ltr'>Th.</span> <span class='ocrx_word' id='word_1_128' title='bbox 754 841 785 869; x_wconf 89' lang='lat' dir='ltr'>C.</span> <span class='ocrx_word' id='word_1_129' title='bbox 804 841 875 868; x_wconf 70' lang='lat' dir='ltr'>XVI.</span> <span class='ocrx_word' id='word_1_130' title='bbox 895 843 919 867; x_wconf 86' lang='lat'>2.</span> <span class='ocrx_word' id='word_1_131' title='bbox 940 851 961 867; x_wconf 90' lang='lat' dir='ltr'>c.</span> <span class='ocrx_word' id='word_1_132' title='bbox 980 843 1022 868; x_wconf 87' lang='lat'>27.</span> <span class='ocrx_word' id='word_1_133' title='bbox 1042 842 1064 875; x_wconf 88' lang='lat'>5.</span> 
     </span>
     <span class='ocr_line' id='line_1_18' title="bbox 227 884 1065 925; baseline -0.006 -10"><span class='ocrx_word' id='word_1_134' title='bbox 227 890 250 914; x_wconf 74' lang='lat' dir='ltr'>l.</span> <span class='ocrx_word' id='word_1_135' title='bbox 270 887 302 914; x_wconf 82' lang='lat' dir='ltr'>de</span> <span class='ocrx_word' id='word_1_136' title='bbox 322 889 402 925; x_wconf 88' lang='lat' dir='ltr'>episc.</span> <span class='ocrx_word' id='word_1_137' title='bbox 424 887 488 914; x_wconf 84' lang='lat' dir='ltr'>eccl.</span> <span class='ocrx_word' id='word_1_138' title='bbox 525 887 637 913; x_wconf 79' lang='lat' dir='ltr'>Maiores</span> <span class='ocrx_word' id='word_1_139' title='bbox 657 887 756 917; x_wconf 80' lang='lat' dir='ltr'>crines,</span> <span class='ocrx_word' id='word_1_140' title='bbox 776 885 927 911; x_wconf 86' lang='lat' dir='ltr'>indumenta</span> <span class='ocrx_word' id='word_1_141' title='bbox 946 884 1065 921; x_wconf 78' lang='lat' dir='ltr'>pellium,</span> 
     </span>
     <span class='ocr_line' id='line_1_19' title="bbox 226 927 1088 962; baseline -0.005 -5"><span class='ocrx_word' id='word_1_142' title='bbox 226 932 303 957; x_wconf 83' lang='lat' dir='ltr'>etiam</span> <span class='ocrx_word' id='word_1_143' title='bbox 322 932 348 957; x_wconf 90' lang='grc'>111</span> <span class='ocrx_word' id='word_1_144' title='bbox 368 932 453 957; x_wconf 84' lang='lat' dir='ltr'>servis</span> <span class='ocrx_word' id='word_1_145' title='bbox 472 946 504 950; x_wconf 92' lang='lat'><em>-</em></span> <span class='ocrx_word' id='word_1_146' title='bbox 523 929 644 956; x_wconf 76' lang='lat' dir='ltr'>inhiberi.</span> <span class='ocrx_word' id='word_1_147' title='bbox 672 928 709 954; x_wconf 91' lang='lat' dir='ltr'>Ib.</span> <span class='ocrx_word' id='word_1_148' title='bbox 728 928 799 955; x_wconf 78' lang='lat' dir='ltr'>XIV.</span> <span class='ocrx_word' id='word_1_149' title='bbox 820 929 860 954; x_wconf 92' lang='lat'>10.</span> <span class='ocrx_word' id='word_1_150' title='bbox 882 937 902 954; x_wconf 89' lang='lat' dir='ltr'>c.</span> <span class='ocrx_word' id='word_1_151' title='bbox 916 929 941 954; x_wconf 75' lang='lat'>4.</span> <span class='ocrx_word' id='word_1_152' title='bbox 960 927 992 954; x_wconf 86' lang='lat' dir='ltr'>de</span> <span class='ocrx_word' id='word_1_153' title='bbox 1006 927 1065 954; x_wconf 90' lang='lat' dir='ltr'>hab.</span> <span class='ocrx_word' id='word_1_154' title='bbox 1087 957 1088 962; x_wconf 22' lang='lat'>¹</span> 
     </span>
     <span class='ocr_line' id='line_1_20' title="bbox 226 963 1089 1011; baseline -0.002 -10"><span class='ocrx_word' id='word_1_155' title='bbox 226 984 278 1011; x_wconf 83' lang='lat' dir='ltr'>qno</span> <span class='ocrx_word' id='word_1_156' title='bbox 298 975 335 1000; x_wconf 88' lang='lat' dir='ltr'>uti</span> <span class='ocrx_word' id='word_1_157' title='bbox 354 984 397 1011; x_wconf 90' lang='lat' dir='ltr'>op.</span> <span class='ocrx_word' id='word_1_158' title='bbox 1087 963 1089 1005; x_wconf 57' lang='lat' dir='ltr'>l</span> 
     </span>
    </p>

    <p class='ocr_par' dir='ltr' id='par_1_5' title="bbox 225 1008 1089 1224">
     <span class='ocr_line' id='line_1_21' title="bbox 260 1008 1088 1050; baseline -0.006 -6"><span class='ocrx_word' id='word_1_159' title='bbox 260 1017 429 1044; x_wconf 77' lang='lat' dir='ltr'>Grinuln.</span> <span class='ocrx_word' id='word_1_160' title='bbox 470 1016 635 1050; x_wconf 79' lang='lat' dir='ltr'>Vngnenti</span> <span class='ocrx_word' id='word_1_161' title='bbox 650 1024 759 1049; x_wconf 68' lang='lat' dir='ltr'>genus.</span> <span class='ocrx_word' id='word_1_162' title='bbox 796 1013 840 1040; x_wconf 93' lang='lat' dir='ltr'>III.</span> <span class='ocrx_word' id='word_1_163' title='bbox 858 1014 925 1041; x_wconf 71' lang='grc' dir='ltr'><strong>(7η.</strong></span> <span class='ocrx_word' id='word_1_164' title='bbox 944 1012 1066 1050; x_wconf 84' lang='lat' dir='ltr'>Vnguen-</span> <span class='ocrx_word' id='word_1_165' title='bbox 1087 1008 1088 1027; x_wconf 57' lang='lat'>3</span> 
     </span>
     <span class='ocr_line' id='line_1_22' title="bbox 225 1056 1088 1096; baseline -0.005 -10"><span class='ocrx_word' id='word_1_166' title='bbox 225 1060 259 1085; x_wconf 81' lang='lat' dir='ltr'>tis</span> <span class='ocrx_word' id='word_1_167' title='bbox 278 1059 384 1096; x_wconf 81' lang='lat' dir='ltr'>legatis,</span> <span class='ocrx_word' id='word_1_168' title='bbox 404 1074 436 1078; x_wconf 88' lang='lat'>——</span> <span class='ocrx_word' id='word_1_169' title='bbox 457 1057 554 1094; x_wconf 86' lang='lat' dir='ltr'>quibus</span> <span class='ocrx_word' id='word_1_170' title='bbox 573 1058 712 1092; x_wconf 80' lang='lat' dir='ltr'>unguimur</span> <span class='ocrx_word' id='word_1_171' title='bbox 734 1056 879 1094; x_wconf 83' lang='lat' dir='ltr'>voluptatis</span> <span class='ocrx_word' id='word_1_172' title='bbox 904 1066 994 1087; x_wconf 78' lang='lat' dir='ltr'>eausa,</span> <span class='ocrx_word' id='word_1_173' title='bbox 1018 1056 1066 1082; x_wconf 82' lang='lat' dir='ltr'>sed</span> <span class='ocrx_word' id='word_1_174' title='bbox 1087 1087 1088 1096; x_wconf 17' lang='grc' dir='ltr'>ἵ</span> 
     </span>
     <span class='ocr_line' id='line_1_23' title="bbox 225 1099 1066 1137; baseline -0.005 -8"><span class='ocrx_word' id='word_1_175' title='bbox 225 1107 252 1128; x_wconf 77' lang='lat' dir='ltr'>ct</span> <span class='ocrx_word' id='word_1_176' title='bbox 270 1101 442 1129; x_wconf 85' lang='lat' dir='ltr'>valetudinis:</span> <span class='ocrx_word' id='word_1_177' title='bbox 465 1100 551 1137; x_wconf 86' lang='lat' dir='ltr'>qualia</span> <span class='ocrx_word' id='word_1_178' title='bbox 571 1104 633 1126; x_wconf 85' lang='lat' dir='ltr'>sunt</span> <span class='ocrx_word' id='word_1_179' title='bbox 647 1109 820 1135; x_wconf 76' lang='lat' dir='ltr'>commagena,</span> <span class='ocrx_word' id='word_1_180' title='bbox 840 1099 966 1136; x_wconf 82' lang='lat' dir='ltr'>glaucina,</span> <span class='ocrx_word' id='word_1_181' title='bbox 986 1100 1066 1131; x_wconf 82' lang='lat' dir='ltr'>criua,</span> 
     </span>
     <span class='ocr_line' id='line_1_24' title="bbox 227 1141 1089 1178; baseline -0.003 -7"><span class='ocrx_word' id='word_1_182' title='bbox 227 1144 270 1178; x_wconf 90' lang='lat' dir='ltr'>[al.</span> <span class='ocrx_word' id='word_1_183' title='bbox 291 1145 398 1176; x_wconf 74' lang='lat' dir='ltr'>criuiua,</span> <span class='ocrx_word' id='word_1_184' title='bbox 418 1154 439 1170; x_wconf 97' lang='lat' dir='ltr'>s.</span> <span class='ocrx_word' id='word_1_185' title='bbox 460 1143 599 1177; x_wconf 78' lang='lat' dir='ltr'>crinonia]‚</span> <span class='ocrx_word' id='word_1_186' title='bbox 619 1152 678 1169; x_wconf 87' lang='lat' dir='ltr'>rosa</span> <span class='ocrx_word' id='word_1_187' title='bbox 698 1147 746 1169; x_wconf 85' lang='lat' dir='ltr'>etc.</span> <span class='ocrx_word' id='word_1_188' title='bbox 771 1142 801 1168; x_wconf 88' lang='lat' dir='ltr'>sr.</span> <span class='ocrx_word' id='word_1_189' title='bbox 815 1144 857 1168; x_wconf 96' lang='lat'>21.</span> <span class='ocrx_word' id='word_1_190' title='bbox 877 1143 898 1176; x_wconf 88' lang='lat'>5.</span> <span class='ocrx_word' id='word_1_191' title='bbox 912 1144 933 1168; x_wconf 97' lang='lat' dir='ltr'>l.</span> <span class='ocrx_word' id='word_1_192' title='bbox 954 1142 986 1169; x_wconf 86' lang='lat' dir='ltr'>de</span> <span class='ocrx_word' id='word_1_193' title='bbox 1003 1152 1065 1169; x_wconf 87' lang='lat' dir='ltr'>auro</span> <span class='ocrx_word' id='word_1_194' title='bbox 1087 1141 1089 1166; x_wconf 69' lang='grc' dir='ltr'>ἱ</span> 
     </span>
     <span class='ocr_line' id='line_1_25' title="bbox 225 1189 380 1224; baseline -0.013 -10"><span class='ocrx_word' id='word_1_195' title='bbox 225 1198 277 1224; x_wconf 88' lang='lat' dir='ltr'>arg.</span> <span class='ocrx_word' id='word_1_196' title='bbox 295 1189 337 1214; x_wconf 82' lang='lat'>34.</span> <span class='ocrx_word' id='word_1_197' title='bbox 356 1189 380 1213; x_wconf 87' lang='lat'>2.</span> 
     </span>
    </p>

    <p class='ocr_par' dir='ltr' id='par_1_6' title="bbox 223 1228 1065 1352">
     <span class='ocr_line' id='line_1_26' title="bbox 260 1228 1064 1265; baseline -0.004 -8"><span class='ocrx_word' id='word_1_198' title='bbox 260 1231 425 1263; x_wconf 75' lang='lat' dir='ltr'>Crispus.</span> <span class='ocrx_word' id='word_1_199' title='bbox 463 1230 580 1256; x_wconf 81' lang='lat' dir='ltr'>Nomen</span> <span class='ocrx_word' id='word_1_200' title='bbox 597 1230 679 1265; x_wconf 80' lang='lat' dir='ltr'>filii</span> <span class='ocrx_word' id='word_1_201' title='bbox 704 1230 919 1255; x_wconf 73' lang='lat' dir='ltr'>Constantini</span> <span class='ocrx_word' id='word_1_202' title='bbox 939 1230 976 1256; x_wconf 74' lang='lat' dir='ltr'>M.</span> <span class='ocrx_word' id='word_1_203' title='bbox 1021 1228 1064 1254; x_wconf 93' lang='lat' dir='ltr'>III.</span> 
     </span>
     <span class='ocr_line' id='line_1_27' title="bbox 224 1270 1065 1309; baseline -0.002 -9"><span class='ocrx_word' id='word_1_204' title='bbox 224 1275 290 1302; x_wconf 76' lang='lat' dir='ltr'>Gn.</span> <span class='ocrx_word' id='word_1_205' title='bbox 318 1272 431 1309; x_wconf 80' lang='lat' dir='ltr'>Propter</span> <span class='ocrx_word' id='word_1_206' title='bbox 451 1271 542 1308; x_wconf 88' lang='lat' dir='ltr'>Crispi</span> <span class='ocrx_word' id='word_1_207' title='bbox 566 1276 645 1307; x_wconf 84' lang='lat' dir='ltr'>atque</span> <span class='ocrx_word' id='word_1_208' title='bbox 663 1270 778 1297; x_wconf 79' lang='lat' dir='ltr'>Helenae</span> <span class='ocrx_word' id='word_1_209' title='bbox 801 1276 917 1308; x_wconf 71' lang='lat' dir='ltr'>partum.</span> <span class='ocrx_word' id='word_1_210' title='bbox 943 1271 1065 1298; x_wconf 89' lang='lat' dir='ltr'>omnibus</span> 
     </span>
     <span class='ocr_line' id='line_1_28' title="bbox 223 1313 1046 1352; baseline -0.002 -10"><span class='ocrx_word' id='word_1_211' title='bbox 223 1315 389 1352; x_wconf 79' lang='lat' dir='ltr'>indulgemus</span> <span class='ocrx_word' id='word_1_212' title='bbox 410 1319 458 1341; x_wconf 81' lang='lat' dir='ltr'>etc.</span> <span class='ocrx_word' id='word_1_213' title='bbox 488 1314 538 1341; x_wconf 90' lang='lat' dir='ltr'>Th.</span> <span class='ocrx_word' id='word_1_214' title='bbox 551 1314 583 1341; x_wconf 90' lang='lat' dir='ltr'>C.</span> <span class='ocrx_word' id='word_1_215' title='bbox 602 1314 647 1340; x_wconf 83' lang='lat' dir='ltr'>IX.</span> <span class='ocrx_word' id='word_1_216' title='bbox 661 1315 703 1340; x_wconf 62' lang='lat'>35.</span> <span class='ocrx_word' id='word_1_217' title='bbox 725 1324 746 1340; x_wconf 87' lang='lat' dir='ltr'>c.</span> <span class='ocrx_word' id='word_1_218' title='bbox 762 1316 784 1340; x_wconf 91' lang='lat'>1.</span> <span class='ocrx_word' id='word_1_219' title='bbox 805 1313 838 1341; x_wconf 87' lang='lat' dir='ltr'>de</span> <span class='ocrx_word' id='word_1_220' title='bbox 856 1313 954 1350; x_wconf 79' lang='lat' dir='ltr'>indulg.</span> <span class='ocrx_word' id='word_1_221' title='bbox 975 1315 1046 1340; x_wconf 91' lang='lat' dir='ltr'>crim.</span> 
     </span>
    </p>

    <p class='ocr_par' dir='ltr' id='par_1_7' title="bbox 222 1358 1066 1561">
     <span class='ocr_line' id='line_1_29' title="bbox 259 1358 1065 1393; baseline -0.002 -8"><span class='ocrx_word' id='word_1_222' title='bbox 259 1358 504 1392; x_wconf 77' lang='lat' dir='ltr'>Crithologia.</span> <span class='ocrx_word' id='word_1_223' title='bbox 542 1359 690 1384; x_wconf 73' lang='lat' dir='ltr'>Muneris</span> <span class='ocrx_word' id='word_1_224' title='bbox 710 1358 926 1393; x_wconf 76' lang='lat' dir='ltr'>officialium</span> <span class='ocrx_word' id='word_1_225' title='bbox 945 1359 993 1383; x_wconf 88' lang='lat' dir='ltr'>rei</span> <span class='ocrx_word' id='word_1_226' title='bbox 1011 1367 1065 1383; x_wconf 83' lang='grc' dir='ltr'>αη-</span> 
     </span>
     <span class='ocr_line' id='line_1_30' title="bbox 222 1399 1066 1434; baseline -0.002 -6"><span class='ocrx_word' id='word_1_227' title='bbox 222 1403 380 1428; x_wconf 81' lang='lat' dir='ltr'>nonariae</span> <span class='ocrx_word' id='word_1_228' title='bbox 407 1402 537 1434; x_wconf 73' lang='lat' dir='ltr'>species.</span> <span class='ocrx_word' id='word_1_229' title='bbox 582 1399 625 1426; x_wconf 89' lang='lat' dir='ltr'>III.</span> <span class='ocrx_word' id='word_1_230' title='bbox 652 1401 718 1427; x_wconf 77' lang='lat' dir='ltr'>Gn.</span> <span class='ocrx_word' id='word_1_231' title='bbox 751 1400 781 1426; x_wconf 93' lang='lat' dir='ltr'>In</span> <span class='ocrx_word' id='word_1_232' title='bbox 810 1400 991 1427; x_wconf 78' lang='lat' dir='ltr'>aestimatione</span> <span class='ocrx_word' id='word_1_233' title='bbox 1014 1399 1066 1426; x_wconf 83' lang='lat' dir='ltr'>fru-</span> 
     </span>
     <span class='ocr_line' id='line_1_31' title="bbox 222 1443 1064 1480; baseline -0.001 -10"><span class='ocrx_word' id='word_1_234' title='bbox 222 1445 316 1475; x_wconf 83' lang='lat' dir='ltr'>menti,</span> <span class='ocrx_word' id='word_1_235' title='bbox 345 1443 417 1480; x_wconf 84' lang='lat' dir='ltr'>quod</span> <span class='ocrx_word' id='word_1_236' title='bbox 448 1443 480 1470; x_wconf 86' lang='lat' dir='ltr'>ad</span> <span class='ocrx_word' id='word_1_237' title='bbox 509 1444 640 1470; x_wconf 88' lang='lat' dir='ltr'>civitatem</span> <span class='ocrx_word' id='word_1_238' title='bbox 667 1443 872 1470; x_wconf 83' lang='lat' dir='ltr'>Alexandrinam</span> <span class='ocrx_word' id='word_1_239' title='bbox 901 1443 1064 1475; x_wconf 78' lang='lat' dir='ltr'>convehitur,</span> 
     </span>
     <span class='ocr_line' id='line_1_32' title="bbox 222 1485 1065 1524; baseline -0.001 -11"><span class='ocrx_word' id='word_1_240' title='bbox 222 1486 352 1524; x_wconf 81' lang='lat' dir='ltr'>quidquid</span> <span class='ocrx_word' id='word_1_241' title='bbox 371 1486 404 1513; x_wconf 88' lang='lat' dir='ltr'>de</span> <span class='ocrx_word' id='word_1_242' title='bbox 424 1485 578 1522; x_wconf 81' lang='lat' dir='ltr'>crithologia</span> <span class='ocrx_word' id='word_1_243' title='bbox 598 1491 624 1512; x_wconf 83' lang='grc'>81</span> <span class='ocrx_word' id='word_1_244' title='bbox 642 1487 786 1522; x_wconf 82' lang='lat' dir='ltr'>zygostasii</span> <span class='ocrx_word' id='word_1_245' title='bbox 805 1496 912 1512; x_wconf 81' lang='lat' dir='ltr'>munere</span> <span class='ocrx_word' id='word_1_246' title='bbox 929 1502 963 1506; x_wconf 82' lang='lat'>—</span> <span class='ocrx_word' id='word_1_247' title='bbox 976 1486 1065 1523; x_wconf 86' lang='lat' dir='ltr'>dispo-</span> 
     </span>
     <span class='ocr_line' id='line_1_33' title="bbox 223 1528 1020 1561; baseline 0.001 -6"><span class='ocrx_word' id='word_1_248' title='bbox 223 1531 288 1561; x_wconf 78' lang='lat' dir='ltr'>suit,</span> <span class='ocrx_word' id='word_1_249' title='bbox 308 1529 471 1556; x_wconf 76' lang='lat' dir='ltr'>roboramus.</span> <span class='ocrx_word' id='word_1_250' title='bbox 500 1529 538 1555; x_wconf 79' lang='grc'><strong>11).</strong></span> <span class='ocrx_word' id='word_1_251' title='bbox 558 1528 628 1555; x_wconf 77' lang='lat' dir='ltr'>XIV.</span> <span class='ocrx_word' id='word_1_252' title='bbox 648 1531 690 1555; x_wconf 86' lang='lat'>26.</span> <span class='ocrx_word' id='word_1_253' title='bbox 712 1539 732 1555; x_wconf 90' lang='lat' dir='ltr'>c.</span> <span class='ocrx_word' id='word_1_254' title='bbox 754 1531 777 1556; x_wconf 92' lang='lat' dir='ltr'>l.</span> <span class='ocrx_word' id='word_1_255' title='bbox 797 1529 830 1556; x_wconf 86' lang='lat' dir='ltr'>de</span> <span class='ocrx_word' id='word_1_256' title='bbox 848 1529 923 1556; x_wconf 83' lang='lat' dir='ltr'>frum.</span> <span class='ocrx_word' id='word_1_257' title='bbox 942 1529 1020 1556; x_wconf 80' lang='lat' dir='ltr'>Alex.</span> 
     </span>
    </p>

    <p class='ocr_par' dir='ltr' id='par_1_8' title="bbox 223 1572 1086 1769">
     <span class='ocr_line' id='line_1_34' title="bbox 259 1572 1086 1605; baseline 0 -6"><span class='ocrx_word' id='word_1_258' title='bbox 259 1572 524 1603; x_wconf 75' lang='lat' dir='ltr'>Crocufantia,</span> <span class='ocrx_word' id='word_1_259' title='bbox 558 1581 579 1598; x_wconf 91' lang='lat' dir='ltr'>s.</span> <span class='ocrx_word' id='word_1_260' title='bbox 612 1572 907 1605; x_wconf 75' lang='lat' dir='ltr'>Crocuphantia.</span> <span class='ocrx_word' id='word_1_261' title='bbox 958 1575 1063 1600; x_wconf 73' lang='lat' dir='ltr'>Genus</span> <span class='ocrx_word' id='word_1_262' title='bbox 1085 1585 1086 1594; x_wconf 56' lang='grc' dir='ltr'>ι</span> 
     </span>
     <span class='ocr_line' id='line_1_35' title="bbox 224 1615 1086 1652; baseline 0 -10"><span class='ocrx_word' id='word_1_263' title='bbox 224 1617 487 1642; x_wconf 58' lang='lat' dir='ltr'>ornamentorum</span> <span class='ocrx_word' id='word_1_264' title='bbox 511 1617 722 1641; x_wconf 82' lang='lat' dir='ltr'>muliebrium.</span> <span class='ocrx_word' id='word_1_265' title='bbox 759 1615 802 1641; x_wconf 91' lang='lat' dir='ltr'>III.</span> <span class='ocrx_word' id='word_1_266' title='bbox 826 1617 892 1643; x_wconf 71' lang='grc' dir='ltr'><strong>(7η.</strong></span> <span class='ocrx_word' id='word_1_267' title='bbox 920 1616 1064 1642; x_wconf 82' lang='lat' dir='ltr'>Ornamen-</span> <span class='ocrx_word' id='word_1_268' title='bbox 1085 1645 1086 1652; x_wconf 15' lang='grc' dir='ltr'>ἵ</span> 
     </span>
     <span class='ocr_line' id='line_1_36' title="bbox 224 1657 1063 1691; baseline 0.001 -7"><span class='ocrx_word' id='word_1_269' title='bbox 224 1663 309 1684; x_wconf 90' lang='lat' dir='ltr'>torum</span> <span class='ocrx_word' id='word_1_270' title='bbox 328 1657 528 1690; x_wconf 87' lang='lat' dir='ltr'>(muliebrium)</span> <span class='ocrx_word' id='word_1_271' title='bbox 553 1657 628 1684; x_wconf 67' lang='lat' dir='ltr'>haec:</span> <span class='ocrx_word' id='word_1_272' title='bbox 654 1659 748 1690; x_wconf 80' lang='lat' dir='ltr'>vittae,</span> <span class='ocrx_word' id='word_1_273' title='bbox 773 1659 878 1691; x_wconf 79' lang='lat' dir='ltr'>mitrae,</span> <span class='ocrx_word' id='word_1_274' title='bbox 897 1659 1063 1691; x_wconf 73' lang='lat' dir='ltr'>semimitrae.</span> 
     </span>
     <span class='ocr_line' id='line_1_37' title="bbox 225 1700 1063 1738; baseline 0.002 -12"><span class='ocrx_word' id='word_1_275' title='bbox 225 1716 256 1720; x_wconf 83' lang='grc'>-</span> <span class='ocrx_word' id='word_1_276' title='bbox 281 1700 401 1732; x_wconf 74' lang='lat' dir='ltr'>reticula,</span> <span class='ocrx_word' id='word_1_277' title='bbox 427 1700 593 1727; x_wconf 81' lang='lat' dir='ltr'>crocufantia.</span> <span class='ocrx_word' id='word_1_278' title='bbox 628 1700 658 1727; x_wconf 88' lang='lat' dir='ltr'>fr.</span> <span class='ocrx_word' id='word_1_279' title='bbox 683 1703 724 1727; x_wconf 82' lang='lat'>25.</span> <span class='ocrx_word' id='word_1_280' title='bbox 752 1702 838 1735; x_wconf 91' lang='lat'>5.10.</span> <span class='ocrx_word' id='word_1_281' title='bbox 868 1701 900 1728; x_wconf 88' lang='lat' dir='ltr'>de</span> <span class='ocrx_word' id='word_1_282' title='bbox 925 1712 987 1728; x_wconf 85' lang='lat' dir='ltr'>auro</span> <span class='ocrx_word' id='word_1_283' title='bbox 1012 1712 1063 1738; x_wconf 88' lang='lat' dir='ltr'>arg.</span> 
     </span>
     <span class='ocr_line' id='line_1_38' title="bbox 223 1744 299 1769; baseline 0 0"><span class='ocrx_word' id='word_1_284' title='bbox 223 1744 264 1769; x_wconf 60' lang='lat'>³52.</span> <span class='ocrx_word' id='word_1_285' title='bbox 284 1745 299 1759; x_wconf 78' lang='lat'>·›</span> 
     </span>
    </p>

    <p class='ocr_par' dir='ltr' id='par_1_9' title="bbox 223 1787 1064 1908">
     <span class='ocr_line' id='line_1_39' title="bbox 259 1787 1063 1823; baseline 0 -9"><span class='ocrx_word' id='word_1_286' title='bbox 259 1787 451 1814; x_wconf 69' lang='lat' dir='ltr'>cruciare.</span> <span class='ocrx_word' id='word_1_287' title='bbox 501 1787 682 1813; x_wconf 77' lang='lat' dir='ltr'>Tormentis</span> <span class='ocrx_word' id='word_1_288' title='bbox 718 1788 874 1823; x_wconf 78' lang='lat' dir='ltr'>adficere.</span> <span class='ocrx_word' id='word_1_289' title='bbox 927 1787 969 1814; x_wconf 90' lang='lat' dir='ltr'>III.</span> <span class='ocrx_word' id='word_1_290' title='bbox 998 1789 1063 1815; x_wconf 76' lang='lat' dir='ltr'>Gn.</span> 
     </span>
     <span class='ocr_line' id='line_1_40' title="bbox 224 1828 1064 1864; baseline 0.001 -9"><span class='ocrx_word' id='word_1_291' title='bbox 224 1829 293 1864; x_wconf 82' lang='lat' dir='ltr'>Quia</span> <span class='ocrx_word' id='word_1_292' title='bbox 313 1832 435 1855; x_wconf 82' lang='lat' dir='ltr'>eo‘e&#39;rcere</span> <span class='ocrx_word' id='word_1_293' title='bbox 453 1828 538 1854; x_wconf 84' lang='lat' dir='ltr'>voluit</span> <span class='ocrx_word' id='word_1_294' title='bbox 557 1838 661 1855; x_wconf 91' lang='lat' dir='ltr'>servum</span> <span class='ocrx_word' id='word_1_295' title='bbox 681 1833 707 1855; x_wconf 84' lang='lat' dir='ltr'>et</span> <span class='ocrx_word' id='word_1_296' title='bbox 726 1831 854 1861; x_wconf 81' lang='lat' dir='ltr'>cruciare,</span> <span class='ocrx_word' id='word_1_297' title='bbox 879 1840 911 1856; x_wconf 86' lang='lat' dir='ltr'>ne</span> <span class='ocrx_word' id='word_1_298' title='bbox 929 1830 1064 1856; x_wconf 87' lang='lat' dir='ltr'>meliorem</span> 
     </span>
     <span class='ocr_line' id='line_1_41' title="bbox 223 1863 1063 1908; baseline 0.001 -10"><span class='ocrx_word' id='word_1_299' title='bbox 223 1872 357 1898; x_wconf 89' lang='lat' dir='ltr'>dominum</span> <span class='ocrx_word' id='word_1_300' title='bbox 376 1872 533 1908; x_wconf 74' lang='lat' dir='ltr'>experiatur.</span> <span class='ocrx_word' id='word_1_301' title='bbox 553 1871 583 1897; x_wconf 86' lang='lat' dir='ltr'>fr.</span> <span class='ocrx_word' id='word_1_302' title='bbox 594 1873 635 1897; x_wconf 97' lang='lat'>24.</span> <span class='ocrx_word' id='word_1_303' title='bbox 657 1871 679 1904; x_wconf 94' lang='lat'>5.</span> <span class='ocrx_word' id='word_1_304' title='bbox 693 1873 717 1897; x_wconf 73' lang='lat'>8.</span> <span class='ocrx_word' id='word_1_305' title='bbox 738 1871 770 1898; x_wconf 80' lang='lat' dir='ltr'>de</span> <span class='ocrx_word' id='word_1_306' title='bbox 784 1872 870 1898; x_wconf 86' lang='lat' dir='ltr'>fideic.</span> <span class='ocrx_word' id='word_1_307' title='bbox 885 1872 948 1899; x_wconf 88' lang='lat' dir='ltr'>libb.</span> <span class='ocrx_word' id='word_1_308' title='bbox 969 1875 1010 1899; x_wconf 92' lang='lat'>40.</span> <span class='ocrx_word' id='word_1_309' title='bbox 1022 1863 1063 1899; x_wconf 80' lang='lat'>5.‘</span> 
     </span>
    </p>

    <p class='ocr_par' dir='ltr' id='par_1_10' title="bbox 222 1913 1064 2037">
     <span class='ocr_line' id='line_1_42' title="bbox 259 1913 1064 1942; baseline 0 0"><span class='ocrx_word' id='word_1_310' title='bbox 259 1915 463 1942; x_wconf 61' lang='lat' dir='ltr'>eructatio.</span> <span class='ocrx_word' id='word_1_311' title='bbox 501 1916 686 1940; x_wconf 74' lang='lat' dir='ltr'>eruciatus.</span> <span class='ocrx_word' id='word_1_312' title='bbox 714 1913 757 1940; x_wconf 93' lang='lat' dir='ltr'>III.</span> <span class='ocrx_word' id='word_1_313' title='bbox 773 1916 838 1942; x_wconf 75' lang='lat' dir='ltr'>On.</span> <span class='ocrx_word' id='word_1_314' title='bbox 867 1914 903 1941; x_wconf 82' lang='lat' dir='ltr'>Vt</span> <span class='ocrx_word' id='word_1_315' title='bbox 923 1920 948 1941; x_wconf 86' lang='lat' dir='ltr'>et</span> <span class='ocrx_word' id='word_1_316' title='bbox 967 1917 1064 1942; x_wconf 85' lang='lat' dir='ltr'>crucia-</span> 
     </span>
     <span class='ocr_line' id='line_1_43' title="bbox 222 1956 1062 1993; baseline 0.002 -10"><span class='ocrx_word' id='word_1_317' title='bbox 222 1959 258 1984; x_wconf 87' lang='lat' dir='ltr'>tio</span> <span class='ocrx_word' id='word_1_318' title='bbox 279 1957 356 1988; x_wconf 74' lang='lat' dir='ltr'>desit,</span> <span class='ocrx_word' id='word_1_319' title='bbox 377 1962 402 1983; x_wconf 83' lang='lat' dir='ltr'>et</span> <span class='ocrx_word' id='word_1_320' title='bbox 420 1961 570 1993; x_wconf 77' lang='lat' dir='ltr'>permaneat</span> <span class='ocrx_word' id='word_1_321' title='bbox 588 1956 640 1982; x_wconf 85' lang='lat' dir='ltr'>fida</span> <span class='ocrx_word' id='word_1_322' title='bbox 660 1957 787 1983; x_wconf 79' lang='lat' dir='ltr'>custodia.</span> <span class='ocrx_word' id='word_1_323' title='bbox 818 1957 867 1984; x_wconf 87' lang='lat' dir='ltr'>Th.</span> <span class='ocrx_word' id='word_1_324' title='bbox 885 1957 915 1984; x_wconf 92' lang='lat' dir='ltr'>C.</span> <span class='ocrx_word' id='word_1_325' title='bbox 931 1958 975 1985; x_wconf 88' lang='grc' dir='ltr'>ΙΧ.</span> <span class='ocrx_word' id='word_1_326' title='bbox 995 1960 1020 1985; x_wconf 82' lang='grc'>3.</span> <span class='ocrx_word' id='word_1_327' title='bbox 1041 1969 1062 1985; x_wconf 94' lang='lat' dir='ltr'>c.</span> 
     </span>
     <span class='ocr_line' id='line_1_44' title="bbox 224 2000 534 2037; baseline -0.006 -10"><span class='ocrx_word' id='word_1_328' title='bbox 224 2002 245 2027; x_wconf 90' lang='lat' dir='ltr'>l.</span> <span class='ocrx_word' id='word_1_329' title='bbox 265 2011 305 2037; x_wconf 92' lang='lat' dir='ltr'>pr.</span> <span class='ocrx_word' id='word_1_330' title='bbox 327 2000 359 2026; x_wconf 90' lang='lat' dir='ltr'>de</span> <span class='ocrx_word' id='word_1_331' title='bbox 380 2004 446 2025; x_wconf 88' lang='lat' dir='ltr'>cust.</span> <span class='ocrx_word' id='word_1_332' title='bbox 466 2009 534 2025; x_wconf 90' lang='lat' dir='ltr'>reor.</span> 
     </span>
    </p>

    <p class='ocr_par' dir='ltr' id='par_1_11' title="bbox 224 2041 1083 2509">
     <span class='ocr_line' id='line_1_45' title="bbox 257 2041 1063 2075; baseline 0.001 -5"><span class='ocrx_word' id='word_1_333' title='bbox 257 2043 468 2070; x_wconf 75' lang='lat' dir='ltr'>cruciatus.</span> <span class='ocrx_word' id='word_1_334' title='bbox 498 2041 616 2074; x_wconf 75' lang='lat' dir='ltr'>(Subst.)</span> <span class='ocrx_word' id='word_1_335' title='bbox 657 2044 874 2075; x_wconf 71' lang='lat' dir='ltr'>Tomentum,</span> <span class='ocrx_word' id='word_1_336' title='bbox 896 2045 1063 2075; x_wconf 76' lang='lat' dir='ltr'>Molestia,</span> 
     </span>
     <span class='ocr_line' id='line_1_46' title="bbox 227 2084 1062 2122; baseline 0.004 -11"><span class='ocrx_word' id='word_1_337' title='bbox 227 2086 335 2112; x_wconf 86' lang='lat' dir='ltr'>Dolor.</span> <span class='ocrx_word' id='word_1_338' title='bbox 370 2085 389 2111; x_wconf 94' lang='grc'>1.</span> <span class='ocrx_word' id='word_1_339' title='bbox 414 2086 476 2119; x_wconf 80' lang='lat' dir='ltr'>Sy.</span> <span class='ocrx_word' id='word_1_340' title='bbox 500 2084 570 2111; x_wconf 85' lang='lat' dir='ltr'>lctus</span> <span class='ocrx_word' id='word_1_341' title='bbox 590 2084 815 2122; x_wconf 79' lang='lat' dir='ltr'>(plumbatarum).</span> <span class='ocrx_word' id='word_1_342' title='bbox 846 2085 896 2112; x_wconf 94' lang='lat' dir='ltr'>Th.</span> <span class='ocrx_word' id='word_1_343' title='bbox 911 2086 942 2113; x_wconf 90' lang='lat' dir='ltr'>C.</span> <span class='ocrx_word' id='word_1_344' title='bbox 961 2087 1019 2114; x_wconf 79' lang='lat' dir='ltr'>XII.</span> <span class='ocrx_word' id='word_1_345' title='bbox 1040 2090 1062 2114; x_wconf 93' lang='lat' dir='ltr'>l.</span> 
     </span>
     <span class='ocr_line' id='line_1_47' title="bbox 224 2127 1063 2164; baseline 0.002 -10"><span class='ocrx_word' id='word_1_346' title='bbox 224 2138 245 2154; x_wconf 86' lang='lat' dir='ltr'>c.</span> <span class='ocrx_word' id='word_1_347' title='bbox 265 2129 306 2154; x_wconf 75' lang='lat'>80.</span> <span class='ocrx_word' id='word_1_348' title='bbox 326 2139 348 2154; x_wconf 88' lang='lat' dir='ltr'>c.</span> <span class='ocrx_word' id='word_1_349' title='bbox 368 2129 410 2154; x_wconf 76' lang='lat'>85.</span> <span class='ocrx_word' id='word_1_350' title='bbox 430 2127 463 2154; x_wconf 85' lang='lat' dir='ltr'>de</span> <span class='ocrx_word' id='word_1_351' title='bbox 481 2127 615 2154; x_wconf 83' lang='lat' dir='ltr'>decurion.</span> <span class='ocrx_word' id='word_1_352' title='bbox 651 2127 694 2154; x_wconf 89' lang='lat' dir='ltr'>III.</span> <span class='ocrx_word' id='word_1_353' title='bbox 716 2129 781 2156; x_wconf 75' lang='lat' dir='ltr'>Cn.</span> <span class='ocrx_word' id='word_1_354' title='bbox 807 2128 859 2164; x_wconf 80' lang='lat' dir='ltr'>Qui</span> <span class='ocrx_word' id='word_1_355' title='bbox 880 2130 949 2155; x_wconf 90' lang='grc'><strong>111510</strong></span> <span class='ocrx_word' id='word_1_356' title='bbox 969 2130 1063 2157; x_wconf 84' lang='lat' dir='ltr'>timore</span> 
     </span>
     <span class='ocr_line' id='line_1_48' title="bbox 224 2170 1061 2206; baseline 0.005 -11"><span class='ocrx_word' id='word_1_357' title='bbox 224 2171 323 2202; x_wconf 77' lang='lat' dir='ltr'>mortis,</span> <span class='ocrx_word' id='word_1_358' title='bbox 342 2170 386 2197; x_wconf 76' lang='lat' dir='ltr'>vel</span> <span class='ocrx_word' id='word_1_359' title='bbox 405 2171 536 2197; x_wconf 86' lang='lat' dir='ltr'>cruciatus</span> <span class='ocrx_word' id='word_1_360' title='bbox 556 2171 684 2206; x_wconf 67' lang='lat' dir='ltr'>corporis.</span> <span class='ocrx_word' id='word_1_361' title='bbox 703 2173 861 2198; x_wconf 72' lang='lat' dir='ltr'>conterritus</span> <span class='ocrx_word' id='word_1_362' title='bbox 881 2172 964 2198; x_wconf 86' lang='lat' dir='ltr'>abest.</span> <span class='ocrx_word' id='word_1_363' title='bbox 988 2172 1018 2199; x_wconf 83' lang='lat' dir='ltr'>fr.</span> <span class='ocrx_word' id='word_1_364' title='bbox 1037 2175 1061 2199; x_wconf 86' lang='lat'>3.</span> 
     </span>
     <span class='ocr_line' id='line_1_49' title="bbox 226 2212 1062 2248; baseline 0.007 -11"><span class='ocrx_word' id='word_1_365' title='bbox 226 2222 257 2238; x_wconf 82' lang='lat' dir='ltr'>cx</span> <span class='ocrx_word' id='word_1_366' title='bbox 277 2222 318 2248; x_wconf 84' lang='lat' dir='ltr'>qu.</span> <span class='ocrx_word' id='word_1_367' title='bbox 338 2223 358 2239; x_wconf 86' lang='lat' dir='ltr'>c.</span> <span class='ocrx_word' id='word_1_368' title='bbox 377 2214 435 2239; x_wconf 84' lang='lat' dir='ltr'>mai.</span> <span class='ocrx_word' id='word_1_369' title='bbox 455 2216 480 2240; x_wconf 93' lang='lat'>4.</span> <span class='ocrx_word' id='word_1_370' title='bbox 499 2214 522 2239; x_wconf 83' lang='lat'>6.</span> <span class='ocrx_word' id='word_1_371' title='bbox 548 2212 580 2239; x_wconf 86' lang='lat' dir='ltr'>cf.</span> <span class='ocrx_word' id='word_1_372' title='bbox 600 2223 621 2239; x_wconf 92' lang='lat' dir='ltr'>c.</span> <span class='ocrx_word' id='word_1_373' title='bbox 642 2215 682 2239; x_wconf 83' lang='grc'>13.</span> <span class='ocrx_word' id='word_1_374' title='bbox 703 2213 735 2240; x_wconf 88' lang='grc'>(18</span> <span class='ocrx_word' id='word_1_375' title='bbox 754 2219 877 2241; x_wconf 81' lang='lat' dir='ltr'>transact.</span> <span class='ocrx_word' id='word_1_376' title='bbox 897 2217 921 2241; x_wconf 90' lang='lat'>2.</span> <span class='ocrx_word' id='word_1_377' title='bbox 940 2217 964 2242; x_wconf 90' lang='lat'>4.</span> <span class='ocrx_word' id='word_1_378' title='bbox 996 2226 1017 2243; x_wconf 92' lang='lat' dir='ltr'>c.</span> <span class='ocrx_word' id='word_1_379' title='bbox 1037 2219 1062 2243; x_wconf 84' lang='lat'>4.</span> 
     </span>
     <span class='ocr_line' id='line_1_50' title="bbox 226 2254 1063 2292; baseline 0.006 -12"><span class='ocrx_word' id='word_1_380' title='bbox 226 2265 246 2281; x_wconf 88' lang='lat' dir='ltr'>c.</span> <span class='ocrx_word' id='word_1_381' title='bbox 267 2256 290 2280; x_wconf 92' lang='lat'>7.</span> <span class='ocrx_word' id='word_1_382' title='bbox 309 2254 341 2281; x_wconf 83' lang='lat' dir='ltr'>de</span> <span class='ocrx_word' id='word_1_383' title='bbox 359 2255 383 2282; x_wconf 96' lang='lat' dir='ltr'>h.</span> <span class='ocrx_word' id='word_1_384' title='bbox 404 2267 446 2292; x_wconf 89' lang='lat' dir='ltr'>qu.</span> <span class='ocrx_word' id='word_1_385' title='bbox 466 2257 500 2282; x_wconf 93' lang='lat' dir='ltr'>vi.</span> <span class='ocrx_word' id='word_1_386' title='bbox 519 2258 543 2282; x_wconf 85' lang='lat'>2.</span> <span class='ocrx_word' id='word_1_387' title='bbox 563 2257 604 2282; x_wconf 92' lang='lat'>20.</span> <span class='ocrx_word' id='word_1_388' title='bbox 642 2255 697 2282; x_wconf 84' lang='lat' dir='ltr'>Aut</span> <span class='ocrx_word' id='word_1_389' title='bbox 716 2258 828 2283; x_wconf 85' lang='lat' dir='ltr'>carceris</span> <span class='ocrx_word' id='word_1_390' title='bbox 849 2259 995 2290; x_wconf 78' lang='lat' dir='ltr'>cruciatus⁷</span> <span class='ocrx_word' id='word_1_391' title='bbox 1019 2264 1063 2285; x_wconf 84' lang='lat' dir='ltr'>aut</span> 
     </span>
     <span class='ocr_line' id='line_1_51' title="bbox 226 2296 1063 2335; baseline 0.007 -13"><span class='ocrx_word' id='word_1_392' title='bbox 226 2296 367 2323; x_wconf 85' lang='lat' dir='ltr'>cuiuslibet</span> <span class='ocrx_word' id='word_1_393' title='bbox 384 2299 492 2325; x_wconf 86' lang='lat' dir='ltr'>iniuriae</span> <span class='ocrx_word' id='word_1_394' title='bbox 510 2308 600 2335; x_wconf 68' lang='lat' dir='ltr'>genus,</span> <span class='ocrx_word' id='word_1_395' title='bbox 620 2309 667 2325; x_wconf 93' lang='lat' dir='ltr'>seu</span> <span class='ocrx_word' id='word_1_396' title='bbox 686 2304 824 2331; x_wconf 76' lang='lat' dir='ltr'>tormenta,</span> <span class='ocrx_word' id='word_1_397' title='bbox 843 2300 886 2326; x_wconf 82' lang='lat' dir='ltr'>vel</span> <span class='ocrx_word' id='word_1_398' title='bbox 907 2301 983 2327; x_wconf 88' lang='lat' dir='ltr'>etiam</span> <span class='ocrx_word' id='word_1_399' title='bbox 1003 2312 1063 2328; x_wconf 87' lang='lat' dir='ltr'>con-</span> 
     </span>
     <span class='ocr_line' id='line_1_52' title="bbox 224 2339 1060 2381; baseline 0.007 -16"><span class='ocrx_word' id='word_1_400' title='bbox 224 2339 344 2365; x_wconf 79' lang='lat' dir='ltr'>tumelias</span> <span class='ocrx_word' id='word_1_401' title='bbox 363 2340 484 2376; x_wconf 77' lang='lat' dir='ltr'>perferre.</span> <span class='ocrx_word' id='word_1_402' title='bbox 517 2341 566 2368; x_wconf 87' lang='lat' dir='ltr'>Th.</span> <span class='ocrx_word' id='word_1_403' title='bbox 585 2341 630 2368; x_wconf 78' lang='lat' dir='ltr'>XI.</span> <span class='ocrx_word' id='word_1_404' title='bbox 650 2343 692 2368; x_wconf 89' lang='lat'>30.</span> <span class='ocrx_word' id='word_1_405' title='bbox 718 2352 738 2368; x_wconf 91' lang='lat' dir='ltr'>c.</span> <span class='ocrx_word' id='word_1_406' title='bbox 758 2344 782 2369; x_wconf 90' lang='lat'>2.</span> <span class='ocrx_word' id='word_1_407' title='bbox 808 2343 840 2369; x_wconf 83' lang='lat' dir='ltr'>de</span> <span class='ocrx_word' id='word_1_408' title='bbox 860 2353 919 2380; x_wconf 84' lang='lat' dir='ltr'>app.</span> <span class='ocrx_word' id='word_1_409' title='bbox 940 2349 965 2370; x_wconf 87' lang='lat' dir='ltr'>et</span> <span class='ocrx_word' id='word_1_410' title='bbox 983 2355 1060 2381; x_wconf 83' lang='lat' dir='ltr'>poen.</span> 
     </span>
     <span class='ocr_line' id='line_1_53' title="bbox 226 2382 1062 2414; baseline 0.006 -6"><span class='ocrx_word' id='word_1_411' title='bbox 226 2382 257 2408; x_wconf 74' lang='lat' dir='ltr'>cs.</span> <span class='ocrx_word' id='word_1_412' title='bbox 277 2382 321 2409; x_wconf 83' lang='lat' dir='ltr'>[X.</span> <span class='ocrx_word' id='word_1_413' title='bbox 342 2384 382 2408; x_wconf 84' lang='lat'>12.</span> <span class='ocrx_word' id='word_1_414' title='bbox 407 2393 428 2409; x_wconf 90' lang='lat' dir='ltr'>c.</span> <span class='ocrx_word' id='word_1_415' title='bbox 448 2385 470 2410; x_wconf 93' lang='grc'>1.</span> <span class='ocrx_word' id='word_1_416' title='bbox 494 2384 527 2411; x_wconf 89' lang='grc'>(18</span> <span class='ocrx_word' id='word_1_417' title='bbox 546 2384 646 2411; x_wconf 86' lang='lat' dir='ltr'>emend.</span> <span class='ocrx_word' id='word_1_418' title='bbox 667 2395 767 2412; x_wconf 82' lang='lat' dir='ltr'>servor.</span> <span class='ocrx_word' id='word_1_419' title='bbox 808 2386 961 2413; x_wconf 87' lang='lat' dir='ltr'>Acerbioris</span> <span class='ocrx_word' id='word_1_420' title='bbox 980 2388 1062 2414; x_wconf 87' lang='lat' dir='ltr'>immi-</span> 
     </span>
     <span class='ocr_line' id='line_1_54' title="bbox 224 2424 1059 2464; baseline 0.008 -14"><span class='ocrx_word' id='word_1_421' title='bbox 224 2425 297 2451; x_wconf 66' lang='lat' dir='ltr'>nebit</span> <span class='ocrx_word' id='word_1_422' title='bbox 315 2424 440 2461; x_wconf 85' lang='lat' dir='ltr'>supplicii</span> <span class='ocrx_word' id='word_1_423' title='bbox 459 2428 587 2454; x_wconf 85' lang='lat' dir='ltr'>cruciatus</span> <span class='ocrx_word' id='word_1_424' title='bbox 608 2428 659 2460; x_wconf 83' lang='lat' dir='ltr'>eis,</span> <span class='ocrx_word' id='word_1_425' title='bbox 684 2429 729 2464; x_wconf 92' lang='lat' dir='ltr'>qui</span> <span class='ocrx_word' id='word_1_426' title='bbox 748 2433 797 2455; x_wconf 89' lang='lat' dir='ltr'>etc.</span> <span class='ocrx_word' id='word_1_427' title='bbox 830 2429 866 2455; x_wconf 94' lang='lat' dir='ltr'>Ib.</span> <span class='ocrx_word' id='word_1_428' title='bbox 886 2428 957 2456; x_wconf 85' lang='lat' dir='ltr'>XVI.</span> <span class='ocrx_word' id='word_1_429' title='bbox 978 2432 1018 2457; x_wconf 88' lang='grc'>10.</span> <span class='ocrx_word' id='word_1_430' title='bbox 1039 2441 1059 2458; x_wconf 89' lang='lat' dir='ltr'>e.</span> 
     </span>
     <span class='ocr_line' id='line_1_55' title="bbox 224 2467 1083 2509; baseline -0.005 -15"><span class='ocrx_word' id='word_1_431' title='bbox 224 2470 247 2494; x_wconf 87' lang='grc'><strong>9.</strong></span> <span class='ocrx_word' id='word_1_432' title='bbox 269 2467 301 2494; x_wconf 84' lang='lat' dir='ltr'>de</span> <span class='ocrx_word' id='word_1_433' title='bbox 319 2477 410 2504; x_wconf 80' lang='lat' dir='ltr'>pagan.</span> <span class='ocrx_word' id='word_1_434' title='bbox 1082 2476 1083 2509; x_wconf 42' lang='grc'>1</span> 
     </span>
    </p>

    <p class='ocr_par' dir='ltr' id='par_1_12' title="bbox 223 2510 1083 2750">
     <span class='ocr_line' id='line_1_56' title="bbox 259 2510 1083 2546; baseline 0.005 -8"><span class='ocrx_word' id='word_1_435' title='bbox 259 2510 444 2538; x_wconf 73' lang='lat' dir='ltr'>Crudelis.</span> <span class='ocrx_word' id='word_1_436' title='bbox 473 2510 599 2546; x_wconf 66' lang='lat' dir='ltr'>(Adiect.)</span> <span class='ocrx_word' id='word_1_437' title='bbox 628 2514 752 2545; x_wconf 74' lang='lat' dir='ltr'>Durus,</span> <span class='ocrx_word' id='word_1_438' title='bbox 772 2516 980 2542; x_wconf 77' lang='grc' dir='ltr'><strong>ΙηΙιιιηιαηιιε.</strong></span> <span class='ocrx_word' id='word_1_439' title='bbox 1017 2511 1083 2542; x_wconf 55' lang='lat' dir='ltr'>III.¹</span> 
     </span>
     <span class='ocr_line' id='line_1_57' title="bbox 224 2552 1058 2594; baseline 0.005 -13"><span class='ocrx_word' id='word_1_440' title='bbox 224 2554 290 2581; x_wconf 73' lang='lat' dir='ltr'>Gn.</span> <span class='ocrx_word' id='word_1_441' title='bbox 322 2552 378 2579; x_wconf 89' lang='lat' dir='ltr'>lloc</span> <span class='ocrx_word' id='word_1_442' title='bbox 397 2557 482 2578; x_wconf 78' lang='lat' dir='ltr'>autem</span> <span class='ocrx_word' id='word_1_443' title='bbox 502 2554 619 2587; x_wconf 80' lang='lat' dir='ltr'>crudele,</span> <span class='ocrx_word' id='word_1_444' title='bbox 638 2561 663 2582; x_wconf 92' lang='lat' dir='ltr'>et</span> <span class='ocrx_word' id='word_1_445' title='bbox 682 2567 695 2582; x_wconf 82' lang='lat' dir='ltr'>a</span> <span class='ocrx_word' id='word_1_446' title='bbox 714 2558 812 2593; x_wconf 82' lang='lat' dir='ltr'>pietate</span> <span class='ocrx_word' id='word_1_447' title='bbox 830 2557 932 2594; x_wconf 76' lang='lat' dir='ltr'>procul.</span> <span class='ocrx_word' id='word_1_448' title='bbox 954 2559 1058 2591; x_wconf 85' lang='lat' dir='ltr'>(nostro</span> 
     </span>
     <span class='ocr_line' id='line_1_58' title="bbox 223 2596 1057 2636; baseline 0.007 -14"><span class='ocrx_word' id='word_1_449' title='bbox 223 2596 339 2632; x_wconf 83' lang='lat' dir='ltr'>Principi</span> <span class='ocrx_word' id='word_1_450' title='bbox 362 2596 447 2621; x_wconf 71' lang='lat' dir='ltr'>visum</span> <span class='ocrx_word' id='word_1_451' title='bbox 471 2597 535 2628; x_wconf 78' lang='lat' dir='ltr'>est).</span> <span class='ocrx_word' id='word_1_452' title='bbox 569 2596 660 2624; x_wconf 87' lang='lat' dir='ltr'>Iuliani</span> <span class='ocrx_word' id='word_1_453' title='bbox 683 2600 745 2636; x_wconf 82' lang='lat' dir='ltr'>epit.</span> <span class='ocrx_word' id='word_1_454' title='bbox 765 2610 824 2626; x_wconf 89' lang='lat' dir='ltr'>nov.</span> <span class='ocrx_word' id='word_1_455' title='bbox 850 2610 870 2626; x_wconf 91' lang='lat' dir='ltr'>c.</span> <span class='ocrx_word' id='word_1_456' title='bbox 891 2602 932 2627; x_wconf 83' lang='lat'>45.</span> <span class='ocrx_word' id='word_1_457' title='bbox 957 2601 1057 2634; x_wconf 82' lang='lat'>5179.</span> 
     </span>
     <span class='ocr_line' id='line_1_59' title="bbox 223 2638 1057 2680; baseline 0.006 -15"><span class='ocrx_word' id='word_1_458' title='bbox 223 2638 291 2665; x_wconf 88' lang='lat' dir='ltr'>Cum</span> <span class='ocrx_word' id='word_1_459' title='bbox 310 2639 387 2664; x_wconf 88' lang='lat' dir='ltr'>nimis</span> <span class='ocrx_word' id='word_1_460' title='bbox 407 2638 512 2665; x_wconf 88' lang='lat' dir='ltr'>crudele</span> <span class='ocrx_word' id='word_1_461' title='bbox 532 2643 580 2670; x_wconf 79' lang='lat' dir='ltr'>est,</span> <span class='ocrx_word' id='word_1_462' title='bbox 599 2655 631 2659; x_wconf 97' lang='lat'>—</span> <span class='ocrx_word' id='word_1_463' title='bbox 650 2650 791 2678; x_wconf 85' lang='lat' dir='ltr'>superesse</span> <span class='ocrx_word' id='word_1_464' title='bbox 810 2643 1057 2680; x_wconf 79' lang='lat' dir='ltr'>(provocationem).</span> 
     </span>
     <span class='ocr_line' id='line_1_60' title="bbox 223 2680 1056 2719; baseline 0.006 -11"><span class='ocrx_word' id='word_1_465' title='bbox 223 2692 244 2708; x_wconf 83' lang='lat' dir='ltr'>c.</span> <span class='ocrx_word' id='word_1_466' title='bbox 265 2684 305 2708; x_wconf 86' lang='grc'>12.</span> <span class='ocrx_word' id='word_1_467' title='bbox 330 2681 351 2715; x_wconf 86' lang='lat'>5.</span> <span class='ocrx_word' id='word_1_468' title='bbox 371 2682 395 2707; x_wconf 84' lang='lat'>3.</span> <span class='ocrx_word' id='word_1_469' title='bbox 420 2680 453 2707; x_wconf 86' lang='lat' dir='ltr'>de</span> <span class='ocrx_word' id='word_1_470' title='bbox 475 2680 507 2708; x_wconf 85' lang='lat' dir='ltr'>R.</span> <span class='ocrx_word' id='word_1_471' title='bbox 529 2680 559 2708; x_wconf 85' lang='lat' dir='ltr'>C.</span> <span class='ocrx_word' id='word_1_472' title='bbox 578 2684 603 2708; x_wconf 79' lang='lat'>4.</span> <span class='ocrx_word' id='word_1_473' title='bbox 624 2684 646 2708; x_wconf 96' lang='lat' dir='ltr'>l.</span> <span class='ocrx_word' id='word_1_474' title='bbox 677 2684 708 2710; x_wconf 85' lang='lat' dir='ltr'>cs.</span> <span class='ocrx_word' id='word_1_475' title='bbox 733 2694 754 2711; x_wconf 81' lang='lat' dir='ltr'>c.</span> <span class='ocrx_word' id='word_1_476' title='bbox 773 2686 814 2711; x_wconf 80' lang='lat'>33.</span> <span class='ocrx_word' id='word_1_477' title='bbox 839 2686 860 2719; x_wconf 87' lang='lat'>5</span> <span class='ocrx_word' id='word_1_478' title='bbox 882 2687 903 2712; x_wconf 96' lang='lat' dir='ltr'>l.</span> <span class='ocrx_word' id='word_1_479' title='bbox 933 2686 966 2713; x_wconf 86' lang='lat' dir='ltr'>de</span> <span class='ocrx_word' id='word_1_480' title='bbox 984 2687 1056 2714; x_wconf 82' lang='lat' dir='ltr'>inoff.</span> 
     </span>
     <span class='ocr_line' id='line_1_61' title="bbox 223 2725 429 2750; baseline -0.005 0"><span class='ocrx_word' id='word_1_481' title='bbox 223 2729 325 2750; x_wconf 77' lang='lat' dir='ltr'>testam.</span> <span class='ocrx_word' id='word_1_482' title='bbox 345 2725 369 2750; x_wconf 82' lang='lat'>3.</span> <span class='ocrx_word' id='word_1_483' title='bbox 388 2725 429 2749; x_wconf 79' lang='grc'>28.</span> 
     </span>
    </p>

    <p class='ocr_par' dir='ltr' id='par_1_13' title="bbox 222 2766 1057 2851">
     <span class='ocr_line' id='line_1_62' title="bbox 257 2766 1057 2805; baseline 0.005 -11"><span class='ocrx_word' id='word_1_484' title='bbox 257 2766 482 2794; x_wconf 76' lang='lat' dir='ltr'>Grudelitas.</span> <span class='ocrx_word' id='word_1_485' title='bbox 510 2768 756 2799; x_wconf 72' lang='lat' dir='ltr'>Inhmnanitas,</span> <span class='ocrx_word' id='word_1_486' title='bbox 776 2771 932 2797; x_wconf 79' lang='lat' dir='ltr'>Saevitia.</span> <span class='ocrx_word' id='word_1_487' title='bbox 960 2770 979 2797; x_wconf 92' lang='lat' dir='ltr'>I.</span> <span class='ocrx_word' id='word_1_488' title='bbox 995 2772 1057 2805; x_wconf 78' lang='lat' dir='ltr'>Sy.</span> 
     </span>
     <span class='ocr_line' id='line_1_63' title="bbox 222 2809 1057 2851; baseline 0.007 -16"><span class='ocrx_word' id='word_1_489' title='bbox 222 2809 345 2836; x_wconf 82' lang='lat' dir='ltr'>Avaritia.</span> <span class='ocrx_word' id='word_1_490' title='bbox 375 2820 396 2836; x_wconf 92' lang='lat' dir='ltr'>c.</span> <span class='ocrx_word' id='word_1_491' title='bbox 415 2811 456 2836; x_wconf 81' lang='lat'>33.</span> <span class='ocrx_word' id='word_1_492' title='bbox 482 2819 521 2846; x_wconf 85' lang='lat' dir='ltr'>pr.</span> <span class='ocrx_word' id='word_1_493' title='bbox 545 2809 563 2836; x_wconf 85' lang='lat' dir='ltr'>l.</span> <span class='ocrx_word' id='word_1_494' title='bbox 581 2811 605 2836; x_wconf 83' lang='lat'>3.</span> <span class='ocrx_word' id='word_1_495' title='bbox 624 2810 666 2836; x_wconf 78' lang='lat'>28.</span> <span class='ocrx_word' id='word_1_496' title='bbox 708 2809 750 2836; x_wconf 89' lang='grc' dir='ltr'>ΠΙ.</span> <span class='ocrx_word' id='word_1_497' title='bbox 771 2812 836 2839; x_wconf 69' lang='lat' dir='ltr'>Gn.</span> <span class='ocrx_word' id='word_1_498' title='bbox 866 2812 979 2840; x_wconf 87' lang='lat' dir='ltr'>Periculi</span> <span class='ocrx_word' id='word_1_499' title='bbox 998 2823 1057 2851; x_wconf 85' lang='lat' dir='ltr'>pro-</span> 
     </span>
    </p>
   </div>
   <div class='ocr_carea' id='block_1_4' title="bbox 285 1760 308 1769">
    <p class='ocr_par' dir='ltr' id='par_1_14' title="bbox 285 1760 308 1769">
     <span class='ocr_line' id='line_1_64' title="bbox 285 1760 308 1769; baseline 0 0"><span class='ocrx_word' id='word_1_500' title='bbox 285 1760 308 1769; x_wconf 73' lang='grc'><strong>..1.</strong></span> 
     </span>
    </p>
   </div>
   <div class='ocr_carea' id='block_1_5' title="bbox 1082 249 1094 2859">
    <p class='ocr_par' dir='ltr' id='par_1_15' title="bbox 1082 249 1094 2859">
     <span class='ocr_line' id='line_1_65' title="bbox 1082 249 1094 2859; baseline 0 0"><span class='ocrx_word' id='word_1_501' title='bbox 1082 249 1094 2859; x_wconf 95' lang='lat' dir='ltr'> </span> 
     </span>
    </p>
   </div>
   <div class='ocr_carea' id='block_1_6' title="bbox 1085 2021 1478 2063">
    <p class='ocr_par' dir='ltr' id='par_1_16' title="bbox 1085 2021 1478 2063">
     <span class='ocr_line' id='line_1_66' title="bbox 1085 2021 1478 2063; baseline -0.005 -8"><span class='ocrx_word' id='word_1_502' title='bbox 1085 2021 1087 2030; x_wconf 72' lang='lat'><strong><em>⁴</em></strong></span> <span class='ocrx_word' id='word_1_503' title='bbox 1109 2030 1130 2063; x_wconf 56' lang='grc' dir='ltr'>ς.</span> <span class='ocrx_word' id='word_1_504' title='bbox 1149 2030 1173 2055; x_wconf 85' lang='lat'>3.</span> <span class='ocrx_word' id='word_1_505' title='bbox 1195 2028 1226 2054; x_wconf 78' lang='lat' dir='ltr'>(lc</span> <span class='ocrx_word' id='word_1_506' title='bbox 1245 2028 1276 2054; x_wconf 78' lang='lat' dir='ltr'>A.</span> <span class='ocrx_word' id='word_1_507' title='bbox 1296 2027 1325 2054; x_wconf 84' lang='lat' dir='ltr'>E.</span> <span class='ocrx_word' id='word_1_508' title='bbox 1347 2026 1378 2053; x_wconf 72' lang='lat' dir='ltr'>V.</span> <span class='ocrx_word' id='word_1_509' title='bbox 1401 2029 1478 2054; x_wconf 84' lang='lat'>19.1.</span> 
     </span>
    </p>
   </div>
   <div class='ocr_carea' id='block_1_7' title="bbox 1887 161 1950 191">
    <p class='ocr_par' dir='ltr' id='par_1_17' title="bbox 1887 161 1950 191">
     <span class='ocr_line' id='line_1_67' title="bbox 1887 161 1950 191; baseline 0 -1"><span class='ocrx_word' id='word_1_510' title='bbox 1887 161 1950 191; x_wconf 78' lang='lat'>231</span> 
     </span>
    </p>
   </div>
   <div class='ocr_carea' id='block_1_8' title="bbox 1108 241 1950 1433">
    <p class='ocr_par' dir='ltr' id='par_1_18' title="bbox 1110 241 1950 580">
     <span class='ocr_line' id='line_1_68' title="bbox 1111 241 1950 279; baseline -0.001 -11"><span class='ocrx_word' id='word_1_511' title='bbox 1111 243 1225 279; x_wconf 88' lang='lat' dir='ltr'>pinquae</span> <span class='ocrx_word' id='word_1_512' title='bbox 1243 243 1336 268; x_wconf 87' lang='lat' dir='ltr'>mortis</span> <span class='ocrx_word' id='word_1_513' title='bbox 1356 242 1409 274; x_wconf 87' lang='lat' dir='ltr'>(sc.</span> <span class='ocrx_word' id='word_1_514' title='bbox 1430 242 1538 275; x_wconf 74' lang='lat' dir='ltr'>causa),</span> <span class='ocrx_word' id='word_1_515' title='bbox 1564 242 1607 268; x_wconf 77' lang='lat' dir='ltr'>vel</span> <span class='ocrx_word' id='word_1_516' title='bbox 1626 241 1658 268; x_wconf 88' lang='lat' dir='ltr'>ab</span> <span class='ocrx_word' id='word_1_517' title='bbox 1677 241 1766 273; x_wconf 76' lang='lat' dir='ltr'>hoste,</span> <span class='ocrx_word' id='word_1_518' title='bbox 1786 241 1828 268; x_wconf 81' lang='lat' dir='ltr'>vel</span> <span class='ocrx_word' id='word_1_519' title='bbox 1847 252 1860 268; x_wconf 89' lang='lat' dir='ltr'>a</span> <span class='ocrx_word' id='word_1_520' title='bbox 1879 251 1950 278; x_wconf 83' lang='lat' dir='ltr'>prae-</span> 
     </span>
     <span class='ocr_line' id='line_1_69' title="bbox 1111 284 1950 322; baseline -0.001 -11"><span class='ocrx_word' id='word_1_521' title='bbox 1111 286 1240 317; x_wconf 86' lang='lat' dir='ltr'>donibus,</span> <span class='ocrx_word' id='word_1_522' title='bbox 1263 284 1307 312; x_wconf 87' lang='lat' dir='ltr'>vel</span> <span class='ocrx_word' id='word_1_523' title='bbox 1326 285 1357 311; x_wconf 86' lang='lat' dir='ltr'>ab</span> <span class='ocrx_word' id='word_1_524' title='bbox 1382 285 1495 311; x_wconf 86' lang='lat' dir='ltr'>hominis</span> <span class='ocrx_word' id='word_1_525' title='bbox 1514 286 1632 322; x_wconf 83' lang='lat' dir='ltr'>potentis</span> <span class='ocrx_word' id='word_1_526' title='bbox 1653 284 1807 311; x_wconf 83' lang='lat' dir='ltr'>crudelitate</span> <span class='ocrx_word' id='word_1_527' title='bbox 1827 289 1870 310; x_wconf 84' lang='lat' dir='ltr'>aut</span> <span class='ocrx_word' id='word_1_528' title='bbox 1888 284 1950 310; x_wconf 84' lang='lat' dir='ltr'>odio</span> 
     </span>
     <span class='ocr_line' id='line_1_70' title="bbox 1112 320 1948 362; baseline -0.002 -7"><span class='ocrx_word' id='word_1_529' title='bbox 1112 333 1160 355; x_wconf 77' lang='lat' dir='ltr'>etc.</span> <span class='ocrx_word' id='word_1_530' title='bbox 1189 328 1220 355; x_wconf 80' lang='lat' dir='ltr'>fr.</span> <span class='ocrx_word' id='word_1_531' title='bbox 1240 329 1263 354; x_wconf 97' lang='lat'>3.</span> <span class='ocrx_word' id='word_1_532' title='bbox 1289 327 1321 354; x_wconf 80' lang='grc'>(18</span> <span class='ocrx_word' id='word_1_533' title='bbox 1341 338 1373 354; x_wconf 91' lang='grc'><strong>111.</strong></span> <span class='ocrx_word' id='word_1_534' title='bbox 1394 338 1415 354; x_wconf 85' lang='lat' dir='ltr'>c.</span> <span class='ocrx_word' id='word_1_535' title='bbox 1436 328 1523 354; x_wconf 85' lang='lat' dir='ltr'>donat.</span> <span class='ocrx_word' id='word_1_536' title='bbox 1543 329 1585 354; x_wconf 81' lang='lat'>39.</span> <span class='ocrx_word' id='word_1_537' title='bbox 1605 329 1628 354; x_wconf 83' lang='lat'>6.</span> <span class='ocrx_word' id='word_1_538' title='bbox 1660 328 1691 354; x_wconf 81' lang='lat' dir='ltr'>cs.</span> <span class='ocrx_word' id='word_1_539' title='bbox 1712 328 1741 354; x_wconf 82' lang='lat' dir='ltr'>tr.</span> <span class='ocrx_word' id='word_1_540' title='bbox 1762 330 1785 354; x_wconf 88' lang='lat'>7.</span> <span class='ocrx_word' id='word_1_541' title='bbox 1805 328 1826 361; x_wconf 89' lang='lat'>5.</span> <span class='ocrx_word' id='word_1_542' title='bbox 1847 329 1870 354; x_wconf 83' lang='lat'>4.</span> <span class='ocrx_word' id='word_1_543' title='bbox 1886 320 1948 362; x_wconf 61' lang='lat' dir='ltr'>¹Qu.</span> 
     </span>
     <span class='ocr_line' id='line_1_71' title="bbox 1112 370 1950 408; baseline -0.002 -10"><span class='ocrx_word' id='word_1_544' title='bbox 1112 382 1143 398; x_wconf 83' lang='lat' dir='ltr'>ex</span> <span class='ocrx_word' id='word_1_545' title='bbox 1163 382 1184 398; x_wconf 93' lang='lat' dir='ltr'>c.</span> <span class='ocrx_word' id='word_1_546' title='bbox 1204 372 1231 398; x_wconf 86' lang='lat' dir='ltr'>in</span> <span class='ocrx_word' id='word_1_547' title='bbox 1249 381 1322 408; x_wconf 89' lang='lat' dir='ltr'>poss.</span> <span class='ocrx_word' id='word_1_548' title='bbox 1342 372 1383 396; x_wconf 85' lang='lat'>42.</span> <span class='ocrx_word' id='word_1_549' title='bbox 1398 372 1421 396; x_wconf 91' lang='lat'>4.</span> <span class='ocrx_word' id='word_1_550' title='bbox 1443 370 1473 397; x_wconf 86' lang='lat' dir='ltr'>sr.</span> <span class='ocrx_word' id='word_1_551' title='bbox 1488 372 1511 397; x_wconf 90' lang='lat'>9.</span> <span class='ocrx_word' id='word_1_552' title='bbox 1532 371 1565 397; x_wconf 86' lang='lat' dir='ltr'>de</span> <span class='ocrx_word' id='word_1_553' title='bbox 1584 376 1649 397; x_wconf 88' lang='lat' dir='ltr'>extr.</span> <span class='ocrx_word' id='word_1_554' title='bbox 1664 372 1735 397; x_wconf 87' lang='lat' dir='ltr'>crim.</span> <span class='ocrx_word' id='word_1_555' title='bbox 1756 372 1796 397; x_wconf 86' lang='lat'>47.</span> <span class='ocrx_word' id='word_1_556' title='bbox 1814 372 1853 396; x_wconf 95' lang='lat' dir='ltr'>ll.</span> <span class='ocrx_word' id='word_1_557' title='bbox 1883 370 1950 396; x_wconf 88' lang='lat' dir='ltr'>Cum</span> 
     </span>
     <span class='ocr_line' id='line_1_72' title="bbox 1111 413 1950 451; baseline -0.002 -10"><span class='ocrx_word' id='word_1_558' title='bbox 1111 416 1146 440; x_wconf 81' lang='lat' dir='ltr'>sit</span> <span class='ocrx_word' id='word_1_559' title='bbox 1165 414 1266 445; x_wconf 73' lang='lat' dir='ltr'>diu-um.</span> <span class='ocrx_word' id='word_1_560' title='bbox 1286 418 1311 440; x_wconf 81' lang='lat' dir='ltr'>et</span> <span class='ocrx_word' id='word_1_561' title='bbox 1330 413 1479 440; x_wconf 78' lang='lat' dir='ltr'>crudelitati</span> <span class='ocrx_word' id='word_1_562' title='bbox 1498 415 1653 451; x_wconf 85' lang='lat' dir='ltr'>proximum.</span> <span class='ocrx_word' id='word_1_563' title='bbox 1679 424 1699 440; x_wconf 89' lang='lat' dir='ltr'>c.</span> <span class='ocrx_word' id='word_1_564' title='bbox 1719 415 1743 440; x_wconf 85' lang='lat'>6.</span> <span class='ocrx_word' id='word_1_565' title='bbox 1764 413 1796 439; x_wconf 83' lang='lat' dir='ltr'>dc</span> <span class='ocrx_word' id='word_1_566' title='bbox 1815 413 1905 439; x_wconf 83' lang='lat' dir='ltr'>servit.</span> <span class='ocrx_word' id='word_1_567' title='bbox 1925 418 1950 439; x_wconf 82' lang='lat' dir='ltr'>et</span> 
     </span>
     <span class='ocr_line' id='line_1_73' title="bbox 1111 455 1950 494; baseline -0.002 -11"><span class='ocrx_word' id='word_1_568' title='bbox 1111 468 1169 494; x_wconf 83' lang='lat' dir='ltr'>aqu.</span> <span class='ocrx_word' id='word_1_569' title='bbox 1188 459 1213 484; x_wconf 84' lang='lat'>3.</span> <span class='ocrx_word' id='word_1_570' title='bbox 1226 458 1268 483; x_wconf 82' lang='lat'>34.</span> <span class='ocrx_word' id='word_1_571' title='bbox 1296 456 1343 483; x_wconf 87' lang='lat' dir='ltr'>Sui</span> <span class='ocrx_word' id='word_1_572' title='bbox 1356 457 1433 482; x_wconf 78' lang='lat' dir='ltr'>animi</span> <span class='ocrx_word' id='word_1_573' title='bbox 1448 457 1628 483; x_wconf 79' lang='lat' dir='ltr'>crudelitatem</span> <span class='ocrx_word' id='word_1_574' title='bbox 1642 466 1771 483; x_wconf 80' lang='lat' dir='ltr'>exercere.</span> <span class='ocrx_word' id='word_1_575' title='bbox 1802 455 1950 482; x_wconf 83' lang='lat' dir='ltr'>Crudelita—</span> 
     </span>
     <span class='ocr_line' id='line_1_74' title="bbox 1111 498 1948 534; baseline -0.001 -9"><span class='ocrx_word' id='word_1_576' title='bbox 1111 505 1163 526; x_wconf 83' lang='lat' dir='ltr'>tem</span> <span class='ocrx_word' id='word_1_577' title='bbox 1181 510 1254 526; x_wconf 84' lang='lat' dir='ltr'>suam</span> <span class='ocrx_word' id='word_1_578' title='bbox 1268 499 1465 525; x_wconf 83' lang='lat' dir='ltr'>accusatoribus</span> <span class='ocrx_word' id='word_1_579' title='bbox 1479 500 1600 526; x_wconf 83' lang='lat' dir='ltr'>vendere.</span> <span class='ocrx_word' id='word_1_580' title='bbox 1621 510 1642 526; x_wconf 91' lang='lat' dir='ltr'>c.</span> <span class='ocrx_word' id='word_1_581' title='bbox 1664 502 1686 526; x_wconf 93' lang='lat' dir='ltr'>l.</span> <span class='ocrx_word' id='word_1_582' title='bbox 1706 500 1728 534; x_wconf 88' lang='lat'>5.</span> <span class='ocrx_word' id='word_1_583' title='bbox 1750 501 1771 525; x_wconf 92' lang='lat' dir='ltr'>l.</span> <span class='ocrx_word' id='word_1_584' title='bbox 1792 498 1824 525; x_wconf 87' lang='lat' dir='ltr'>de</span> <span class='ocrx_word' id='word_1_585' title='bbox 1843 499 1948 525; x_wconf 83' lang='lat' dir='ltr'>iureiur.</span> 
     </span>
     <span class='ocr_line' id='line_1_75' title="bbox 1110 541 1931 580; baseline -0.001 -12"><span class='ocrx_word' id='word_1_586' title='bbox 1110 553 1150 580; x_wconf 88' lang='lat' dir='ltr'>pr.</span> <span class='ocrx_word' id='word_1_587' title='bbox 1170 542 1217 569; x_wconf 90' lang='lat' dir='ltr'>cal.</span> <span class='ocrx_word' id='word_1_588' title='bbox 1231 544 1255 568; x_wconf 86' lang='lat'>2.</span> <span class='ocrx_word' id='word_1_589' title='bbox 1270 544 1311 568; x_wconf 86' lang='lat'>59.</span> <span class='ocrx_word' id='word_1_590' title='bbox 1336 542 1386 569; x_wconf 90' lang='lat' dir='ltr'>Th.</span> <span class='ocrx_word' id='word_1_591' title='bbox 1401 541 1432 568; x_wconf 91' lang='lat' dir='ltr'>C.</span> <span class='ocrx_word' id='word_1_592' title='bbox 1446 542 1491 568; x_wconf 82' lang='grc' dir='ltr'>ΙΧ.</span> <span class='ocrx_word' id='word_1_593' title='bbox 1510 544 1535 568; x_wconf 86' lang='grc'>3.</span> <span class='ocrx_word' id='word_1_594' title='bbox 1556 553 1577 569; x_wconf 90' lang='lat' dir='ltr'>c.</span> <span class='ocrx_word' id='word_1_595' title='bbox 1598 544 1620 569; x_wconf 92' lang='grc'>1.</span> <span class='ocrx_word' id='word_1_596' title='bbox 1640 543 1662 576; x_wconf 89' lang='lat'>5</span> <span class='ocrx_word' id='word_1_597' title='bbox 1683 545 1705 569; x_wconf 94' lang='grc'>1.</span> <span class='ocrx_word' id='word_1_598' title='bbox 1725 542 1758 569; x_wconf 73' lang='lat' dir='ltr'>de.</span> <span class='ocrx_word' id='word_1_599' title='bbox 1777 546 1843 568; x_wconf 84' lang='lat' dir='ltr'>cust.</span> <span class='ocrx_word' id='word_1_600' title='bbox 1864 551 1931 567; x_wconf 84' lang='lat' dir='ltr'>reor.</span> 
     </span>
    </p>

    <p class='ocr_par' dir='ltr' id='par_1_19' title="bbox 1111 585 1950 740">
     <span class='ocr_line' id='line_1_76' title="bbox 1147 585 1949 619; baseline -0.002 -7"><span class='ocrx_word' id='word_1_601' title='bbox 1147 586 1373 613; x_wconf 78' lang='lat' dir='ltr'>crudeliter.</span> <span class='ocrx_word' id='word_1_602' title='bbox 1399 585 1521 619; x_wconf 85' lang='lat' dir='ltr'>(Advh.)</span> <span class='ocrx_word' id='word_1_603' title='bbox 1559 587 1739 618; x_wconf 58' lang='lat' dir='ltr'>Atros-iter,</span> <span class='ocrx_word' id='word_1_604' title='bbox 1760 586 1949 612; x_wconf 72' lang='lat' dir='ltr'>Inhumani-</span> 
     </span>
     <span class='ocr_line' id='line_1_77' title="bbox 1111 627 1950 656; baseline 0 -2"><span class='ocrx_word' id='word_1_605' title='bbox 1111 634 1165 654; x_wconf 81' lang='lat' dir='ltr'>ter.</span> <span class='ocrx_word' id='word_1_606' title='bbox 1202 628 1244 654; x_wconf 91' lang='lat' dir='ltr'>III.</span> <span class='ocrx_word' id='word_1_607' title='bbox 1259 629 1325 656; x_wconf 74' lang='lat' dir='ltr'>Cn.</span> <span class='ocrx_word' id='word_1_608' title='bbox 1349 627 1389 654; x_wconf 76' lang='lat' dir='ltr'>Ne</span> <span class='ocrx_word' id='word_1_609' title='bbox 1403 628 1568 654; x_wconf 82' lang='lat' dir='ltr'>diversorum</span> <span class='ocrx_word' id='word_1_610' title='bbox 1587 629 1723 655; x_wconf 88' lang='lat' dir='ltr'>criminum</span> <span class='ocrx_word' id='word_1_611' title='bbox 1742 629 1779 655; x_wconf 89' lang='lat' dir='ltr'>rei</span> <span class='ocrx_word' id='word_1_612' title='bbox 1799 644 1831 647; x_wconf 93' lang='lat'>—</span> <span class='ocrx_word' id='word_1_613' title='bbox 1851 628 1877 654; x_wconf 87' lang='lat' dir='ltr'>in</span> <span class='ocrx_word' id='word_1_614' title='bbox 1897 637 1950 653; x_wconf 85' lang='lat' dir='ltr'>car-</span> 
     </span>
     <span class='ocr_line' id='line_1_78' title="bbox 1111 670 1947 698; baseline -0.001 -1"><span class='ocrx_word' id='word_1_615' title='bbox 1111 681 1171 697; x_wconf 85' lang='lat' dir='ltr'>cere</span> <span class='ocrx_word' id='word_1_616' title='bbox 1190 671 1323 697; x_wconf 88' lang='lat' dir='ltr'>crudelius</span> <span class='ocrx_word' id='word_1_617' title='bbox 1343 671 1504 698; x_wconf 81' lang='lat' dir='ltr'>differantur.</span> <span class='ocrx_word' id='word_1_618' title='bbox 1532 671 1570 697; x_wconf 92' lang='lat' dir='ltr'>Ib.</span> <span class='ocrx_word' id='word_1_619' title='bbox 1590 671 1635 697; x_wconf 81' lang='lat' dir='ltr'>IX.</span> <span class='ocrx_word' id='word_1_620' title='bbox 1656 673 1678 697; x_wconf 96' lang='grc'>1.</span> <span class='ocrx_word' id='word_1_621' title='bbox 1703 682 1724 698; x_wconf 88' lang='lat' dir='ltr'>c.</span> <span class='ocrx_word' id='word_1_622' title='bbox 1746 674 1785 698; x_wconf 74' lang='lat'>18.</span> <span class='ocrx_word' id='word_1_623' title='bbox 1811 670 1843 697; x_wconf 85' lang='lat' dir='ltr'>de</span> <span class='ocrx_word' id='word_1_624' title='bbox 1863 680 1947 697; x_wconf 83' lang='lat' dir='ltr'>accus.</span> 
     </span>
     <span class='ocr_line' id='line_1_79' title="bbox 1111 715 1234 740; baseline 0 0"><span class='ocrx_word' id='word_1_625' title='bbox 1111 719 1136 740; x_wconf 81' lang='grc'>81</span> <span class='ocrx_word' id='word_1_626' title='bbox 1156 715 1234 740; x_wconf 84' lang='lat' dir='ltr'>inser.</span> 
     </span>
    </p>

    <p class='ocr_par' dir='ltr' id='par_1_20' title="bbox 1110 755 1948 878">
     <span class='ocr_line' id='line_1_80' title="bbox 1146 755 1948 790; baseline 0 -7"><span class='ocrx_word' id='word_1_627' title='bbox 1146 758 1304 784; x_wconf 62' lang='lat' dir='ltr'>(rudus.</span> <span class='ocrx_word' id='word_1_628' title='bbox 1333 756 1463 790; x_wconf 84' lang='lat' dir='ltr'>(Adiect.)</span> <span class='ocrx_word' id='word_1_629' title='bbox 1500 759 1713 789; x_wconf 77' lang='lat' dir='ltr'>Immaturns,</span> <span class='ocrx_word' id='word_1_630' title='bbox 1734 759 1880 784; x_wconf 70' lang='lat' dir='ltr'>Acerbus.</span> <span class='ocrx_word' id='word_1_631' title='bbox 1918 755 1948 782; x_wconf 91' lang='lat' dir='ltr'>ll.</span> 
     </span>
     <span class='ocr_line' id='line_1_81' title="bbox 1111 799 1948 834; baseline -0.001 -8"><span class='ocrx_word' id='word_1_632' title='bbox 1111 801 1178 833; x_wconf 76' lang='lat' dir='ltr'>Op.</span> <span class='ocrx_word' id='word_1_633' title='bbox 1207 799 1324 828; x_wconf 83' lang='lat' dir='ltr'>Crudae.</span> <span class='ocrx_word' id='word_1_634' title='bbox 1344 816 1377 819; x_wconf 89' lang='lat'><strong>—</strong></span> <span class='ocrx_word' id='word_1_635' title='bbox 1396 800 1448 827; x_wconf 83' lang='lat' dir='ltr'>Iam</span> <span class='ocrx_word' id='word_1_636' title='bbox 1467 805 1582 827; x_wconf 83' lang='lat' dir='ltr'>maturae</span> <span class='ocrx_word' id='word_1_637' title='bbox 1602 800 1726 834; x_wconf 84' lang='lat' dir='ltr'>(vineae).</span> <span class='ocrx_word' id='word_1_638' title='bbox 1756 799 1785 826; x_wconf 59' lang='lat' dir='ltr'>t&#39;r.</span> <span class='ocrx_word' id='word_1_639' title='bbox 1804 801 1845 826; x_wconf 87' lang='lat'>27.</span> <span class='ocrx_word' id='word_1_640' title='bbox 1866 799 1887 833; x_wconf 87' lang='lat'>5.</span> <span class='ocrx_word' id='word_1_641' title='bbox 1907 801 1948 825; x_wconf 94' lang='lat'>25.</span> 
     </span>
     <span class='ocr_line' id='line_1_82' title="bbox 1110 841 1367 878; baseline 0.004 -10"><span class='ocrx_word' id='word_1_642' title='bbox 1110 842 1142 869; x_wconf 87' lang='lat' dir='ltr'>ad</span> <span class='ocrx_word' id='word_1_643' title='bbox 1161 841 1191 868; x_wconf 94' lang='lat' dir='ltr'>L.</span> <span class='ocrx_word' id='word_1_644' title='bbox 1210 842 1279 878; x_wconf 84' lang='lat' dir='ltr'>Aqu.</span> <span class='ocrx_word' id='word_1_645' title='bbox 1299 844 1323 869; x_wconf 86' lang='lat'>9.</span> <span class='ocrx_word' id='word_1_646' title='bbox 1343 845 1367 869; x_wconf 90' lang='lat'>2.</span> 
     </span>
    </p>

    <p class='ocr_par' dir='ltr' id='par_1_21' title="bbox 1110 885 1950 1138">
     <span class='ocr_line' id='line_1_83' title="bbox 1146 885 1948 921; baseline 0 -10"><span class='ocrx_word' id='word_1_647' title='bbox 1146 885 1346 912; x_wconf 74' lang='lat' dir='ltr'>eruentus.</span> <span class='ocrx_word' id='word_1_648' title='bbox 1376 886 1514 919; x_wconf 69' lang='lat' dir='ltr'>(Adiect.)</span> <span class='ocrx_word' id='word_1_649' title='bbox 1557 888 1778 921; x_wconf 73' lang='lat' dir='ltr'>Sanguineas,</span> <span class='ocrx_word' id='word_1_650' title='bbox 1805 887 1948 912; x_wconf 71' lang='lat' dir='ltr'>laterne—</span> 
     </span>
     <span class='ocr_line' id='line_1_84' title="bbox 1110 927 1949 961; baseline -0.004 -5"><span class='ocrx_word' id='word_1_651' title='bbox 1110 931 1210 956; x_wconf 78' lang='lat' dir='ltr'>cz&#39;nns.</span> <span class='ocrx_word' id='word_1_652' title='bbox 1247 927 1290 954; x_wconf 72' lang='grc'><strong>111,</strong></span> <span class='ocrx_word' id='word_1_653' title='bbox 1308 929 1373 955; x_wconf 75' lang='lat' dir='ltr'>Cn.</span> <span class='ocrx_word' id='word_1_654' title='bbox 1409 928 1466 955; x_wconf 69' lang='lat' dir='ltr'>Nisi</span> <span class='ocrx_word' id='word_1_655' title='bbox 1486 929 1553 955; x_wconf 82' lang='lat' dir='ltr'>sorte</span> <span class='ocrx_word' id='word_1_656' title='bbox 1572 929 1639 955; x_wconf 81' lang='lat' dir='ltr'>latro</span> <span class='ocrx_word' id='word_1_657' title='bbox 1658 928 1825 961; x_wconf 76' lang='lat' dir='ltr'>manifestus,</span> <span class='ocrx_word' id='word_1_658' title='bbox 1849 928 1891 954; x_wconf 85' lang='lat' dir='ltr'>vel</span> <span class='ocrx_word' id='word_1_659' title='bbox 1911 938 1949 953; x_wconf 77' lang='lat' dir='ltr'>se—</span> 
     </span>
     <span class='ocr_line' id='line_1_85' title="bbox 1111 971 1948 1008; baseline -0.002 -10"><span class='ocrx_word' id='word_1_660' title='bbox 1111 972 1175 998; x_wconf 85' lang='lat' dir='ltr'>ditio</span> <span class='ocrx_word' id='word_1_661' title='bbox 1196 975 1348 1008; x_wconf 72' lang='lat' dir='ltr'>praerupta,</span> <span class='ocrx_word' id='word_1_662' title='bbox 1369 971 1500 1008; x_wconf 81' lang='lat' dir='ltr'>sactioque</span> <span class='ocrx_word' id='word_1_663' title='bbox 1520 977 1634 1004; x_wconf 75' lang='lat' dir='ltr'>cruenta,</span> <span class='ocrx_word' id='word_1_664' title='bbox 1653 972 1695 998; x_wconf 79' lang='lat' dir='ltr'>vel</span> <span class='ocrx_word' id='word_1_665' title='bbox 1714 971 1763 998; x_wconf 85' lang='lat' dir='ltr'>alia</span> <span class='ocrx_word' id='word_1_666' title='bbox 1782 973 1849 998; x_wconf 89' lang='lat' dir='ltr'>iusta</span> <span class='ocrx_word' id='word_1_667' title='bbox 1864 981 1948 997; x_wconf 79' lang='lat' dir='ltr'>causa.</span> 
     </span>
     <span class='ocr_line' id='line_1_86' title="bbox 1111 1013 1950 1052; baseline -0.002 -11"><span class='ocrx_word' id='word_1_668' title='bbox 1111 1015 1141 1041; x_wconf 78' lang='lat' dir='ltr'>fr.</span> <span class='ocrx_word' id='word_1_669' title='bbox 1161 1016 1184 1041; x_wconf 87' lang='lat'>6.</span> <span class='ocrx_word' id='word_1_670' title='bbox 1205 1015 1226 1048; x_wconf 93' lang='lat'>5.</span> <span class='ocrx_word' id='word_1_671' title='bbox 1246 1015 1270 1040; x_wconf 89' lang='grc'>9.</span> <span class='ocrx_word' id='word_1_672' title='bbox 1291 1013 1324 1040; x_wconf 87' lang='lat' dir='ltr'>de</span> <span class='ocrx_word' id='word_1_673' title='bbox 1342 1015 1431 1040; x_wconf 87' lang='lat' dir='ltr'>iniust.</span> <span class='ocrx_word' id='word_1_674' title='bbox 1451 1020 1519 1052; x_wconf 80' lang='lat' dir='ltr'>rupt.</span> <span class='ocrx_word' id='word_1_675' title='bbox 1540 1017 1580 1042; x_wconf 73' lang='grc'>28,</span> <span class='ocrx_word' id='word_1_676' title='bbox 1600 1018 1624 1042; x_wconf 83' lang='grc'>3.</span> <span class='ocrx_word' id='word_1_677' title='bbox 1663 1015 1716 1050; x_wconf 80' lang='lat' dir='ltr'>Qui</span> <span class='ocrx_word' id='word_1_678' title='bbox 1735 1019 1856 1041; x_wconf 82' lang='lat' dir='ltr'>cruentas</span> <span class='ocrx_word' id='word_1_679' title='bbox 1876 1024 1950 1040; x_wconf 79' lang='lat' dir='ltr'>exce-</span> 
     </span>
     <span class='ocr_line' id='line_1_87' title="bbox 1110 1056 1948 1095; baseline -0.001 -11"><span class='ocrx_word' id='word_1_680' title='bbox 1110 1068 1173 1095; x_wconf 83' lang='lat' dir='ltr'>pere</span> <span class='ocrx_word' id='word_1_681' title='bbox 1192 1057 1345 1083; x_wconf 74' lang='lat' dir='ltr'>sententiaS.</span> <span class='ocrx_word' id='word_1_682' title='bbox 1375 1056 1425 1083; x_wconf 85' lang='lat' dir='ltr'>Th.</span> <span class='ocrx_word' id='word_1_683' title='bbox 1441 1056 1472 1083; x_wconf 87' lang='lat' dir='ltr'>C.</span> <span class='ocrx_word' id='word_1_684' title='bbox 1492 1057 1536 1084; x_wconf 76' lang='lat' dir='ltr'>IX.</span> <span class='ocrx_word' id='word_1_685' title='bbox 1556 1059 1597 1084; x_wconf 88' lang='lat'>42.</span> <span class='ocrx_word' id='word_1_686' title='bbox 1619 1068 1639 1084; x_wconf 94' lang='lat' dir='ltr'>c.</span> <span class='ocrx_word' id='word_1_687' title='bbox 1656 1060 1695 1084; x_wconf 80' lang='lat'>13.</span> <span class='ocrx_word' id='word_1_688' title='bbox 1715 1057 1748 1084; x_wconf 84' lang='lat' dir='ltr'>de</span> <span class='ocrx_word' id='word_1_689' title='bbox 1766 1057 1827 1083; x_wconf 85' lang='lat' dir='ltr'>bon.</span> <span class='ocrx_word' id='word_1_690' title='bbox 1846 1067 1948 1094; x_wconf 87' lang='lat' dir='ltr'>proscr.</span> 
     </span>
     <span class='ocr_line' id='line_1_88' title="bbox 1110 1100 1898 1138; baseline -0.001 -11"><span class='ocrx_word' id='word_1_691' title='bbox 1110 1100 1268 1138; x_wconf 82' lang='lat' dir='ltr'>Spectacula</span> <span class='ocrx_word' id='word_1_692' title='bbox 1287 1104 1402 1126; x_wconf 85' lang='lat' dir='ltr'>cruenta.</span> <span class='ocrx_word' id='word_1_693' title='bbox 1431 1100 1467 1126; x_wconf 91' lang='lat' dir='ltr'>lb.</span> <span class='ocrx_word' id='word_1_694' title='bbox 1487 1100 1545 1127; x_wconf 78' lang='lat' dir='ltr'>XV.</span> <span class='ocrx_word' id='word_1_695' title='bbox 1567 1103 1606 1127; x_wconf 89' lang='lat'>12.</span> <span class='ocrx_word' id='word_1_696' title='bbox 1627 1112 1648 1127; x_wconf 90' lang='lat' dir='ltr'>c.</span> <span class='ocrx_word' id='word_1_697' title='bbox 1670 1103 1691 1126; x_wconf 99' lang='lat' dir='ltr'>l.</span> <span class='ocrx_word' id='word_1_698' title='bbox 1712 1100 1744 1127; x_wconf 78' lang='lat' dir='ltr'>de</span> <span class='ocrx_word' id='word_1_699' title='bbox 1762 1100 1898 1136; x_wconf 83' lang='lat' dir='ltr'>gladiator.</span> 
     </span>
    </p>

    <p class='ocr_par' dir='ltr' id='par_1_22' title="bbox 1108 1142 1950 1433">
     <span class='ocr_line' id='line_1_89' title="bbox 1146 1142 1949 1180; baseline -0.001 -10"><span class='ocrx_word' id='word_1_700' title='bbox 1146 1144 1278 1170; x_wconf 76' lang='lat' dir='ltr'>Cruor.</span> <span class='ocrx_word' id='word_1_701' title='bbox 1309 1143 1341 1176; x_wconf 64' lang='grc' dir='ltr'>ξ.</span> <span class='ocrx_word' id='word_1_702' title='bbox 1355 1143 1390 1168; x_wconf 84' lang='lat'>1·</span> <span class='ocrx_word' id='word_1_703' title='bbox 1420 1145 1566 1179; x_wconf 77' lang='lat' dir='ltr'>Sanguis</span> <span class='ocrx_word' id='word_1_704' title='bbox 1585 1146 1725 1180; x_wconf 75' lang='lat' dir='ltr'>effusus.</span> <span class='ocrx_word' id='word_1_705' title='bbox 1756 1143 1798 1169; x_wconf 90' lang='lat' dir='ltr'>III.</span> <span class='ocrx_word' id='word_1_706' title='bbox 1814 1144 1880 1170; x_wconf 77' lang='lat' dir='ltr'>Gn.</span> <span class='ocrx_word' id='word_1_707' title='bbox 1898 1142 1949 1169; x_wconf 82' lang='lat' dir='ltr'>Re-</span> 
     </span>
     <span class='ocr_line' id='line_1_90' title="bbox 1111 1185 1948 1222; baseline -0.002 -9"><span class='ocrx_word' id='word_1_708' title='bbox 1111 1196 1172 1213; x_wconf 88' lang='lat' dir='ltr'>cens</span> <span class='ocrx_word' id='word_1_709' title='bbox 1192 1197 1205 1212; x_wconf 85' lang='lat' dir='ltr'>a</span> <span class='ocrx_word' id='word_1_710' title='bbox 1225 1185 1318 1215; x_wconf 78' lang='lat' dir='ltr'>caede,</span> <span class='ocrx_word' id='word_1_711' title='bbox 1342 1185 1515 1222; x_wconf 85' lang='lat' dir='ltr'>madenteque</span> <span class='ocrx_word' id='word_1_712' title='bbox 1543 1186 1626 1213; x_wconf 88' lang='lat' dir='ltr'>adhuc</span> <span class='ocrx_word' id='word_1_713' title='bbox 1651 1196 1743 1212; x_wconf 79' lang='lat' dir='ltr'>cruore</span> <span class='ocrx_word' id='word_1_714' title='bbox 1766 1185 1842 1212; x_wconf 82' lang='lat' dir='ltr'>filiae.</span> <span class='ocrx_word' id='word_1_715' title='bbox 1874 1185 1904 1212; x_wconf 84' lang='lat' dir='ltr'>fr.</span> <span class='ocrx_word' id='word_1_716' title='bbox 1924 1188 1948 1211; x_wconf 88' lang='lat'>2.</span> 
     </span>
     <span class='ocr_line' id='line_1_91' title="bbox 1109 1227 1948 1265; baseline -0.002 -9"><span class='ocrx_word' id='word_1_717' title='bbox 1109 1231 1130 1264; x_wconf 89' lang='lat'>5.</span> <span class='ocrx_word' id='word_1_718' title='bbox 1150 1231 1192 1256; x_wconf 91' lang='lat'>24.</span> <span class='ocrx_word' id='word_1_719' title='bbox 1212 1229 1244 1255; x_wconf 88' lang='grc'><strong>(18.</strong></span> <span class='ocrx_word' id='word_1_720' title='bbox 1264 1228 1296 1255; x_wconf 92' lang='grc' dir='ltr'>Ο.</span> <span class='ocrx_word' id='word_1_721' title='bbox 1317 1227 1336 1254; x_wconf 94' lang='lat' dir='ltr'>I.</span> <span class='ocrx_word' id='word_1_722' title='bbox 1356 1230 1379 1255; x_wconf 94' lang='lat'>1.</span> <span class='ocrx_word' id='word_1_723' title='bbox 1399 1231 1423 1255; x_wconf 87' lang='grc'>2.</span> <span class='ocrx_word' id='word_1_724' title='bbox 1461 1228 1605 1256; x_wconf 77' lang='lat' dir='ltr'>Crilninosi</span> <span class='ocrx_word' id='word_1_725' title='bbox 1625 1246 1657 1249; x_wconf 97' lang='lat'><strong>—</strong></span> <span class='ocrx_word' id='word_1_726' title='bbox 1682 1239 1786 1258; x_wconf 79' lang='lat' dir='ltr'>omnes,</span> <span class='ocrx_word' id='word_1_727' title='bbox 1806 1234 1831 1255; x_wconf 86' lang='lat' dir='ltr'>et</span> <span class='ocrx_word' id='word_1_728' title='bbox 1850 1229 1948 1265; x_wconf 80' lang='lat' dir='ltr'>praeci-</span> 
     </span>
     <span class='ocr_line' id='line_1_92' title="bbox 1109 1264 1950 1310; baseline -0.002 -11"><span class='ocrx_word' id='word_1_729' title='bbox 1109 1283 1161 1310; x_wconf 86' lang='lat' dir='ltr'>pue</span> <span class='ocrx_word' id='word_1_730' title='bbox 1179 1272 1292 1298; x_wconf 90' lang='lat' dir='ltr'>lmmano</span> <span class='ocrx_word' id='word_1_731' title='bbox 1317 1282 1410 1298; x_wconf 89' lang='lat' dir='ltr'>cruore</span> <span class='ocrx_word' id='word_1_732' title='bbox 1433 1272 1553 1309; x_wconf 73' lang='lat' dir='ltr'>polluti..</span> <span class='ocrx_word' id='word_1_733' title='bbox 1570 1272 1636 1298; x_wconf 69' lang='lat' dir='ltr'>Nov.</span> <span class='ocrx_word' id='word_1_734' title='bbox 1656 1272 1759 1299; x_wconf 71' lang='lat' dir='ltr'>Valent.</span> <span class='ocrx_word' id='word_1_735' title='bbox 1778 1271 1821 1298; x_wconf 93' lang='lat' dir='ltr'>III.</span> <span class='ocrx_word' id='word_1_736' title='bbox 1847 1271 1879 1298; x_wconf 83' lang='lat' dir='ltr'>de</span> <span class='ocrx_word' id='word_1_737' title='bbox 1904 1264 1950 1297; x_wconf 84' lang='lat' dir='ltr'>ho-</span> 
     </span>
     <span class='ocr_line' id='line_1_93' title="bbox 1109 1315 1949 1352; baseline -0.002 -10"><span class='ocrx_word' id='word_1_738' title='bbox 1109 1316 1196 1342; x_wconf 88' lang='lat' dir='ltr'>micid.</span> <span class='ocrx_word' id='word_1_739' title='bbox 1217 1315 1248 1341; x_wconf 83' lang='grc'>11.</span> <span class='ocrx_word' id='word_1_740' title='bbox 1272 1316 1314 1340; x_wconf 89' lang='lat'>20.</span> <span class='ocrx_word' id='word_1_741' title='bbox 1339 1325 1360 1341; x_wconf 73' lang='lat' dir='ltr'>c.</span> <span class='ocrx_word' id='word_1_742' title='bbox 1383 1316 1405 1341; x_wconf 94' lang='lat' dir='ltr'>l.</span> <span class='ocrx_word' id='word_1_743' title='bbox 1425 1325 1464 1352; x_wconf 87' lang='lat' dir='ltr'>pr.</span> <span class='ocrx_word' id='word_1_744' title='bbox 1496 1330 1528 1334; x_wconf 86' lang='lat'>-—</span> <span class='ocrx_word' id='word_1_745' title='bbox 1560 1315 1590 1348; x_wconf 65' lang='grc' dir='ltr'>ξ.</span> <span class='ocrx_word' id='word_1_746' title='bbox 1615 1316 1650 1341; x_wconf 75' lang='lat'>2.</span> <span class='ocrx_word' id='word_1_747' title='bbox 1680 1317 1799 1342; x_wconf 76' lang='lat' dir='ltr'>Saccus</span> <span class='ocrx_word' id='word_1_748' title='bbox 1825 1324 1949 1348; x_wconf 73' lang='lat' dir='ltr'>purpu-</span> 
     </span>
     <span class='ocr_line' id='line_1_94' title="bbox 1109 1356 1947 1393; baseline -0.002 -8"><span class='ocrx_word' id='word_1_749' title='bbox 1109 1369 1180 1386; x_wconf 81' lang='lat' dir='ltr'>reus</span> <span class='ocrx_word' id='word_1_750' title='bbox 1209 1359 1458 1393; x_wconf 73' lang='lat' dir='ltr'>conchyliorum.</span> <span class='ocrx_word' id='word_1_751' title='bbox 1501 1357 1519 1383; x_wconf 92' lang='lat' dir='ltr'>I.</span> <span class='ocrx_word' id='word_1_752' title='bbox 1539 1359 1600 1392; x_wconf 77' lang='lat' dir='ltr'>Sy.</span> <span class='ocrx_word' id='word_1_753' title='bbox 1629 1358 1721 1384; x_wconf 81' lang='lat' dir='ltr'>Rubor</span> <span class='ocrx_word' id='word_1_754' title='bbox 1740 1356 1904 1393; x_wconf 75' lang='lat' dir='ltr'>(conchylii,</span> <span class='ocrx_word' id='word_1_755' title='bbox 1926 1367 1947 1382; x_wconf 81' lang='grc'>5.</span> 
     </span>
     <span class='ocr_line' id='line_1_95' title="bbox 1108 1399 1948 1433; baseline -0.002 -5"><span class='ocrx_word' id='word_1_756' title='bbox 1108 1402 1240 1433; x_wconf 88' lang='lat' dir='ltr'>muricis).</span> <span class='ocrx_word' id='word_1_757' title='bbox 1270 1400 1320 1427; x_wconf 94' lang='lat' dir='ltr'>Th.</span> <span class='ocrx_word' id='word_1_758' title='bbox 1340 1400 1370 1427; x_wconf 91' lang='lat' dir='ltr'>C.</span> <span class='ocrx_word' id='word_1_759' title='bbox 1390 1400 1422 1427; x_wconf 73' lang='lat' dir='ltr'>X.</span> <span class='ocrx_word' id='word_1_760' title='bbox 1443 1402 1484 1427; x_wconf 91' lang='lat'>21.</span> <span class='ocrx_word' id='word_1_761' title='bbox 1510 1411 1530 1427; x_wconf 79' lang='lat' dir='ltr'>c.</span> <span class='ocrx_word' id='word_1_762' title='bbox 1550 1402 1574 1427; x_wconf 86' lang='lat'>3.</span> <span class='ocrx_word' id='word_1_763' title='bbox 1595 1400 1628 1427; x_wconf 83' lang='lat' dir='ltr'>de</span> <span class='ocrx_word' id='word_1_764' title='bbox 1646 1406 1712 1427; x_wconf 79' lang='lat' dir='ltr'>vest.</span> <span class='ocrx_word' id='word_1_765' title='bbox 1732 1400 1819 1427; x_wconf 91' lang='lat' dir='ltr'>holov.</span> <span class='ocrx_word' id='word_1_766' title='bbox 1844 1399 1904 1426; x_wconf 84' lang='lat' dir='ltr'>XV.</span> <span class='ocrx_word' id='word_1_767' title='bbox 1925 1401 1948 1426; x_wconf 91' lang='lat'>7.</span> 
     </span>
    </p>
   </div>
   <div class='ocr_carea' id='block_1_9' title="bbox 1109 1443 1376 1471">
    <p class='ocr_par' dir='ltr' id='par_1_23' title="bbox 1109 1443 1376 1471">
     <span class='ocr_line' id='line_1_96' title="bbox 1109 1443 1376 1471; baseline -0.007 0"><span class='ocrx_word' id='word_1_768' title='bbox 1109 1455 1130 1471; x_wconf 90' lang='lat' dir='ltr'>c.</span> <span class='ocrx_word' id='word_1_769' title='bbox 1152 1446 1191 1470; x_wconf 80' lang='lat'>17.</span> <span class='ocrx_word' id='word_1_770' title='bbox 1213 1443 1245 1470; x_wconf 87' lang='lat' dir='ltr'>de</span> <span class='ocrx_word' id='word_1_771' title='bbox 1264 1445 1376 1470; x_wconf 81' lang='lat' dir='ltr'>scaenic.</span> 
     </span>
    </p>
   </div>
   <div class='ocr_carea' id='block_1_10' title="bbox 1108 1497 1950 1892">
    <p class='ocr_par' dir='ltr' id='par_1_24' title="bbox 1108 1497 1950 1621">
     <span class='ocr_line' id='line_1_97' title="bbox 1144 1497 1946 1532; baseline -0.002 -7"><span class='ocrx_word' id='word_1_772' title='bbox 1144 1498 1325 1526; x_wconf 71' lang='lat' dir='ltr'>cruralis.</span> <span class='ocrx_word' id='word_1_773' title='bbox 1355 1498 1484 1532; x_wconf 67' lang='lat' dir='ltr'>(Adiect.)</span> <span class='ocrx_word' id='word_1_774' title='bbox 1517 1500 1565 1525; x_wconf 67' lang='lat' dir='ltr'>Art</span> <span class='ocrx_word' id='word_1_775' title='bbox 1582 1508 1679 1525; x_wconf 79' lang='lat' dir='ltr'>crura</span> <span class='ocrx_word' id='word_1_776' title='bbox 1696 1500 1872 1532; x_wconf 75' lang='lat' dir='ltr'>pertinens.</span> <span class='ocrx_word' id='word_1_777' title='bbox 1905 1497 1946 1523; x_wconf 93' lang='lat' dir='ltr'>III.</span> 
     </span>
     <span class='ocr_line' id='line_1_98' title="bbox 1109 1540 1950 1578; baseline -0.004 -9"><span class='ocrx_word' id='word_1_778' title='bbox 1109 1543 1175 1570; x_wconf 61' lang='grc' dir='ltr'><strong>(ΥΠ.</strong></span> <span class='ocrx_word' id='word_1_779' title='bbox 1211 1541 1318 1567; x_wconf 83' lang='lat' dir='ltr'>Fasciae</span> <span class='ocrx_word' id='word_1_780' title='bbox 1337 1541 1452 1567; x_wconf 84' lang='lat' dir='ltr'>crurales</span> <span class='ocrx_word' id='word_1_781' title='bbox 1470 1541 1643 1578; x_wconf 76' lang='lat' dir='ltr'>pedulesque,</span> <span class='ocrx_word' id='word_1_782' title='bbox 1664 1545 1689 1567; x_wconf 80' lang='lat' dir='ltr'>et</span> <span class='ocrx_word' id='word_1_783' title='bbox 1708 1540 1816 1578; x_wconf 78' lang='lat' dir='ltr'>impilia⁷</span> <span class='ocrx_word' id='word_1_784' title='bbox 1842 1557 1873 1560; x_wconf 88' lang='lat'><strong>—</strong></span> <span class='ocrx_word' id='word_1_785' title='bbox 1893 1550 1950 1577; x_wconf 86' lang='lat' dir='ltr'>par-</span> 
     </span>
     <span class='ocr_line' id='line_1_99' title="bbox 1108 1583 1930 1621; baseline -0.001 -10"><span class='ocrx_word' id='word_1_786' title='bbox 1108 1590 1160 1611; x_wconf 84' lang='lat' dir='ltr'>tem</span> <span class='ocrx_word' id='word_1_787' title='bbox 1180 1585 1300 1621; x_wconf 82' lang='lat' dir='ltr'>corporis</span> <span class='ocrx_word' id='word_1_788' title='bbox 1319 1585 1443 1610; x_wconf 80' lang='lat' dir='ltr'>vestiunt.</span> <span class='ocrx_word' id='word_1_789' title='bbox 1463 1584 1494 1610; x_wconf 86' lang='lat' dir='ltr'>fr.</span> <span class='ocrx_word' id='word_1_790' title='bbox 1508 1586 1550 1610; x_wconf 86' lang='lat'>25.</span> <span class='ocrx_word' id='word_1_791' title='bbox 1571 1585 1591 1618; x_wconf 90' lang='lat'>5.</span> <span class='ocrx_word' id='word_1_792' title='bbox 1605 1586 1629 1610; x_wconf 89' lang='lat'>4.</span> <span class='ocrx_word' id='word_1_793' title='bbox 1650 1583 1682 1610; x_wconf 84' lang='lat' dir='ltr'>de</span> <span class='ocrx_word' id='word_1_794' title='bbox 1702 1594 1763 1610; x_wconf 86' lang='lat' dir='ltr'>auro</span> <span class='ocrx_word' id='word_1_795' title='bbox 1784 1594 1834 1621; x_wconf 83' lang='lat' dir='ltr'>arg.</span> <span class='ocrx_word' id='word_1_796' title='bbox 1854 1586 1895 1610; x_wconf 85' lang='lat'>34.</span> <span class='ocrx_word' id='word_1_797' title='bbox 1906 1586 1930 1609; x_wconf 88' lang='lat'>2.</span> 
     </span>
    </p>

    <p class='ocr_par' dir='ltr' id='par_1_25' title="bbox 1108 1634 1949 1842">
     <span class='ocr_line' id='line_1_100' title="bbox 1145 1634 1948 1670; baseline -0.004 -7"><span class='ocrx_word' id='word_1_798' title='bbox 1145 1636 1250 1663; x_wconf 77' lang='lat' dir='ltr'>Crus.</span> <span class='ocrx_word' id='word_1_799' title='bbox 1281 1637 1366 1662; x_wconf 81' lang='lat' dir='ltr'>Pars</span> <span class='ocrx_word' id='word_1_800' title='bbox 1385 1637 1548 1669; x_wconf 73' lang='lat' dir='ltr'>corporis,</span> <span class='ocrx_word' id='word_1_801' title='bbox 1568 1645 1584 1661; x_wconf 81' lang='lat' dir='ltr'><em>a</em></span> <span class='ocrx_word' id='word_1_802' title='bbox 1602 1645 1684 1670; x_wconf 78' lang='lat' dir='ltr'>genu</span> <span class='ocrx_word' id='word_1_803' title='bbox 1704 1637 1744 1661; x_wconf 79' lang='lat' dir='ltr'>ad</span> <span class='ocrx_word' id='word_1_804' title='bbox 1759 1638 1874 1669; x_wconf 76' lang='lat' dir='ltr'>pedem.</span> <span class='ocrx_word' id='word_1_805' title='bbox 1906 1634 1948 1660; x_wconf 91' lang='lat' dir='ltr'>III.</span> 
     </span>
     <span class='ocr_line' id='line_1_101' title="bbox 1109 1677 1948 1714; baseline -0.004 -8"><span class='ocrx_word' id='word_1_806' title='bbox 1109 1680 1175 1707; x_wconf 72' lang='lat'>011.</span> <span class='ocrx_word' id='word_1_807' title='bbox 1205 1677 1316 1709; x_wconf 66' lang='lat' dir='ltr'>Cadere,</span> <span class='ocrx_word' id='word_1_808' title='bbox 1337 1683 1362 1704; x_wconf 84' lang='lat' dir='ltr'>et</span> <span class='ocrx_word' id='word_1_809' title='bbox 1381 1688 1440 1704; x_wconf 81' lang='lat' dir='ltr'>crus</span> <span class='ocrx_word' id='word_1_810' title='bbox 1460 1677 1585 1714; x_wconf 81' lang='lat' dir='ltr'>frangere.</span> <span class='ocrx_word' id='word_1_811' title='bbox 1606 1678 1636 1704; x_wconf 85' lang='lat' dir='ltr'>fr.</span> <span class='ocrx_word' id='word_1_812' title='bbox 1651 1680 1691 1704; x_wconf 88' lang='lat'>52.</span> <span class='ocrx_word' id='word_1_813' title='bbox 1712 1679 1733 1711; x_wconf 95' lang='lat'>5.</span> <span class='ocrx_word' id='word_1_814' title='bbox 1748 1679 1771 1704; x_wconf 84' lang='lat'>4.</span> <span class='ocrx_word' id='word_1_815' title='bbox 1792 1677 1823 1704; x_wconf 89' lang='lat' dir='ltr'>ad</span> <span class='ocrx_word' id='word_1_816' title='bbox 1836 1677 1865 1704; x_wconf 95' lang='lat' dir='ltr'>L.</span> <span class='ocrx_word' id='word_1_817' title='bbox 1880 1677 1948 1713; x_wconf 83' lang='lat' dir='ltr'>Aqu.</span> 
     </span>
     <span class='ocr_line' id='line_1_102' title="bbox 1109 1720 1949 1757; baseline -0.004 -9"><span class='ocrx_word' id='word_1_818' title='bbox 1109 1723 1132 1748; x_wconf 91' lang='lat'>9.</span> <span class='ocrx_word' id='word_1_819' title='bbox 1152 1724 1175 1748; x_wconf 88' lang='lat'>2.</span> <span class='ocrx_word' id='word_1_820' title='bbox 1202 1721 1232 1747; x_wconf 71' lang='lat' dir='ltr'>ct&#39;.</span> <span class='ocrx_word' id='word_1_821' title='bbox 1254 1721 1283 1747; x_wconf 84' lang='lat' dir='ltr'>t&#39;r.</span> <span class='ocrx_word' id='word_1_822' title='bbox 1298 1722 1339 1747; x_wconf 86' lang='lat'>54.</span> <span class='ocrx_word' id='word_1_823' title='bbox 1360 1731 1398 1757; x_wconf 90' lang='lat' dir='ltr'>pr.</span> <span class='ocrx_word' id='word_1_824' title='bbox 1419 1720 1495 1746; x_wconf 85' lang='lat' dir='ltr'>locat.</span> <span class='ocrx_word' id='word_1_825' title='bbox 1518 1722 1557 1746; x_wconf 89' lang='grc'>19.</span> <span class='ocrx_word' id='word_1_826' title='bbox 1576 1722 1600 1746; x_wconf 88' lang='grc'>2.</span> <span class='ocrx_word' id='word_1_827' title='bbox 1638 1720 1716 1746; x_wconf 74' lang='grc'><strong>111-1111</strong></span> <span class='ocrx_word' id='word_1_828' title='bbox 1735 1721 1761 1746; x_wconf 85' lang='grc'>111</span> <span class='ocrx_word' id='word_1_829' title='bbox 1782 1730 1892 1756; x_wconf 68' lang='lat' dir='ltr'>equum,</span> <span class='ocrx_word' id='word_1_830' title='bbox 1914 1725 1949 1745; x_wconf 81' lang='lat' dir='ltr'>te-</span> 
     </span>
     <span class='ocr_line' id='line_1_103' title="bbox 1109 1762 1947 1801; baseline -0.001 -11"><span class='ocrx_word' id='word_1_831' title='bbox 1109 1775 1159 1801; x_wconf 87' lang='lat' dir='ltr'>que</span> <span class='ocrx_word' id='word_1_832' title='bbox 1179 1763 1281 1795; x_wconf 75' lang='lat' dir='ltr'>deiecit7</span> <span class='ocrx_word' id='word_1_833' title='bbox 1302 1768 1328 1789; x_wconf 72' lang='lat' dir='ltr'>et.</span> <span class='ocrx_word' id='word_1_834' title='bbox 1347 1773 1377 1789; x_wconf 80' lang='lat' dir='ltr'>eo</span> <span class='ocrx_word' id='word_1_835' title='bbox 1398 1773 1459 1789; x_wconf 87' lang='lat' dir='ltr'>casu</span> <span class='ocrx_word' id='word_1_836' title='bbox 1479 1773 1553 1788; x_wconf 84' lang='lat' dir='ltr'>crura</span> <span class='ocrx_word' id='word_1_837' title='bbox 1573 1763 1632 1799; x_wconf 83' lang='lat' dir='ltr'>equi</span> <span class='ocrx_word' id='word_1_838' title='bbox 1653 1762 1733 1789; x_wconf 87' lang='lat' dir='ltr'>fracta</span> <span class='ocrx_word' id='word_1_839' title='bbox 1753 1768 1821 1789; x_wconf 80' lang='lat' dir='ltr'>sunt.</span> <span class='ocrx_word' id='word_1_840' title='bbox 1850 1762 1881 1789; x_wconf 78' lang='lat' dir='ltr'>fr.</span> <span class='ocrx_word' id='word_1_841' title='bbox 1907 1764 1947 1788; x_wconf 82' lang='lat'>57.</span> 
     </span>
     <span class='ocr_line' id='line_1_104' title="bbox 1108 1806 1354 1842; baseline -0.008 -9"><span class='ocrx_word' id='word_1_842' title='bbox 1108 1807 1140 1833; x_wconf 85' lang='lat' dir='ltr'>ad</span> <span class='ocrx_word' id='word_1_843' title='bbox 1153 1806 1182 1833; x_wconf 93' lang='lat' dir='ltr'>L.</span> <span class='ocrx_word' id='word_1_844' title='bbox 1199 1806 1267 1842; x_wconf 74' lang='lat' dir='ltr'>Aqu.</span> <span class='ocrx_word' id='word_1_845' title='bbox 1287 1807 1311 1832; x_wconf 88' lang='lat'>9.</span> <span class='ocrx_word' id='word_1_846' title='bbox 1330 1807 1354 1831; x_wconf 90' lang='lat'>2.</span> 
     </span>
    </p>

    <p class='ocr_par' dir='ltr' id='par_1_26' title="bbox 1144 1856 1947 1892">
     <span class='ocr_line' id='line_1_105' title="bbox 1144 1856 1947 1892; baseline -0.001 -8"><span class='ocrx_word' id='word_1_847' title='bbox 1144 1858 1290 1884; x_wconf 72' lang='lat' dir='ltr'>Crusta.</span> <span class='ocrx_word' id='word_1_848' title='bbox 1310 1857 1340 1890; x_wconf 62' lang='grc' dir='ltr'>ξ.</span> <span class='ocrx_word' id='word_1_849' title='bbox 1352 1857 1386 1882; x_wconf 91' lang='grc'>1.</span> <span class='ocrx_word' id='word_1_850' title='bbox 1410 1857 1651 1890; x_wconf 79' lang='lat' dir='ltr'>Operimentum</span> <span class='ocrx_word' id='word_1_851' title='bbox 1664 1857 1805 1892; x_wconf 83' lang='lat' dir='ltr'>fragile.</span> <span class='ocrx_word' id='word_1_852' title='bbox 1826 1856 1947 1884; x_wconf 71' lang='lat' dir='ltr'>HLCn·</span> 
     </span>
    </p>
   </div>
   <div class='ocr_carea' id='block_1_11' title="bbox 1086 1898 1947 1936">
    <p class='ocr_par' dir='ltr' id='par_1_27' title="bbox 1086 1898 1947 1936">
     <span class='ocr_line' id='line_1_106' title="bbox 1086 1898 1947 1936; baseline 0 -10"><span class='ocrx_word' id='word_1_853' title='bbox 1086 1916 1087 1919; x_wconf 69' lang='lat'><em>=</em></span> <span class='ocrx_word' id='word_1_854' title='bbox 1109 1900 1138 1926; x_wconf 85' lang='lat' dir='ltr'>Si</span> <span class='ocrx_word' id='word_1_855' title='bbox 1157 1910 1189 1926; x_wconf 84' lang='lat' dir='ltr'>ex</span> <span class='ocrx_word' id='word_1_856' title='bbox 1208 1899 1289 1926; x_wconf 77' lang='lat' dir='ltr'>fundo</span> <span class='ocrx_word' id='word_1_857' title='bbox 1309 1903 1354 1925; x_wconf 85' lang='lat' dir='ltr'>tuo</span> <span class='ocrx_word' id='word_1_858' title='bbox 1375 1903 1461 1925; x_wconf 85' lang='lat' dir='ltr'>crusta</span> <span class='ocrx_word' id='word_1_859' title='bbox 1481 1898 1554 1936; x_wconf 81' lang='lat' dir='ltr'>lapsa</span> <span class='ocrx_word' id='word_1_860' title='bbox 1574 1900 1609 1925; x_wconf 88' lang='lat' dir='ltr'>sit</span> <span class='ocrx_word' id='word_1_861' title='bbox 1628 1900 1654 1925; x_wconf 89' lang='lat' dir='ltr'>in</span> <span class='ocrx_word' id='word_1_862' title='bbox 1673 1909 1758 1925; x_wconf 85' lang='lat' dir='ltr'>meum</span> <span class='ocrx_word' id='word_1_863' title='bbox 1772 1899 1886 1926; x_wconf 82' lang='lat' dir='ltr'>fundum.</span> <span class='ocrx_word' id='word_1_864' title='bbox 1916 1899 1947 1926; x_wconf 75' lang='lat' dir='ltr'>fr.</span> 
     </span>
    </p>
   </div>
   <div class='ocr_carea' id='block_1_12' title="bbox 1108 1941 1948 2193">
    <p class='ocr_par' dir='ltr' id='par_1_28' title="bbox 1108 1941 1948 2193">
     <span class='ocr_line' id='line_1_107' title="bbox 1109 1941 1948 1980; baseline -0.001 -10"><span class='ocrx_word' id='word_1_865' title='bbox 1109 1945 1132 1970; x_wconf 88' lang='lat'>9.</span> <span class='ocrx_word' id='word_1_866' title='bbox 1153 1943 1173 1976; x_wconf 96' lang='lat'>5.</span> <span class='ocrx_word' id='word_1_867' title='bbox 1193 1944 1217 1968; x_wconf 91' lang='lat'>2.</span> <span class='ocrx_word' id='word_1_868' title='bbox 1238 1942 1270 1968; x_wconf 78' lang='grc'>(18</span> <span class='ocrx_word' id='word_1_869' title='bbox 1290 1941 1374 1968; x_wconf 82' lang='lat' dir='ltr'>damn.</span> <span class='ocrx_word' id='word_1_870' title='bbox 1395 1941 1440 1968; x_wconf 77' lang='lat' dir='ltr'>ins.</span> <span class='ocrx_word' id='word_1_871' title='bbox 1459 1943 1501 1968; x_wconf 84' lang='lat'>39.</span> <span class='ocrx_word' id='word_1_872' title='bbox 1515 1945 1540 1968; x_wconf 86' lang='lat'>2.</span> <span class='ocrx_word' id='word_1_873' title='bbox 1578 1942 1653 1977; x_wconf 84' lang='lat' dir='ltr'>Quae</span> <span class='ocrx_word' id='word_1_874' title='bbox 1672 1942 1777 1969; x_wconf 85' lang='lat' dir='ltr'>tabulae</span> <span class='ocrx_word' id='word_1_875' title='bbox 1795 1943 1880 1980; x_wconf 88' lang='lat' dir='ltr'>pictae</span> <span class='ocrx_word' id='word_1_876' title='bbox 1899 1953 1948 1980; x_wconf 87' lang='lat' dir='ltr'>pro</span> 
     </span>
     <span class='ocr_line' id='line_1_108' title="bbox 1109 1984 1947 2017; baseline 0.001 -6"><span class='ocrx_word' id='word_1_877' title='bbox 1109 1986 1219 2012; x_wconf 82' lang='lat' dir='ltr'>tectorio</span> <span class='ocrx_word' id='word_1_878' title='bbox 1239 1984 1422 2017; x_wconf 79' lang='lat' dir='ltr'>includuntur,</span> <span class='ocrx_word' id='word_1_879' title='bbox 1448 1985 1510 2011; x_wconf 87' lang='lat' dir='ltr'>item</span> <span class='ocrx_word' id='word_1_880' title='bbox 1536 1990 1639 2012; x_wconf 85' lang='lat' dir='ltr'>crustae</span> <span class='ocrx_word' id='word_1_881' title='bbox 1661 1995 1827 2012; x_wconf 81' lang='lat' dir='ltr'>marmoreae.</span> <span class='ocrx_word' id='word_1_882' title='bbox 1856 1985 1885 2012; x_wconf 77' lang='lat' dir='ltr'>fr.</span> <span class='ocrx_word' id='word_1_883' title='bbox 1907 1987 1947 2012; x_wconf 93' lang='lat' dir='ltr'>l7.</span> 
     </span>
     <span class='ocr_line' id='line_1_109' title="bbox 1517 2027 1947 2065; baseline 0.005 -11"><span class='ocrx_word' id='word_1_884' title='bbox 1517 2027 1629 2064; x_wconf 66' lang='lat' dir='ltr'>Cymbia</span> <span class='ocrx_word' id='word_1_885' title='bbox 1649 2034 1771 2065; x_wconf 78' lang='lat' dir='ltr'>argentea</span> <span class='ocrx_word' id='word_1_886' title='bbox 1790 2030 1886 2056; x_wconf 88' lang='lat' dir='ltr'>crustis</span> <span class='ocrx_word' id='word_1_887' title='bbox 1905 2039 1947 2056; x_wconf 82' lang='lat' dir='ltr'>au-</span> 
     </span>
     <span class='ocr_line' id='line_1_110' title="bbox 1108 2070 1945 2108; baseline 0 -10"><span class='ocrx_word' id='word_1_888' title='bbox 1108 2073 1160 2098; x_wconf 78' lang='lat' dir='ltr'>reis</span> <span class='ocrx_word' id='word_1_889' title='bbox 1180 2071 1286 2107; x_wconf 74' lang='lat' dir='ltr'>illigata.</span> <span class='ocrx_word' id='word_1_890' title='bbox 1311 2070 1341 2097; x_wconf 84' lang='lat' dir='ltr'>sr.</span> <span class='ocrx_word' id='word_1_891' title='bbox 1356 2073 1397 2097; x_wconf 82' lang='lat'>32.</span> <span class='ocrx_word' id='word_1_892' title='bbox 1419 2072 1439 2105; x_wconf 87' lang='lat'>5.</span> <span class='ocrx_word' id='word_1_893' title='bbox 1462 2073 1484 2098; x_wconf 90' lang='lat'>1.</span> <span class='ocrx_word' id='word_1_894' title='bbox 1505 2071 1537 2097; x_wconf 88' lang='grc'>(18</span> <span class='ocrx_word' id='word_1_895' title='bbox 1556 2081 1618 2097; x_wconf 88' lang='lat' dir='ltr'>auro</span> <span class='ocrx_word' id='word_1_896' title='bbox 1638 2082 1689 2108; x_wconf 83' lang='lat' dir='ltr'>arg.</span> <span class='ocrx_word' id='word_1_897' title='bbox 1708 2073 1750 2098; x_wconf 83' lang='lat'>34.</span> <span class='ocrx_word' id='word_1_898' title='bbox 1769 2074 1793 2098; x_wconf 89' lang='lat'>2.</span> <span class='ocrx_word' id='word_1_899' title='bbox 1814 2088 1845 2091; x_wconf 81' lang='lat'>—</span> <span class='ocrx_word' id='word_1_900' title='bbox 1865 2073 1896 2106; x_wconf 74' lang='lat'>§0</span> <span class='ocrx_word' id='word_1_901' title='bbox 1911 2074 1945 2098; x_wconf 69' lang='lat'>2.</span> 
     </span>
     <span class='ocr_line' id='line_1_111' title="bbox 1112 2114 1946 2150; baseline -0.002 -8"><span class='ocrx_word' id='word_1_902' title='bbox 1112 2116 1216 2142; x_wconf 75' lang='lat' dir='ltr'>Vestis</span> <span class='ocrx_word' id='word_1_903' title='bbox 1236 2116 1429 2147; x_wconf 72' lang='lat' dir='ltr'>versicolor,</span> <span class='ocrx_word' id='word_1_904' title='bbox 1449 2116 1704 2148; x_wconf 77' lang='lat' dir='ltr'>semipurpurea.</span> <span class='ocrx_word' id='word_1_905' title='bbox 1733 2114 1854 2142; x_wconf 76' lang='lat' dir='ltr'>HLGn.</span> <span class='ocrx_word' id='word_1_906' title='bbox 1873 2115 1946 2150; x_wconf 82' lang='lat' dir='ltr'>Quas</span> 
     </span>
     <span class='ocr_line' id='line_1_112' title="bbox 1108 2156 1946 2193; baseline 0 -9"><span class='ocrx_word' id='word_1_907' title='bbox 1108 2160 1156 2191; x_wconf 86' lang='lat' dir='ltr'>(sc.</span> <span class='ocrx_word' id='word_1_908' title='bbox 1176 2157 1278 2189; x_wconf 74' lang='lat' dir='ltr'>vestes)</span> <span class='ocrx_word' id='word_1_909' title='bbox 1297 2167 1389 2193; x_wconf 83' lang='lat' dir='ltr'>graeco</span> <span class='ocrx_word' id='word_1_910' title='bbox 1409 2158 1514 2183; x_wconf 86' lang='grc'><strong>1101111118</strong></span> <span class='ocrx_word' id='word_1_911' title='bbox 1534 2167 1546 2182; x_wconf 89' lang='lat' dir='ltr'>a</span> <span class='ocrx_word' id='word_1_912' title='bbox 1566 2156 1647 2184; x_wconf 85' lang='lat' dir='ltr'>latino</span> <span class='ocrx_word' id='word_1_913' title='bbox 1668 2157 1712 2191; x_wconf 87' lang='lat' dir='ltr'>[al.</span> <span class='ocrx_word' id='word_1_914' title='bbox 1726 2157 1824 2191; x_wconf 84' lang='lat' dir='ltr'>Latini]</span> <span class='ocrx_word' id='word_1_915' title='bbox 1845 2162 1946 2184; x_wconf 83' lang='lat' dir='ltr'>crustas</span> 
     </span>
    </p>
   </div>
   <div class='ocr_carea' id='block_1_13' title="bbox 1107 2199 1946 2270">
    <p class='ocr_par' dir='ltr' id='par_1_29' title="bbox 1107 2199 1946 2270">
     <span class='ocr_line' id='line_1_113' title="bbox 1107 2199 1946 2238; baseline 0.001 -12"><span class='ocrx_word' id='word_1_916' title='bbox 1107 2205 1209 2229; x_wconf 72' lang='lat' dir='ltr'>vocant.</span> <span class='ocrx_word' id='word_1_917' title='bbox 1229 2201 1254 2226; x_wconf 91' lang='lat' dir='ltr'>in</span> <span class='ocrx_word' id='word_1_918' title='bbox 1275 2200 1371 2236; x_wconf 86' lang='lat' dir='ltr'>quibus</span> <span class='ocrx_word' id='word_1_919' title='bbox 1391 2199 1442 2226; x_wconf 86' lang='lat' dir='ltr'>alio</span> <span class='ocrx_word' id='word_1_920' title='bbox 1462 2199 1593 2226; x_wconf 78' lang='lat' dir='ltr'>admixtus</span> <span class='ocrx_word' id='word_1_921' title='bbox 1614 2200 1696 2227; x_wconf 88' lang='lat' dir='ltr'>colori</span> <span class='ocrx_word' id='word_1_922' title='bbox 1716 2201 1774 2238; x_wconf 85' lang='lat' dir='ltr'>puri</span> <span class='ocrx_word' id='word_1_923' title='bbox 1794 2201 1875 2227; x_wconf 87' lang='lat' dir='ltr'>rubor</span> <span class='ocrx_word' id='word_1_924' title='bbox 1893 2210 1946 2227; x_wconf 89' lang='lat' dir='ltr'>mu-</span> 
     </span>
     <span class='ocr_line' id='line_1_114' title="bbox 1107 2242 1880 2270; baseline 0 0"><span class='ocrx_word' id='word_1_925' title='bbox 1107 2245 1169 2270; x_wconf 86' lang='lat' dir='ltr'>ricis</span> <span class='ocrx_word' id='word_1_926' title='bbox 1189 2242 1341 2269; x_wconf 86' lang='lat' dir='ltr'>inardescit.</span> <span class='ocrx_word' id='word_1_927' title='bbox 1371 2242 1420 2269; x_wconf 90' lang='lat' dir='ltr'>Th.</span> <span class='ocrx_word' id='word_1_928' title='bbox 1442 2242 1472 2270; x_wconf 91' lang='lat' dir='ltr'>C.</span> <span class='ocrx_word' id='word_1_929' title='bbox 1492 2242 1551 2269; x_wconf 78' lang='lat' dir='ltr'>XV.</span> <span class='ocrx_word' id='word_1_930' title='bbox 1572 2245 1594 2269; x_wconf 90' lang='lat'>7.</span> <span class='ocrx_word' id='word_1_931' title='bbox 1616 2253 1636 2270; x_wconf 89' lang='lat' dir='ltr'>c.</span> <span class='ocrx_word' id='word_1_932' title='bbox 1658 2245 1697 2269; x_wconf 94' lang='lat' dir='ltr'>ll.</span> <span class='ocrx_word' id='word_1_933' title='bbox 1719 2243 1751 2270; x_wconf 91' lang='lat' dir='ltr'>de</span> <span class='ocrx_word' id='word_1_934' title='bbox 1770 2245 1880 2270; x_wconf 83' lang='lat' dir='ltr'>scaenic.</span> 
     </span>
    </p>
   </div>
   <div class='ocr_carea' id='block_1_14' title="bbox 1142 2294 1944 2329">
    <p class='ocr_par' dir='ltr' id='par_1_30' title="bbox 1142 2294 1944 2329">
     <span class='ocr_line' id='line_1_115' title="bbox 1142 2294 1944 2329; baseline -0.004 -7"><span class='ocrx_word' id='word_1_935' title='bbox 1142 2296 1253 2322; x_wconf 79' lang='lat' dir='ltr'>Crux.</span> <span class='ocrx_word' id='word_1_936' title='bbox 1284 2294 1314 2327; x_wconf 65' lang='grc' dir='ltr'>ξ.</span> <span class='ocrx_word' id='word_1_937' title='bbox 1329 2295 1362 2320; x_wconf 88' lang='lat'>1.</span> <span class='ocrx_word' id='word_1_938' title='bbox 1384 2295 1641 2320; x_wconf 70' lang='lat' dir='ltr'>lustramentum</span> <span class='ocrx_word' id='word_1_939' title='bbox 1659 2304 1695 2320; x_wconf 74' lang='lat' dir='ltr'>ex</span> <span class='ocrx_word' id='word_1_940' title='bbox 1713 2296 1819 2329; x_wconf 81' lang='lat' dir='ltr'>lignis</span> <span class='ocrx_word' id='word_1_941' title='bbox 1838 2301 1944 2320; x_wconf 81' lang='lat' dir='ltr'>trans-</span> 
     </span>
    </p>
   </div>
   <div class='ocr_carea' id='block_1_15' title="bbox 1083 2339 1941 2373">
    <p class='ocr_par' dir='ltr' id='par_1_31' title="bbox 1083 2339 1941 2373">
     <span class='ocr_line' id='line_1_116' title="bbox 1083 2339 1941 2373; baseline -0.002 -9"><span class='ocrx_word' id='word_1_942' title='bbox 1083 2339 1223 2365; x_wconf 71' lang='lat' dir='ltr'>⁴versis.</span> <span class='ocrx_word' id='word_1_943' title='bbox 1249 2339 1279 2363; x_wconf 78' lang='lat' dir='ltr'>in</span> <span class='ocrx_word' id='word_1_944' title='bbox 1305 2347 1362 2371; x_wconf 82' lang='lat' dir='ltr'>quo</span> <span class='ocrx_word' id='word_1_945' title='bbox 1386 2339 1510 2370; x_wconf 72' lang='lat' dir='ltr'>cupitis</span> <span class='ocrx_word' id='word_1_946' title='bbox 1533 2339 1679 2363; x_wconf 82' lang='lat' dir='ltr'>damnati</span> <span class='ocrx_word' id='word_1_947' title='bbox 1697 2339 1941 2373; x_wconf 81' lang='lat' dir='ltr'>adfigebautur.</span> 
     </span>
    </p>
   </div>
   <div class='ocr_carea' id='block_1_16' title="bbox 1102 2378 1944 2747">
    <p class='ocr_par' dir='ltr' id='par_1_32' title="bbox 1102 2378 1944 2747">
     <span class='ocr_line' id='line_1_117' title="bbox 1105 2378 1942 2416; baseline -0.002 -10"><span class='ocrx_word' id='word_1_948' title='bbox 1105 2380 1122 2406; x_wconf 95' lang='grc' dir='ltr'>Ι.</span> <span class='ocrx_word' id='word_1_949' title='bbox 1145 2381 1205 2414; x_wconf 77' lang='lat' dir='ltr'>Sy.</span> <span class='ocrx_word' id='word_1_950' title='bbox 1230 2379 1372 2405; x_wconf 75' lang='lat' dir='ltr'>Servorum</span> <span class='ocrx_word' id='word_1_951' title='bbox 1392 2379 1559 2416; x_wconf 87' lang='lat' dir='ltr'>supplicium.</span> <span class='ocrx_word' id='word_1_952' title='bbox 1588 2379 1658 2406; x_wconf 82' lang='lat' dir='ltr'>Coll.</span> <span class='ocrx_word' id='word_1_953' title='bbox 1677 2379 1730 2405; x_wconf 94' lang='lat' dir='ltr'>LL.</span> <span class='ocrx_word' id='word_1_954' title='bbox 1750 2379 1782 2405; x_wconf 83' lang='grc' dir='ltr'>Μ.</span> <span class='ocrx_word' id='word_1_955' title='bbox 1803 2379 1820 2405; x_wconf 94' lang='grc' dir='ltr'>Ι.</span> <span class='ocrx_word' id='word_1_956' title='bbox 1840 2380 1863 2404; x_wconf 88' lang='grc'>6.</span> <span class='ocrx_word' id='word_1_957' title='bbox 1900 2378 1942 2405; x_wconf 91' lang='lat' dir='ltr'>III.</span> 
     </span>
     <span class='ocr_line' id='line_1_118' title="bbox 1106 2420 1944 2458; baseline -0.002 -9"><span class='ocrx_word' id='word_1_958' title='bbox 1106 2424 1171 2450; x_wconf 76' lang='lat' dir='ltr'>Cn.</span> <span class='ocrx_word' id='word_1_959' title='bbox 1204 2421 1309 2448; x_wconf 87' lang='lat' dir='ltr'>Summa</span> <span class='ocrx_word' id='word_1_960' title='bbox 1333 2421 1462 2458; x_wconf 87' lang='lat' dir='ltr'>supplicia</span> <span class='ocrx_word' id='word_1_961' title='bbox 1489 2427 1562 2449; x_wconf 83' lang='lat' dir='ltr'>sunt:</span> <span class='ocrx_word' id='word_1_962' title='bbox 1592 2433 1669 2453; x_wconf 79' lang='lat' dir='ltr'>crux,</span> <span class='ocrx_word' id='word_1_963' title='bbox 1699 2422 1834 2452; x_wconf 70' lang='grc'><strong>8181110110,</strong></span> <span class='ocrx_word' id='word_1_964' title='bbox 1858 2420 1944 2447; x_wconf 84' lang='lat' dir='ltr'>decol-</span> 
     </span>
     <span class='ocr_line' id='line_1_119' title="bbox 1105 2463 1943 2498; baseline 0 -8"><span class='ocrx_word' id='word_1_965' title='bbox 1105 2464 1176 2491; x_wconf 83' lang='lat' dir='ltr'>latio.</span> <span class='ocrx_word' id='word_1_966' title='bbox 1206 2464 1278 2490; x_wconf 87' lang='lat' dir='ltr'>Paul.</span> <span class='ocrx_word' id='word_1_967' title='bbox 1299 2464 1330 2490; x_wconf 76' lang='lat' dir='ltr'>V.</span> <span class='ocrx_word' id='word_1_968' title='bbox 1352 2466 1391 2490; x_wconf 92' lang='lat'>17.</span> <span class='ocrx_word' id='word_1_969' title='bbox 1416 2465 1438 2498; x_wconf 83' lang='lat'>5.</span> <span class='ocrx_word' id='word_1_970' title='bbox 1457 2467 1481 2491; x_wconf 80' lang='lat'>3.</span> <span class='ocrx_word' id='word_1_971' title='bbox 1512 2465 1543 2492; x_wconf 85' lang='lat' dir='ltr'>cf.</span> <span class='ocrx_word' id='word_1_972' title='bbox 1569 2465 1601 2492; x_wconf 86' lang='lat' dir='ltr'>V.</span> <span class='ocrx_word' id='word_1_973' title='bbox 1621 2467 1662 2491; x_wconf 89' lang='lat'>21.</span> <span class='ocrx_word' id='word_1_974' title='bbox 1683 2465 1704 2497; x_wconf 89' lang='lat'>5.</span> <span class='ocrx_word' id='word_1_975' title='bbox 1723 2466 1746 2490; x_wconf 85' lang='lat'>4.</span> <span class='ocrx_word' id='word_1_976' title='bbox 1787 2463 1816 2489; x_wconf 89' lang='lat' dir='ltr'>In</span> <span class='ocrx_word' id='word_1_977' title='bbox 1840 2473 1943 2490; x_wconf 88' lang='lat' dir='ltr'>crucem</span> 
     </span>
     <span class='ocr_line' id='line_1_120' title="bbox 1104 2505 1939 2544; baseline -0.001 -11"><span class='ocrx_word' id='word_1_978' title='bbox 1104 2507 1176 2539; x_wconf 76' lang='lat' dir='ltr'>tolli,</span> <span class='ocrx_word' id='word_1_979' title='bbox 1201 2517 1225 2533; x_wconf 76' lang='lat' dir='ltr'>v.</span> <span class='ocrx_word' id='word_1_980' title='bbox 1246 2507 1326 2533; x_wconf 85' lang='lat' dir='ltr'>Cruci</span> <span class='ocrx_word' id='word_1_981' title='bbox 1346 2507 1446 2544; x_wconf 77' lang='lat' dir='ltr'>suffigi.</span> <span class='ocrx_word' id='word_1_982' title='bbox 1467 2508 1527 2541; x_wconf 84' lang='lat' dir='ltr'>(aut</span> <span class='ocrx_word' id='word_1_983' title='bbox 1546 2508 1640 2534; x_wconf 77' lang='grc'><strong>11851115</strong></span> <span class='ocrx_word' id='word_1_984' title='bbox 1659 2507 1761 2539; x_wconf 84' lang='lat' dir='ltr'>obiici).</span> <span class='ocrx_word' id='word_1_985' title='bbox 1789 2506 1826 2532; x_wconf 80' lang='grc'><strong>111.</strong></span> <span class='ocrx_word' id='word_1_986' title='bbox 1846 2505 1878 2532; x_wconf 90' lang='lat' dir='ltr'>V.</span> <span class='ocrx_word' id='word_1_987' title='bbox 1897 2508 1939 2533; x_wconf 89' lang='lat'>22.</span> 
     </span>
     <span class='ocr_line' id='line_1_121' title="bbox 1104 2549 1939 2583; baseline 0 -7"><span class='ocrx_word' id='word_1_988' title='bbox 1104 2550 1125 2583; x_wconf 86' lang='lat'>5.</span> <span class='ocrx_word' id='word_1_989' title='bbox 1141 2551 1163 2575; x_wconf 97' lang='grc'>1.</span> <span class='ocrx_word' id='word_1_990' title='bbox 1183 2549 1214 2575; x_wconf 82' lang='lat' dir='ltr'>V.</span> <span class='ocrx_word' id='word_1_991' title='bbox 1234 2551 1275 2575; x_wconf 80' lang='lat'>23.</span> <span class='ocrx_word' id='word_1_992' title='bbox 1295 2550 1481 2583; x_wconf 85' lang='lat'>55.1.15.17.</span> <span class='ocrx_word' id='word_1_993' title='bbox 1501 2566 1533 2569; x_wconf 90' lang='lat'>——</span> <span class='ocrx_word' id='word_1_994' title='bbox 1554 2551 1584 2583; x_wconf 62' lang='grc' dir='ltr'>ξ.</span> <span class='ocrx_word' id='word_1_995' title='bbox 1604 2552 1638 2576; x_wconf 71' lang='grc'>2.</span> <span class='ocrx_word' id='word_1_996' title='bbox 1660 2551 1835 2583; x_wconf 81' lang='lat' dir='ltr'>Symbolum</span> <span class='ocrx_word' id='word_1_997' title='bbox 1854 2551 1939 2576; x_wconf 77' lang='lat' dir='ltr'>cliri—</span> 
     </span>
     <span class='ocr_line' id='line_1_122' title="bbox 1103 2590 1938 2629; baseline -0.001 -10"><span class='ocrx_word' id='word_1_998' title='bbox 1103 2594 1296 2619; x_wconf 78' lang='lat' dir='ltr'>stianorum.</span> <span class='ocrx_word' id='word_1_999' title='bbox 1326 2591 1344 2618; x_wconf 93' lang='lat' dir='ltr'>I.</span> <span class='ocrx_word' id='word_1_1000' title='bbox 1360 2593 1421 2627; x_wconf 76' lang='lat' dir='ltr'>Sy.</span> <span class='ocrx_word' id='word_1_1001' title='bbox 1441 2592 1550 2629; x_wconf 79' lang='lat' dir='ltr'>Signum</span> <span class='ocrx_word' id='word_1_1002' title='bbox 1570 2592 1706 2618; x_wconf 76' lang='lat' dir='ltr'>salvatoris</span> <span class='ocrx_word' id='word_1_1003' title='bbox 1726 2590 1835 2618; x_wconf 89' lang='lat' dir='ltr'>Christi.</span> <span class='ocrx_word' id='word_1_1004' title='bbox 1865 2591 1938 2619; x_wconf 83' lang='lat' dir='ltr'>Crux</span> 
     </span>
     <span class='ocr_line' id='line_1_123' title="bbox 1104 2633 1937 2670; baseline 0.001 -10"><span class='ocrx_word' id='word_1_1005' title='bbox 1104 2634 1294 2668; x_wconf 76' lang='lat' dir='ltr'>(venerabilis,</span> <span class='ocrx_word' id='word_1_1006' title='bbox 1313 2644 1334 2661; x_wconf 85' lang='grc'>5.</span> <span class='ocrx_word' id='word_1_1007' title='bbox 1355 2636 1544 2668; x_wconf 82' lang='lat' dir='ltr'>sanctissima).</span> <span class='ocrx_word' id='word_1_1008' title='bbox 1575 2645 1594 2660; x_wconf 79' lang='lat' dir='ltr'>c.</span> <span class='ocrx_word' id='word_1_1009' title='bbox 1615 2636 1656 2659; x_wconf 77' lang='lat'>26.</span> <span class='ocrx_word' id='word_1_1010' title='bbox 1681 2633 1713 2659; x_wconf 84' lang='lat' dir='ltr'>dc</span> <span class='ocrx_word' id='word_1_1011' title='bbox 1732 2635 1812 2670; x_wconf 85' lang='lat' dir='ltr'>episc.</span> <span class='ocrx_word' id='word_1_1012' title='bbox 1832 2640 1858 2661; x_wconf 83' lang='lat' dir='ltr'>et</span> <span class='ocrx_word' id='word_1_1013' title='bbox 1876 2635 1937 2662; x_wconf 85' lang='lat' dir='ltr'>cler.</span> 
     </span>
     <span class='ocr_line' id='line_1_124' title="bbox 1104 2677 1938 2714; baseline 0 -11"><span class='ocrx_word' id='word_1_1014' title='bbox 1104 2680 1125 2704; x_wconf 94' lang='lat' dir='ltr'>l.</span> <span class='ocrx_word' id='word_1_1015' title='bbox 1146 2680 1170 2704; x_wconf 79' lang='lat'>3.</span> <span class='ocrx_word' id='word_1_1016' title='bbox 1195 2687 1216 2703; x_wconf 88' lang='lat' dir='ltr'>c.</span> <span class='ocrx_word' id='word_1_1017' title='bbox 1238 2679 1259 2703; x_wconf 97' lang='lat' dir='ltr'>l.</span> <span class='ocrx_word' id='word_1_1018' title='bbox 1279 2679 1383 2704; x_wconf 88' lang='lat' dir='ltr'>nemini.</span> <span class='ocrx_word' id='word_1_1019' title='bbox 1395 2678 1436 2704; x_wconf 88' lang='lat' dir='ltr'>lic.</span> <span class='ocrx_word' id='word_1_1020' title='bbox 1457 2679 1521 2714; x_wconf 80' lang='lat' dir='ltr'>sign.</span> <span class='ocrx_word' id='word_1_1021' title='bbox 1543 2679 1565 2703; x_wconf 87' lang='lat'>1.</span> <span class='ocrx_word' id='word_1_1022' title='bbox 1585 2680 1608 2702; x_wconf 71' lang='grc' dir='ltr'>ὅ.</span> <span class='ocrx_word' id='word_1_1023' title='bbox 1634 2686 1655 2702; x_wconf 90' lang='lat' dir='ltr'>c.</span> <span class='ocrx_word' id='word_1_1024' title='bbox 1674 2678 1716 2703; x_wconf 84' lang='lat'>22.</span> <span class='ocrx_word' id='word_1_1025' title='bbox 1740 2677 1762 2711; x_wconf 89' lang='lat'>5.</span> <span class='ocrx_word' id='word_1_1026' title='bbox 1782 2679 1806 2704; x_wconf 85' lang='lat'>2.</span> <span class='ocrx_word' id='word_1_1027' title='bbox 1831 2677 1863 2704; x_wconf 90' lang='lat' dir='ltr'>de</span> <span class='ocrx_word' id='word_1_1028' title='bbox 1882 2679 1938 2705; x_wconf 73' lang='lat' dir='ltr'>iure</span> 
     </span>
     <span class='ocr_line' id='line_1_125' title="bbox 1102 2719 1730 2747; baseline 0 -1"><span class='ocrx_word' id='word_1_1029' title='bbox 1102 2719 1182 2746; x_wconf 79' lang='lat' dir='ltr'>delib.</span> <span class='ocrx_word' id='word_1_1030' title='bbox 1202 2721 1226 2746; x_wconf 84' lang='lat'>6.</span> <span class='ocrx_word' id='word_1_1031' title='bbox 1245 2722 1286 2747; x_wconf 87' lang='lat'>30.</span> <span class='ocrx_word' id='word_1_1032' title='bbox 1725 2720 1730 2723; x_wconf 79' lang='grc'><strong>’</strong></span> 
     </span>
    </p>
   </div>
   <div class='ocr_carea' id='block_1_17' title="bbox 1100 2771 1938 2848">
    <p class='ocr_par' dir='ltr' id='par_1_33' title="bbox 1100 2771 1938 2848">
     <span class='ocr_line' id='line_1_126' title="bbox 1137 2771 1938 2804; baseline 0 -6"><span class='ocrx_word' id='word_1_1033' title='bbox 1137 2771 1287 2804; x_wconf 66' lang='lat' dir='ltr'>crypta.</span> <span class='ocrx_word' id='word_1_1034' title='bbox 1336 2773 1441 2797; x_wconf 82' lang='lat' dir='ltr'>Locus</span> <span class='ocrx_word' id='word_1_1035' title='bbox 1473 2772 1703 2797; x_wconf 76' lang='lat' dir='ltr'>subterraneus</span> <span class='ocrx_word' id='word_1_1036' title='bbox 1733 2781 1938 2798; x_wconf 82' lang='lat' dir='ltr'>concamera-</span> 
     </span>
     <span class='ocr_line' id='line_1_127' title="bbox 1100 2811 1936 2848; baseline 0 -8"><span class='ocrx_word' id='word_1_1037' title='bbox 1100 2820 1158 2840; x_wconf 83' lang='lat' dir='ltr'>tus.</span> <span class='ocrx_word' id='word_1_1038' title='bbox 1202 2813 1220 2840; x_wconf 88' lang='grc' dir='ltr'>Ι.</span> <span class='ocrx_word' id='word_1_1039' title='bbox 1241 2815 1301 2848; x_wconf 75' lang='lat' dir='ltr'>Sy.</span> <span class='ocrx_word' id='word_1_1040' title='bbox 1331 2813 1477 2848; x_wconf 78' lang='lat' dir='ltr'>Refugium.</span> <span class='ocrx_word' id='word_1_1041' title='bbox 1509 2811 1540 2838; x_wconf 75' lang='lat' dir='ltr'>fr.</span> <span class='ocrx_word' id='word_1_1042' title='bbox 1561 2813 1601 2838; x_wconf 86' lang='lat'>13.</span> <span class='ocrx_word' id='word_1_1043' title='bbox 1625 2812 1647 2846; x_wconf 96' lang='lat'>5</span> <span class='ocrx_word' id='word_1_1044' title='bbox 1668 2815 1690 2840; x_wconf 89' lang='lat'>7.</span> <span class='ocrx_word' id='word_1_1045' title='bbox 1721 2813 1753 2840; x_wconf 85' lang='lat' dir='ltr'>de</span> <span class='ocrx_word' id='word_1_1046' title='bbox 1776 2814 1844 2840; x_wconf 90' lang='lat' dir='ltr'>usuf.</span> <span class='ocrx_word' id='word_1_1047' title='bbox 1870 2816 1892 2840; x_wconf 88' lang='lat'>7.</span> <span class='ocrx_word' id='word_1_1048' title='bbox 1913 2816 1936 2839; x_wconf 92' lang='grc'>1.</span> 
     </span>
    </p>
   </div>
  </div>
 </body>
</html>
