2197 3121
271 168 355 198 1001

266 249 324 276 dein
349 249 443 276 iudicis
468 248 671 286 adparitoribus.
697 248 746 275 Tb.
767 248 797 275 C.
822 247 864 274 111.
887 249 926 273 11.
953 257 974 274 c.
997 248 1018 273 1.
1043 247 1108 281 3.1.
1131 248 1133 272 ἶ

265 294 288 319 si
308 303 380 329 quac.
402 292 490 330 praed.
511 297 564 329 pot.

300 337 459 363 Vindex.
482 337 599 362 Nomen
617 344 780 369 personae.
816 333 858 360 111.
874 335 940 361 (Ὺιι.
961 332 1028 360 Cum
1042 332 1108 359 Bru-

266 384 323 409 tus,
344 379 387 415 qui
408 380 507 415 primus
527 377 624 404 Romae
645 377 708 404 Cos.
730 377 789 407 fuit,
814 376 942 403 vindicias
963 375 1108 402 secundum

266 422 413 448 libertatem
439 421 551 447 dixisset
575 422 600 447 in
621 430 732 457 persona
753 419 872 446 Vindicis
898 419 946 453 [al.
968 418 1108 452 Vindium]

266 464 433 491 Vitelliorum
454 465 532 495 servi,
547 464 590 500 qui
611 462 768 500 proditionis
783 464 990 489 coniurationem
1011 461 1109 488 indicio

267 518 314 534 suo
339 507 479 533 detexerat.
505 507 534 533 fr.
554 509 578 533 2,
602 507 623 540 3.
642 508 684 533 24.
709 506 741 533 de
766 505 798 532 Ο.
818 506 837 532 1.
864 508 885 532 l.
904 508 930 532 2.
967 505 1110 542 Theophili
1132 515 1133 535 ς

267 561 321 589 par.
343 550 405 576 lnst.
426 549 443 576 1.
464 552 488 576 5.
508 550 529 583 3.
549 551 573 575 4.

304 593 462 620 Vindex.
483 592 612 625 (Adiect.)
632 594 678 619 Aa
697 594 852 619 ultionem
871 598 1028 626 spectans.
1065 591 1111 618 III.
1132 587 1134 614 ¹,

268 637 333 663 Cn.
354 635 478 662 flammis
495 635 643 662 vindicibus
663 636 769 673 expiare
789 634 923 667 (scelus.)
943 635 992 661 Th.
1013 634 1045 662 C.
1067 634 1111 661 IX.
1133 630 1134 634 ¹

268 681 291 705 7.
312 689 333 705 c.
354 680 376 704 6.
397 678 429 705 ad
448 678 477 705 L.
498 678 545 705 Iul.
565 679 598 705 de
617 678 698 705 adult.
719 677 785 704 Nov.
806 677 868 704 lust.
891 679 946 704 128.
967 688 988 704 c.
1008 680 1033 704 5.

303 722 520 749 Vindicate.
540 723 571 756 ξ.
588 724 620 748 1.
638 723 768 753 r'lcisci,
786 722 1060 748 alnimadcertere.
1093 720 1112 747 I.

267 767 330 800 Sy.
355 764 455 791 Vlcisci
474 766 606 798 (mortem.
626 774 650 790 v.
670 765 788 795 crimen.)
809 763 839 790 fr.
861 766 900 790 15.
921 763 951 790 fr.
973 764 1012 790 18.
1033 763 1065 790 de
1085 763 1112 790 S.
1134 762 1136 790 l

268 808 299 835 C.
321 808 402 834 Silan.
427 810 468 834 29.
488 810 512 834 5.
539 807 588 834 Th.
610 807 640 834 C.
661 807 704 833 lx.
728 808 769 833 24.
793 817 814 833 c.
834 809 859 833 2.
882 806 915 833 de
935 811 1011 844 raptu
1030 807 1112 843 virgg.

268 851 426 878 Defende-re.
447 850 490 877 Cf.
504 851 529 877 h.
548 861 571 877 v.
590 851 612 885 3'.
626 853 649 877 5.
671 851 810 877 Accusare.
825 849 855 876 fr.
872 851 910 876 13.
925 860 964 888 pr.
979 851 1016 884 33.
1032 852 1055 876 l.
1069 860 1109 886 sq.

268 894 300 921 ad
320 894 349 921 L.
370 894 417 921 lul.
438 894 470 921 de
489 893 569 920 adult.
589 895 630 920 48.
650 896 674 920 5.
706 892 931 925 Animadvertere,
950 892 1055 924 Punire,
1075 892 1114 919 Iu-

269 938 359 973 ssigere
382 947 501 975 poenam.
527 936 599 963 Paul.
624 936 655 963 V.
679 938 703 963 4.
728 937 765 970 33.
790 938 814 963 4.
839 946 897 973 sqq.
922 935 954 962 V.
978 938 1021 963 23.
1046 936 1112 970 3.1.

268 981 312 1007 III.
327 982 393 1008 Gn.
413 980 471 1007 Iure
485 980 548 1006 belli
562 990 604 1006 res
618 979 772 1006 vindicatur.
788 979 844 1006 Gai.
858 979 900 1006 111.
914 981 956 1006 94.
982 979 1112 1006 Damnum

269 1025 362 1050 iniuria
384 1023 471 1050 datum
491 1023 539 1049 hac
558 1028 631 1060 parte
651 1026 700 1056 (sc.
720 1022 798 1059 legis)
820 1022 976 1049 vindicatur.
1013 1021 1050 1048 Id.
1070 1021 1111 1048 111.

268 1069 328 1093 217.
365 1066 393 1093 1n
413 1076 459 1093 eos
480 1083 511 1087 —
532 1071 604 1093 extra
627 1066 745 1092 ordinem
765 1065 921 1092 vindicatur.
945 1064 1018 1091 Paul.
1037 1064 1068 1091 V.
1089 1066 1112 1090 4.

270 1111 307 1144 33.
330 1111 368 1136 16.
389 1120 427 1146 sq.
448 1109 489 1136 Cf.
509 1108 541 1136 V.
563 1111 584 1136 1.
605 1110 626 1143 3.
647 1112 670 1135 5.
698 1109 876 1144 congruentis
895 1118 995 1145 poenae
1014 1107 1114 1144 suppli-

271 1153 312 1179 cio
332 1152 487 1179 vindicatur.
506 1152 542 1179 Id.
563 1151 596 1179 Υ.
615 1155 638 1178 4.
659 1152 681 1185 3
702 1154 724 1178 7.
756 1151 850 1178 Melius
870 1156 910 1177 est
929 1161 1068 1177 occurrere
1087 1151 1113 1176 iu
1135 1150 1136 1165 ³

271 1200 401 1232 tempore.
428 1206 503 1232 quam
524 1200 586 1233 post
608 1196 705 1221 exitum
724 1194 860 1221 vindicari.
886 1194 935 1221 Th.
956 1193 987 1220 C.
1007 1193 1051 1220 IX.
1073 1195 1113 1219 14.

272 1249 292 1265 c.
312 1241 336 1264 2.
363 1238 394 1265 ad
419 1238 447 1265 L.
468 1238 549 1265 Corn.
574 1237 607 1264 de
625 1239 701 1264 sicar.
729 1237 789 1274 lpse
808 1237 909 1263 audiam
929 1238 1029 1269 omnia.
1056 1238 1115 1274 ipse

271 1292 440 1318 cognoscam,
466 1298 499 1301 —
527 1283 584 1319 ipse
612 1291 653 1307 me
682 1280 830 1306 vindicabo.
861 1280 898 1306 Ib.
923 1280 967 1306 IX.
993 1282 1016 1306 l.
1043 1291 1064 1307 c.
1090 1282 1114 1306 4.
1136 1287 1137 1302 1

271 1325 304 1351 de
329 1330 440 1351 accusat.
470 1324 512 1351 Cf.
531 1324 573 1351 111.
596 1325 635 1350 ll.
656 1334 676 1350 c.
699 1325 720 1350 l.
741 1334 778 1360 pr.
798 1324 820 1349 si
840 1333 912 1360 quac.
941 1323 1029 1360 praed.
1059 1328 1113 1361 pot.

272 1368 302 1395 fr.
322 1369 345 1394 9.
366 1368 399 1394 de
417 1367 509 1394 iurisd.
528 1369 552 1393 2.
575 1368 596 1392 l.
617 1382 648 1385 —
668 1367 699 1400 §-
719 1368 754 1393 2.
784 1368 937 1392 Adserere
956 1368 1023 1393 sibi
1042 1377 1114 1399 rem,

272 1413 420 1447 (tamquam
444 1420 516 1436 suam
537 1420 568 1436 ex
589 1410 643 1435 iure
664 1410 833 1444 Quiritium.)
860 1411 972 1436 Petere
996 1411 1028 1436 in
1053 1420 1114 1436 rem

272 1456 406 1481 actione.
446 1453 464 1479 Ι.
483 1454 545 1487 Sy.
565 1452 713 1484 Intendere,
733 1462 787 1478 rem
806 1462 879 1478 suam
899 1462 930 1478 ex
949 1453 1005 1478 iure
1026 1452 1114 1488 Quiri-

273 1498 336 1523 tium
357 1507 422 1522 esse.
443 1495 499 1522 Gai.
519 1495 549 1521 11.
570 1497 627 1522 194.
666 1495 716 1522 Per
739 1496 776 1522 rei
801 1494 1018 1527 vindicationem,
1043 1505 1064 1522 s.
1084 1495 1113 1522 In
1135 1529 1136 1534 1

272 1550 326 1566 reru
347 1540 448 1565 actione
467 1543 565 1575 petere.
593 1538 622 1565 fr.
644 1540 665 1565 l.
691 1538 712 1572 3.
732 1540 757 1564 2.
782 1538 812 1565 sr.
831 1540 872 1564 23.
893 1538 914 1572 3.
937 1540 958 1564 1.
979 1538 1011 1565 de
1030 1538 1061 1565 R.
1082 1537 1113 1564 V.
1136 1541 1137 1546 ¹

272 1584 296 1609 6.
318 1585 339 1608 l.
360 1582 391 1608 ct‘.
412 1582 441 1608 l'r.
461 1584 484 1608 3.
505 1582 526 1615 3.
547 1583 570 1608 8.
591 1581 623 1608 de
642 1582 690 1608 riv.
710 1583 751 1608 43.
764 1583 805 1608 21.
825 1581 919 1607 Petere
938 1585 976 1618 (p.
995 1591 1024 1608 se
1042 1582 1113 1618 pos.)

272 1625 356 1652 Vatic.
381 1625 402 1658 3.
422 1626 462 1651 92.
488 1624 518 1651 sr.
540 1627 579 1651 16.
603 1626 624 1659 3.
646 1627 668 1651 7.
694 1624 726 1651 de
745 1623 834 1651 bered.
855 1629 907 1661 pet.
927 1627 951 1650 5.
971 1625 996 1650 3.
1022 1624 1052 1650 fr.
1071 1626 1112 1650 21.
1135 1616 1137 1623 ¹

272 1669 352 1703 33.1.
373 1678 432 1705 sqq.
452 1667 484 1694 de
504 1678 559 1694 exc.
579 1669 617 1694 rei
637 1667 689 1694 iud.
710 1668 750 1694 44.
770 1669 794 1694 2.
814 1666 844 1693 fr.
863 1669 905 1694 25.
924 1677 963 1704 pr.
984 1666 1016 1693 de
1036 1666 1069 1693 Ο.
1089 1671 1114 1693 et

273 1713 304 1738 A.
315 1714 356 1738 44.
368 1713 390 1738 7.
411 1710 553 1739 Accedere.
565 1710 687 1743 Admitti,
702 1710 733 1737 ad
749 1710 984 1743 (schereditatem,
996 1710 1113 1741 sbona.)
1136 1713 1137 1744 ξ

273 1755 303 1782 sr.
323 1756 363 1781 99.
383 1754 416 1781 de
434 1754 466 1781 A.
486 1764 510 1781 v.
531 1753 563 1780 Ο.
584 1754 615 1780 H.
634 1756 676 1780 29.
695 1756 720 1780 2.
740 1753 770 1780 fr.
789 1755 813 1780 2.
834 1754 871 1787 33.
885 1756 908 1780 2.
929 1763 967 1790 sq.
988 1753 1020 1779 ad
1040 1752 1068 1779 S.
1083 1752 1113 1779 C.
1136 1746 1137 1753 ¹

273 1798 346 1825 Tert.
365 1799 407 1824 35.
429 1799 468 1824 17.
497 1797 662 1828 Conliscare,
681 1796 759 1823 Fisco
778 1797 918 1823 vindicare.
939 1796 981 1823 Cf.
1000 1807 1024 1823 v.
1045 1796 1115 1823 Con-

274 1842 376 1868 fiscare.
412 1840 455 1867 III.
476 1841 541 1868 Gn·
570 1839 712 1877 Postquam
736 1839 779 1867 hic
803 1843 856 1873 (sc.
881 1840 921 1866 cui
947 1850 989 1866 res
1013 1842 1040 1866 in
1060 1841 1116 1866 iure

275 1884 398 1916 ceditur.)
412 1883 593 1915 vindicaverit,
613 1882 737 1917 [Praetor
751 1882 910 1919 interrogat]
927 1893 993 1914 eum,
1013 1884 1056 1920 qui
1077 1893 1116 1909 ce-

275 1927 321 1959 dit,
341 1937 372 1953 an
391 1932 481 1953 contra
500 1926 632 1953 vindicet?
652 1926 713 1962 Quo
733 1931 852 1962 negante,
866 1931 909 1952 aut
928 1930 1039 1957 tacente,
1054 1930 1116 1952 tunc

276 1971 308 2001 ei,
332 1971 376 2006 qui
396 1969 580 2001 vindicaverit,
607 1980 661 1995 eam
681 1980 735 1996 rem
754 1969 860 1996 addicit.
884 1968 940 1995 Gai.
960 1968 989 1995 11.
1009 1970 1051 1995 24.
1071 1968 1114 1995 IV.

278 2014 316 2039 16.
331 2012 392 2050 le.
406 2012 477 2039 XIX.
490 2015 514 2039 9.
528 2022 566 2049 sq.
587 2013 672 2046 Quem
692 2014 750 2049 quis
770 2014 795 2039 in
816 2012 962 2038 libertatem
983 2011 1116 2038 vindicare

276 2056 348 2083 velit.
368 2055 398 2082 I'r.
420 2057 459 2082 12.
483 2066 522 2093 pr.
542 2055 574 2082 ad
594 2055 680 2082 exbib.
703 2058 741 2082 10.
763 2057 785 2082 4.
811 2055 840 2082 fr.
859 2057 883 2082 3.
909 2055 940 2082 de
961 2055 1072 2082 liberali.
1094 2065 1115 2081 c.

276 2102 318 2126 40.
339 2101 378 2125 12.
402 2099 441 2125 Ex
461 2098 517 2135 lege
536 2098 679 2134 Quiritium
699 2098 770 2124 vind.
791 2098 941 2131 Vindicare,
961 2108 1036 2125 suum
1056 2108 1116 2124 esse

276 2144 330 2175 (sc.
351 2141 458 2174 lilium.)
484 2141 514 2168 sr.
539 2143 561 2168 1.
586 2142 608 2175 3.
631 2142 655 2167 3.
682 2140 714 2167 dc
738 2140 768 2167 Ii.
790 2140 819 2167 V.
844 2143 867 2167 6.
895 2144 916 2168 1.
942 2141 998 2168 Gai.
1018 2141 1036 2168 I.
1058 2143 1116 2168 134.

277 2185 361 2212 Meum
381 2190 429 2215 est.
450 2201 480 2205 —-
502 2186 575 2211 cuius
593 2183 744 2210 vindicandi
763 2185 803 2210 ius
822 2183 914 2210 babeo.
935 2184 964 2210 sr.
983 2186 1025 2211 49.
1050 2185 1116 2218 3.1.

277 2228 294 2255 l.
308 2228 324 2254 l.
339 2229 361 2253 6.
379 2230 399 2254 1.
421 2227 568 2258 Yindicare,
588 2232 705 2254 nostrum
725 2237 792 2253 esse.
813 2228 842 2253 fr.
857 2228 898 2253 66.
919 2227 952 2253 ib.
967 2229 990 2253 6.
1007 2230 1027 2253 1.
1049 2227 1078 2254 fr.
1092 2229 1116 2254 6.

277 2272 298 2305 3.
310 2273 333 2297 2,
348 2271 380 2297 de
399 2271 510 2297 consess
531 2272 571 2297 42,
581 2273 605 2296 2.
626 2270 778 2296 Dominium
797 2269 936 2296 vindicare.
957 2269 1038 2296 sr.16.
1059 2271 1080 2303 3.
1093 2272 1116 2296 5.
1138 2300 1139 2303 Ἴ

278 2314 310 2341 dc
330 2315 399 2351 pign.
417 2316 458 2340 20.
481 2315 502 2339 l.
523 2313 551 2339 fr.
571 2315 594 2339 8.
615 2314 677 2347 3.1.
699 2312 731 2339 de
752 2312 852 2339 liberali
873 2323 894 2339 c.
915 2314 956 2340 40,
973 2314 1012 2338 12.
1032 2312 1116 2339 Vatic.

278 2358 299 2391 3.
319 2359 378 2383 315.
416 2355 637 2383 Vindicandarum
656 2357 808 2382 servitutum
828 2357 876 2382 ius.
901 2355 930 2382 sr.
953 2357 974 2381 l.
1000 2355 1021 2388 3.
1041 2356 1064 2381 4.
1085 2355 1117 2381 de

279 2401 380 2427 remiss.
400 2401 440 2426 43.
454 2401 495 2425 25.
510 2399 541 2426 el‘.
556 2399 585 2425 fr.
600 2401 623 2425 4.
644 2409 683 2436 pr.
703 2398 735 2424 de
755 2400 844 2425 servit.
859 2400 882 2425 S.
900 2401 920 2425 1.
941 2398 1024 2424 Vatis.
1040 2398 1061 2432 3.
1076 2399 1116 2424 92.

279 2443 347 2469 Cum
367 2443 474 2468 istarum
492 2452 664 2479 personarum
684 2442 749 2468 nibil
769 2452 843 2468 suum
865 2452 922 2468 esse
942 2442 1035 2478 possit,
1059 2451 1118 2467 con·
1140 2449 1141 2464 i

280 2487 386 2511 vvniens
407 2490 455 2517 est,
468 2501 500 2504 —
514 2490 543 2511 ut
562 2485 626 2512 nillil
647 2485 778 2518 (omniuo)
798 2486 822 2510 in
843 2485 898 2510 iure
912 2484 1045 2511 vindicare
1059 2494 1119 2521 pos-

281 2530 340 2554 sint.
365 2528 421 2555 Gai.
440 2527 470 2554 Il.
489 2530 531 2554 96.
558 2528 589 2554 cf.
609 2527 652 2554 lv.
675 2528 714 2554 16.
734 2527 764 2554 fr.
783 2530 841 2553 215.
867 2527 898 2553 de
919 2526 949 2553 V.
970 2527 996 2552 S.
1017 2529 1056 2552 50.
1080 2529 1116 2553 16.

281 2571 314 2597 Et
331 2571 476 2600 vindicare.
502 2576 527 2597 et
546 2571 670 2598 alienare..
694 2575 719 2596 ct
738 2571 892 2596 servitutem
912 2569 1019 2607 praedio
1039 2571 1119 2606 impo-

281 2623 342 2639 nere
361 2624 448 2650 posse.
473 2614 503 2640 fr.
522 2616 581 2640 205.
601 2614 634 2640 «lc
654 2613 683 2639 K.
704 2613 722 2639 1.
742 2616 782 2640 50.
800 2615 839 2640 17.
877 2613 919 2639 Ad
943 2613 1119 2639 exhibendum
1141 2623 1142 2642 ζ

281 2666 366 2691 agere,
384 2657 423 2683 vel
440 2656 581 2689 vindicare,
600 2656 640 2683 vel
660 2656 806 2683 condicere.
827 2656 856 2682 sr.
874 2658 894 2682 1.
915 2657 936 2689 3.
948 2658 972 2682 3.
993 2656 1025 2682 de
1044 2656 1118 2682 alent.

287 2701 322 2725 11.
337 2701 360 2724 5.
375 2699 405 2724 ci'.
426 2699 481 2726 Gai.
501 2700 531 2727 11.
546 2702 587 2727 79.
608 2700 637 2726 Si
651 2710 663 2725 a
678 2710 719 2726 me
732 2699 887 2730 vindicaret,
907 2700 1063 2735 exceptione
1082 2700 1120 2725 rei

283 2742 410 2768 iudicatae
434 2742 638 2770 submoveretur.
665 2742 695 2768 fr.
715 2744 756 2768 40.
781 2743 802 2776 3.
822 2745 846 2768 2.
871 2741 902 2768 dc
927 2752 1031 2778 procur.
1051 2744 1074 2768 3.
1094 2744 1118 2768 3.

284 2785 325 2811 Ius
345 2794 396 2810 non
420 2783 512 2810 babeat
530 2785 746 2812 vindicandorum
768 2785 819 2812 sibi
837 2785 965 2811 bonorum
985 2786 1120 2811 intestato-
1140 2794 1142 2818 j

285 2838 338 2854 rum
358 2827 479 2854 liliorum.
503 2827 532 2853 fr.
552 2831 575 2854 2.
600 2829 620 2862 3
641 2832 664 2855 2.
691 2830 741 2864 Qu.
767 2834 818 2865 pet.
846 2833 892 2854 tut.
917 2829 957 2853 26.
977 2829 1000 2853 6.
1027 2828 1057 2854 fr.
1079 2830 1118 2854 11.
1140 2838 1141 2868 Ξ

1093 164 1178 195 VIN.

1154 256 1193 284 pr.
1214 245 1246 272 de
1271 256 1326 272 exc.
1352 246 1389 272 rei
1414 244 1467 272 iud.
1493 246 1534 272 44.
1553 248 1578 273 2.
1602 246 1634 273 cs.
1655 245 1684 274 fr.
1705 247 1729 273 6.
1755 246 1776 280 3.
1797 248 1820 273 7.
1844 246 1876 273 de
1899 247 1996 274 iniusto

1132 313 1133 316 ,
1155 294 1223 326 rupt.
1247 291 1289 316 28.
1309 291 1332 315 3,
1358 288 1463 315 Caduca
1483 288 1622 316 vindicare.
1647 289 1705 316 Gai.
1725 289 1754 317 ll.
1775 291 1833 316 207.
1853 292 1912 316 285.
1936 289 1996 327 le.

1154 332 1236 359 XVII.
1247 334 1272 358 2.
1287 330 1369 358 XXV.
1383 333 1422 357 17.
1440 348 1470 351 —
1485 332 1517 365 §.
1530 333 1566 359 3.
1587 334 1758 367 Vsurpnre,
1780 335 1997 360 Praesumere.

1131 384 1133 413 ξ
1154 375 1197 401 111.
1221 377 1286 403 οη.
1315 374 1425 401 Nomina
1450 373 1619 402 Praesidibus
1644 374 1686 403 Pr.
1707 376 1823 407 mittere,
1848 386 1901 402 non
1924 377 1998 413 ipsos

1155 419 1291 444 arbitrium
1311 417 1388 444 dandi
1409 417 1460 444 sibi
1479 417 1620 445 vindicare.
1646 418 1675 445 fr.
1698 420 1719 446 l.
1740 419 1822 452 31⁰.
1845 418 1878 445 de
1896 419 1998 455 magist.

1131 484 1133 487 ,
1155 471 1230 487 conv.
1249 463 1291 487 27.
1309 462 1332 487 8.
1353 460 1518 487 Praefectura
1538 460 1583 488 Vr.
1603 460 1654 488 sibi
1673 461 1815 488 vindicavit
1833 462 1931 494 (omnia
1951 462 1999 488 cri-

1156 505 1245 537 mina.)
1266 503 1296 530 fr.
1318 505 1339 530 l.
1360 513 1398 540 pr.
1419 503 1440 537 3.
1460 505 1484 530 4.
1505 503 1537 530 de
1557 504 1600 530 off.
1620 503 1672 531 Prf.
1693 504 1738 531 Vr.
1760 506 1781 531 l.
1804 506 1843 530 12.
1868 504 1934 531 Cum
1953 504 1999 531 ho-

1132 579 1133 584 *
1156 548 1214 574 nori
1238 557 1286 574 suo
1311 545 1488 583 provinciales
1513 546 1540 573 id
1564 547 1707 574 vindicent.
1735 547 1766 574 fr.
1791 549 1813 574 7.
1839 557 1877 584 pr.
1902 547 1935 574 de
1954 547 1998 574 off.

1156 590 1230 616 Proc.
1245 594 1271 616 et
1283 589 1344 626 Leg.
1361 591 1382 616 1.
1399 591 1435 615 16.
1457 589 1562 616 Biennii
1577 591 1737 617 vacationem
1757 590 1891 617 vindicare
1910 600 1998 627 posse.

1157 633 1186 659 Ir.
1207 634 1230 659 7.
1251 632 1283 659 de
1302 631 1422 669 legation.
1442 634 1483 659 50.
1504 634 1528 659 7.
1556 632 1666 670 Propria
1685 633 1736 660 sibi
1756 633 1891 660 commoda
1911 634 2000 670 inique

1134 675 1328 704 „vindicantes
1348 675 1378 702 sr.
1398 677 1421 701 6.
1442 675 1463 709 3.
1484 677 1506 702 6.
1527 675 1560 702 de
1579 676 1623 703 off.
1644 676 1731 703 Praes.
1753 679 1775 703 1.
1797 679 1836 703 13.
1857 694 1885 698 —
1907 678 1938 711 §0
1959 678 1999 704 4.

1134 726 1135 758 J
1157 721 1323 750 Esimere,
1344 720 1506 745 Libet-are.
1543 718 1563 745 1.
1581 720 1643 754 Sy.
1671 719 1741 746 Fieri
1760 725 1890 752 exsortes,
1911 719 2001 746 Vindi-

1158 763 1210 788 cari
1230 761 1261 788 ab
1281 761 1409 795 (sordidis
1427 761 1601 795 muneribus.)
1621 761 1671 789 Th.
1691 762 1722 789 C.
1737 762 1780 789 XI.
1803 765 1842 790 16.
1864 774 1885 790 c.
1901 765 1939 790 14.
1959 773 2000 800 sq.

1158 804 1190 831 de
1210 810 1275 831 extr.
1295 814 1317 830 S.
1336 804 1407 831 sord.
1443 804 1486 831 111.
1508 806 1574 832 Gn.
1593 805 1635 831 Ab
1656 806 1726 832 omni
1745 816 1814 833 nexu
1833 805 1924 833 curiali
1943 815 2002 844 per·

1158 857 1249 874 sonam
1274 848 1407 885 propriam
1431 847 1501 874 vind.
1538 847 1574 874 lb.
1595 847 1650 875 VII.
1672 850 1694 875 l.
1721 859 1741 875 c.
1762 850 1786 875 6.
1805 859 1844 886 pr.
1864 849 1897 875 de
1915 848 1947 875 R.
1965 847 2000 875 M.

1158 890 1199 917 Ab
1214 891 1291 917 liuius
1310 891 1398 917 oneris
1412 892 1546 917 curatione
1558 891 1693 928 privilegia
1706 891 1875 919 vindicabant
1894 894 1943 925 (sc.
1956 891 2002 918 do-

1158 944 1215 960 mus
1236 933 1388 960 clementiae
1407 934 1535 967 nostrae.)
1559 934 1595 961 lb.
1611 934 1669 961 XV.
1681 936 1705 962 3.
1720 945 1741 962 c.
1756 937 1779 962 4.
1794 935 1826 962 de
1840 937 1895 962 itin.
1912 945 1983 962 mun.

1192 977 1421 1003 Vindieatio.
1441 977 1472 1010 ξ.
1486 978 1521 1003 1.
1541 979 1747 1004 Exere-itiam
1769 980 1800 1004 in
1820 989 1882 1005 rem
1902 980 2002 1006 actio-

1158 1021 1215 1046 nis.
1236 1021 1313 1053 Ipsa
1333 1021 1365 1045 in
1384 1029 1445 1045 rem
1465 1022 1562 1046 actio.
1598 1019 1617 1046 I.
1637 1021 1699 1054 Sy.
1723 1020 1751 1047 ln
1771 1031 1824 1048 rem
1845 1022 1921 1048 actio.
1942 1021 1999 1048 Gai.

1135 1064 1136 1073 ¹
1157 1061 1201 1087 lv.
1221 1063 1245 1087 5.
1270 1062 1300 1088 fr.
1319 1064 1362 1087 25.
1387 1072 1425 1099 pr.
1451 1061 1483 1088 de
1506 1062 1539 1089 Ο.
1559 1067 1585 1088 et
1603 1062 1635 1089 A.
1654 1065 1696 1089 44.
1716 1065 1738 1089 7.

1135 1130 1136 1141 χ
1157 1104 1339 1142 (personalis.)
1360 1104 1511 1132 Condictio.
1531 1104 1615 1132 vatic.
1635 1105 1658 1139 3.
1671 1108 1711 1133 43.
1726 1106 1783 1133 Gai.
1798 1107 1841 1134 lv.
1855 1110 1879 1134 5.
1893 1109 1917 1134 8.
1933 1107 1962 1134 fr.
1978 1109 2001 1134 l.

1776 1064 1807 1091 11.
1829 1066 1897 1099 op.
1922 1065 2001 1091 Aetio

1158 1148 1203 1174 s1n.
1223 1148 1330 1183 regund.
1352 1150 1391 1175 10.
1413 1150 1436 1175 1.
1460 1159 1481 1175 c.
1502 1150 1525 1174 7.
1550 1147 1583 1174 de
1606 1158 1692 1175 revoc.
1712 1149 1800 1176 donat.
1819 1152 1843 1177 S.
1863 1152 1904 1177 56.
1941 1150 2002 1177 Nou

1136 1205 1137 1230 3
1158 1191 1184 1216 in
1208 1191 1396 1223 vindicatione,
1421 1191 1469 1218 sed
1494 1193 1520 1218 in
1545 1192 1674 1228 petitione
1698 1194 1820 1219 consistit
1846 1194 1905 1226 (ius
1925 1203 2003 1220 omne

1159 1233 1384 1267 fideicommissi.)
1410 1234 1483 1261 Paul.
1506 1233 1550 1260 IV.
1576 1236 1597 1260 l.
1621 1235 1708 1268 318.
1744 1235 1787 1262 III.
1807 1237 1874 1264 Gn.
1898 1236 1927 1262 In
1947 1246 2003 1263 eam

1160 1282 1268 1313 partem.
1287 1277 1396 1314 perinde
1415 1283 1493 1314 atque
1512 1278 1539 1304 in
1558 1281 1640 1304 totam
1660 1288 1715 1304 rem
1734 1284 1907 1315 praesentem,
1922 1279 2004 1306 fiebat

1159 1319 1310 1346 vindicatio.
1331 1320 1388 1347 Gai.
1409 1320 1453 1347 lv.
1469 1322 1508 1346 17.
1537 1319 1601 1352 Nec,
1621 1320 1692 1357 quod
1711 1322 1768 1347 sine
1788 1321 1883 1348 effectu
1901 1327 2003 1358 gestum

1160 1367 1213 1394 est,
1238 1363 1442 1390 vindicationem
1465 1364 1504 1390 tui
1527 1364 1592 1390 iuris
1616 1363 1733 1401 impedit.
1760 1363 1844 1391 Vatic.
1869 1365 1891 1398 3.
1910 1366 2002 1392 266.a.

1159 1405 1289 1442 pignoris,
1309 1416 1331 1433 v.
1346 1406 1496 1438 Servitutis,
1515 1406 1667 1433 vindicatio.
1687 1406 1716 1433 fr.
1733 1408 1770 1434 16.
1786 1408 1806 1441 3.
1818 1409 1843 1434 3.
1857 1407 1890 1434 de
1902 1409 2003 1444 pignor.

1158 1451 1200 1475 20.
1222 1451 1243 1476 1.
1264 1449 1295 1475 fr.
1313 1451 1337 1476 9.
1358 1449 1390 1475 de
1411 1449 1443 1476 Ο.
1463 1448 1495 1476 Ν.
1515 1448 1546 1475 N.
1565 1452 1607 1477 39.
1630 1452 1651 1476 l.
1671 1449 1874 1486 Redintegratae
1893 1451 1931 1477 rei
1949 1451 2005 1477 vin-

1135 1506 1137 1525 ,ι
1159 1492 1316 1519 dicationem
1336 1493 1441 1528 pacisci.
1457 1502 1478 1519 c.
1494 1494 1516 1519 l.
1536 1503 1585 1530 per
1604 1503 1647 1530 qu.
1661 1503 1731 1530 pers.
1746 1493 1806 1520 nob.
1827 1493 1902 1530 adqu.
1922 1496 1947 1520 4.
1961 1495 2004 1520 27.

1158 1535 1200 1562 Ab
1229 1537 1298 1562 omni
1322 1535 1451 1562 bonorum
1479 1536 1655 1562 vindicatione
1682 1537 1865 1563 intestatorum
1889 1537 2005 1563 filiorum

1158 1578 1259 1615 repelli.
1280 1578 1310 1605 fr.
1330 1581 1354 1605 4.
1374 1579 1395 1613 3.
1415 1580 1439 1605 3.
1462 1579 1493 1605 cf.
1514 1578 1544 1605 fr.
1564 1581 1588 1605 2.
1608 1579 1630 1613 3.
1650 1580 1674 1605 2.
1706 1579 1757 1615 Qu.
1779 1585 1830 1616 pet.
1851 1584 1898 1606 tut.
1917 1581 1959 1606 26.
1980 1581 2004 1607 6.

1158 1621 1214 1648 Nec
1232 1621 1264 1648 ad
1284 1621 1442 1648 caducorum
1462 1622 1665 1649 vindicationem
1685 1621 1848 1659 (prodesse.)
1877 1622 1961 1650 Vatic.
1981 1623 2003 1658 3.

1161 1667 1216 1692 195.
1230 1682 1259 1686 —
1276 1666 1306 1698 §.
1320 1667 1355 1691 2.
1376 1667 1535 1692 Solemnis
1548 1667 1699 1701 formula
1719 1668 1918 1700 legatorum,
1939 1667 2003 1703 (qua

1159 1709 1185 1734 in
1204 1707 1356 1744 legatarium
1375 1708 1510 1734 confertur
1529 1709 1616 1746 ipsum
1635 1708 1676 1734 ius
1691 1708 1862 1735 vindicandae
1881 1710 1919 1735 rei
1937 1708 2005 1746 lega-

1160 1753 1222 1782 tae.)
1265 1750 1284 1777 I.
1307 1752 1369 1785 Sy.
1399 1751 1441 1777 Do
1461 1751 1533 1788 lego,
1562 1750 1613 1778 Per
1631 1751 1836 1778 vindicationem
1856 1751 2004 1788 (legatum.)

1160 1793 1243 1820 Vatic.
1268 1794 1304 1827 33.
1325 1796 1366 1821 47.
1386 1797 1427 1821 57.
1447 1796 1487 1821 83.
1507 1795 1549 1821 85.
1569 1804 1609 1831 sq.
1634 1793 1694 1831 le.
1718 1794 1815 1821 XXIV.
1834 1796 1858 1822 2.
1878 1804 1936 1831 sqq.
1973 1795 2004 1821 IL

1161 1839 1228 1871 Op.
1252 1837 1303 1864 Per
1325 1837 1541 1869 vindicationem,
1561 1854 1593 1857 —
1614 1837 1665 1864 Per
1684 1837 1889 1870 damnationem,
1911 1852 1943 1857 —
1963 1838 2005 1865 Si-

1160 1880 1239 1907 nendi
1258 1880 1345 1913 modo,
1360 1897 1389 1901 —-
1405 1880 1455 1907 Per
1467 1881 1680 1918 praeceptionem
1695 1880 1814 1917 (legare.)
1835 1880 1872 1909 ld.
1886 1880 1902 1907 l.
1916 1880 1933 1907 l.
1947 1880 2004 1908 Gai.

1159 1923 1190 1950 11.
1212 1925 1267 1950 192.
1294 1934 1351 1960 sqq.
1375 1925 1435 1950 201.
1455 1934 1514 1961 sqq.
1538 1925 1598 1950 209.
1618 1934 1675 1960 sqq.
1699 1926 1758 1950 216.
1778 1933 1838 1960 sqq.
1861 1923 1946 1950 Vatic.
1966 1925 2004 1958 33.

1160 1968 1201 1993 85.
1216 1977 1255 2003 sq.
1288 1966 1330 1993 111.
1346 1968 1411 1994 (ln.
1430 1967 1492 2004 Ipso
1512 1968 1567 1993 iure
1587 1977 1635 2004 per
1653 1966 1855 1993 vindicationem
1876 1968 2003 1994 constitui

1161 2009 1296 2042 (usmnl'r.)
1316 2009 1388 2036 Paul.
1407 2009 1450 2036 Ill.
1470 2012 1494 2036 6.
1518 2010 1602 2043 §.17.
1631 2010 1660 2036 Si
1681 2021 1708 2036 ea
1728 2020 1779 2041 res,
1799 2020 1864 2047 quac
1884 2020 1936 2036 non
1955 2010 2005 2037 fuit

1137 2063 1138 2092 j
1161 2057 1273 2089 utroque
1293 2058 1411 2089 tempore
1431 2054 1565 2079 testatoris
1585 2063 1617 2079 ex
1638 2054 1693 2079 iure
1712 2054 1865 2088 Quiritium.
1886 2063 1934 2090 per
1951 2054 2004 2079 vin-

1137 2122 1138 2128 ,
1161 2095 1318 2122 dicationem
1343 2096 1425 2126 legata
1445 2097 1494 2127 sit,
1519 2096 1581 2122 lieet
1600 2097 1655 2122 iure
1675 2096 1744 2122 civili
1765 2105 1817 2126 nm
1836 2096 1919 2122 valeat
1938 2095 2005 2132 lega-

1161 2143 1224 2170 tum,
1242 2144 1327 2165 tamen
1348 2126 1377 2165 Si
1388 2138 1418 2166 C.
1439 2138 1589 2165 Neroniano
1608 2139 1733 2165 iirmatur.
1754 2137 1805 2176 le
1826 2137 1922 2165 XXIV.
1936 2140 2002 2164 11.a.

1138 2210 1139 2214 Ἰ
1161 2182 1192 2208 cf.
1213 2183 1234 2216 3.
1256 2184 1278 2209 7.
1299 2182 1353 2215 (Cf.
1373 2192 1395 2208 v.
1415 2181 1602 2214 Neronianus.)
1633 2180 1684 2208 Per
1702 2181 1902 2208 vindicationem
1921 2180 2004 2217 legata

1161 2235 1212 2252 res.
1231 2235 1253 2251 v.
1269 2225 1327 2251 data
1347 2227 1428 2262 optio.
1449 2225 1484 2252 Id.
1504 2226 1540 2259 33.
1562 2227 1584 2252 7.
1601 2227 1639 2251 14.
1659 2224 1676 2251 l.
1689 2224 1704 2251 l.
1726 2224 1782 2251 Gai.
1802 2223 1831 2250 11.
1848 2225 1903 2250 194.
1919 2234 1977 2260 sqq.

1196 2268 1412 2295 Vindieero.
1445 2269 1593 2295 Vindicis
1613 2277 1737 2294 munere
1748 2268 1864 2303 fungi.
1901 2266 1920 2293 I.
1941 2268 2003 2302 Sy.

1138 2310 1139 2342 ζ
1163 2310 1266 2337 Vindex
1287 2321 1354 2337 esse.
1375 2310 1417 2337 Cf.
1437 2321 1459 2337 v.
1477 2310 1587 2337 Vindex.
1607 2311 1628 2344 3.
1648 2312 1672 2336 2.

1197 2354 1386 2381 Vindicia.
1407 2364 1428 2380 s.
1448 2354 1658 2380 Vindicium
1678 2353 1708 2386 §-
1723 2353 1758 2378 1.
1778 2354 1836 2378 Res
1856 2354 2004 2380 vindica-

1162 2398 1249 2423 tioni
1272 2399 1418 2423 obnoxia.
1455 2396 1472 2423 I.
1495 2398 1556 2430 Sy.
1583 2395 1620 2427 Id,
1640 2394 1711 2431 quod
1730 2394 1885 2422 vindicatur.
1914 2395 1943 2422 In
1962 2397 2003 2422 ius

1164 2439 1263 2465 adlata(-
1283 2449 1333 2465 res,
1354 2439 1408 2466 Frr.
1423 2439 1451 2465 L.
1469 2439 1564 2471 Cincii,
1579 2443 1603 2464 ct
1617 2438 1700 2464 Servii
1721 2437 1841 2474 Sulpicii,
1860 2438 2003 2465 [ciorum.

1163 2482 1213 2519 Ap.
1235 2481 1342 2508 Fvstum
1361 2492 1382 2508 v.
1399 2481 1543 2509 Vindiciae.
1563 2497 1594 2501 —
1614 2481 1644 2513 ξ.
1659 2482 1694 2507 2.
1716 2482 1919 2507 Exercitium
1941 2484 2003 2508 riu-

1164 2527 1357 2556 dicationis,
1387 2526 1574 2552 Praesentis
1599 2526 1646 2549 rei
1668 2525 1826 2555 adsertio,
1855 2524 2003 2560 (pendente

1164 2567 1260 2593 iudicio
1275 2567 1307 2593 de
1321 2569 1376 2593 iure
1391 2569 1457 2593 circa
1471 2577 1523 2593 rein
1538 2568 1620 2603 ipsam
1634 2558 1855 2603 pronuncixindo.)
1879 2567 1920 2594 111.
1936 2569 2002 2595 Gn·

1164 2610 1191 2636 Si
1207 2611 1231 2636 in
1247 2621 1300 2637 rem
1313 2610 1444 2645 agi-batur,
1464 2627 1493 2630 —
1514 2609 1622 2635 Praetor
1634 2609 1777 2635 secundum
1791 2608 1899 2636 alterum
1913 2620 2003 2637 eorum

1164 2653 1290 2679 vindicias
1319 2653 1436 2684 dicebat,
1465 2653 1481 2678 i.
1506 2663 1527 2679 e.
1556 2653 1660 2679 interim
1684 2651 1795 2688 aliquem
1820 2662 2003 2689 possessorem

1165 2697 1353 2724 constituebat.
1378 2705 1489 2731 «qunque
1513 2695 1618 2722 iubebat
1641 2694 1751 2732 praedes
1774 2694 1922 2721 adversario
1942 2695 2004 2722 dare

1164 2740 1218 2766 litis
1238 2744 1262 2765 et
1281 2739 1458 2766 vindiciarum.
1485 2740 1499 2765 i.
1521 2749 1541 2765 e.
1562 2739 1599 2765 rei
1619 2743 1643 2764 et
1664 2738 1801 2764 fructuum.
1822 2738 1878 2764 Gai.
1899 2738 1941 2764 IV.
1963 2740 2002 2765 16.

1165 2783 1196 2810 cl'.
1215 2785 1256 2809 94.
1278 2782 1358 2808 Vatic.
1380 2782 1399 2815 3.
1420 2783 1478 2808 3313.
1503 2782 1572 2819 App.
1592 2780 1732 2808 Claudium
1752 2786 1842 2807 contra
1862 2783 1902 2807 ius
1921 2781 2002 2807 vindi-

1164 2828 1216 2853 cias
1236 2825 1305 2852 Iiliac
1324 2835 1387 2851 suae
1406 2836 1418 2851 a
1438 2835 1467 2851 se
1486 2828 1535 2858 (sc.
1556 2824 1685 2860 Virginio)
1705 2824 1839 2850 abdixissc
1868 2829 1893 2850 ct
1912 2833 2001 2850 secun-
