2197 3121
1013 154 1122 185 MOR.
1859 153 1922 183 599

192 239 330 267 Cautionis
353 238 526 276 praestandae
555 237 700 264 necessitas
726 235 885 262 solutionem
910 240 1033 262 moratur.
1056 237 1058 266 ζ
1079 235 1109 262 sr.
1132 237 1189 262 113.
1208 235 1240 262 de
1260 234 1290 262 V.
1311 234 1337 262 S.
1357 237 1398 262 50.
1420 237 1459 262 16.
1498 236 1541 263 Ob
1563 234 1697 265 morbum,
1721 233 1764 260 vcl
1788 233 1864 260 aliam
1883 244 1919 260 ra-

192 282 222 309 sr.
243 284 265 309 7.
286 282 307 316 5.
322 284 344 308 4.
366 282 398 309 de
418 282 480 309 dote
500 280 613 318 praeleg.
626 281 668 306 33.
682 280 706 305 4.
734 278 787 305 Res
808 278 898 315 legata,
913 289 1034 315 —quam
1056 277 1058 308 ξ
1080 280 1185 310 tionem,
1205 279 1358 315 impensum.
1384 278 1456 305 Paul.
1477 278 1506 305 11.
1526 280 1549 304 4.
1569 278 1591 312 5.
1614 280 1634 304 l.

192 326 251 362 quis
271 325 392 357 deberet,
418 329 588 360 moratusque
607 327 679 349 esset
698 323 723 347 in
743 332 771 348 ea
791 321 882 348 danda.
908 321 937 347 fr.
958 324 981 347 6.
1003 320 1035 347 de
1056 311 1058 360 1
1114 322 1300 348 Mordere.
1322 322 1421 348 Dente
1440 324 1571 348 laedere.
1609 320 1652 346 111.
1670 320 1735 347 Gn.
1757 318 1811 354 Qui
1831 328 1920 345 canem

191 377 241 394 usu
261 373 286 394 et
305 367 386 394 usufr.
408 367 456 404 leg.
476 369 517 393 33.
531 368 554 392 2.
568 382 597 386 —
618 365 649 398 §-
666 366 701 390 2.
723 366 938 395 commorari,
961 365 1034 390 Ver·
1057 373 1058 388 1
1080 365 1240 395 irritaverat,
1266 368 1292 389 et
1320 364 1441 390 effi-cerat
1465 369 1492 390 ut
1515 364 1628 400 aliquem
1652 361 1793 389 morderet.
1822 361 1852 388 fr.
1879 363 1918 388 11.

191 413 275 443 sari,
297 412 523 437 constitutum
542 418 615 435 esse.
653 407 670 433 Ι.
691 409 752 441 Sy.
781 406 873 442 Agere.
903 406 944 432 Cf.
965 406 989 432 11.
1010 416 1033 432 v.
1057 398 1058 451 1
1080 407 1100 440 5.
1121 409 1143 433 5.
1164 406 1195 432 ad
1215 406 1244 433 L.
1264 407 1331 443 Aqu.
1352 409 1374 433 9.
1395 410 1419 433 2.

191 453 213 486 5.
233 454 256 479 4.
280 453 355 479 Esse.
376 452 418 479 Cf.
438 452 462 478 h.
483 462 506 477 v.
526 452 592 485 5.1.
630 450 726 478 Adfici.
746 449 842 476 Morari
861 450 887 475 in
907 448 1035 481 (damno.)
1114 450 1222 477 Mori.
1259 451 1289 483 ξ.
1310 451 1344 476 l.
1371 451 1445 476 rita
1464 452 1617 476 decedere.
1655 448 1674 474 1.
1693 449 1755 483 Sy.
1774 448 1918 475 Decedere.

192 494 222 521 fr.
241 496 282 521 49.
307 494 357 521 sam
382 495 473 521 ercisc.
499 496 538 520 10.
557 496 582 519 2.
607 493 637 520 sr.
661 495 699 518 ll.
724 493 746 526 5.
765 494 789 518 2.
816 491 848 518 ad
867 491 893 518 S.
903 491 933 518 C.
955 490 1034 517 Treb.
1080 491 1120 518 Cf.
1142 492 1166 518 11.
1186 503 1209 519 v.
1230 492 1326 524 Perire.
1347 492 1437 519 Obire.
1459 493 1487 519 fr.
1503 494 1543 518 14.
1563 493 1641 526 5.11.
1662 492 1714 527 Qu.
1734 495 1794 517 met.
1816 501 1836 517 c.
1856 493 1880 517 4.
1894 493 1918 517 2.

190 538 233 564 36.
249 539 271 564 1.
300 537 330 564 11.
346 538 413 571 Op.
433 536 544 563 Abesse.
566 535 607 563 Cf,
621 536 645 562 h.
660 545 683 561 v.
703 536 725 568 5.
741 536 763 561 l.
783 533 927 560 proficisci.
948 533 978 560 fr.
992 536 1034 560 20.
1056 541 1058 563 1
1080 535 1108 561 Si
1129 535 1191 571 quid
1211 535 1335 562 acciderit
1353 536 1385 562 ei.
1404 535 1508 562 Mortuo
1528 545 1567 561 eo.
1592 534 1633 561 Cf.
1653 544 1676 560 v.
1696 533 1833 560 Accidere.
1853 534 1874 567 5.
1893 535 1918 560 2.

191 581 213 614 5.
234 581 256 606 l.
276 579 308 606 de
326 589 401 617 oper.
421 579 508 606 libert.
528 581 569 606 38.
592 581 614 605 1.
651 578 693 604 III.
709 579 774 605 Gn.
796 576 929 608 Interdici,
951 593 980 597 —-
1002 586 1035 603 ne
1056 567 1057 575 1
1079 577 1121 603 Ill.
1143 579 1209 605 Cn.
1235 578 1313 611 Mori,
1338 583 1381 605 aut
1401 579 1486 615 capite
1505 578 1627 604 deminui.
1654 577 1710 603 Gai.
1730 577 1748 603 I.
1771 579 1827 603 170.
1856 576 1918 613 le.

191 624 258 649 intra
277 623 377 659 patriae
399 623 558 648 territorium
578 621 620 648 vel
639 630 728 647 muros
747 624 890 651 morentur,
911 630 943 645 ne
963 630 1036 646 exce·
1056 633 1057 660 3
1079 620 1123 647 XI.
1145 622 1167 646 7.
1192 620 1223 647 fr.
1244 623 1266 648 7.
1292 622 1314 655 5.
1336 624 1358 648 l.
1383 621 1464 648 usut'r.
1489 620 1634 657 quemadin.
1660 621 1682 646 7.
1708 621 1731 646 9.
1776 619 1830 655 Qui
1852 620 1919 645 mori

191 665 254 692 dant
271 666 395 702 patriam,
420 665 462 691 vel
488 666 513 691 in
533 665 599 691 vicis
619 661 775 700 quibusdam
795 667 937 689 morentur.
962 662 990 689 fr.
1011 665 1034 689 7.
1080 665 1169 700 magis.
1189 674 1264 700 quam
1283 664 1399 691 damnari
1419 664 1565 691 maluerint.
1595 663 1624 689 sr.
1644 664 1667 689 6.
1692 663 1713 696 5.
1734 665 1756 689 7.
1777 663 1810 689 de
1829 663 1918 689 iniust.

190 708 212 742 5.
234 710 273 734 19.
293 707 326 734 de
345 707 440 733 interd.
461 712 487 733 et
506 706 585 743 releg.
605 708 646 732 48.
665 707 706 732 22.
727 704 758 731 cf.
784 704 841 731 Gai.
861 705 879 731 I.
899 707 940 732 27.
961 705 989 732 sr.
1011 707 1033 732 1.
1056 706 1057 746 i
1079 711 1147 744 rupt.
1167 709 1208 733 28.
1228 709 1251 733 3.
1289 707 1318 734 Si
1338 718 1370 734 ex
1389 706 1485 744 plagis,
1506 706 1535 733 Si
1555 706 1659 743 frigore,
1680 711 1799 732 mortuus
1817 706 1859 732 sit.
1887 704 1917 731 fr.

190 750 308 777 deserv.
330 755 436 787 export.
458 752 497 776 18.
518 752 540 776 7.
578 749 682 776 morans
706 757 737 773 co
761 748 788 773 in
812 747 884 780 loco,
910 748 972 781 (ubi
992 748 1035 774 ad·
1056 747 1057 766 1
1079 751 1119 775 52.
1140 760 1178 786 pr.
1205 750 1237 776 ad
1256 749 1284 776 L.
1304 750 1372 786 Aqu.
1392 752 1416 776 9.
1435 752 1460 776 2.
1485 749 1515 776 l'r.
1538 751 1576 776 14.
1600 750 1622 783 5.
1645 751 1665 775 l.
1691 748 1723 775 de
1743 758 1856 785 praescr.
1876 758 1917 774 vv.

190 792 324 830 pellavit.)
354 792 427 820 Paul.
447 792 478 819 V.
498 794 540 819 33.
566 792 588 826 5.
608 793 631 817 l.
669 790 778 822 Omnia,
798 800 864 827 quae
884 792 909 817 in
930 802 960 818 eo
980 792 1032 824 (se.
1055 799 1057 833 J
1081 794 1119 819 19.
1140 795 1163 819 5.
1200 792 1285 819 Morte
1307 794 1440 819 moriatur.
1467 791 1537 819 Coll.
1556 791 1609 818 LL.
1628 791 1661 818 M.
1686 791 1704 817 Ι.
1731 793 1753 817 1.
1791 791 1820 818 Si
1843 792 1918 828 prius

189 835 283 868 fundo)
303 835 381 862 solita
401 841 464 862 sunt
483 845 551 867 esse,
573 843 691 870 quaeque
711 833 745 859 ibi
765 834 863 859 maiore
882 839 955 870 parte
974 835 1033 860 anni
1055 841 1057 861 ,’
1078 836 1216 867 moriatur.
1244 845 1321 872 quam
1345 836 1388 869 (in
1411 846 1484 862 suam
1507 834 1615 861 tutelam
1638 835 1753 865 venerit,
1781 844 1805 860 v.
1830 838 1919 860 cernat

188 880 300 911 morari,
331 883 356 905 et
380 878 407 904 1ιί
432 880 477 915 qui
500 879 526 904 in
550 886 608 903 eum
630 876 751 902 manendi
772 886 848 902 causa
867 878 986 914 recipere
1005 887 1034 903 se
1055 882 1057 905 ,“
1079 880 1144 911 ete.)
1171 878 1228 904 Gai.
1248 878 1278 905 11.
1304 881 1359 905 179.
1383 880 1439 905 181.
1464 888 1504 915 sq.
1531 877 1573 904 111.
1593 879 1634 903 62.
1672 876 1701 903 Si
1725 878 1784 913 quis
1804 878 1918 903 moriens

190 926 392 948 consueverunt.
419 921 449 947 fr.
472 922 511 947 18.
531 921 614 954 5.12.
634 919 664 945 fr.
684 920 726 945 27.
750 919 771 952 5.
792 920 816 945 3.
836 919 869 945 de
888 921 963 946 instr.
984 919 1032 956 leg.
1055 916 1056 954 1
1078 921 1198 948 dixisset.
1222 921 1251 947 fr.
1271 923 1294 947 3.
1321 922 1342 955 5
1364 923 1386 948 1.
1411 921 1443 948 de
1463 921 1490 947 S.
1500 920 1531 947 C.
1552 920 1633 946 Silan.
1657 921 1698 946 29.
1719 922 1742 946 5.
1780 919 1839 945 Non
1866 924 1918 946 tani

188 965 230 991 33.
250 965 273 990 7.
294 963 326 990 cs.
347 963 384 992 fr..
397 965 439 990 33.
459 973 497 1001 pr.
517 962 550 989 de
569 961 645 998 legat.
666 961 707 988 111.
727 962 794 995 (32.)
815 961 845 988 fr.
865 964 889 989 3.
910 963 931 996 5.
953 964 975 988 7.
997 963 1033 988 uti
1055 963 1056 995 ζ

188 1006 291 1044 possid.
305 1008 346 1033 43.
363 1008 403 1033 17.
435 1005 464 1032 Si
483 1006 589 1042 petierit
608 1006 634 1031 in
653 1006 815 1036 servitutem⁷
836 1010 861 1031 et
880 1005 1033 1037 obtinuerit,
1055 1000 1056 1025 1

189 1059 251 1076 mox
280 1050 382 1085 cognita
411 1049 521 1074 veritate
549 1057 644 1085 passus
671 1049 707 1074 sit
731 1048 757 1074 in
783 1047 905 1074 libertate
928 1048 1032 1074 morari.

189 1092 219 1118 sr.
240 1093 280 1118 16.
301 1092 322 1126 5.
342 1094 367 1118 2.
389 1091 421 1117 de
440 1091 501 1117 bon.
521 1090 608 1117 libert.
625 1091 668 1116 38.
687 1093 712 1116 2.
750 1090 803 1126 Qui
829 1091 931 1117 abst-nti
954 1100 1033 1116 servo
1055 1107 1056 1111 =

188 1135 290 1166 scribit.
311 1139 339 1161 ut
357 1135 384 1160 in
403 1133 526 1160 libertate
545 1138 669 1159 moretur.
690 1133 720 1159 l'r.
739 1135 780 1160 33.
802 1144 840 1170 pr.
861 1134 893 1160 de
912 1134 943 1160 A.
964 1143 987 1159 v.
1002 1133 1031 1159 Α,

188 1177 216 1204 Ρ.
237 1180 278 1203 41.
297 1179 322 1203 2.
360 1175 504 1203 Voluntate
529 1175 629 1202 domini
653 1177 679 1202 in
704 1176 824 1203 libertate
848 1187 906 1203 eum
930 1178 1033 1202 morari.

188 1221 218 1247 fr.
237 1221 278 1246 24.
298 1220 319 1253 5.
339 1221 362 1246 3.
384 1219 417 1245 de
436 1218 546 1245 liberali.
568 1228 588 1244 c.
601 1221 641 1245 40.
660 1220 698 1245 12.
724 1218 898 1255 1η1(μιυιῃ,-
914 1221 940 1246 in
959 1220 1032 1246 luero

186 1263 283 1290 morari
303 1272 370 1294 eum,
390 1262 434 1298 qui
454 1261 555 1288 lucrum
574 1262 659 1288 sensit
678 1271 710 1288 ex
730 1262 828 1288 fraude.
848 1263 878 1289 fr.
895 1265 934 1289 10.
955 1263 968 1297 5
990 1264 1031 1289 24.

187 1305 240 1340 Qu.
260 1307 287 1332 in
307 1305 338 1331 fr.
358 1304 428 1331 cred.
448 1306 489 1330 42.
510 1305 534 1330 8.
555 1314 576 1330 c.
597 1306 619 1331 1.
639 1314 678 1342 pr.
699 1304 732 1330 de
751 1307 909 1342 reputation.
928 1308 953 1332 2.
972 1307 1013 1332 48.

221 1347 464 1375 Moratorius.
502 1346 632 1380 (Adieet.)
670 1349 873 1375 Dilatorins.
912 1349 943 1375 ΙΙ.
964 1351 1031 1383 ⁰1¹·

186 1390 317 1428 Praeceps
338 1390 480 1417 festinatio.
500 1406 532 1410 —
552 1390 692 1416 Moratoria
713 1393 852 1417 cunctatio.
872 1391 902 1418 fr.
924 1394 945 1418 7.
966 1393 987 1426 5.
1010 1394 1031 1418 l.
1054 1419 1055 1429 ἵ

186 1434 219 1460 de
244 1433 310 1460 adm.
341 1438 367 1459 et
394 1433 475 1470 peric.
499 1434 541 1459 26.
567 1434 590 1459 7.
635 1433 789 1465 Moratoria,
815 1450 847 1453 —
872 1434 1031 1461 peremtoria

185 1477 397 1514 (praescriptio.)
417 1476 546 1503 T11.C.I.
560 1478 584 1502 2.
605 1486 625 1502 c.
639 1478 663 1501 3.
684 1475 717 1502 (16
737 1476 789 1503 div.
810 1487 889 1503 rescr.
911 1478 952 1504 111.
965 1480 1031 1505 Cn.

185 1519 344 1546 Moratoriae
363 1518 564 1556 adpellationcs,
584 1524 609 1545 et
629 1530 673 1545 cae
693 1529 759 1555 quae
779 1519 810 1545 ab
830 1520 1031 1547 exsecutoribus
1053 1536 1054 1540 =

185 1567 212 1588 et
236 1562 366 1589 confessis
390 1563 465 1588 liunt.
495 1561 566 1588 Paul.
588 1562 619 1588 V.
638 1564 680 1588 35.
705 1563 727 1596 5.
747 1564 771 1588 2.
800 1562 850 1589 Th.
871 1563 900 1590 C.
926 1563 969 1590 XI.
988 1565 1030 1589 36.

186 1615 207 1632 c.
229 1607 251 1631 l.
271 1615 292 1632 6.
311 1607 336 1631 3.
357 1615 395 1641 sq.
421 1605 503 1640 Quor.
524 1615 583 1642 app.
604 1615 627 1631 n.
647 1615 699 1631 rec.
736 1604 788 1631 Pro
808 1607 918 1642 pecunia
938 1606 1031 1632 tributi
1053 1606 1054 1629 1

187 1663 219 1667 -
239 1647 326 1674 oblata
345 1648 487 1674 moratoria
506 1649 592 1674 cautio
613 1658 664 1674 non
687 1647 840 1675 admittitur.
865 1649 895 1676 fr.
915 1651 939 1676 5.
964 1650 985 1683 5.
1006 1651 1030 1675 3.

187 1689 220 1716 de
239 1690 337 1717 censib.
357 1693 397 1717 50.
420 1692 459 1716 15.
488 1689 544 1717 Nec
562 1692 719 1718 moratoriae
739 1691 859 1719 dilationi
878 1692 953 1719 locus
973 1694 1029 1719 erit.

187 1732 271 1759 Vatic.
291 1734 312 1767 5.
326 1734 383 1759 119.

222 1777 431 1803 Morbosus.
461 1775 590 1809 (Adiect.)
631 1779 694 1810 Qui
713 1780 817 1804 morbo
837 1780 973 1804 laborat.
1010 1777 1029 1803 Ι.

186 1819 249 1852 Sy.
268 1817 408 1854 Aegrotus.
437 1818 484 1845 Iul.
512 1829 552 1855 ep.
578 1829 638 1846 nov.
664 1830 684 1846 c.
704 1822 745 1846 36.
772 1821 872 1854 5134.
910 1820 940 1846 11.
962 1821 1028 1853 Op.

186 1861 281 1887 Sanus.
306 1861 336 1887 l'r.
356 1862 379 1886 6.
404 1861 426 1894 5
445 1862 469 1886 2.
495 1861 524 1886 l'r.
546 1863 568 1887 7.
589 1872 646 1898 sqq.
673 1862 703 1888 fr.
725 1865 765 1889 11.
790 1862 822 1888 de
842 1862 927 1889 Aeclil.
953 1862 1029 1889 edict.

184 1906 226 1931 21.
248 1905 270 1929 1.
308 1903 350 1929 111.
365 1905 431 1931 Cn·
455 1903 609 1930 morbosum
628 1915 679 1931 non
700 1915 772 1937 esse,
793 1915 878 1942 neque
897 1907 1029 1932 vitiosum.
1052 1909 1053 1913 ¹

185 1946 216 1973 ir.
237 1948 259 1973 1.
279 1947 316 1980 55.
337 1948 359 1972 7.
380 1956 439 1982 sqq.
459 1945 489 1971 fr.
510 1947 533 1972 6.
553 1947 574 1980 5.
594 1949 618 1972 2.
640 1947 670 1973 sr.
689 1949 730 1974 51.
750 1958 789 1985 pr.
810 1949 830 1982 5
854 1951 873 1974 1.
895 1949 929 1975 ib.
949 1950 990 1974 21.
1006 1950 1028 1974 l.
1051 1961 1053 1970 ·

185 1988 215 2016 Si
233 1999 330 2026 pecora
349 1989 504 2025 contagione
522 1989 640 2015 morbosi
660 1992 764 2027 pecoris
779 1992 922 2028 perierunt.
943 1991 972 2017 fr.
990 1993 1028 2018 13.

185 2042 224 2069 pr.
242 2032 277 2058 de
296 2032 327 2059 A.
348 2031 377 2058 E.
398 2031 429 2058 V.
448 2033 486 2058 19.
509 2034 530 2058 l.

219 2076 386 2102 Morbus.
423 2075 454 2108 §-
470 2076 504 2101 l·
525 2076 725 2109 Aegritndu,
745 2086 825 2110 qnae
844 2087 903 2103 uon
920 2087 1028 2111 perpe-
1050 2082 1051 2102 ἶ

186 2123 274 2144 tuam
293 2119 385 2144 habet
403 2125 542 2144 causam.
580 2117 598 2144 l.
620 2119 681 2152 Sy.
709 2118 875 2156 Teinporalis
894 2120 1030 2146 imbecilli·
1050 2117 1051 2146 i

187 2164 226 2185 tas
247 2161 374 2197 corporis.
404 2160 433 2186 fr.
455 2162 512 2186 101.
538 2160 559 2193 5
579 2162 602 2186 2.
628 2161 659 2187 de
681 2161 710 2188 V.
731 2161 758 2188 S.
778 2165 818 2188 50.
840 2165 879 2189 16.
917 2163 1028 2190 Habitus

187 2202 314 2238 cuiusque
332 2204 369 2229 rei
389 2208 479 2229 contra
493 2208 618 2229 naturam.
638 2204 668 2230 fr.
687 2206 706 2230 1.
726 2206 747 2238 5.
764 2207 785 2231 7.
802 2205 834 2231 de
848 2205 934 2232 Aedil.
950 2206 1027 2233 edict.

186 2246 228 2270 21.
250 2246 271 2270 l.
295 2244 337 2271 Fr.
356 2245 487 2272 Labeonis
512 2245 594 2272 1.C1i.
614 2246 664 2283 Ap.
690 2247 759 2274 Gell.
784 2248 827 2274 lv.
847 2252 871 2275 2.
908 2249 938 2275 II.
961 2252 1028 2284 Op.
1049 2245 1051 2249 ¹

187 2286 295 2313 Vitium.
316 2286 346 2313 l'r.
367 2290 388 2314 1.
408 2289 489 2323 55.1.
510 2291 531 2316 7.
553 2299 611 2326 sqq.
633 2290 662 2316 fr.
683 2292 706 2316 4.
727 2291 748 2324 5.
768 2294 792 2317 3.
812 2291 843 2318 fr.
857 2294 898 2318 41⁸5.
918 2293 939 2326 5
957 2295 978 2319 1.
994 2293 1027 2319 ib.
1050 2299 1051 2324 1

186 2331 228 2356 21.
250 2332 272 2356 1.
293 2329 322 2356 fr.
344 2331 399 2357 101.
419 2332 441 2365 ς.
460 2334 484 2358 2.
505 2332 576 2359 150.
600 2334 638 2358 16.
677 2332 718 2359 111.
740 2335 806 2360 cn.
826 2334 958 2361 minutas
979 2337 1028 2362 ror.
1050 2325 1051 2329 ’

188 2373 265 2404 tuita⁷
291 2377 335 2398 aut
354 2373 474 2406 morbus,
494 2380 520 2401 et
539 2377 659 2412 corporis
679 2376 802 2402 valetudo
823 2378 948 2404 conlecta.
978 2378 1027 2405 Tb.

188 2414 219 2441 c.
240 2414 294 2441 vn.
316 2416 338 2441 1.
359 2425 381 2441 e.
399 2416 423 2441 5.
444 2416 476 2442 de
493 2417 523 2444 R.
543 2417 576 2444 M.
597 2418 629 2444 cr.
650 2418 679 2445 rr.
702 2421 741 2445 15.
761 2420 782 2453 ς’.
802 2423 826 2446 2.
846 2420 879 2446 <le
897 2420 985 2457 adopt.
1006 2423 1027 2447 1.
1050 2414 1051 2438 ἱ

188 2459 212 2483 7.
234 2473 264 2477 —
286 2458 317 2491 ξ.
332 2459 367 2484 2.
389 2459 581 2494 Infirmitaa
601 2464 779 2495 quaelibet,
799 2469 861 2490 tam
880 2466 1028 2498 corporis

188 2510 280 2535 quam
309 2502 431 2527 mentis.
474 2500 493 2527 Ι.
514 2503 575 2536 Sy.
603 2504 756 2540 Aegritudo.
787 2505 837 2532 Th.
862 2506 892 2532 C.
917 2506 961 2532 XI.
986 2509 1028 2534 31.
1050 2492 1051 2531 1

188 2554 209 2569 c.
229 2544 253 2569 2.
274 2542 306 2568 (le
324 2552 408 2580 repar.
429 2553 487 2580 app.
525 2544 566 2570 111.
582 2547 646 2573 Gn.
667 2547 696 2573 Si
711 2564 743 2567 —
759 2549 875 2580 morbus.
895 2555 939 2575 aut
958 2555 1028 2576 aetas

188 2585 320 2623 impediat.
341 2585 370 2612 fr.
390 2588 431 2612 41.
455 2586 487 2612 de
506 2596 610 2623 procur.
629 2591 653 2616 3.
671 2592 695 2616 3.
734 2591 810 2627 Quos
829 2592 966 2625 valetudo,
986 2593 1029 2620 vel
1049 2601 1051 2612 ⁴

187 2628 273 2661 furor,
307 2628 349 2654 vel
373 2629 480 2655 morbus
506 2635 649 2666 perpetuus
673 2639 788 2660 excusat.
819 2634 902 2662 Vatic.
927 2637 948 2670 5.
969 2638 1027 2663 238,
1049 2632 1051 2662 J

189 2671 334 2709 Perpetuus
363 2671 468 2707 quidem
496 2672 617 2705 morbus,
647 2679 730 2702 tamen
756 2677 879 2704 ferendus
903 2679 958 2709 his.
983 2681 1027 2716 qui
1049 2668 1051 2682 1

189 2715 257 2742 circa
277 2725 332 2741 eam
351 2718 419 2740 sunt.
439 2714 469 2741 fr.
489 2717 530 2742 22.
556 2716 578 2749 5.
599 2718 620 2742 7.
641 2717 690 2743 sol.
710 2721 818 2747 matrim.
838 2723 879 2748 24.
899 2724 923 2748 3.
962 2722 1027 2748 Son·
1049 2717 1050 2725 1

188 2759 265 2791 ticus,
285 2757 442 2789 comitialis,
462 2758 577 2785 morbus.
598 2759 663 2785 sr.2.
683 2761 704 2793 5.
718 2763 742 2788 3.
762 2764 784 2789 si
804 2774 846 2800 qu.
867 2770 933 2792 caut.
947 2768 971 2792 2.
988 2768 1026 2792 11.

190 2799 219 2826 fr.
238 2803 262 2828 4.
282 2801 304 2834 5.
324 2803 347 2827 5.
372 2801 402 2827 fr.
422 2803 463 2827 53.
488 2801 517 2828 sr.
538 2803 578 2829 65.
604 2803 668 2836 5.1.
690 2803 722 2829 de
740 2805 825 2832 Aedil.
846 2807 922 2834 edict.
942 2811 983 2835 21.
1006 2810 1026 2834 l.
1049 2807 1050 2839 1

1077 966 1170 991 mortis
1190 974 1275 995 causa.
1296 974 1371 1001 quain
1390 965 1554 997 morientem,
1574 962 1717 996 (donare.)
1741 962 1771 988 sr.
1792 964 1833 988 42.
1853 963 1874 996 5.
1896 964 1917 988 1.

1078 1007 1110 1034 (16
1130 1018 1161 1034 in.
1183 1018 1203 1034 c.
1224 1007 1311 1033 donat.
1330 1009 1372 1033 39.
1392 1008 1415 1033 6.
1454 1006 1521 1033 Cum
1541 1007 1670 1037 morieris,
1690 1004 1788 1039 (dari.)
1809 1004 1839 1031 sr.
1862 1006 1918 1030 121.

1078 1051 1099 1084 5.
1119 1052 1142 1076 2.
1163 1049 1196 1076 (16
1215 1049 1245 1076 V.
1267 1049 1299 1076 Ο.
1320 1051 1361 1076 45.
1383 1051 1404 1076 l.
1443 1049 1510 1076 Cum
1529 1054 1683 1075 moreretur.
1703 1049 1860 1082 (restituere
1878 1057 1919 1074 ro-

1078 1094 1173 1129 gatus.)
1194 1092 1223 1119 fr.
1245 1095 1284 1120 77.
1305 1093 1326 1127 5.
1347 1094 1369 1119 4.
1391 1092 1423 1119 de
1442 1092 1517 1129 legat.
1537 1092 1567 1119 11.
1588 1093 1653 1125 (31.)
1673 1091 1703 1117 sr.
1720 1092 1777 1117 141.
1798 1090 1830 1117 de
1844 1090 1875 1117 V.
1889 1090 1917 1117 S.

1055 1135 1056 1139 ¹
1077 1139 1118 1162 50.
1140 1137 1179 1162 16.
1217 1136 1292 1171 Quae
1311 1137 1447 1172 cuiusque,
1467 1145 1525 1161 cum
1545 1137 1566 1161 is
1586 1136 1704 1163 moritur.
1725 1133 1827 1160 suerint.
1848 1133 1916 1159 11:35.

1078 1190 1116 1216 pr.
1137 1180 1158 1213 5.
1180 1180 1203 1205 6.
1224 1178 1256 1205 de
1276 1178 1307 1205 N.
1328 1179 1359 1205 G.
1379 1181 1403 1205 3.
1423 1181 1446 1205 5.
1473 1178 1503 1205 fr.
1524 1180 1564 1204 73.
1589 1178 1610 1211 5.
1632 1180 1654 1203 1.
1675 1177 1707 1203 de
1726 1176 1757 1204 R.
1777 1176 1795 1202 1.
1814 1178 1857 1202 50.
1877 1177 1917 1202 17.

1079 1222 1173 1248 (1³11.
1195 1224 1251 1248 127.
1274 1223 1330 1248 129.
1351 1237 1383 1240 —
1408 1222 1438 1254 §.
1459 1223 1494 1247 2.
1519 1222 1716 1255 Ε.ι·3ῐι”η3ηι”,
1737 1221 1861 1246 Finiri.
1898 1218 1917 1245 I.

1078 1269 1139 1300 Ny.
1164 1265 1315 1302 Exspirare.
1336 1264 1425 1290 Perire
1445 1264 1551 1297 (litem.)
1576 1263 1617 1290 Cf.
1637 1273 1660 1289 v.
1681 1263 1831 1300 Exspirare.
1851 1263 1872 1296 5.
1892 1263 1916 1288 2.

1055 1323 1056 1327 =
1078 1309 1107 1335 lI.
1130 1310 1197 1342 Op.
1222 1308 1362 1339 Crescere.
1387 1307 1550 1334 Decrescere
1570 1305 1743 1343 (peculium.)
1768 1306 1797 1332 fr.
1817 1308 1858 1332 40.
1878 1316 1917 1342 pr.

1077 1352 1098 1385 5.
1122 1354 1142 1378 l.
1164 1351 1195 1377 de
1215 1350 1299 1388 pecul.
1321 1353 1361 1377 15.
1383 1352 1405 1376 l.
1443 1350 1486 1377 111.
1507 1351 1575 1378 Gn.
1594 1349 1623 1376 Si
1644 1365 1674 1369 —
1697 1349 1728 1375 ad
1748 1349 1773 1375 id
1793 1348 1918 1375 iudicium

1078 1405 1129 1421 non
1149 1394 1239 1425 adsuit,
1259 1393 1302 1420 vel
1320 1393 1392 1419 litem
1411 1395 1477 1420 mori
1497 1394 1619 1430 patiatur.
1640 1392 1669 1419 fr.
1689 1394 1713 1418 3.
1734 1393 1799 1426 5.1.
1820 1392 1871 1427 Qu.
1892 1392 1917 1417 in

1054 1434 1055 1454 3
1076 1437 1106 1464 l'r.
1127 1438 1196 1464 cred.
1216 1439 1256 1463 42.
1277 1438 1300 1463 8.
1321 1437 1350 1463 fr.
1369 1440 1394 1463 2.
1413 1436 1519 1463 iudicat.
1539 1436 1616 1462 solvi.
1634 1437 1675 1462 46.
1696 1437 1719 1461 7.

1112 1481 1243 1508 Blorio.
1269 1482 1405 1506 Stultus.
1442 1479 1471 1505 11.
1493 1481 1561 1513 Op.
1581 1478 1676 1505 Valide.
1695 1479 1800 1515 sapiens
1827 1492 1861 1496 —
1880 1477 1917 1503 Ita

1077 1524 1172 1555 fatuus,
1192 1523 1233 1549 vel
1254 1524 1346 1554 morio,
1366 1528 1394 1549 ut
1413 1523 1439 1549 in
1459 1532 1489 1548 eo
1510 1532 1573 1548 usus
1593 1521 1682 1548 nullus
1701 1523 1743 1547 sit.
1764 1520 1794 1547 fr.
1808 1522 1831 1546 4.
1852 1521 1873 1554 5
1892 1523 1917 1546 3.

1076 1567 1108 1593 (16
1127 1566 1213 1593 Aedil.
1234 1566 1311 1592 edict.
1330 1568 1372 1592 21.
1396 1568 1416 1592 1.

1110 1611 1269 1636 Mon-ose.
1293 1609 1406 1642 (Advb.)
1431 1610 1629 1635 Fastidiose.
1667 1607 1710 1634 111.
1725 1609 1791 1635 Cn.
1810 1606 1917 1633 Modum

1076 1652 1201 1685 adiicere,
1226 1657 1254 1678 ut
1278 1663 1362 1689 neque
1386 1662 1491 1678 morose
1511 1652 1536 1677 in
1557 1656 1640 1677 totum
1665 1651 1806 1681 abstineat.
1832 1659 1918 1686 neque

1052 1720 1054 1729 ,
1076 1706 1152 1722 avare
1176 1695 1280 1721 modum
1304 1697 1442 1722 xeniorum
1464 1694 1581 1721 excedat.
1610 1694 1640 1720 fr.
1668 1696 1691 1720 6.
1720 1694 1744 1727 5
1768 1696 1791 1719 3.
1817 1692 1850 1719 de
1872 1693 1916 1719 oll'.

1052 1732 1054 1772 1
1076 1738 1149 1765 Proc.
1171 1744 1197 1765 et
1215 1738 1275 1774 Leg.
1297 1740 1318 1764 1.
1340 1740 1379 1764 16.

1110 1783 1222 1808 Mors.
1260 1782 1290 1814 §-
1311 1782 1346 1807 1.
1377 1782 1507 1812 Obitus,
1526 1782 1646 1807 Letum.
1684 1778 1702 1806 Ι.
1722 1780 1785 1813 Sy.
1809 1778 1915 1805 Obitus.

1052 1813 1053 1852 1
1075 1824 1132 1850 Gai.
1153 1824 1170 1850 I.
1192 1826 1249 1850 127.
1287 1824 1362 1860 Quae
1381 1825 1461 1850 vitam
1483 1823 1581 1855 adimit,
1601 1823 1694 1849 Mortis
1707 1822 1825 1859 (poena.)
1845 1821 1875 1848 sr.
1892 1822 1916 1847 6.

1052 1897 1053 1901 ¹
1075 1867 1096 1900 5.
1116 1869 1139 1893 2.
1165 1866 1194 1893 fr.
1214 1868 1238 1893 8.
1267 1867 1332 1900 5.1.
1352 1867 1384 1893 de
1402 1877 1479 1904 poen.
1500 1869 1541 1894 48.
1564 1868 1603 1892 19.
1628 1866 1658 1892 fr.
1680 1867 1701 1892 l.
1727 1864 1761 1891 de
1782 1865 1843 1891 bon.
1863 1874 1916 1891 eor.

1075 1920 1117 1946 qu.
1138 1914 1197 1936 ante
1215 1915 1281 1937 sent.
1298 1911 1340 1936 48.
1359 1912 1401 1936 21.
1438 1910 1540 1942 Mortis⁷
1560 1908 1603 1935 vel
1622 1909 1773 1935 amissionis
1792 1907 1916 1939 civitatis,

1075 1953 1203 1991 Capitalis
1223 1954 1343 1987 (causa.)
1364 1952 1394 1979 fr.
1415 1955 1472 1979 103.
1494 1953 1526 1979 (16
1545 1952 1576 1979 V.
1598 1952 1625 1979 S.
1644 1954 1686 1979 50.
1709 1953 1747 1978 16.
1785 1950 1828 1977 111.
1848 1951 1915 1978 Cn.

1051 2001 1052 2024 1
1075 1997 1128 2031 Qui
1147 2000 1248 2028 morte,
1268 1996 1397 2023 exsiliove
1416 1996 1566 2029 (coercitus
1586 1997 1654 2028 est.)
1675 1995 1704 2021 fr.
1726 1996 1748 2021 4.
1769 2004 1808 2031 pr.
1829 1994 1852 2019 si
1872 2002 1914 2029 qu.

1074 2044 1151 2065 eautt.
1165 2041 1189 2065 2.
1206 2041 1246 2066 ll.
1282 2039 1362 2071 Mors,
1382 2044 1426 2066 aut
1445 2040 1539 2076 capitis
1559 2038 1710 2065 deminutio.
1732 2037 1788 2064 Gai.
1803 2036 1914 2062 111.101.

1074 2082 1105 2108 es.
1125 2082 1156 2108 II.
1179 2084 1235 2108 156.
1259 2082 1289 2108 fr.
1309 2083 1350 2109 63.
1377 2083 1399 2116 5.
1422 2084 1460 2108 10.
1485 2092 1534 2119 pro
1558 2092 1611 2108 soc.
1634 2083 1672 2107 17.
1697 2083 1720 2107 2.
1746 2080 1776 2106 fr.
1796 2080 1855 2105 239.
1875 2088 1914 2115 pr.

1073 2124 1105 2151 (16
1125 2124 1156 2151 V.
1177 2124 1204 2151 S.
1228 2127 1268 2151 50.
1296 2126 1334 2151 16.
1376 2126 1498 2152 Servitus
1522 2126 1600 2151 morti
1624 2123 1795 2151 adsiinilatur.
1819 2121 1850 2148 fr.
1873 2123 1914 2148 59.

1073 2168 1094 2200 5.
1114 2170 1138 2194 2.
1159 2167 1191 2193 de
1211 2167 1286 2194 cond.
1307 2173 1333 2195 et
1352 2168 1419 2195 dem.
1439 2170 1480 2195 35.
1503 2170 1524 2194 l.
1554 2168 1610 2194 Gai.
1630 2167 1670 2194 Ill.
1693 2168 1750 2193 153.
1786 2165 1871 2192 Morte
1889 2169 1915 2190 et

1050 2207 1051 2234 1
1073 2210 1230 2237 alienatione
1249 2212 1318 2237 servi
1339 2212 1421 2248 (perit
1434 2211 1544 2243 ususfr.)
1566 2210 1647 2237 vatic.
1664 2211 1685 2244 5.
1700 2212 1741 2236 57.
1766 2208 1828 2237 Res.
1848 2217 1914 2243 quae

1074 2259 1191 2291 tempore
1210 2259 1254 2280 aut
1272 2259 1357 2280 morte
1375 2255 1507 2291 periturae
1526 2258 1595 2280 sunt.
1625 2253 1655 2280 fr.
1675 2255 1699 2279 3.
1723 2263 1760 2289 pr.
1782 2251 1814 2277 de
1833 2250 1912 2276 seriis.

1072 2300 1095 2322 2.
1118 2299 1157 2323 12.
1180 2296 1211 2323 fr.
1233 2298 1289 2323 139.
1310 2307 1348 2334 pr.
1369 2297 1401 2323 (le
1421 2297 1451 2323 R.
1472 2297 1490 2322 1.
1510 2298 1552 2322 50.
1574 2298 1615 2323 17.
1652 2295 1696 2326 Vt.
1716 2295 1747 2322 ad
1766 2292 1913 2320 similitudi-

1073 2350 1132 2366 nein
1151 2341 1252 2372 mortis,
1272 2341 1367 2366 caeteri
1387 2349 1463 2366 casus
1483 2339 1638 2366 admittendi
1655 2340 1719 2365 sint.
1738 2338 1768 2363 fr.
1787 2338 1828 2362 29.
1848 2336 1870 2369 5.
1888 2337 1911 2360 5.

1074 2383 1106 2409 de
1129 2382 1204 2409 liber.
1229 2387 1254 2408 et
1278 2383 1365 2419 posth.
1389 2384 1431 2409 28.
1450 2385 1473 2409 2.
1510 2382 1669 2409 Aniinalium
1694 2390 1781 2409 casuS.
1806 2383 1912 2410 mortes,

1073 2436 1191 2462 quaeque
1211 2425 1254 2458 [al.
1274 2430 1433 2462 mortesque,
1454 2426 1531 2462 quae]
1556 2426 1613 2452 sine
1632 2424 1707 2460 culpa
1727 2422 1856 2453 accidunt,
1875 2421 1913 2448 fu-

1050 2486 1051 2490 «
1073 2479 1118 2505 gae
1138 2478 1273 2495 servorum
1293 2473 1342 2494 etc.
1363 2468 1393 2495 l'r.
1413 2470 1454 2495 23.
1475 2469 1507 2495 de
1526 2468 1557 2495 R.
1577 2468 1595 2494 1.
1609 2470 1650 2493 50.
1667 2469 1705 2492 17.
1722 2466 1753 2492 cs.
1774 2465 1803 2491 fr.
1818 2466 1858 2491 18.
1872 2475 1911 2502 pr.

1074 2511 1200 2538 commod.
1223 2512 1262 2537 13.
1282 2511 1305 2536 6.
1330 2511 1360 2537 fr.
1379 2513 1420 2538 30.
1440 2523 1479 2549 pr.
1499 2513 1531 2539 ad
1550 2512 1579 2538 L.
1600 2510 1669 2536 Fale.
1688 2510 1730 2535 35.
1748 2510 1773 2534 2.
1810 2507 1912 2539 Mortis,

1073 2559 1116 2580 aut
1134 2554 1272 2580 verberum
1292 2558 1385 2580 terror.
1409 2554 1438 2581 l'r.
1459 2557 1482 2581 3.
1502 2556 1523 2588 5.
1546 2556 1567 2580 1.
1588 2553 1617 2579 fr.
1638 2555 1661 2578 4.
1682 2552 1711 2578 [r.
1732 2553 1755 2578 7.
1775 2552 1796 2585 5.
1817 2553 1839 2577 l.
1859 2550 1911 2586 Qu.

1072 2602 1133 2623 met.
1158 2607 1179 2623 c.
1199 2598 1223 2622 4.
1243 2598 1266 2623 2.
1305 2596 1334 2623 Si
1354 2598 1389 2629 is,
1415 2599 1441 2624 in
1466 2607 1541 2633 quem
1565 2595 1773 2621 animadversum
1793 2599 1845 2626 est⁷
1865 2604 1911 2620 sua

1073 2644 1156 2666 morte
1182 2639 1350 2666 decessisset.
1379 2640 1408 2666 fr.
1433 2641 1474 2666 28.
1499 2649 1536 2676 pr.
1562 2638 1594 2664 de
1621 2638 1682 2664 bon.
1711 2637 1797 2664 libert.
1821 2638 1863 2664 38.
1886 2639 1910 2663 2.

1049 2711 1050 2714 Ἴ
1073 2682 1157 2708 Morte
1175 2683 1308 2709 moriatur.
1329 2682 1464 2709 C011.LL.
1484 2682 1516 2708 Μ.
1537 2681 1554 2707 1.
1576 2683 1598 2707 l.
1635 2681 1728 2708 Mortis
1747 2682 1911 2708 consciscen-

1073 2724 1120 2751 dae
1140 2734 1216 2751 causa
1236 2725 1298 2761 quid
1319 2725 1420 2751 secisse.
1441 2724 1470 2750 fr.
1484 2726 1525 2750 23.
1546 2725 1567 2758 5.
1581 2726 1604 2750 3
1625 2724 1658 2751 de
1676 2724 1761 2751 Aedil.
1782 2724 1909 2751 edict-31.

1074 2769 1096 2793 l.
1134 2767 1188 2803 Qui
1211 2767 1326 2794 adhibita
1351 2769 1389 2794 vi.
1419 2772 1445 2793 et
1473 2768 1548 2803 quasi
1571 2777 1662 2801 mauu,
1691 2777 1794 2795 causam
1818 2767 1910 2794 mortis

1072 2810 1245 2847 praebuisset.
1266 2810 1296 2836 sr.
1315 2811 1356 2836 51.
1377 2820 1415 2846 pr.
1437 2809 1468 2836 ad
1488 2809 1517 2836 L.
1537 2810 1606 2847 Aqu.
1626 2813 1649 2838 9.
1668 2813 1694 2838 2.
1714 2811 1745 2838 cf.
1765 2811 1795 2838 fr.
1809 2813 1833 2837 3.
1853 2811 1874 2843 5.
1889 2810 1907 2833 l-
