2197 3121
263 163 328 194 540

265 244 377 271 liberare
403 244 490 277 illum,
510 260 542 264 —
565 250 604 276 et.
632 245 654 271 si
680 244 744 282 quid
767 254 826 271 eum
849 243 912 271 mibi
937 243 999 271 dare
1023 243 1108 271 facere

265 293 384 325 oportet,
404 288 435 313 ab
455 297 486 313 eo
505 298 557 314 non
577 288 688 324 exigere.
713 288 742 314 fr.
765 290 804 315 19.
826 287 857 314 cf.
882 287 912 314 fr.
931 289 972 313 23.
993 287 1026 313 de
1045 287 1109 314 libe-

265 336 312 358 rat.
333 330 380 365 leg.
399 332 441 356 34.
460 332 484 357 3.
522 330 551 357 Si
570 330 605 361 id.
626 331 698 367 quod
716 330 780 357 mibi
799 330 919 362 deberes,
934 346 959 351 -
985 330 1108 361 solveris,

265 373 308 401 vel
327 373 445 409 qualibet
470 373 518 399 alia
538 374 639 400 ratione
659 374 786 400 liberatus
806 385 819 400 a
838 384 878 400 me
898 374 986 400 fueris.
1015 372 1046 399 l‘r.
1065 375 1108 399 21.

264 427 305 454 pr.
324 416 358 442 ib.
372 418 413 452 34.
427 418 451 442 3.
489 416 571 452 Quod
589 427 637 452 ego
657 417 705 444 tibi
724 422 764 443 tot
782 417 899 444 millibus
913 426 943 442 eo
958 416 1064 442 nomine
1077 431 1109 435 —-

265 458 342 485 solvo
362 458 507 495 liberoque,
527 459 577 486 hoc
597 470 655 487 aere
675 471 807 497 aeneaque
825 460 899 486 libra.
920 459 977 485 Gai.
990 458 1034 485 lli.
1052 460 1109 485 174.

265 500 393 528 Similiter
418 501 559 538 legatarius
583 502 708 530 heredem
731 503 823 530 eodem
847 501 926 528 modo
954 501 1049 528 liberat
1077 501 1110 528 (18

264 544 358 581 legato.
380 544 417 570 lb.
438 546 496 571 175.
533 545 626 572 Debiti
645 551 746 583 partem
765 545 829 572 mihi
848 546 870 571 si
889 543 1017 576 solveris,
1040 554 1111 571 acce-

263 592 338 625 ptum
365 587 412 614 tibi
436 587 571 615 residuum
595 588 688 621 seram,
714 594 739 615 et
761 594 786 615 te
806 587 933 614 liberabo.
962 587 993 614 fr.
1011 589 1054 614 41.
1078 586 1111 613 de

263 636 332 668 pact.
352 632 376 657 2.
398 632 438 657 14.
482 630 532 658 Per
560 632 787 669 acceptilationem
815 631 928 657 liberare
955 630 1110 656 debitorem.

264 673 322 701 Gai.
342 673 372 700 Il.
392 675 434 700 155.
459 673 489 701 fr.
509 676 551 702 31.
577 676 598 710 5.
618 677 641 702 4.
667 675 699 701 de
719 685 751 701 m.
772 684 793 701 c.
818 673 905 700 donat.
925 674 967 700 39.
987 674 1011 700 6.
1036 672 1066 699 fr.
1085 674 1110 699 3.

263 716 294 744 fr.
317 719 355 744 13.
380 717 418 751 55.
439 719 462 744 7.
484 720 524 745 10.
549 718 581 745 de
604 717 722 755 acceptil.
742 719 784 744 46.
803 719 827 743 4.
865 716 894 742 Si
914 726 946 743 ex
966 725 1043 742 causa
1062 715 1112 742 suit

263 760 405 796 obligatus,
425 776 457 780 -
477 766 503 787 et
521 765 641 798 tempore
660 760 787 787 liberatus
808 764 856 786 est.
877 759 907 786 fr.
928 760 952 786 8.
972 769 1012 796 pr.
1032 758 1065 785 de
1078 758 1110 785 N.

264 802 296 830 G.
315 805 340 829 3.
359 805 384 830 5.
405 802 437 830 cf.
464 803 493 830 sr.
515 806 554 830 10.
576 814 614 841 pr.
639 805 662 830 si
683 814 725 840 qu.
751 808 828 830 cautt.
848 805 873 829 2.
895 804 934 829 11.
973 802 1049 838 Quae
1068 811 1110 828 res

263 845 354 878 efficit,
375 851 403 872 ut
422 857 435 872 a
455 856 495 873 me
514 847 650 878 liberetur,
671 851 697 873 et
713 847 822 883 incipiat
835 846 883 872 tibi
896 846 987 872 teneri.
1008 844 1065 871 Gai.
1079 844 1109 871 11.

262 890 305 916 38.
327 889 359 915 cf.
380 889 409 915 fr.
432 891 453 915 l.
474 890 495 923 5.
515 892 539 915 2.
560 888 592 915 de
611 890 673 926 stip.
694 899 794 916 servor.
813 891 855 915 45.
875 890 899 915 3.

298 932 505 959 Liberatio.
533 933 564 966 ᾖ.
576 934 610 959 1.
631 934 808 965 Remissio,
828 933 992 959 Exemtio.
1016 930 1035 958 1.
1048 931 1109 965 Sy.

261 975 405 1001 Excusatio
425 974 545 1008 (tutelae,
564 985 585 1002 s.
605 986 619 1001 a
638 975 741 1009 tutela.)
762 974 804 1002 Cf.
824 975 849 1001 h.
864 985 887 1000 v.
908 975 930 1008 5.
943 976 968 1001 2.
988 974 1110 1002 HLCn.

261 1017 406 1044 Potestatis
426 1017 556 1044 liberatio.
582 1017 611 1045 fr.
631 1020 672 1045 50.
692 1019 714 1052 5.
734 1019 758 1045 4.
779 1017 812 1044 (18
830 1017 906 1054 legat.
925 1017 968 1043 111.
988 1017 1056 1050 (32.)
1077 1032 1108 1036 ——

262 1061 293 1094 §.
314 1062 349 1087 2.
375 1061 536 1088 Dimissio
555 1063 724 1088 debitoris.
761 1063 912 1088 Abolitio
941 1062 1052 1087 debiti.
1090 1059 1109 1086 I.

262 1104 324 1138 Sy.
343 1103 486 1131 Absolutio
507 1104 556 1138 (ab
577 1104 669 1131 eodem
688 1104 784 1137 nexu.)
809 1103 850 1130 Cf.
870 1103 894 1129 11.
914 1113 938 1130 v.
958 1104 980 1137 5.
1000 1105 1024 1129 2.
1062 1102 1110 1129 So-

261 1146 336 1173 lutio.
357 1146 387 1173 I'r.
408 1148 449 1173 47.
469 1146 502 1174 de
516 1147 548 1174 V.
568 1146 595 1174 S.
614 1149 656 1174 50.
677 1148 718 1173 16.
754 1146 790 1173 Se
808 1146 930 1178 liberare,
949 1156 970 1172 s.
989 1145 1110 1172 Liberari

261 1189 468 1226 (obligatione.)
510 1189 706 1217 Libet-ationem
731 1190 871 1225 consequi,
899 1199 923 1215 v.
948 1189 1109 1225 contingere.

260 1232 292 1259 fr.
314 1235 353 1259 ll.
379 1233 471 1270 depos.
492 1235 532 1260 16.
551 1236 576 1261 3.
605 1234 636 1260 fr.
655 1235 698 1259 22.
727 1233 748 1267 5.
768 1234 792 1259 8.
817 1233 847 1259 sr.
867 1233 909 1258 47.
933 1232 998 1266 5.1.
1023 1231 1108 1258 mand.

262 1277 302 1302 17.
324 1278 346 1302 l.
366 1276 396 1302 fr.
416 1278 440 1302 3.
461 1276 527 1310 5.1.
547 1276 580 1303 de
599 1286 672 1313 oper.
692 1276 779 1302 libert.
798 1276 841 1302 38.
862 1277 884 1302 1.
921 1274 951 1301 Il.
969 1276 1037 1308 Op.
1058 1274 1109 1301 Ma-

261 1328 324 1345 nere
342 1319 530 1355 obligationem
549 1320 708 1356 (pristinam,
723 1329 746 1345 v.
761 1318 909 1354 integram.)
923 1332 957 1337 -
977 1317 1109 1344 Praestari

261 1361 453 1388 liberationem.
473 1362 504 1388 l'r.
524 1364 565 1388 46.
587 1372 625 1400 pr.
646 1363 668 1396 5
689 1364 710 1388 1.
731 1362 764 1388 (18
782 1362 862 1388 solut.
876 1363 917 1388 46.
931 1363 955 1388 3.
983 1361 1027 1388 III.
1042 1362 1108 1389 Gn.

261 1403 467 1436 Transactione,
490 1405 533 1431 vel
553 1406 708 1437 novatione,
733 1409 778 1431 aut
797 1404 998 1442 acceptilatione
1015 1404 1109 1430 libera-

260 1448 359 1474 tionem
378 1453 520 1485 praestare.
541 1458 562 1474 c.
577 1450 600 1474 8.
621 1448 711 1474 arbitr.
732 1453 780 1474 tut.
800 1451 823 1474 5.
843 1450 885 1474 51.
921 1447 1108 1484 Acceptilatio‚

260 1490 304 1517 vel
322 1490 371 1517 alia
389 1490 520 1517 liberatio.
540 1491 570 1517 fr.
590 1493 614 1517 9.
635 1492 656 1525 5.
676 1492 700 1516 4.
722 1491 774 1526 Qu.
794 1496 855 1517 met.
875 1502 897 1518 c.
917 1493 942 1517 4.
961 1493 986 1517 2.
1017 1490 1109 1516 Omni-

260 1534 310 1560 bus
331 1544 363 1560 ex
381 1535 467 1560 causis
487 1544 537 1561 una
556 1533 722 1571 acceptilatio
743 1538 769 1560 et
788 1533 909 1560 liberatio
929 1534 987 1560 fieri
1006 1538 1106 1570 potest.

261 1576 291 1603 fr.
313 1579 351 1603 15.
371 1587 410 1614 pr.
437 1577 469 1603 de
493 1577 615 1614 acceptil.
639 1578 680 1603 46.
700 1578 725 1603 4.
766 1576 796 1603 Si
820 1576 1021 1614 acceptilatione
1044 1576 1108 1602 libe-

260 1621 326 1646 ratio
346 1621 495 1646 intervenit.
520 1619 550 1646 fr.
570 1622 593 1646 9.
614 1620 636 1654 5.
656 1621 680 1646 7.
706 1620 758 1655 Qu.
783 1625 843 1646 met.
864 1630 885 1646 c.
905 1622 929 1646 4.
948 1621 972 1646 2.
1010 1619 1107 1654 Quam-

259 1664 300 1689 vis
321 1663 391 1689 nulla
411 1662 541 1699 delegatio
562 1662 641 1694 sacta,
670 1672 757 1699 neque
775 1662 897 1689 liberatio
917 1666 1008 1689 secuta
1027 1667 1106 1694 esset,

259 1708 364 1739 (tamen
388 1707 501 1732 nominis
526 1705 672 1743 periculum
697 1705 730 1732 ad
755 1716 809 1732 eam
828 1706 987 1743 pertinere.)
1012 1704 1043 1731 sr.
1063 1706 1105 1731 96.

259 1749 282 1783 5.
302 1751 325 1775 2.
346 1749 378 1776 de
397 1748 477 1775 solut.
496 1751 538 1775 46.
557 1750 582 1775 3.
619 1748 686 1774 Rem
705 1758 754 1785 pro
774 1758 803 1775 re
822 1748 891 1774 solvi
914 1758 1008 1785 posse,
1033 1752 1059 1774 et
1076 1747 1106 1774 li-

259 1792 359 1819 beratio
385 1793 526 1828 contingit,
551 1794 595 1825 (et
612 1792 646 1818 X.
672 1792 698 1817 in
723 1791 811 1817 dotem
836 1794 937 1823 erunt.)
961 1791 992 1818 i'r.
1011 1793 1053 1817 25.
1073 1790 1106 1817 de

260 1836 316 1862 iure
335 1835 388 1862 dot.
408 1837 450 1862 23.
469 1838 494 1862 3.
531 1834 628 1861 Incerti
648 1834 816 1861 condictione
835 1835 974 1870 consequi,
1000 1839 1028 1861 ut
1046 1844 1107 1871 pro-

260 1879 386 1904 missione
404 1878 540 1904 liberetur.
563 1878 594 1905 sr.
613 1879 655 1904 46.
675 1888 714 1915 pr.
734 1877 768 1904 ib.
788 1879 830 1904 23.
849 1878 874 1903 3.
895 1876 926 1903 cf.
947 1877 976 1903 l'r.
996 1878 1020 1904 8.
1040 1877 1061 1911 5
1080 1879 1105 1904 2.

259 1921 292 1947 ad
312 1921 378 1948 S.C.
399 1920 466 1947 Vell.
489 1923 528 1948 16.
550 1923 572 1947 l.
610 1920 641 1947 Si
659 1920 766 1957 quidem
789 1920 853 1947 mibi
872 1919 993 1947 liberatio
1014 1921 1049 1947 sit
1067 1930 1106 1947 re·

259 1963 335 1997 licta,
356 1980 386 1984 —
406 1965 508 2001 possim
527 1974 615 2000 agere,
636 1969 664 1990 ut.
682 1963 780 1990 liberer
800 1973 847 2000 per
867 1963 1104 2000 acceptilationem.

260 2006 291 2034 sr.
311 2009 335 2034 3.
363 2008 385 2042 5.
403 2009 428 2033 3.
454 2007 486 2034 (18
509 2007 611 2034 liberat.
636 2006 685 2043 leg.
704 2008 747 2033 34.
766 2008 790 2033 3.
811 2006 843 2032 cf.
870 2006 902 2033 fr.
920 2008 962 2032 50.
986 2007 1008 2040 5.
1029 2008 1052 2033 6.
1073 2006 1105 2033 de

260 2060 333 2088 oper.
356 2051 440 2078 libert.
459 2052 502 2077 38.
521 2052 546 2077 2.

295 2094 446 2121 Libere.
479 2093 602 2127 (Advh.)
639 2094 755 2120 Libero
783 2094 937 2119 arbitrio.
973 2092 1017 2119 III.
1038 2093 1105 2120 οη.

260 2134 356 2162 Libere
376 2136 537 2173 licenterque
557 2136 719 2170 (inserviant
738 2135 854 2162 culturae
873 2136 1019 2172 agrorum.)
1039 2146 1060 2163 c.
1079 2137 1104 2163 3.

261 2178 294 2205 de
313 2178 392 2205 seriis.
411 2181 435 2205 3.
457 2182 496 2206 12.

296 2222 438 2249 Liberi.
463 2222 507 2256 [cs.
526 2232 550 2248 v.
570 2221 670 2255 Liber]
709 2221 740 2254 ἓ.
758 2223 793 2248 l.
819 2222 913 2254 Nati,
933 2224 1105 2249 cuiuscun-

261 2275 319 2300 que
334 2268 467 2301 gradus.
504 2265 522 2291 1.
537 2266 599 2300 Sy.
619 2263 735 2291 Familia.
756 2263 797 2290 Ct'.
818 2263 843 2290 h.
862 2274 887 2290 v.
907 2265 928 2298 5.
948 2264 1010 2291 2.A.
1036 2264 1104 2291 Filii.

261 2308 303 2335 Cf.
323 2318 347 2335 v.
368 2307 459 2334 Filius.
479 2308 500 2341 5.
520 2310 544 2334 2.
582 2307 651 2339 Filii,
672 2311 791 2344 nepotes,
811 2311 913 2344 neptes,
933 2312 959 2333 et
977 2306 1103 2344 deinceps

260 2351 460 2378 descendentes.
480 2350 509 2376 l'r.
530 2352 570 2376 48.
591 2350 640 2377 sol.
660 2351 770 2376 matrim.
790 2352 831 2377 24.
852 2352 876 2376 3.
896 2350 927 2377 fr.
945 2352 969 2377 3.
989 2350 1011 2383 5.
1026 2352 1048 2376 6.
1070 2350 1102 2377 de

260 2394 360 2430 adsign.
386 2393 472 2420 libert.
495 2395 536 2419 38.
562 2395 584 2418 4.
615 2394 644 2419 1“ι·.
663 2395 723 2419 22⁰.
752 2394 775 2427 5.
794 2395 818 2419 3.
844 2393 876 2419 de
897 2393 927 2420 V.
948 2394 975 2419 S.
1000 2395 1041 2420 50.
1062 2394 1103 2420 16.

261 2437 303 2464 111.
320 2439 386 2465 Gn.
411 2436 568 2467 Parentium.
588 2435 763 2463 liberorumve
784 2438 910 2471 (numero
930 2446 1002 2468 esse,
1022 2446 1046 2463 v.
1066 2435 1103 2462 10-

261 2490 318 2506 cum
338 2481 406 2506 inter
425 2490 454 2506 se
473 2479 619 2511 obtinere.)
640 2479 669 2504 l'r.
689 2482 730 2505 53.
751 2479 783 2506 de
802 2479 834 2506 R.
853 2479 885 2506 N.
905 2481 947 2506 23.
966 2482 990 2505 2.
1016 2479 1057 2506 Cf.
1078 2489 1102 2505 v.

261 2523 367 2550 l'arens.
406 2523 531 2549 Parentes
551 2527 577 2549 et
595 2521 672 2548 liberi
692 2524 842 2559 (utriusque
860 2522 962 2556 sexus.)
982 2537 1014 2541 —
1038 2522 1103 2548 Cae-

261 2568 308 2592 teri
328 2566 453 2603 (adgnati,
472 2565 515 2592 vel
535 2565 659 2602 cognati.)
679 2564 709 2590 sr.
723 2567 764 2590 23.
785 2565 817 2592 (18
836 2565 860 2592 h.
881 2576 923 2602 qu.
943 2570 996 2592 not.
1016 2565 1103 2592 iusam.

260 2611 284 2635 3,
303 2611 327 2635 2.
359 2609 420 2646 le.
440 2608 562 2635 XXVIII.
584 2610 622 2634 10.
659 2607 750 2634 Liberi
774 2613 799 2633 et
817 2614 940 2645 parentes
960 2610 1103 2636 testatoris.

262 2662 345 2688 usque
368 2652 400 2678 ad
425 2653 530 2679 tertium
553 2651 669 2688 gradum.
699 2650 736 2676 lb.
760 2650 853 2677 XVIII.
877 2654 897 2678 1.
925 2651 958 2678 cf.
976 2651 1059 2678 XVII.
1078 2654 1102 2678 2.

262 2694 426 2721 Generaliter
449 2700 571 2732 parentes
597 2699 623 2721 et
651 2694 749 2721 liberos
774 2693 882 2720 Praetor
911 2696 1027 2731 excepit,
1054 2704 1103 2721 nec

261 2737 356 2774 gradus
378 2754 407 2758 -
429 2739 595 2765 enumeravit.
617 2737 647 2764 fr.
669 2739 690 2764 l.
711 2738 733 2771 5.
754 2739 776 2763 1.
797 2736 829 2763 de
848 2736 923 2772 legat.
944 2742 1040 2773 praest.
1059 2739 1102 2764 37.

261 2783 285 2806 5.
324 2779 391 2807 Filii.
411 2780 453 2806 vel
473 2785 591 2818 nepotc-S.
611 2780 654 2807 vel
674 2781 769 2806 caeteri
787 2779 871 2806 liberi.
892 2779 922 2806 fr.
943 2781 964 2805 1.
985 2781 1005 2813 5.
1028 2782 1049 2806 1.
1069 2780 1102 2807 (18

263 2828 362 2850 testam.
377 2828 422 2849 tut.
438 2825 478 2849 26.
498 2827 522 2849 2.
560 2824 622 2850 Sive
641 2825 752 2861 primum
772 2823 879 2860 gradum
898 2822 1040 2849 liberorum
1056 2823 1101 2849 ob-

1094 162 1173 193 LIB.

1152 245 1265 276 tineant,
1290 244 1347 270 sive
1370 244 1527 272 inferiorem.
1559 245 1617 272 Gai.
1637 245 1655 272 1.
1677 248 1718 273 99.
1743 246 1785 274 111.
1805 249 1829 274 2.
1850 248 1881 275 cf.
1907 247 1937 275 fr.
1960 250 1998 275 10.

1154 286 1185 313 de
1204 286 1326 313 Senator.
1342 288 1364 313 l.
1383 289 1407 314 9.
1444 288 1564 315 lutestati
1584 288 1660 315 datur
1674 289 1704 316 B.
1718 289 1746 316 P.
1761 306 1793 310 —
1813 292 1897 327 primo
1916 291 1999 327 gradu

1153 329 1258 362 liberis,
1277 329 1393 356 secundo
1412 330 1536 367 legitimis
1556 331 1699 359 heredibus
1719 338 1768 359 etc.
1796 332 1857 370 le.
1876 333 1998 360 XXVIII.

1155 375 1177 399 7.
1197 382 1237 409 sq.
1274 372 1310 399 Vt
1329 372 1500 400 admittantur
1518 374 1550 401 ad
1564 375 1594 401 Β.
1609 374 1699 407 Pnem,
1719 386 1752 402 ex
1771 375 1862 403 liberis
1881 386 1940 403 esse
1953 386 1999 403 eos

1154 420 1268 453 oportet.
1295 416 1326 442 fr.
1346 417 1370 442 8.
1395 416 1417 449 5.
1439 418 1479 443 12.
1499 416 1532 444 de
1550 418 1580 444 B.
1601 417 1629 444 P.
1651 428 1673 445 c.
1694 423 1710 445 t.
1730 420 1771 445 37.
1791 421 1815 445 4.
1840 418 1870 445 sr.
1890 421 1913 445 5.
1933 420 1954 453 5.
1974 421 1999 446 3.

1155 459 1187 485 de
1206 458 1282 494 legat.
1301 463 1400 496 praest.
1419 460 1461 485 37.
1481 461 1504 486 5.
1529 459 1558 486 fr.
1581 462 1603 486 l.
1629 461 1651 495 5
1671 463 1695 488 5.
1715 461 1746 488 fr.
1766 464 1790 488 5.
1811 472 1849 499 pr.
1869 461 1902 488 de
1921 462 2000 489 Carb.

1156 501 1232 528 edict.
1252 503 1294 528 37.
1316 504 1355 528 10.
1393 502 1424 534 §0
1441 503 1477 529 2.
1498 504 1593 535 Nati,
1611 506 1713 538 primi
1730 507 1903 532 dumtaxat
1921 515 2001 539 gra—

1155 548 1218 572 dus.
1254 544 1273 572 I.
1293 546 1356 580 Sy.
1375 544 1468 577 Pilius,
1488 545 1531 572 vel
1550 545 1611 573 filia.
1632 546 1694 584 ΠΡ.
1713 546 1772 574 XV.
1793 549 1815 573 l.
1835 547 1905 574 XYI.
1927 549 1950 574 1.
1968 547 2000 574 fr.

1156 589 1214 614 141.
1233 587 1264 614 sr.
1284 590 1342 614 148.
1362 598 1402 624 sq.
1423 587 1456 614 de
1475 587 1507 614 V.
1528 588 1555 615 S.
1574 592 1616 616 50.
1637 591 1677 616 16.
1698 589 1924 617 Tl1.C.Y111.13.
1944 600 1965 617 c.
1975 591 2000 617 3.

1156 631 1188 657 de
1207 641 1295 658 revoc.
1315 631 1402 658 donat.
1440 630 1553 657 Liberos
1572 631 1680 659 habens.
1703 632 1788 660 Pater.
1814 632 1871 659 Gai.
1891 632 1921 659 II.
1940 634 2000 659 207.

1155 674 1217 711 le.
1237 674 1255 700 1.
1275 676 1316 701 21.
1354 674 1384 701 11.
1406 676 1473 708 Op.
1501 673 1615 701 Liberos
1635 675 1738 702 habere.
1759 692 1791 696 —
1823 675 1914 702 Orbus
1933 685 2001 702 esse.

1156 718 1212 744 Gai.
1232 717 1263 743 II.
1282 719 1342 744 206.
1361 718 1420 744 286.
1442 716 1502 754 le.
1517 716 1602 744 XXV.
1624 720 1664 745 17.
1701 718 1744 745 III.
1765 720 1832 747 Cn.
1851 718 1955 745 Liberis
1975 723 2002 745 et

1155 761 1270 798 posteris
1290 760 1399 787 alicuius
1420 759 1496 793 (data
1520 761 1697 794 immunitas.)
1721 761 1752 788 fr.
1775 763 1814 789 13.
1834 761 1867 788 (18
1886 772 1956 788 mun.
1975 766 2002 788 et

1155 804 1217 830 hon.
1237 805 1278 829 50.
1298 805 1322 830 4.
1360 803 1426 835 Sibi,
1446 802 1592 839 liberisque
1611 804 1666 830 suis
1686 805 1831 837 (civitatem
1850 804 1882 831 R.
1901 810 2002 842 petere,

1155 857 1179 873 v.
1199 857 1257 873 cum
1276 846 1368 873 liberis
1387 847 1442 872 suis
1463 845 1494 872 ad
1515 847 1647 872 civitatem
1666 846 1697 873 R.
1717 848 1877 884 pervenire.)
1904 847 1961 874 Gai.
1980 847 2000 874 I.

1155 892 1196 916 55.
1216 891 1257 916 95.
1283 889 1345 927 le.
1366 889 1422 915 Vll.
1441 890 1464 914 4.
1501 888 1659 916 Liberorum
1679 900 1765 922 causa,
1786 892 1824 924 (s.
1843 890 2002 917 Liberorum

1153 932 1378 970 procreandorum
1397 933 1482 959 animo
1502 937 1529 959 et
1546 935 1637 963 voto.)
1656 943 1765 960 uxorem
1785 933 1889 961 ducere.
1910 933 2002 961 Gai.L

1153 977 1197 1003 29.
1216 975 1278 1013 le.
1298 975 1340 1002 III.
1360 977 1384 1002 3.
1404 975 1435 1002 fr.
1454 977 1514 1001 220.
1533 975 1556 1008 5.
1575 976 1599 1001 3.
1621 975 1653 1002 de
1671 975 1701 1003 V.
1722 976 1750 1003 S.
1769 978 1811 1003 50.
1834 978 1873 1004 16.
1910 977 2000 1009 Aetas,

1155 1030 1168 1045 a
1192 1029 1242 1056 qua
1268 1018 1311 1045 lex
1336 1018 1436 1045 liberos
1460 1019 1548 1054 exigit.
1580 1017 1641 1055 ΠΡ.
1666 1018 1736 1045 XVI.
1763 1021 1785 1046 1.
1822 1019 1861 1052 Is,
1886 1021 1928 1046 cui
1951 1021 2002 1052 „in

1155 1067 1259 1099 tempus
1278 1061 1445 1088 liberorum⁶⁶
1465 1062 1541 1087 tertia
1559 1071 1621 1098 pars
1640 1061 1733 1088 relicta
1753 1067 1801 1089 est.
1821 1062 1852 1089 fr.
1872 1064 1914 1089 51.
1934 1062 1956 1096 5.
1977 1064 2001 1090 l.

1155 1104 1187 1131 de
1206 1104 1283 1141 legat.
1303 1104 1333 1131 11.
1355 1105 1423 1138 (31.)
1442 1104 1473 1130 fr.
1492 1105 1533 1131 61.
1554 1104 1587 1131 (18
1606 1104 1682 1131 cond.
1702 1109 1728 1131 et
1747 1105 1813 1132 dem.
1826 1107 1869 1132 35.
1885 1107 1908 1132 l.
1932 1105 2002 1132 Cum

1154 1149 1194 1174 vir
1213 1148 1299 1179 uxori,
1319 1148 1360 1179 ..si
1379 1158 1392 1174 a
1410 1146 1502 1173 liberis
1520 1158 1552 1174 ue
1565 1149 1714 1185 nupserit,“
1732 1149 1759 1174 in
1779 1158 1861 1175 annos
1881 1148 2001 1185 singulos

1155 1190 1254 1227 aliquid
1279 1190 1383 1226 legavit.
1415 1190 1446 1216 fr.
1470 1191 1512 1216 62.
1541 1191 1562 1224 5.
1582 1192 1607 1216 2.
1632 1190 1664 1216 de
1684 1190 1759 1217 cond.
1781 1196 1807 1217 et
1826 1191 1893 1218 dem.
1913 1192 1955 1218 35.
1976 1193 1999 1218 l.

1154 1234 1248 1261 Mulier
1267 1249 1299 1253 —-
1323 1234 1457 1265 maritum,
1483 1238 1508 1259 et
1531 1232 1631 1259 liberos
1656 1243 1689 1259 ex
1713 1243 1744 1260 eo
1768 1238 1857 1267 natos,
1882 1235 1943 1260 item
1968 1244 2000 1261 ex

1153 1277 1218 1309 alio,
1241 1276 1353 1303 heredes
1378 1276 1500 1302 instituit.
1533 1275 1563 1302 fr.
1589 1277 1631 1302 19.
1660 1275 1714 1311 Qui
1739 1277 1836 1313 potior.
1853 1278 1896 1303 20.
1916 1278 1940 1302 4.
1966 1275 1999 1303 cf.

1153 1320 1215 1358 le.
1234 1319 1294 1346 XV.
1315 1321 1337 1346 1.
1374 1319 1423 1351 Vt,
1442 1318 1558 1346 divortio
1579 1318 1662 1351 facto,
1682 1323 1773 1345 sextae
1791 1319 1935 1346 liberorum
1955 1329 2000 1346 no-

1152 1365 1222 1390 mine
1247 1364 1432 1389 retinerentur.
1463 1361 1548 1388 Vane.
1573 1362 1593 1396 5
1618 1363 1676 1388 106.
1701 1361 1733 1388 cf.
1764 1361 1825 1399 le.
1846 1361 1890 1388 VI.
1914 1364 1937 1388 9.
1958 1372 1998 1399 sq.

1152 1407 1218 1434 Post
1236 1410 1347 1433 mortem
1366 1415 1440 1432 suam
1459 1406 1485 1431 in
1504 1405 1671 1431 matrimonio
1690 1405 1747 1431 sine
1768 1404 1858 1431 liberis
1876 1404 2000 1432 defuncta

1152 1450 1214 1477 filia.
1235 1449 1265 1476 fr.
1285 1451 1327 1475 40.
1348 1448 1369 1482 5.
1390 1450 1414 1475 3.
1434 1447 1467 1475 de
1486 1452 1554 1485 pact.
1573 1449 1598 1473 2.
1619 1449 1659 1474 14.
1679 1447 1710 1474 sr.
1729 1448 1771 1474 89.
1792 1448 1813 1482 5.
1827 1450 1852 1475 5.
1871 1447 1904 1474 de
1922 1448 2000 1484 legat.

1152 1493 1181 1520 11.
1203 1492 1282 1525 (31.)
1319 1491 1489 1529 Impetratum
1507 1491 1549 1517 ius
1569 1492 1745 1517 communium
1765 1490 1916 1518 liberorum.
1948 1490 1998 1517 Th.

1153 1536 1182 1563 C.
1203 1535 1271 1562 Ylll.
1294 1537 1335 1562 17.
1364 1545 1385 1561 c.
1406 1536 1430 1561 4.
1450 1534 1482 1561 cf.
1511 1544 1532 1561 c.
1554 1536 1576 1562 l.
1606 1544 1627 1560 c.
1647 1535 1670 1560 3.
1699 1533 1732 1561 de
1755 1535 1811 1561 iure
1834 1534 1941 1561 liberor.
1967 1533 1999 1561 cf.

1152 1579 1213 1616 le.
1234 1578 1305 1605 XVI.
1326 1580 1348 1604 1.
1368 1577 1454 1604 Vatic.
1474 1578 1496 1611 5.
1517 1579 1576 1604 170.
1614 1576 1721 1609 Trium,
1740 1586 1765 1604 v.
1786 1577 1915 1612 Quatuor,
1935 1576 2000 1603 libe-

1151 1632 1240 1648 rorum
1259 1622 1300 1647 ius
1320 1621 1424 1647 habere.
1449 1620 1506 1647 Gai.
1526 1620 1568 1647 III.
1588 1622 1630 1646 44.
1649 1621 1691 1646 46.
1712 1630 1751 1656 sq.
1775 1618 1836 1657 le.
1856 1619 1954 1647 XXVI.
1973 1621 1998 1647 8.

1150 1665 1248 1691 XXIX.
1267 1666 1292 1690 3.
1313 1666 1336 1690 5.
1357 1663 1429 1690 Paul.
1449 1662 1493 1690 lv.
1514 1665 1537 1690 9.
1557 1663 1632 1697 551.
1653 1673 1711 1699 sqq.
1751 1662 1805 1698 Qui
1823 1663 1849 1689 in
1869 1673 1900 1690 eo
1920 1668 1999 1690 testa-

1150 1712 1238 1734 mento
1263 1707 1363 1733 liberos
1388 1706 1492 1733 habent.
1518 1705 1574 1732 Gai.
1594 1705 1625 1732 11.
1644 1707 1704 1732 206.
1740 1705 1846 1732 Liberis
1871 1706 1999 1743 consequi

1150 1751 1210 1782 (ius
1231 1750 1401 1785 Quiritium.)
1431 1749 1491 1786 Ylp.
1512 1749 1554 1775 111.
1573 1750 1598 1775 3.
1619 1758 1659 1785 sq.
1680 1764 1712 1768 —-
1741 1749 1772 1783 §-
1792 1750 1830 1775 3.
1853 1751 1999 1782 Quicun-

1151 1804 1207 1828 que
1236 1795 1268 1819 in
1296 1794 1488 1828 patrissant.
1516 1798 1682 1826 potestate
1708 1793 1888 1819 constituti
1915 1798 1997 1819 suut.

1150 1836 1168 1862 1.
1189 1837 1250 1870 Sy.
1271 1835 1332 1862 Filii
1351 1837 1390 1869 (in
1410 1840 1542 1873 potestate
1561 1835 1720 1872 parentum.)
1745 1834 1835 1861 Liberi
1855 1835 1895 1868 (in
1915 1835 1998 1862 sacris

1150 1879 1310 1912 constituti.)
1337 1878 1395 1905 Gai.
1414 1878 1433 1904 1.
1453 1880 1494 1904 55.
1514 1877 1564 1904 Tb.
1585 1877 1616 1904 C.
1637 1877 1704 1904 VIII.
1725 1879 1765 1904 18.
1786 1888 1807 1904 c.
1829 1879 1852 1904 l.
1871 1888 1911 1915 pr.
1930 1878 1952 1912 5.
1973 1879 1996 1904 l.

1150 1922 1183 1949 de
1202 1927 1309 1949 matcrn.
1330 1922 1391 1948 bon.
1429 1921 1460 1948 Il.
1481 1923 1549 1955 ΟΡ.
1581 1920 1635 1956 Qui
1661 1931 1694 1947 ex
1713 1920 1806 1946 liberis
1826 1925 1874 1947 est.
1894 1937 1926 1942 —
1945 1920 1997 1947 Ex-

1150 1971 1265 1992 traneus.
1285 1964 1327 1992 Cf.
1340 1975 1364 1991 v.
1378 1965 1536 1991 Extraneus.
1556 1964 1578 1998 5.
1596 1965 1621 1990 3.
1659 1963 1743 1990 Filius
1763 1964 1790 1990 in
1809 1967 1948 2000 potestate.
1961 1977 1996 1982 —

1151 2008 1278 2035 Caeterae
1303 2007 1447 2034 liberorum
1470 2017 1608 2044 personae.
1641 2006 1698 2033 Gai.
1724 2006 1755 2032 Il.
1781 2007 1838 2032 123.
1861 2015 1901 2042 sq.
1932 2004 1995 2043 le.

1148 2051 1232 2078 XXII.
1255 2052 1295 2077 14.
1316 2052 1356 2077 16.
1377 2060 1417 2087 sq.
1436 2052 1478 2076 20.
1497 2051 1540 2076 24.
1560 2049 1630 2076 Coll.
1650 2048 1703 2075 LL.
1723 2049 1756 2076 M.
1776 2047 1847 2075 XVI.
1867 2050 1891 2075 2.
1911 2048 1943 2075 ef.
1963 2048 1995 2076 fr.

1149 2096 1172 2121 9.
1193 2095 1270 2128 5.13.
1291 2093 1323 2120 de
1342 2103 1419 2130 poen.
1435 2094 1476 2119 48.
1496 2094 1536 2118 19.
1573 2091 1617 2117 111.
1634 2093 1700 2119 Gn.
1720 2091 1819 2122 Liberi,
1840 2092 1884 2127 qui
1903 2092 1929 2117 in
1949 2101 1996 2129 po-

1149 2142 1245 2164 testate
1265 2141 1349 2169 sunt„
1365 2136 1514 2172 caeterique
1533 2135 1578 2171 qui
1597 2134 1741 2161 liberorum
1764 2134 1824 2160 loco
1843 2139 1912 2160 sunt.
1933 2134 1994 2172 le.

1149 2179 1246 2206 XXVI.
1263 2181 1285 2205 l.
1314 2178 1406 2215 Neque
1426 2187 1535 2204 uxorem
1554 2177 1651 2204 babere
1669 2177 1762 2209 videri,
1782 2187 1868 2213 neque
1887 2176 1995 2204 liberos.

1150 2223 1206 2250 Gai.
1226 2222 1245 2249 I.
1265 2223 1307 2248 64.
1345 2221 1374 2248 Si
1394 2222 1454 2258 quis
1476 2220 1619 2247 liberorum
1642 2225 1807 2251 nostrorum,
1834 2221 1878 2256 qui
1902 2221 1929 2246 in
1948 2230 1995 2258 po-

1149 2271 1244 2293 testate
1258 2270 1347 2292 nostra
1361 2269 1431 2295 sunt,
1450 2265 1507 2290 sive
1520 2265 1596 2290 etiam
1610 2273 1685 2294 uxor,
1699 2262 1741 2289 vel
1755 2268 1906 2290 auctoratus
1920 2273 1994 2290 meus

1149 2309 1310 2346 (subreptus
1330 2307 1435 2340 suerit.)
1463 2307 1500 2333 lb.
1519 2306 1561 2333 111.
1588 2307 1644 2332 199.
1667 2307 1727 2331 221.
1747 2315 1789 2342 sq.
1825 2305 1918 2343 Neque
1942 2306 1994 2333 sibi

1148 2353 1188 2378 ius
1209 2352 1297 2379 dicere
1317 2350 1409 2382 debet,
1433 2360 1517 2386 neque
1536 2349 1625 2376 uxori.
1645 2348 1686 2374 vel
1708 2348 1798 2375 liberis
1817 2350 1888 2382 suis,
1907 2359 1994 2386 neque

1148 2395 1264 2427 libertis,
1289 2394 1333 2421 vel
1352 2394 1461 2420 caeteris
1482 2401 1548 2428 quos
1567 2401 1656 2417 secum
1677 2392 1763 2418 babet.
1789 2392 1819 2419 sr.
1841 2394 1881 2419 10.
1905 2392 1938 2419 (18
1956 2393 1994 2420 iu-

1148 2438 1211 2465 risd.
1232 2441 1256 2464 2.
1278 2439 1300 2464 1.
1337 2436 1528 2466 manumittere,
1548 2444 1569 2461 S.
1589 2434 1769 2472 Emancipare,
1790 2434 1896 2462 liberos.
1917 2435 1947 2462 fr.
1967 2437 1992 2462 2.

1148 2492 1188 2519 pr.
1212 2481 1245 2508 (18
1269 2480 1312 2507 off.
1336 2479 1412 2506 Proc.
1438 2483 1464 2504 ct
1489 2477 1551 2513 Leg.
1577 2479 1599 2504 l,
1626 2480 1666 2504 16.
1692 2478 1749 2505 Gai.
1769 2477 1787 2505 1.
1808 2479 1866 2504 163.
1902 2477 1992 2505 Liberi

1149 2525 1234 2561 capite
1253 2523 1353 2550 minuti.
1373 2522 1404 2548 sr.
1424 2523 1447 2547 4.
1467 2522 1489 2547 si
1511 2521 1561 2547 tab.
1582 2525 1684 2548 testam.
1704 2520 1769 2547 null.
1788 2521 1830 2546 38.
1850 2521 1875 2547 6.

1183 2567 1352 2594 Ιιίὺθῐΐει.
1389 2563 1431 2591 Cf.
1451 2574 1475 2590 v.
1494 2563 1627 2590 Libertus.

1183 2610 1371 2636 Libertas.
1417 2607 1448 2639 §.
1474 2607 1508 2633 l.
1540 2607 1724 2633 Arbitrium
1748 2607 1896 2632 liberum.
1927 2606 1989 2632 Fa-

1147 2654 1256 2679 cultas
1275 2652 1470 2678 arbitraria.
1509 2649 1527 2676 I.
1547 2651 1609 2684 Sy.
1630 2648 1738 2675 Laxitas
1757 2648 1917 2682 (naturalis.)
1945 2646 1988 2674 Cf.

1148 2694 1172 2720 b.
1192 2704 1216 2720 v.
1238 2693 1303 2727 5.1.
1340 2692 1370 2718 11.
1392 2694 1459 2726 ΟΡ.
1480 2692 1608 2719 Trutinae
1626 2692 1758 2723 examine,
1782 2701 1835 2718 non
1854 2689 1989 2717 oculorum

1147 2736 1276 2767 libertate,
1297 2737 1449 2772 (quaeratur
1468 2735 1594 2773 pondus.)
1615 2734 1664 2761 Th.
1677 2734 1707 2761 C.
1721 2733 1793 2760 XIV.
1806 2736 1830 2760 4.
1851 2743 1871 2759 c.
1885 2733 1908 2758 4.
1928 2733 1950 2766 5.
1963 2734 1987 2759 2.

1146 2779 1179 2806 de
1198 2789 1266 2805 suar.
1287 2794 1318 2798 -—
1343 2779 1374 2812 ξ.
1396 2780 1431 2805 ².
1453 2780 1610 2805 conditio
1630 2779 1730 2804 liberi
1747 2777 1895 2803 hominis.
1927 2776 1989 2802 Ab·

1145 2823 1253 2848 sentia
1271 2823 1456 2848 servitutis.
1494 2820 1513 2847 Ι.
1530 2822 1592 2855 Sy.
1612 2819 1663 2847 Pro
1683 2819 1768 2847 libero
1787 2828 1815 2845 se
1828 2827 1930 2853 genere.
1959 2817 1987 2844 In
