2197 3121
255 184 318 214 936

1075 177 1162 209 SUS.

256 265 392 302 Recipere.
421 265 463 291 Cl'.
484 264 507 290 11.
528 274 550 290 v.
578 264 598 289 5.
619 265 643 289 4.
669 243 776 289 ¹Celare.
801 261 843 288 Cf.
863 261 888 287 h.
908 271 933 288 v.
962 261 1100 298 Accipere.
1121 264 1123 285 l
1146 261 1216 287 vitae
1234 260 1370 297 suscipiet.
1391 259 1441 286 Th.
1462 260 1493 287 C.
1513 260 1531 288 1.
1554 262 1575 288 1.
1596 272 1616 288 c.
1632 264 1656 287 5.
1672 261 1775 295 (ch.)
1794 262 1827 288 de
1847 268 1930 289 const.
1948 262 1989 289 Pr.

577 278 588 297 tt

257 308 299 335 Cf.
320 308 344 334 11.
364 318 388 333 v.
416 308 438 342 5.
465 311 489 333 4.
532 306 574 332 111.
599 307 666 333 Cn.
695 305 868 332 Desertorem
891 314 953 340 agro
979 308 1101 340 tectoque

257 352 407 388 suscipere,
432 355 508 386 atque
532 348 601 386 apud
626 358 655 374 sc
677 347 723 374 diu
742 348 795 385 pati
815 347 977 373 delitescere.
999 346 1048 373 Th.
1069 346 1101 373 C.

261 394 315 421 Vll.
336 395 375 420 1³.
402 404 422 419 c.
441 395 465 418 5.
491 392 523 418 de
547 391 675 418 desertor.
703 390 733 417 sr.
753 392 777 416 5.
798 389 830 416 ad
848 389 878 416 L.
899 389 960 416 fab.
981 389 1014 416 de
1033 389 1102 427 plag.
1124 404 1125 412 1

258 439 300 464 48.
322 439 361 462 15.
398 436 451 461 Eos
471 434 568 461 milites
590 451 620 455 —
641 444 688 471 per
706 435 778 460 vices
797 433 828 459 ab
853 433 975 459 omnibus
994 449 1026 453 —
1046 443 1102 460 sus·
1124 440 1125 448 ¹

259 481 312 517 cipi
331 483 442 516 oportet.
467 477 497 504 fr.
516 479 540 504 3.
561 478 582 512 5.
605 478 644 503 13.
665 476 698 503 dc
717 486 787 503 mun.
807 482 832 503 ct
852 476 912 503 hon.
931 478 973 503 50.
993 478 1017 502 4.
1049 476 1103 511 Qui

259 522 379 550 mercede
397 520 525 547 servanda
541 537 571 541 --
592 520 751 557 suscipiunt.
771 519 801 546 fr.
815 522 839 546 3.
859 520 881 553 5.
895 522 919 546 5.
940 518 973 545 de
992 519 1036 545 oss.
1051 518 1102 545 Prt.
1125 522 1126 525 ’

259 566 333 601 Vigg.
356 566 377 591 1.
399 566 438 590 15.
459 562 491 589 cf.
516 563 546 590 fr.
566 566 608 590 22.
633 562 663 589 fr.
682 565 724 589 24.
750 562 842 600 depos.
864 564 903 588 16.
922 563 946 588 3.
985 562 1038 597 Qui
1062 561 1106 588 de-
1126 574 1127 581 .

260 610 384 646 positum,
404 617 428 633 v.
450 606 652 638 commodatum,
672 607 800 643 suscepit.
822 605 852 631 fr.
872 607 896 631 5.
916 615 955 642 pr.
975 604 1010 631 ib.
1027 605 1066 631 16.
1079 607 1104 631 3.

261 653 290 678 t'r.
305 655 329 677 ὃ.
349 651 371 685 5.
385 652 409 677 3.
430 649 462 676 de
482 659 581 687 precar.
594 651 635 676 43.
648 651 691 676 26.
728 647 865 684 Quidquid
885 658 916 674 cx
935 647 1058 674 incendio
1073 663 1105 667 --
1127 654 1128 657 ’

260 699 378 732 raptum.
405 698 572 729 susceptum,
597 701 804 729 suppressumve
824 690 909 718 fuerit.
937 690 1010 717 Paul.
1030 690 1062 717 V.
1081 692 1104 717 3.

261 738 283 771 5.
303 739 327 763 2.
349 753 379 756 —
400 736 431 769 ᾖ.
446 737 535 762 3.Α.
560 737 596 763 111
614 736 801 771 familiam,
827 744 848 760 v.
870 736 1004 765 dentum,
1024 735 1106 760 reci-

259 790 341 815 pere.
379 778 421 805 111.
443 780 509 806 Gn.
529 778 558 805 Si
578 788 687 805 uxorem
706 787 758 804 uon
779 776 901 809 duxeris,
921 778 944 803 si
963 777 1034 803 filios
1054 786 1107 803 non

261 823 419 860 susceperis.
440 821 512 848 Paul.
527 821 569 847 111.
589 821 642 847 413.
662 821 684 854 5.
703 822 728 846 2.
766 819 795 846 Si
814 830 889 850 uxor,
906 835 932 839 —
949 819 993 846 alii
1012 829 1108 856 nupse-

262 867 308 898 rit,
333 870 358 892 et
378 865 458 891 liliam
478 865 632 901 susceperit.
657 863 687 890 fr.
710 865 749 889 12.
773 863 795 897 5.
814 864 838 889 3.
863 862 894 889 fr.
912 865 955 889 25.
974 862 1006 889 de
1025 862 1056 889 R.
1074 862 1106 889 N.

261 911 304 936 23.
324 911 349 935 2.
370 908 420 934 Th.
435 907 466 934 C.
481 907 538 933 Ml.
554 910 575 933 1.
596 917 616 933 c.
637 908 678 933 93.
699 905 730 932 de
751 905 884 932 decurion.
922 905 951 932 Si
971 907 1031 942 quis
1051 915 1108 932 sus-

263 953 363 989 ceperit
377 949 482 988 quidem
496 950 587 982 tilium,
601 959 692 976 verum
706 950 782 975 vivus
797 950 921 975 amiserit.
942 948 972 975 fr.
987 950 1026 974 l7.
1046 949 1068 982 5.
1083 950 1105 974 7.

262 995 294 1022 ad
314 994 379 1021 S.C.
401 993 480 1020 Treb.
499 994 540 1019 36.
564 995 585 1019 1.
624 992 742 1029 'Nepotes
767 1002 799 1018 ex
825 991 875 1018 alio
900 992 955 1018 filio
979 992 1106 1028 suscepti.

262 1037 334 1065 Coll.
359 1035 410 1062 LL.
436 1035 468 1062 Μ.
495 1035 566 1062 XVI.
592 1037 616 1061 3.
655 1034 769 1070 Quidam
797 1045 855 1062 cum
883 1034 966 1061 filium
994 1034 1107 1060 alienum

262 1081 424 1117 susciperet.
449 1078 562 1104 tradenti
586 1079 744 1115 promiserat
763 1082 811 1104 etc.
835 1077 866 1104 fr.
888 1079 944 1104 132.
964 1088 1003 1115 pr.
1023 1077 1055 1103 de
1075 1075 1107 1102 V.
1129 1072 1131 1117 Ξ

263 1124 297 1151 Ο.
311 1125 353 1150 45.
368 1124 390 1148 1.
420 1121 513 1148 Partus
528 1126 668 1158 susceptos
681 1137 711 1140 —
725 1120 907 1158 praestandos.
928 1120 958 1147 fr.
970 1122 1010 1146 77.
1030 1121 1107 1154 §.17.
1129 1120 1131 1126 ¹

264 1167 297 1194 de
321 1166 396 1203 legat.
421 1164 452 1191 11.
477 1165 552 1196 (31.)
579 1180 609 1184 -—-
635 1165 666 1197 ᾖ.
690 1165 728 1190 3.
745 1165 789 1190 B.
819 1165 854 1190 111
879 1165 1108 1197 patrocinium
1130 1154 1131 1180 1

263 1219 354 1237 suum
377 1210 527 1242 recipere.
565 1206 609 1233 111.
630 1208 695 1234 Cn.
720 1206 864 1242 Suscipere
882 1206 1001 1243 plebem,
1022 1210 1048 1232 et
1067 1205 1110 1231 ad-

264 1262 358 1279 versus
378 1251 510 1289 publicam
529 1249 696 1287 disciplinam
716 1248 865 1275 defendere..
886 1248 935 1275 Th.
956 1249 987 1275 C.
1008 1248 1052 1275 lx.
1067 1249 1108 1274 33.
1130 1256 1131 1260 ’

265 1306 286 1322 c.
310 1297 331 1321 l.
352 1294 384 1321 de
404 1294 428 1320 11.
454 1294 498 1330 qui
517 1292 587 1330 pleb.
608 1291 650 1318 Cf.
670 1291 715 1318 XI.
737 1294 778 1318 24.
805 1302 825 1318 e..
845 1294 870 1318 3.
891 1302 931 1329 sq.
957 1291 990 1318 de
1009 1296 1108 1328 patroc.

264 1340 314 1365 vic.
337 1337 444 1364 Patroni
466 1345 601 1363 causarum
621 1334 744 1361 monendi
764 1340 833 1364 sunt.
854 1346 885 1361 118
905 1340 1028 1372 respectu
1042 1345 1109 1361 com-
1131 1331 1132 1356 ἶ

265 1381 354 1419 pendii
374 1381 482 1406 feminas
497 1393 529 1397 —-
550 1383 647 1404 temere
667 1379 820 1414 suscipiant.
841 1378 876 1404 lb.
892 1378 936 1405 lx.
953 1380 975 1404 l.
995 1388 1016 1404 c.
1034 1380 1058 1404 3.
1078 1377 1110 1404 de
1131 1371 1133 1406 i

265 1434 352 1452 accus.
373 1439 405 1443 ——
434 1423 465 1456 §-
488 1423 526 1448 4.
551 1423 681 1452 Subit-e,
702 1423 877 1447 Sustiuere.
914 1421 932 1448 I.
953 1423 1015 1456 Sy.
1034 1419 1132 1448 Exci-l

265 1478 336 1506 pere.
357 1466 398 1493 Cf.
418 1465 441 1491 li.
462 1475 486 1491 v.
506 1465 528 1498 5.
544 1466 567 1490 3.
588 1463 725 1500 Recipere.
746 1462 787 1490 cf.
807 1464 831 1490 h.
852 1474 875 1490 v.
895 1465 934 1499 55.
953 1467 976 1491 5.
996 1466 1020 1491 6.
1058 1464 1111 1491 Ad·
1131 1463 1133 1496 ξ

265 1520 393 1547 gnoscere
412 1506 613 1541 (hereditatem,
634 1516 657 1532 v.
677 1506 828 1539 iudicium.)
848 1507 878 1534 fr.
897 1510 939 1534 57.
959 1518 998 1545 pr.
1019 1507 1048 1534 l'r.
1068 1508 1109 1533 85.
1132 1502 1133 1507 ¹

266 1554 299 1581 de
318 1554 349 1580 A.
370 1562 393 1577 V.
414 1551 446 1577 0.
467 1549 497 1576 11.
517 1551 558 1576 29.
583 1551 608 1576 2.
632 1548 663 1575 sr.
686 1550 723 1575 13.
749 1550 772 1583 5.
792 1551 816 1576 3.
841 1550 873 1576 de
898 1556 980 1577 vacat.
1006 1555 1032 1577 81.
1055 1560 1110 1577 exc.

265 1599 308 1622 50.
327 1598 351 1621 5.
383 1594 414 1621 ll.
430 1595 497 1628 Op.
516 1592 649 1619 Recusare
669 1596 748 1625 (onus
763 1592 953 1629 obligationis.)
972 1593 1003 1620 l'r.
1017 1595 1058 1619 67.
1079 1593 1111 1620 de
1132 1586 1133 1606 3

266 1648 372 1677 procur.
391 1639 416 1664 3.
435 1639 459 1663 3.
497 1636 641 1662 Remittere
661 1635 875 1668 (iusiurandum.)
899 1636 928 1663 11.
949 1638 972 1663 6.
993 1636 1025 1662 (18
1046 1637 1111 1663 iure-

267 1725 299 1752 ab
318 1725 438 1760 Augusto
459 1722 621 1754 consulatus,
641 1722 767 1748 honorem
781 1723 926 1759 suscipere.
947 1722 976 1748 sr.
989 1725 1014 1749 2.
1034 1723 1056 1756 5.
1070 1724 1111 1749 47.

268 1768 301 1795 de
319 1767 352 1794 Ο.
372 1767 390 1793 l.
412 1769 433 1793 l.
454 1768 478 1792 2.
516 1765 641 1802 Suscepti
661 1764 711 1798 [al.
732 1766 866 1802 suspecti]
893 1764 1002 1791 honoris
1022 1781 1054 1785 —-
1075 1767 1112 1792 iu·

269 1815 406 1838 crementa.
428 1809 478 1836 Th.
493 1808 523 1835 C.
537 1808 606 1835 Xlll.
620 1810 643 1834 3.
665 1818 686 1835 c.
702 1810 740 1834 12.
761 1807 793 1834 (le
813 1807 905 1834 medic.
926 1813 950 1834 et
970 1808 1036 1846 prof.
1062 1808 1113 1835 Co-

269 1855 338 1891 piam
357 1854 398 1879 sui
418 1852 518 1884 tacere,
540 1856 565 1878 et
584 1851 615 1878 ad
634 1850 833 1888 suscipiendum
852 1850 976 1877 iudicium
995 1857 1113 1888 paratum

270 1906 337 1923 csse.
364 1896 394 1922 fr.
413 1898 436 1921 5.
462 1895 483 1928 5.
503 1897 526 1921 3.
552 1895 603 1930 Qu.
623 1904 656 1921 ex
676 1904 696 1921 c.
722 1895 747 1920 in
772 1903 843 1930 POSS.
864 1895 904 1920 42.
925 1895 948 1920 4.
974 1894 1014 1921 Cf.
1041 1895 1069 1922 sr.
1090 1897 1113 1922 7.

270 1941 292 1974 5.
309 1941 330 1965 l.
351 1938 383 1965 de
403 1938 490 1964 liercd.
511 1943 563 1975 pet.
582 1941 606 1964 5.
625 1939 649 1964 3.
689 1936 779 1963 Vtrum
799 1937 890 1963 malint
908 1938 959 1974 ipsi
979 1939 1114 1975 suscipere

271 1982 408 2013 iudicium,
437 1991 468 2007 an
497 1980 626 2017 pupillum
651 1979 782 2006 exhibere.
812 1980 842 2006 l'r.
864 1982 886 2006 l.
913 1980 951 2014 55.
971 1982 994 2006 2.
1016 1991 1056 2017 sq.
1082 1981 1114 2007 de

272 2025 338 2052 adm.
359 2030 384 2051 et
404 2025 484 2061 peric.
495 2025 536 2049 26.
557 2025 580 2049 7.

273 2067 314 2094 vel
334 2067 478 2104 suscipere.
499 2066 529 2093 11.
543 2068 566 2092 8.
586 2066 608 2099 5.
623 2068 647 2092 2.
668 2065 700 2092 dc
720 2076 823 2103 procur.
837 2068 861 2092 3.
875 2068 899 2092 3.
913 2066 944 2092 cf.
965 2066 995 2093 fr.
1009 2068 1033 2093 3.
1054 2067 1076 2101 5.
1090 2070 1113 2093 ὅ.

273 2111 306 2137 de
325 2111 385 2136 bon.
405 2119 458 2136 eor.
480 2110 524 2145 qui
543 2119 564 2135 a.
585 2114 651 2134 sent.
672 2110 712 2134 45.
731 2111 772 2135 21.
796 2108 867 2135 Paul.
888 2108 918 2135 V.
941 2111 961 2135 1.
981 2110 1003 2143 5.
1023 2112 1046 2136 5.
1085 2110 1115 2136 Si

274 2153 392 2190 suscepit
411 2153 539 2178 actionem
558 2151 764 2182 fideicommissi,
785 2157 811 2177 et.
830 2167 862 2171 ——
882 2151 948 2178 hanc
967 2153 1064 2179 omisit.
1084 2153 1113 2179 fr.

274 2199 315 2222 52¹..
335 2205 374 2232 pr.
395 2194 427 2221 de
446 2194 524 2221 iudic.
543 2197 567 2220 5.
589 2196 611 2221 1.
649 2195 703 2229 Qui
730 2204 761 2220 ex
785 2194 906 2231 pluribus
932 2196 1063 2222 tutoribus
1082 2212 1114 2216 -—

276 2239 350 2266 solus
374 2238 624 2264 administrationem
647 2238 773 2274 suscepit.
799 2237 829 2263 tr.
849 2239 889 2263 53.
914 2238 927 2270 5
955 2240 978 2263 -3.
1004 2238 1035 2264 tle
1055 2239 1115 2265 furt.

275 2285 317 2309 47.
335 2284 358 2308 2.
388 2281 482 2307 Vocari
503 2280 533 2306 ad
554 2279 751 2316 suscipiendum
770 2280 886 2306 osticium
906 2280 1009 2306 tutelae.
1031 2282 1060 2308 l'r.
1077 2284 1115 2308 17.

276 2326 298 2358 5.
313 2327 336 2350 5.
358 2324 390 2351 de
410 2328 524 2350 excusat.
541 2325 582 2349 27.
599 2325 620 2349 1.
642 2322 724 2349 latio.
745 2323 766 2356 5.
784 2324 839 2349 153.
878 2322 980 2349 Liberis
1002 2324 1116 2357 tutelam,
1137 2314 1139 2344 1

278 2378 353 2404 quam
377 2371 471 2404 sponte
495 2366 648 2402 suscepisti,
674 2365 778 2403 praebe.
808 2365 843 2392 lb.
864 2366 964 2399 5151.
1003 2368 1116 2403 Operam

278 2421 346 2437 susc.
373 2410 461 2445 gratis.
488 2409 516 2435 11.
537 2412 578 2434 22.
598 2408 630 2434 de
650 2418 764 2444 praescr.
784 2419 825 2435 vv.
848 2410 886 2435 19.
906 2410 929 2434 5.
967 2408 1117 2435 Voluntatis

278 2458 319 2479 est
331 2445 465 2489 suscipere
479 2451 634 2478 mandatum.
649 2452 814 2477 necessitatis
828 2462 1015 2478 consummare.
1036 2452 1064 2478 l'r.
1078 2454 1117 2478 17.

278 2497 299 2529 5.
319 2498 343 2521 3.
364 2495 392 2521 l‘r.
412 2497 452 2521 22.
472 2495 494 2528 5
517 2496 554 2520 ll.
575 2493 660 2520 mand.
682 2495 721 2519 17.
744 2495 764 2519 l.
803 2494 861 2521 Non
886 2505 944 2521 esse
964 2495 1030 2521 duos
1050 2505 1118 2527 reim,

279 2550 291 2563 a
312 2538 408 2574 quibus
427 2539 510 2574 impar
534 2542 656 2574 suscepta
681 2541 721 2562 est
746 2536 878 2570 obligatio.
904 2538 933 2564 l'r.
953 2540 977 2565 9.
1001 2538 1022 2571 5.
1046 2540 1066 2564 l.
1087 2538 1119 2564 dc

280 2580 358 2606 duob.
373 2581 431 2606 reis.
447 2582 524 2606 -15.2.
562 2579 593 2606 111
615 2590 698 2616 neque
718 2578 748 2605 ad
769 2584 950 2607 testamentum
964 2581 1118 2611 faciendum,

280 2633 363 2658 neque
383 2623 413 2649 ad
434 2633 475 2649 res
495 2624 606 2659 mancipi
621 2622 779 2649 alienandus.
802 2632 885 2658 neque
903 2623 933 2649 ad
947 2623 1119 2659 obligationes
1140 2618 1141 2621 ¹

281 2665 462 2701 suscipiendas
488 2671 608 2692 auctores
633 2666 689 2692 lieri
714 2670 849 2701 coguntur.
875 2666 932 2692 Gai.
957 2666 974 2692 1.
998 2668 1053 2693 192.
1091 2666 1120 2693 Si

281 2707 374 2733 mulier
393 2708 563 2735 hereditatem
583 2708 692 2735 alieuius
713 2708 801 2736 adeat.
822 2713 849 2734 ut
868 2718 912 2733 aes
932 2708 1044 2735 alienum
1064 2711 1119 2736 eius

281 2750 416 2786 suscipiat.
436 2751 465 2776 l‘r.
484 2753 526 2777 32.
546 2761 584 2788 pr.
605 2751 636 2777 ad
656 2751 722 2777 S.(.'.
744 2750 811 2777 vell.
833 2752 872 2777 16.
894 2753 915 2776 1.
935 2751 992 2777 (jai.
1013 2751 1042 2778 ll.
1065 2753 1119 2778 167.

282 2793 336 2828 Qui
355 2792 433 2818 iidem
453 2795 554 2820 tacitam
573 2799 754 2831 susceperunt.
775 2794 804 2820 [ι’.
821 2795 859 2820 13.
879 2794 900 2827 5.
916 2795 938 2820 7.
958 2793 988 2819 l'r.
1002 2795 1042 2820 46.
1063 2795 1119 2828 5.1.

283 2836 315 2861 de
333 2836 389 2861 iure
408 2835 473 2861 lisci.
487 2837 526 2861 49.
550 2838 589 2863 14.
626 2836 702 2863 Alter
721 2838 770 2869 (sc.
785 2836 881 2869 codex)
894 2850 925 2855 -
946 2838 1121 2873 magisterium

618 2023 791 2049 Communem
811 2032 914 2049 causam
929 2039 960 2042 —
980 2025 1114 2060 persequi,
1135 2017 1136 2022 ¹

1146 303 1174 330 In
1195 303 1316 329 omnibus
1337 319 1366 323 —
1388 303 1614 339 subsignationem
1634 304 1797 332 facultatium
1812 321 1843 324 —
1864 307 1991 343 suscipiat

1147 347 1333 382 (inquisitor.)
1362 345 1398 372 lb.
1418 345 1488 372 Xlll.
1509 348 1549 373 11.
1579 357 1600 374 c.
1620 349 1643 373 5.
1669 348 1690 381 5.
1712 349 1734 374 l.
1759 347 1792 374 de
1815 349 1939 375 censitor.
1959 365 1991 369 -

1147 390 1178 423 §.
1195 390 1232 416 5.
1259 390 1450 423 Concipere,
1474 390 1680 424 Nuncupare.
1717 390 1761 417 111.
1783 392 1848 418 Gn.
1878 390 1930 417 Pro
1954 401 1992 418 sa-

1148 432 1202 458 lute
1221 431 1351 469 Principis
1371 436 1431 458 vota
1451 433 1640 470 suscipiuntur.
1660 432 1690 459 t'r.
1709 435 1768 460 233.
1788 434 1810 468 5.
1826 436 1847 460 l.
1868 433 1901 460 de
1921 433 1953 460 V.
1965 434 1992 461 S.

1148 477 1189 501 50.
1209 476 1247 500 16.

1183 517 1413 550 Suscipiens.
1433 516 1564 551 (Pal-tic.)
1584 519 1615 552 §-
1635 520 1670 546 1.
1693 521 1755 552 Qui
1773 522 1994 554 susceptionis

1150 570 1274 586 munere
1287 561 1459 596 fungitur.
1496 560 1514 587 1.
1529 562 1591 595 Sy.
1611 562 1766 599 Susceptor.
1787 561 1837 588 Th.
1853 563 1883 589 C.
1897 562 1955 589 ΧΠ.
1969 564 1994 589 6.

1151 613 1171 629 c.
1189 604 1210 629 1.
1230 612 1289 639 sqq.
1310 602 1343 629 de
1362 608 1511 640 susceptor.
1525 619 1558 624 —-
1579 605 1610 638 §-
1622 605 1657 631 2·
1680 606 1743 637 Qui
1761 607 1922 632 iudicium
1941 607 1995 632 ad-

1152 648 1296 672 versarii
1312 648 1449 680 excepit.
1470 648 1562 673 Reus.
1598 646 1630 673 11.
1652 648 1719 681 01).
1738 647 1882 674 Inteutans.
1903 647 1995 674 lb.X1.

1150 690 1192 715 39.
1213 698 1234 714 c.
1255 690 1295 715 12.
1314 688 1347 715 de
1366 689 1418 715 fide
1438 694 1498 715 test.

1185 731 1391 759 Suscitare.
1432 734 1653 759 Resuscitare.
1697 732 1739 760 121.
1759 735 1826 761 Cn.
1855 733 1996 761 Silentium

1151 779 1252 801 maneat
1270 784 1383 811 semper,
1404 779 1429 801 et
1449 785 1501 801 non
1515 785 1528 801 a
1544 776 1700 812 posteritate
1718 777 1774 803 eius
1794 777 1916 803 suscitari
1937 786 1997 803 con-

1128 845 1129 856 }
1152 817 1267 844 cedatur.
1289 828 1310 844 c.
1332 819 1371 844 10.
1392 817 1424 844 (18
1444 828 1530 844 revoc.
1551 818 1611 845 don.
1632 821 1656 845 8.
1675 820 1717 845 56.

1185 861 1393 894 Suspectio.
1432 863 1591 895 Suspicio.
1628 861 1671 888 111.
1687 863 1753 890 Cn.
1772 861 1823 889 Per
1837 872 1904 899 quos
1924 862 1998 889 inho-

1128 925 1129 931 .
1152 908 1241 930 uestae
1264 904 1333 929 vitae
1359 904 1494 940 suspectio
1519 905 1605 941 possit
1629 915 1768 941 emergere.
1797 905 1845 932 Iul.
1871 915 1911 943 ep.
1937 915 1996 931 nov.

1128 949 1129 958 ¹
1152 957 1175 973 c.
1197 948 1254 972 115.
1274 947 1296 980 5.
1315 948 1373 973 477.

1186 990 1380 1023 Suspecta.
1413 988 1526 1023 (Advb.)
1558 992 1755 1024 Suspicione
1774 998 1916 1026 urgente.
1954 990 1997 1017 111.

1152 1034 1220 1060 Cn·
1249 1033 1303 1067 Qui
1327 1037 1437 1058 mortem
1462 1031 1632 1065 libertorum,
1657 1038 1782 1070 suspecto
1806 1033 1998 1066 decedentium,

1152 1085 1204 1101 non
1224 1074 1407 1101 defenderunt.
1432 1074 1462 1100 fr.
1481 1076 1523 1101 21.
1544 1075 1575 1102 de
1594 1075 1618 1102 11.
1638 1086 1681 1112 qu.
1702 1081 1730 1102 ut
1749 1076 1846 1113 indign.
1866 1078 1908 1103 34.
1928 1078 1952 1104 9.

1186 1119 1404 1150 Suspectus.
1424 1117 1554 1150 (Adiect.)
1578 1118 1609 1151 §-
1624 1120 1658 1146 1.
1680 1120 1725 1151 18,
1747 1130 1833 1154 quem
1853 1122 1999 1154 suspicio

1150 1162 1279 1196 premit.
1299 1159 1396 1194 (Cuius
1408 1160 1475 1186 tides
1489 1165 1515 1187 et
1527 1161 1662 1197 integritas
1675 1162 1861 1199 improbatur.)
1886 1162 1916 1189 ll.
1931 1164 1999 1196 Op.

1157 1204 1201 1231 vir
1221 1203 1343 1230 omuibus
1363 1203 1448 1230 modis
1468 1203 1604 1240 probatus.
1624 1204 1654 1230 fr.
1668 1206 1692 1231 3.
1713 1205 1735 1239 5.
1749 1207 1772 1231 4.
1793 1205 1825 1231 de
1845 1204 1890 1231 lib.
1912 1205 2000 1232 exhib.

1153 1249 1195 1273 43.
1214 1249 1256 1274 30.
1294 1245 1393 1273 Fidelis
1413 1248 1458 1279 (et
1478 1246 1616 1283 diligens.)
1641 1247 1671 1273 fr.
1691 1250 1715 1274 8.
1741 1247 1773 1273 de
1797 1257 1870 1285 susp.
1891 1253 1938 1274 tut.
1958 1250 2000 1274 26.

1156 1292 1195 1316 10.
1216 1289 1246 1316 1“ι·.
1266 1292 1289 1316 5.
1310 1290 1332 1324 5.
1349 1291 1388 1316 11.
1409 1289 1441 1315 dc
1461 1289 1515 1316 reb.
1536 1300 1589 1316 eor.
1610 1300 1652 1326 qu.
1674 1300 1694 1316 s.
1715 1294 1762 1316 tut.
1776 1292 1817 1317 27.
1831 1293 1854 1317 9.
1874 1290 1920 1317 111.
1933 1292 2000 1319 Cn.

1155 1333 1184 1360 Si
1211 1338 1335 1370 suspecta
1358 1342 1473 1370 persona
1497 1333 1547 1365 sit,
1576 1332 1619 1359 vel
1644 1334 1738 1370 turpis.
1767 1333 1797 1359 l'r.
1818 1335 1858 1360 17.
1883 1334 1904 1367 5.
1926 1335 1949 1360 l.
1969 1333 2001 1360 de

1155 1381 1214 1403 test.
1235 1381 1281 1403 tut.
1301 1377 1342 1402 26.
1363 1378 1387 1402 2.
1407 1375 1438 1402 fr.
1457 1377 1480 1402 3.
1502 1376 1523 1409 5.
1543 1377 1567 1402 4.
1589 1375 1620 1402 de
1639 1375 1684 1402 lib.
1705 1375 1792 1403 exhib.
1809 1378 1850 1402 43.
1870 1378 1912 1403 30.
1950 1376 2001 1403 Ma-

1155 1426 1202 1452 ter,
1221 1430 1288 1457 quae
1307 1423 1458 1456 suspectam
1477 1418 1569 1445 habuit
1588 1420 1674 1446 mariti
1691 1434 1722 1438 —
1742 1420 1831 1446 vitam.
1850 1418 1881 1445 sr.
1900 1421 1942 1446 50.
1962 1430 2001 1457 pr.

1155 1463 1187 1491 de
1206 1464 1281 1500 legat.
1301 1462 1344 1489 lll.
1365 1463 1432 1496 (32.)
1470 1461 1618 1499 Suspectos
1638 1463 1734 1498 gratiae
1752 1467 1843 1494 testes,
1863 1467 1889 1488 et
1907 1472 1954 1488 eos
1969 1478 2001 1482 —

1155 1517 1220 1544 quos
1243 1523 1271 1527 -
1294 1507 1362 1532 vitae
1382 1504 1515 1532 humilitas
1534 1505 1706 1532 infamaverit.
1730 1504 1801 1531 Paul.
1822 1504 1853 1531 V.
1875 1507 1915 1532 15.
1935 1505 1957 1539 5
1979 1507 2001 1532 1.

1156 1550 1187 1576 cl'.
1208 1549 1291 1576 Vane.
1312 1549 1334 1583 5.
1353 1550 1412 1574 324.
1450 1549 1532 1574 Aetas
1552 1564 1584 1568 -—
1610 1549 1791 1586 suspectiores
1815 1558 1922 1585 quoque
1945 1558 2003 1575 eos·

1156 1593 1214 1620 dem
1234 1593 1295 1619 facit
1314 1591 1346 1618 ad
1365 1591 1509 1618 mentiendi
1523 1591 1679 1618 facultatem.
1701 1591 1730 1618 sr.
1745 1593 1784 1618 15.
1804 1591 1860 1625 5.1.
1880 1591 1912 1618 de
1925 1602 2002 1628 quae-

1132 1661 1134 1670 ,
1156 1637 1235 1662 stion.
1249 1638 1290 1661 48.
1306 1637 1345 1661 10¹.
1378 1635 1401 1660 A
1421 1636 1623 1671 suspectissimo
1644 1635 1832 1672 incipiendum.
1852 1634 1882 1661 l'r.
1898 1636 1920 1661 l.
1941 1635 1962 1668 5.
1977 1637 2001 1661 2.

267 1684 316 1709 iur.
337 1684 377 1708 12.
395 1683 420 1707 2.
457 1679 500 1706 111.
522 1681 588 1707 Cn.
613 1678 701 1705 Labeo
721 1678 819 1709 noluit,
843 1690 901 1706 cum
921 1679 1069 1705 obferretur
1088 1681 1111 1706 ei
1132 1675 1134 1698 ¹.

1156 1678 1188 1705 ci'.
1208 1679 1230 1712 5.
1252 1680 1273 1704 l.
1294 1677 1328 1704 ib.
1348 1678 1390 1704 48.
1413 1679 1452 1703 15.
1492 1678 1604 1713 Quoties
1624 1679 1756 1715 scriptura
1774 1694 1805 1698 —
1821 1683 1945 1715 suspecta
1966 1677 2002 1704 di-

1156 1723 1231 1748 citur.
1256 1720 1306 1748 Th.
1327 1720 1358 1747 C.
1378 1719 1422 1746 M.
1442 1721 1484 1747 39.
1510 1731 1531 1747 c.
1551 1723 1574 1747 4.
1598 1731 1619 1747 c.
1640 1723 1663 1748 7.
1683 1720 1716 1748 de
1736 1720 1788 1747 side
1807 1725 1867 1747 test.
1905 1720 2003 1758 Suspe-

1157 1770 1227 1791 ctum
1247 1769 1360 1790 tutorem
1380 1773 1438 1789 eum
1457 1767 1594 1800 putamus,
1618 1765 1662 1800 qui
1682 1764 1800 1791 moribus
1820 1763 1881 1790 talis
1901 1768 1956 1796 est,
1976 1768 2003 1790 ut

1157 1812 1298 1845 suspectus
1318 1808 1359 1833 sit.
1380 1805 1410 1832 fr.
1431 1807 1454 1832 8.
1475 1805 1507 1833 de.
1526 1816 1600 1844 susp.
1620 1811 1667 1834 tut.
1689 1809 1731 1834 26.
1753 1809 1793 1833 10.
1829 1806 2004 1844 Imputabitur

1158 1853 1205 1883 eis,
1217 1867 1248 1870 —
1264 1860 1317 1881 cur,
1338 1851 1359 1876 si
1380 1849 1446 1876 male
1460 1859 1518 1876 eum
1533 1851 1684 1876 conversari
1698 1850 1831 1882 videbant,
1851 1855 2002 1886 suspectum

1135 1910 1136 1918 1
1159 1905 1210 1921 nou
1230 1894 1355 1920 feceruut.
1376 1892 1407 1919 l'r.
1427 1894 1451 1919 3.
1471 1893 1492 1926 5
1512 1894 1536 1918 2.
1557 1892 1587 1918 t'r.
1608 1894 1631 1919 9.
1652 1893 1674 1926 5.
1694 1895 1717 1919 8.
1738 1893 1770 1919 de
1790 1893 1856 1919 adm.
1878 1898 1903 1919 et
1922 1894 2002 1930 peric.

1158 1940 1199 1964 26.
1220 1939 1242 1963 7.
1264 1936 1297 1963 cl'.
1319 1937 1348 1963 l'r.
1364 1938 1386 1963 l.
1405 1936 1427 1970 5.
1442 1937 1464 1963 7.
1485 1935 1518 1962 de
1538 1935 1580 1962 off.
1602 1934 1654 1962 Prf.
1670 1935 1713 1962 Vr.
1732 1937 1752 1962 1.
1774 1938 1814 1962 12.
1835 1936 1891 1962 Gai.
1911 1935 1929 1962 l.
1946 1938 2002 1962 182.

1161 1980 1330 2018 le.X1.23.
1359 1980 1389 2006 Si
1408 1983 1550 2016 suspectus
1570 1983 1641 2005 tutor
1660 1979 1820 2016 postuletur.
1840 1978 1869 2005 sr.
1882 1980 1924 2005 39.
1944 1979 1966 2012 5.
1979 1980 2000 2004 7.

1159 2024 1191 2050 de
1210 2033 1314 2061 procur.
1328 2024 1352 2049 3.
1365 2024 1389 2048 3.
1408 2021 1540 2059 suspecto
1561 2026 1648 2048 tutore
1667 2022 1762 2059 pupilli
1782 2026 1912 2048 accusato.
1934 2021 1962 2048 1”1“.
1977 2024 2001 2047 4.

1158 2067 1179 2101 5.
1199 2070 1223 2093 2.
1244 2066 1298 2101 Qui
1318 2069 1369 2102 pet.
1389 2069 1436 2091 tut.
1456 2066 1498 2091 26.
1518 2066 1542 2091 6.
1567 2064 1597 2091 sr.
1619 2066 1659 2091 11.
1680 2065 1763 2098 5.11.
1782 2065 1814 2091 ad
1833 2064 1860 2091 S.
1870 2063 1900 2090 C.
1921 2062 2001 2100 Turp.

1158 2113 1199 2136 215.
1221 2110 1261 2135 16.
1299 2108 1407 2135 Crimen
1426 2109 1552 2145 suspecti.
1573 2107 1602 2134 fr.
1620 2110 1641 2133 1.
1661 2108 1698 2142 55.
1714 2109 1737 2134 1.
1757 2117 1794 2144 sq.
1815 2106 1848 2133 de
1866 2116 1938 2143 susp.
1954 2111 2001 2133 tut.

1159 2155 1199 2179 26.
1223 2154 1261 2178 10.
1282 2168 1313 2171 -
1335 2152 1366 2185 ξ.
1378 2153 1413 2178 2.
1436 2153 1502 2178 Non
1522 2157 1626 2183 tutus,
1648 2153 1716 2177 Non
1736 2152 1868 2177 idoneus
1887 2149 1932 2182 (ad
1951 2149 2002 2176 sol-

1160 2195 1292 2227 vendum.)
1330 2194 1372 2221 111.
1392 2195 1458 2221 Cn.
1479 2195 1533 2229 Qui
1552 2199 1701 2231 suspectam
1721 2193 1833 2224 habens,
1856 2192 1897 2218 vel
1917 2194 2003 2219 minus

1161 2239 1280 2265 idoneam
1306 2236 1469 2271 (custodiam
1494 2237 1612 2270 domus.)
1638 2236 1709 2263 Paul.
1730 2235 1758 2262 ll.
1781 2237 1820 2261 12.
1846 2235 1867 2268 5.
1888 2237 1911 2261 4.
1948 2236 2003 2262 Aut

1161 2286 1270 2319 propter
1289 2290 1370 2315 genus
1385 2280 1495 2305 actionis
1509 2279 1660 2311 satisdalur,
1679 2284 1722 2305 aut
1732 2282 1841 2315 propter
1854 2288 2001 2314 personam.

1162 2326 1220 2362 quia
1242 2328 1365 2360 suspecta
1385 2324 1426 2349 sit.
1448 2323 1504 2349 Gai.
1522 2322 1564 2349 lv.
1582 2325 1636 2348 102.
1666 2322 1694 2347 Si
1715 2326 1854 2357 suspectus
1875 2331 1939 2347 avus
1959 2322 2000 2347 sit.

1162 2368 1235 2404 quasi
1256 2371 1442 2392 consuunturus
1463 2365 1529 2391 bona
1550 2365 1660 2402 nepotis.
1682 2364 1712 2390 11.
1734 2366 1771 2390 16.
1793 2363 1825 2390 de
1844 2363 1874 2389 Β.
1894 2363 1922 2390 P.
1943 2374 1963 2390 c.
1984 2369 2000 2390 t.

1162 2413 1202 2436 37.
1228 2412 1250 2436 4.
1289 2410 1317 2435 Si
1346 2414 1450 2435 recuset
1477 2410 1591 2446 scriptus
1616 2407 1692 2433 lieres
1721 2406 1792 2433 adire
1822 2405 2001 2434 hereditatem,

1163 2453 1232 2490 quod
1253 2453 1321 2479 dieat
1341 2463 1395 2478 eam
1415 2452 1466 2478 sibi
1486 2455 1633 2488 suspectam
1655 2460 1727 2481 esse,
1748 2450 1822 2486 quasi
1842 2449 2000 2476 damnosam.

1164 2498 1219 2522 (jai.
1240 2496 1349 2522 11.-.z.·›s.
1381 2494 1452 2521 Paul.
1477 2493 1520 2520 lv.
1545 2494 1567 2518 4.
1593 2493 1614 2526 5.
1635 2494 1658 2518 4.
1701 2493 1753 2528 Qui
1782 2491 1918 2519 facultates
1942 2502 2002 2519 suas

1163 2544 1301 2576 suspectas
1321 2538 1405 2565 habet.
1426 2536 1482 2563 Gai.
1502 2535 1531 2561 11.
1550 2537 1603 2562 154.
1626 2536 1691 2562 sr.2.
1708 2546 1745 2573 pr.
1765 2535 1815 2562 sol.
1835 2536 1945 2562 matrim.
1959 2538 2000 2562 24.

1162 2584 1186 2608 3.
1208 2598 1237 2601 —
1260 2582 1290 2614 §-
1303 2583 1339 2608 3.
1361 2583 1581 2613 &uper-tatus
1627 2578 1669 2605 111.
1691 2580 1757 2606 Cn.
1780 2577 1819 2604 Ne
1840 2594 1869 2598 —
1891 2579 1916 2604 in
1936 2578 2002 2605 loeis

1164 2635 1215 2650 non
1235 2626 1275 2650 sui
1296 2625 1359 2650 iuris
1378 2633 1425 2660 per
1445 2622 1535 2647 faniam
1560 2626 1682 2658 suspecta
1708 2622 1823 2647 rimetur.
1849 2620 1898 2647 Th.
1918 2620 1949 2647 C.
1968 2622 1999 2647 X.

1166 2669 1204 2693 ts.
1226 2677 1246 2693 c.
1265 2670 1289 2693 2.
1310 2667 1375 2700 51.
1395 2665 1427 2691 de
1447 2664 1560 2690 thesaur.
1582 2664 1635 2697 (Cl'.
1655 2674 1678 2690 v.
1699 2664 1849 2700 Suscipere.
1869 2664 1891 2697 5.
1910 2665 1948 2696 4.)

1198 2709 1450 2742 suspendere.
1489 2708 1519 2741 ξ.
1541 2709 1575 2734 1.
1598 2710 1730 2733 Sursum
1749 2709 1932 2740 adpendere.
1964 2707 1997 2732 lu

1164 2754 1232 2778 alto
1251 2754 1412 2778 collocare
1457 2751 1498 2777 111.
1511 2752 1576 2778 Gn.
1596 2749 1749 2776 Accendere
1768 2749 1873 2780 lumina,
1889 2765 1918 2769 —
1932 2752 1998 2774 serta

1164 2794 1334 2831 suspendere.
1355 2793 1404 2819 Th.
1419 2793 1450 2820 C.
1463 2793 1533 2820 xvl.
1550 2795 1588 2819 10.
1609 2803 1630 2819 c.
1646 2795 1684 2818 12.
1699 2802 1737 2829 pr.
1758 2792 1790 2818 de
1810 2802 1897 2829 pagan.
1921 2790 1998 2825 Quod

1165 2847 1222 2864 cum
1241 2836 1456 2873 suspenderetur,
1475 2835 1581 2863 decidit.
1601 2835 1630 2862 fr.
1646 2837 1668 2861 1.
1688 2836 1709 2869 5.
1722 2837 1747 2862 3.
1767 2835 1800 2862 de
1819 2835 1842 2861 11.
1861 2843 1902 2870 qu.
1921 2832 1998 2858 ell'ud.

1976 2878 1997 2901 5).
