2197 3121
263 182 328 213 316

266 263 352 290 benda
371 268 411 289 est
431 262 644 300 (personarum.)
664 271 696 287 ne
716 265 815 297 egeant.
835 260 865 287 fr.
887 260 944 286 173.
964 269 1003 297 pr.
1024 259 1057 286 de
1075 258 1107 286 R.

267 307 285 333 1.
305 309 346 333 50.
369 308 406 332 17.

300 351 481 383 Egerere.
518 350 657 375 Eiicere.
685 347 781 381 1531.
801 345 909 373 Tollere
928 345 1057 379 (rudera.)
1078 345 1108 372 t'r.
1130 354 1132 369 τ

268 395 291 419 7.
311 393 332 426 5.
351 394 376 417 2.
396 391 428 417 de.
447 390 531 417 damn.
553 391 597 418 inf.
616 393 658 418 39.
677 392 701 417 2.
740 390 782 417 111.
798 391 863 418 Cn.
884 389 912 415 Si
933 405 962 409 -
984 388 1046 415 inde
1065 387 1109 414 ali-

267 437 327 472 quis
351 440 447 461 terram
473 435 602 469 egessiset
628 433 844 470 abstulissetque.
869 432 899 458 fr.
923 433 965 458 52.
990 432 1013 465 5.
1032 432 1056 457 8.
1077 430 1109 457 de

268 479 327 505 furt.
350 480 393 504 47.
418 480 433 494 ⁰
480 476 563 503 fures
583 493 615 497 —
635 478 747 513 ingressi
770 476 916 503 meretricis
940 485 983 502 res
1008 484 1110 510 egesse-

268 526 336 548 runt.
356 520 385 547 sr.
405 522 447 547 39.
467 520 501 546 ih.
522 522 563 546 47.
583 522 607 547 2.

301 565 472 597 Egestas.
510 565 705 598 Paupertas.
743 562 773 588 11.
795 564 862 596 Op.
900 561 930 587 Si
949 560 1013 598 quid
1032 561 1110 598 patri—

267 609 355 634 monio
374 607 523 633 accesserit.
543 622 576 626 -
596 606 624 633 Si
644 606 677 632 ad
696 610 837 642 egestatem
857 604 936 631 suerit
956 603 1109 641 perductus,

267 650 297 677 fr.
317 652 341 676 3.
365 649 387 684 ξ.
407 651 432 676 6,
455 649 500 675 ubi
524 659 586 687 pup.
612 651 654 675 27.
678 652 702 675 2.
740 647 909 685 Locupletes.
931 664 961 668 —
981 647 1033 674 Per
1055 657 1111 683 ege-

266 698 360 720 statem
380 693 475 719 abiecti
495 693 521 718 in
541 692 638 719 faecem
659 691 838 728 vilitatemque
858 690 996 728 plebeiam.
1017 689 1066 716 Th.
1079 689 1109 716 C.

268 736 311 763 [X.
331 738 372 763 42.
393 746 414 762 c.
434 737 458 762 5.
479 735 512 762 de
536 735 596 762 bon.
621 745 722 772 proscr.
760 734 802 761 111.
823 735 890 762 (7η.
927 733 1043 769 Quando
1062 733 1111 759 tibi

266 780 335 806 bona
358 784 465 816 paterna
491 779 612 814 avitaque
636 779 751 814 nequitia
770 782 814 804 tua
834 777 981 814 disperdis,
1000 776 1111 804 liberos-

266 832 318 859 que
337 827 397 848 tuos
421 821 453 847 ad
478 826 621 857 egestatem
645 820 778 858 perducis.
802 820 875 847 Paul.
894 820 938 847 III.
957 822 974 846 4
992 820 1024 847 A.
1044 820 1066 854 5.
1087 821 1109 846 7.

267 865 299 892 ct‘.
319 865 349 891 fr.
372 867 411 891 12.
432 865 453 899 5.
474 866 498 890 2.
518 863 550 890 de
570 868 649 890 tutor.
670 868 696 889 et
715 873 768 890 cur.
790 863 842 890 dat.
861 865 903 890 26.
923 866 948 890 5.
977 864 1031 899 Qui
1050 873 1110 889 con-

266 913 383 935 temnere
401 909 553 934 iniuriarum
573 906 697 933 iudicium
717 908 812 944 possit.
833 907 866 933 ob
885 906 1017 933 infamiam
1036 916 1109 932 suam
1132 938 1133 942 Ἰ

267 956 292 978 et
311 956 460 988 egestatem.
481 950 510 976 fr.
530 952 572 976 35.
593 950 625 976 de
645 951 721 977 iniur.
741 951 782 976 47.
799 951 838 976 10.
875 949 1059 976 Dissociamur
1072 959 1110 975 re-

266 995 442 1025 nunciatione,
461 998 555 1025 morte,
575 994 669 1030 capitis
688 994 841 1025 minutione,
861 997 887 1019 et
905 997 1029 1029 egestate.
1043 991 1072 1018 fr.
1084 993 1108 1017 4.

265 1038 288 1072 5.
310 1039 331 1063 l.
352 1046 400 1073 pro
420 1046 474 1062 soc.
500 1037 540 1062 17.
564 1038 589 1062 2.
626 1035 806 1063 Provinciales
829 1040 944 1072 egestate
967 1036 1054 1062 victus
1073 1039 1109 1060 at-

265 1090 317 1117 que
336 1079 473 1106 alimoniae
496 1080 585 1116 inopia
608 1078 768 1106 laborantes.
793 1078 843 1106 Th.
864 1078 896 1106 C.
914 1079 960 1106 XI.
979 1080 1022 1105 27.
1042 1089 1064 1105 c.
1083 1080 1108 1104 2.

265 1123 298 1150 de
318 1122 386 1149 alim.
408 1133 451 1159 qu.
472 1123 543 1159 inop.

299 1167 392 1200 Ego.
430 1165 614 1199 (Pi-onumen.)
651 1164 693 1191 111.
719 1166 784 1193 οη.
822 1165 851 1192 Si
875 1175 923 1202 ego
942 1175 1008 1202 pure
1026 1165 1109 1202 stipu-

266 1210 312 1242 ler⁷
333 1215 361 1236 tu
380 1209 429 1235 sub
450 1208 603 1235 conditione
620 1209 768 1245 promittas.
789 1208 845 1235 Gai.
860 1208 902 1234 III.
924 1210 982 1234 102.
1003 1207 1034 1234 cs.
1050 1209 1108 1233 112.

265 1263 306 1289 sq.
342 1253 398 1289 Ego
418 1249 524 1288 quidem
548 1256 656 1278 eatenus
681 1261 739 1277 eum
763 1261 794 1277 eo
813 1250 897 1277 habeo
917 1252 1054 1277 actionem.
1075 1266 1107 1270 -

265 1296 301 1323 At.
320 1295 365 1322 ille
384 1305 486 1322 mecum
509 1305 585 1331 agere
610 1304 662 1320 non
682 1299 779 1331 potest.
811 1294 848 1320 lb.
868 1294 910 1321 III.
932 1295 989 1321 161.
1027 1293 1109 1330 Quod

265 1349 312 1375 ego
332 1350 345 1365 a
366 1343 390 1365 te
409 1343 484 1375 peto.
509 1348 532 1364 v.
558 1342 643 1363 tecum
667 1348 742 1373 agere
761 1337 832 1363 volo.
861 1337 898 1364 Ib.
919 1336 962 1363 IV.
983 1338 1024 1364 83.
1062 1337 1108 1363 Ait

265 1382 387 1409 Praetorz
418 1381 473 1418 Ego
497 1380 565 1407 dabo
590 1385 638 1407 etc.
668 1380 697 1406 fr.
724 1382 745 1407 l.
773 1381 795 1414 5.
815 1382 839 1407 4,
864 1380 896 1407 de
920 1380 1018 1417 postul.
1038 1381 1062 1406 3.
1084 1381 1106 1406 l.

264 1426 329 1462 Ego,
348 1425 433 1461 inquit
451 1424 588 1461 Polnpon„
608 1434 713 1460 quaero.
734 1423 818 1450 Yatic.
838 1424 860 1458 5.
880 1424 921 1450 88.
949 1423 1016 1459 Ego:
1037 1422 1106 1449 idem

995 176 1083 208 EGE
1106 194 1149 199 —
1173 177 1265 208 ELE.

1130 261 1131 296 l
1153 261 1282 293 egregii
1300 261 1400 285 titulo
1419 261 1589 286 decoratus
1609 266 1663 286 est.
1700 259 1742 286 III.
1764 261 1829 288 Cn.
1858 260 1996 288 Perl'ectis—

1130 298 1131 329 ᾗ
1154 303 1272 334 simatus,
1292 301 1335 328 vel
1355 301 1480 334 ducenae.
1498 302 1541 329 vel
1561 308 1694 329 centenae.
1713 302 1756 329 vel
1776 305 1920 339 egregiatus
1940 303 1996 330 dari

1154 345 1267 381 dignitas
1287 349 1377 382 potest
1396 350 1444 372 etc.
1477 344 1527 372 Th.
1548 345 1578 372 C.
1600 345 1668 372 VIII.
1688 347 1711 372 4.
1732 356 1753 372 e.
1772 347 1796 372 3.
1817 346 1849 373 de
1868 346 1994 373 cohortal.

1155 388 1186 414 ct‘.
1206 388 1239 414 X.
1260 390 1283 414 7.
1304 398 1324 414 c.
1341 390 1363 414 1.
1384 387 1416 414 de
1430 387 1580 415 Caesarian.
1594 388 1651 415 XII.
1675 391 1695 415 l.
1717 399 1737 415 c.
1753 391 1777 414 5.
1797 388 1830 415 de
1849 389 1981 416 decurion.

1187 431 1386 465 Egregius.
1423 431 1454 464 §.
1487 432 1521 458 1.
1559 434 1757 464 Praesentis,
1789 434 1993 459 Praeclarus.

1131 492 1133 509 ἦ
1153 474 1196 501 111.
1208 475 1275 502 Cn.
1294 473 1445 505 Multorum.
1464 478 1490 500 et
1509 474 1646 507 bonorum.
1667 480 1691 501 et
1705 476 1867 511 egregiorum
1879 476 1995 502 virorum

1132 541 1133 561 Χ
1154 522 1181 544 et
1198 518 1455 554 sapientissimorum
1469 517 1589 545 consilio.
1609 518 1679 545 Cotl.
1692 518 1746 545 LL.
1760 518 1793 545 M.
1808 517 1866 544 XV.
1877 519 1901 544 3.
1932 517 1995 544 Pru-

1132 569 1133 576 *
1154 560 1256 593 denter.
1276 565 1302 586 et
1320 561 1421 596 egregia
1440 561 1542 587 ratione
1560 560 1729 588 humanitatis
1749 561 1912 595 (damnasti.)
1926 560 1956 587 fr.
1973 562 1994 587 1.

1132 600 1133 639 J
1154 604 1176 638 5.
1199 605 1242 630 27.
1267 603 1299 630 de
1325 604 1471 640 quaestion.
1495 605 1537 630 48.
1563 606 1602 631 18.
1645 604 1688 631 Ob
1713 606 1840 641 egregiam
1864 605 1890 630 in
1913 613 1994 641 remp.

1132 642 1133 647 ¹
1155 647 1345 684 imperiumque
1368 646 1399 672 R.
1427 647 1554 682 insignem
1578 646 1664 674 fidem.
1690 648 1720 674 fr.
1742 650 1764 674 1.
1785 658 1823 684 pr.
1844 647 1876 674 de
1895 646 1994 674 censib.

1132 692 1196 731 J50.
1222 691 1263 716 15.
1292 705 1324 709 —
1352 690 1383 723 ξ.
1409 691 1444 716 2.
1469 691 1518 716 Ad
1539 692 1724 725 dignitatis
1745 693 1897 726 publicae
1918 700 1995 725 gra-

1154 735 1227 760 dum
1246 739 1414 767 spec-tana,
1441 735 1530 767 (pose
1547 735 1812 770 perfectissimos
1836 735 1995 761 cunstitu-

1132 778 1134 787 '
1154 778 1230 806 tae.)
1251 775 1293 802 III.
1315 776 1380 803 (711.
1400 775 1463 802 Sive
1482 775 1668 812 perfectissimi
1687 778 1749 809 sint,
1769 778 1825 803 sive
1844 778 1912 803 inter
1927 786 1996 813 egre-

1154 821 1255 856 giorum
1274 818 1393 845 ordinem
1412 818 1552 855 locumque
1572 820 1746 846 constiterint.
1769 819 1819 846 Th.
1840 819 1871 847 C.
1891 818 1935 846 VI.
1953 820 1995 845 22.

1155 873 1176 889 c.
1192 864 1215 889 1.
1235 862 1268 889 de
1286 862 1378 888 honor.
1399 861 1482 888 codic.
1502 861 1633 888 Personae
1653 863 1776 899 egregiae.
1796 862 1827 889 sr.
1849 865 1888 889 15.
1908 862 1941 889 de
1959 863 1996 889 iu-

1154 907 1231 932 reiur.
1252 907 1292 931 12.
1310 907 1335 931 2.

1188 949 1353 975 Eiicere.
1390 948 1421 981 δ.
1444 949 1480 975 l·
1518 950 1701 980 Proficere,
1722 950 1885 981 Deiieere,
1906 950 1995 975 Abii-

1130 1010 1132 1014 .
1153 1001 1228 1018 cere.
1265 990 1284 1017 1.
1301 991 1362 1025 Sy.
1381 990 1488 1023 lactare.
1508 990 1594 1017 Iacere
1613 992 1748 1024 (merces)
1767 991 1798 1018 sr.
1818 993 1860 1018 21.
1879 992 1901 1025 5.
1917 994 1943 1018 2.
1962 991 1995 1018 de.

1130 1034 1131 1055 l
1153 1034 1184 1060 A.
1204 1043 1229 1060 v.
1249 1033 1281 1060 A.
1301 1032 1329 1060 P.
1349 1035 1391 1060 41.
1409 1036 1434 1060 2.
1453 1033 1484 1060 fr.
1505 1035 1528 1060 7.
1552 1044 1601 1071 pro
1620 1034 1700 1061 derel.
1720 1037 1763 1061 41.
1784 1036 1808 1061 7.
1844 1034 1940 1061 Delata
1956 1035 1996 1068 (vi

1129 1072 1131 1080 ⁴
1154 1077 1292 1108 fluminis.)
1312 1076 1430 1109 Deiectn‚
1449 1077 1539 1104 Eiecta
1558 1078 1607 1110 (sc.
1621 1078 1717 1111 navis.)
1737 1078 1768 1104 I'r.
1781 1080 1805 1104 8.
1820 1077 1853 1104 de
1865 1077 1894 1104 L.
1908 1077 1995 1104 Rhod.

1154 1122 1194 1147 14.
1213 1122 1238 1146 2.
1263 1119 1294 1146 fr.
1313 1120 1338 1146 3.
1363 1120 1385 1154 5.
1405 1122 1429 1146 6.
1453 1119 1484 1146 fr.
1508 1122 1532 1146 8.
1557 1119 1589 1146 de
1611 1120 1714 1148 incend.
1739 1122 1780 1148 47.
1806 1123 1830 1148 9.
1866 1121 1910 1148 III.
1928 1122 1995 1149 οη.

1152 1164 1265 1194 Eiicere.
1284 1162 1378 1189 locove
1397 1173 1504 1189 movere
1522 1164 1694 1197 (terminos.)
1715 1163 1745 1191 fr.
1764 1166 1788 1190 3.
1808 1174 1848 1202 pr.
1869 1164 1901 1190 de
1921 1168 1994 1190 term.

1153 1211 1216 1233 mot.
1236 1208 1278 1232 47.
1297 1208 1339 1232 21.
1378 1205 1446 1232 Cum
1471 1205 1576 1243 quidam
1598 1206 1724 1244 poculum
1747 1206 1854 1233 alterius
1878 1217 1911 1234 ex
1929 1217 1996 1234 nave

1153 1251 1283 1277 eiecisset.
1305 1249 1335 1275 I'r.
1355 1251 1396 1276 55.
1418 1249 1448 1276 cf.
1469 1249 1500 1276 l'r.
1520 1251 1543 1276 9.
1563 1250 1586 1283 5.
1606 1253 1630 1276 8.
1650 1249 1683 1276 de
1701 1250 1733 1276 A.
1747 1249 1778 1276 R.
1792 1249 1826 1276 D.
1846 1252 1887 1276 41.
1908 1252 1931 1276 1.
1964 1249 1995 1277 Si

1152 1292 1246 1320 mulier
1264 1302 1362 1330 pugno,
1381 1292 1423 1319 vel
1443 1303 1509 1330 equa
1533 1294 1587 1320 ictu
1607 1304 1620 1319 a
1639 1298 1665 1320 te
1683 1303 1809 1330 percussa
1829 1294 1943 1320 eiecerit.
1962 1292 1994 1320 fr.

1129 1338 1131 1350 '
1151 1338 1193 1362 27.
1212 1336 1234 1370 5.
1254 1337 1296 1362 22.
1321 1337 1353 1362 cf.
1373 1335 1404 1362 fr.
1423 1337 1465 1363 39.
1488 1347 1528 1374 pr.
1554 1336 1586 1363 ad
1611 1335 1640 1362 L.
1660 1336 1729 1373 Aqu.
1749 1337 1772 1363 9.
1793 1338 1818 1362 2.
1846 1351 1878 1355 —
1906 1336 1937 1370 §-
1957 1337 1994 1363 2.

1151 1381 1338 1414 Expellere,
1359 1381 1488 1406 Arcere.
1526 1379 1544 1406 Ι.
1564 1380 1626 1414 Sy.
1658 1379 1770 1415 Exigere
1789 1379 1899 1415 (reges.)
1919 1378 1950 1405 fr.
1968 1380 1993 1405 2.

1151 1422 1188 1456 55.
1208 1424 1232 1448 3.
1254 1423 1293 1448 15.
1314 1431 1353 1458 sq.
1374 1421 1407 1448 de
1427 1422 1460 1448 Ο.
1480 1421 1498 1448 I.
1520 1424 1542 1448 l.
1561 1424 1585 1449 2.
1622 1421 1763 1459 Repellerc
1782 1422 1808 1455 (a
1827 1432 1875 1448 sua
1893 1421 1994 1455 domo.)

265 1478 325 1495 esse
348 1467 527 1505 accipiendum
552 1472 600 1493 etc.
639 1467 674 1493 lb.
700 1467 722 1500 5.
747 1468 806 1493 223.
849 1466 1000 1502 Quaeritur.
1021 1482 1052 1486 —
1072 1466 1107 1492 Et.

265 1521 312 1548 ego
332 1516 395 1549 puto
416 1515 464 1537 etc.
485 1509 514 1536 fr.
534 1511 558 1536 3.
578 1510 600 1543 5.
622 1511 661 1536 11.
682 1509 715 1536 de
734 1509 766 1536 N.
786 1510 818 1536 G.
831 1511 856 1536 3.
869 1512 893 1536 5.
931 1509 1047 1545 Quidam
1060 1519 1107 1546 pu·
1128 1534 1129 1540 ,

265 1559 327 1580 tant.
348 1568 379 1571 —
400 1554 454 1590 Ego
478 1552 567 1580 didici.
592 1553 621 1579 I'r.
642 1554 683 1579 27.
708 1553 730 1586 5.
752 1554 773 1579 l.
794 1552 827 1579 de
845 1558 913 1589 pact.
933 1555 957 1579 2.
979 1554 1018 1578 14.
1057 1551 1106 1578 Va-

264 1599 306 1624 tie.
326 1598 347 1631 5.
368 1599 409 1623 50.
445 1596 523 1626 Mihi,
546 1595 691 1632 hert-dique
714 1606 781 1622 meo.
802 1611 834 1615 -
854 1595 906 1627 Te.
930 1595 1106 1632 heredemque
1127 1627 1128 1638 ἵ

264 1646 344 1667 tuum.
365 1640 394 1667 fr.
418 1641 459 1666 29.
486 1638 519 1665 de
542 1638 574 1665 V.
595 1638 622 1665 S.
642 1640 684 1664 50.
706 1639 745 1664 16.
783 1638 813 1665 Si
836 1638 908 1665 tilius
927 1648 1001 1665 meus
1021 1648 1105 1665 eman-

264 1685 365 1721 cipatus
390 1682 555 1720 adoptaverit
579 1681 675 1714 lilium,
699 1681 742 1708 hic
765 1691 849 1718 nepos
868 1697 901 1701 -
921 1681 984 1708 mihi
1004 1681 1104 1709 alienus
1127 1699 1128 1702 =

264 1732 312 1754 est.
332 1726 362 1753 sr.
384 1728 422 1753 10.
443 1726 464 1760 5.
484 1727 508 1751 8.
529 1724 561 1751 de
580 1725 607 1750 iu
626 1725 667 1750 ius
686 1734 743 1751 voc.
762 1727 787 1751 2.
807 1726 831 1750 4.
1126 1706 1128 1741 Ι

298 1769 453 1803 ngredi.
490 1769 521 1802 ς.
541 1769 575 1794 1.
600 1769 718 1799 Eme,
738 1769 884 1794 Prodire.
922 1766 941 1793 1.
968 1768 1030 1801 Sy.
1053 1767 1106 1794 Ex·
1126 1761 1128 1784 ³

265 1811 357 1838 cedere
376 1813 520 1844 (civitatem
534 1812 596 1843 etc.)
616 1810 646 1837 t'r.
666 1812 690 1837 4.
710 1810 742 1837 de
760 1820 838 1848 poen.
857 1811 899 1836 48.
920 1811 960 1837 19.
980 1810 1010 1836 fr.
1030 1812 1054 1837 4.
1074 1810 1105 1837 fr.
1127 1809 1128 1813 ¹

265 1857 289 1881 7.
316 1855 337 1888 5.
357 1858 381 1881 8.
406 1855 438 1881 de
462 1854 594 1880 interdict.
619 1858 645 1879 et
668 1853 747 1890 releg.
771 1855 813 1880 48.
832 1855 874 1880 22.
911 1853 953 1880 III.
976 1855 1042 1881 Cn.
1066 1853 1104 1880 In-
1127 1858 1128 1869 ³

264 1907 371 1934 gressus
391 1898 435 1930 (in
454 1897 563 1929 suum.)
587 1896 647 1923 inde
668 1896 763 1931 egredi.
790 1896 820 1922 fr.
842 1898 864 1922 1.
884 1896 905 1930 5.
927 1897 967 1922 16.
988 1896 1021 1923 de
1039 1907 1105 1933 aqua
1127 1897 1129 1921 l

265 1945 337 1977 quot.
361 1941 402 1965 43.
428 1942 469 1966 20.
511 1939 584 1965 Nulli
603 1949 710 1975 egresso
730 1939 761 1965 ad
780 1939 917 1976 publicum
937 1956 968 1958 —
987 1945 1105 1977 patescat

265 1984 377 2010 occasio.
398 1982 448 2009 Th.
469 1982 499 2009 C.
518 1982 589 2009 XVI.
609 1984 632 2008 4.
653 1993 674 2008 e.
694 1985 717 2008 2.
738 1982 771 2008 de.
790 1982 813 2008 11.
835 1992 877 2018 qu.
901 1992 959 2019 sup.
979 1982 1051 2020 relig.
1072 1999 1105 2002 ——

265 2027 296 2060 ξ.
314 2028 349 2053 2.
372 2028 542 2060 Superato,
566 2027 829 2052 Transsrenderc.
849 2024 866 2051 1.
887 2026 949 2059 Sy.
968 2025 1104 2052 Exeedere
1126 2032 1128 2053 1

265 2068 444 2102 (mandatum.
469 2079 490 2094 s.
510 2069 576 2094 lines
597 2067 735 2099 mandati.)
759 2068 790 2094 I'r.
810 2070 833 2094 5.
859 2078 897 2105 pr.
918 2068 939 2102 5.
960 2070 984 2095 2.
1011 2069 1040 2095 1”ι“.
1061 2070 1103 2095 41.
1126 2059 1127 2097 l

265 2112 350 2138 mand.
372 2113 410 2138 17.
434 2113 454 2137 l.
490 2111 522 2137 Il.
535 2113 602 2144 op.
621 2111 689 2136 Esse
708 2112 775 2137 iutra
794 2112 938 2145 (aetatem.)
958 2112 988 2138 fr.
1002 2113 1044 2138 39.
1064 2122 1102 2148 pr.

265 2154 298 2181 de
317 2156 408 2181 minor.
429 2157 451 2180 4.
473 2156 495 2180 4.
524 2153 641 2180 Pertinet
660 2154 691 2180 ad
711 2153 887 2187 (Praefectum
899 2154 1104 2190 Vr.)—-Egres-
1126 2170 1127 2196 i

265 2208 323 2224 sum
343 2203 383 2223 est
403 2198 549 2229 (notionem
574 2198 651 2229 vius.)
677 2197 705 2223 sr.
732 2200 753 2223 l.
774 2198 796 2231 5.
821 2199 844 2223 4.
869 2197 902 2223 de.
921 2198 964 2224 off.
985 2197 1037 2224 Prf.
1058 2197 1103 2223 Vr.

267 2242 289 2267 l.
312 2243 350 2266 12.
389 2240 428 2266 111.
450 2242 516 2268 (ἠ.
552 2240 695 2266 Personam
719 2250 771 2266 non
795 2240 926 2276 egreditur
950 2241 1104 2274 (arbitrium
1125 2236 1128 2280 J

265 2294 394 2321 personae
417 2284 569 2315 insertum.)
597 2283 627 2309 fr.
652 2285 692 2309 45.
718 2283 750 2310 de
770 2293 821 2309 ree.
847 2293 889 2319 qu.
911 2283 963 2309 arb.
983 2285 1006 2310 4.
1028 2285 1051 2310 8.
1072 2283 1103 2310 cf.
1126 2281 1127 2291 ¹

266 2326 295 2353 fr.
318 2328 340 2352 1.
360 2327 381 2360 5.
401 2328 425 2352 2.
446 2325 477 2351 de
497 2331 579 2351 const.
600 2326 642 2352 Pr.
659 2328 680 2352 l.
695 2328 719 2352 4.
757 2326 786 2353 Si
808 2336 857 2363 qua
877 2325 926 2352 alia
945 2326 1039 2353 mulier
1052 2326 1104 2353 sue-

266 2371 307 2401 rit,
327 2370 400 2395 cuius
420 2367 528 2395 Praetor
546 2379 702 2405 perpensam
720 2371 845 2407 pietatem
863 2369 1033 2401 intellexerit,
1052 2380 1104 2396 non
1126 2360 1127 2386 l

265 2422 345 2439 sexus
365 2410 547 2438 verecundiam
571 2412 728 2447 egredientis
749 2412 792 2445 [al.
813 2412 1009 2448 egredientem]
1030 2412 1059 2438 sr.
1081 2414 1103 2438 1.
1126 2402 1127 2417 l

265 2455 287 2488 ξ.
308 2457 330 2481 7.
351 2454 383 2481 d«-
402 2464 474 2491 susp.
496 2459 573 2480 tutor.
593 2457 634 2480 26.
656 2457 695 2481 10.
739 2455 836 2491 Egredi
854 2459 1005 2482 contractus
1025 2455 1104 2481 fidem

265 2508 319 2524 nou
337 2508 425 2534 posse.
446 2508 467 2524 c.
487 2499 511 2524 3.
536 2497 568 2523 de
593 2496 670 2523 duob.
697 2499 756 2524 reis.
775 2501 799 2524 8.
819 2500 860 2524 40.
898 2498 1025 2529 Curator.
1046 2508 1104 2524 cum
1125 2526 1126 2531 ¹

266 2541 381 2567 officium
405 2551 482 2566 suum
500 2550 635 2575 egressuS.
661 2545 756 2576 sponte
780 2551 808 2566 se
828 2540 990 2577 obligaverit.
1012 2541 1041 2567 l'r.
1061 2542 1102 2567 43.

266 2584 287 2616 5.
315 2585 334 2609 l.
361 2583 393 2609 de
417 2583 482 2609 adm.
508 2588 534 2609 et
556 2584 636 2620 peric.
659 2584 701 2608 26.
727 2585 749 2609 7.
788 2583 883 2610 Iustam
905 2589 1007 2610 sumtus
1027 2585 1104 2610 ratio-

266 2636 332 2652 nem.
353 2636 375 2652 v.
396 2625 577 2655 Taxationem.
598 2625 693 2660 egredi.
721 2625 750 2651 sr.
772 2627 811 2652 14.
831 2627 852 2659 5.
873 2628 896 2653 6.
917 2626 950 2653 de
968 2626 1041 2662 relig.
1063 2628 1102 2652 11.
1124 2647 1126 2651 .

267 2670 290 2694 7.
311 2668 341 2694 l'r.
364 2671 384 2695 1.
405 2679 443 2705 pr.
464 2669 496 2695 de
516 2669 546 2695 Α.
567 2669 596 2694 E.
617 2667 648 2694 V.
670 2670 709 2694 19.
732 2670 752 2694 I.
789 2668 929 2704 Egreditur
948 2680 976 2695 ea
996 2679 1038 2696 res
1058 2679 1103 2695 no-

267 2711 385 2737 tissimus
406 2713 529 2738 terminos
550 2711 698 2748 (depositi.)
718 2710 748 2737 l'r.
767 2713 808 2737 2-1.
829 2711 919 2748 depos.
941 2714 980 2738 16.
1000 2714 1024 2739 3.
1053 2712 1102 2739 Ae-

268 2758 353 2781 tatem.
373 2763 396 2779 v.
416 2754 516 2786 Annos,
536 2754 631 2790 egredi.
652 2754 681 2780 fr.
699 2755 740 2781 39.
760 2764 799 2791 pr.
820 2754 852 2780 de
871 2755 962 2781 minor.
982 2757 1006 2781 4.
1026 2757 1049 2781 4.
1070 2754 1100 2781 fr.

266 2796 307 2823 26.
328 2796 359 2822 de
380 2801 425 2821 tut.
446 2802 469 2821 et
490 2807 542 2823 cur.
563 2797 613 2823 dat.
634 2800 674 2824 26.
695 2800 718 2824 5.

299 2839 536 2873 Egi-egimus.
574 2839 700 2873 (Subst.)
744 2841 907 2876 Dignitus
934 2842 1016 2872 eius.
1045 2837 1123 2875 qui*

1151 1475 1173 1491 c.
1195 1467 1217 1491 1.
1236 1465 1258 1499 5.
1278 1466 1302 1491 3.
1323 1464 1356 1491 de
1373 1464 1431 1492 Lat.
1451 1465 1537 1492 libert.
1559 1467 1581 1492 7.
1601 1467 1625 1492 6.
1662 1465 1704 1491 Ill.
1727 1466 1793 1492 cn.
1814 1464 1843 1491 Si
1862 1465 1884 1491 is
1902 1480 1935 1484 —
1951 1469 1995 1491 aut

1151 1518 1203 1534 non
1222 1508 1362 1540 admissus,
1383 1513 1427 1535 aut
1447 1509 1546 1535 eiectus
1566 1508 1627 1535 inde
1646 1508 1732 1534 suerit.
1751 1507 1782 1534 fr.
1804 1509 1843 1534 18.
1863 1508 1885 1542 5.
1900 1509 1940 1534 15.
1961 1507 1994 1534 de

1150 1551 1235 1578 damn.
1256 1551 1300 1578 int.
1320 1553 1362 1578 39.
1382 1554 1406 1578 2.
1427 1551 1459 1578 cl'.
1479 1551 1522 1578 Fr.
1543 1551 1608 1587 legis
1629 1551 1710 1578 Thor.
1732 1550 1792 1577 Non
1811 1550 1898 1577 solum
1916 1551 1994 1587 magi-

1149 1599 1234 1621 stratu
1253 1604 1301 1621 suo
1321 1596 1448 1626 eiiciatur⁷
1468 1594 1516 1621 sed
1535 1595 1612 1620 etiam
1634 1594 1660 1621 X
1678 1594 1805 1621 librarum
1823 1594 1879 1620 auri
1898 1593 1993 1620 subeat

1148 1648 1261 1675 poenam
1287 1637 1334 1664 lul.
1355 1648 1394 1675 ep.
1416 1647 1476 1664 nov.
1498 1647 1518 1664 c.
1538 1638 1580 1664 63.
1601 1637 1622 1671 5.
1642 1639 1701 1664 215.

1183 1681 1392 1708 Eiusmodi.
1417 1682 1525 1707 Huius
1543 1682 1683 1715 generis.
1703 1679 1722 1706 I.
1743 1681 1805 1715 Sy.
1825 1679 1899 1706 Talis
1919 1680 1993 1713 (con-

1149 1725 1261 1757 ventio.)
1281 1723 1312 1750 fr.
1334 1725 1372 1750 18.
1394 1723 1424 1749 t'r.
1443 1724 1485 1749 42.
1506 1722 1535 1749 fr.
1555 1723 1597 1749 58.
1618 1722 1651 1749 de
1669 1728 1737 1760 pact.
1757 1725 1782 1749 2.
1803 1724 1843 1749 14.
1864 1722 1907 1749 111.
1923 1723 1992 1751 Gn.

1150 1767 1250 1793 Servus
1269 1771 1350 1798 actor,
1368 1765 1412 1792 vel
1431 1765 1560 1792 eiusmodi
1579 1765 1666 1792 homo.
1687 1766 1717 1792 fr.
1731 1768 1773 1792 21.
1793 1765 1826 1792 de
1845 1766 1889 1792 off.
1903 1765 1992 1792 Praes.

1152 1812 1173 1836 1.
1195 1811 1234 1836 18.
1271 1809 1409 1836 Eiusmodi
1428 1808 1621 1836 solemnitatem
1643 1819 1769 1846 peragere
1788 1819 1876 1846 posse.
1897 1808 1928 1836 fr.
1948 1811 1990 1835 25.

1150 1853 1172 1887 5.
1193 1855 1216 1879 l.
1236 1852 1268 1879 de
1287 1852 1376 1889 adopt.
1398 1854 1420 1878 1.
1442 1854 1464 1878 7.

1184 1896 1310 1923 Elam.
1348 1896 1378 1929 ξ.
1400 1897 1434 1922 1.
1458 1897 1639 1931 Effugere,
1664 1896 1824 1922 Deserere.
1861 1895 1904 1922 III.
1924 1896 1990 1922 Cu.

1150 1938 1335 1966 Sacramentis.
1356 1943 1434 1974 atque
1452 1938 1561 1964 militiae
1580 1954 1612 1957 —
1632 1937 1738 1975 elapsos
1758 1954 1789 1957 -
1810 1938 1928 1971 (minime
1947 1936 1990 1963 de-

1127 1984 1128 1995 *
1149 1982 1295 2015 vocamus)
1315 1981 1365 2007 Th.
1379 1980 1489 2008 CVIII.
1510 1983 1533 2007 4.
1554 1991 1574 2007 c.
1598 1982 1636 2006 13.
1657 1981 1689 2007 de
1709 1980 1835 2007 cohortal.
1855 1996 1886 1999 —
1905 1980 1937 2014 ᾖ.
1953 1981 1988 2006 2.

1150 2027 1339 2057 Decurrere,
1362 2026 1535 2051 Transire.
1574 2023 1616 2049 111.
1631 2025 1696 2051 Cn.
1718 2023 1752 2049 Vt
1766 2022 1925 2054 omnimodo,
1946 2033 1988 2050 an-

1149 2073 1253 2104 tequam
1273 2068 1391 2094 elabatur
1410 2067 1527 2098 indictio.
1548 2081 1579 2085 -
1599 2065 1727 2092 exsolvat.
1746 2065 1782 2091 Ib.
1802 2065 1847 2092 XI.
1868 2067 1889 2092 1.
1911 2076 1931 2092 c.
1945 2067 1987 2092 35.

1126 2103 1127 2118 ³
1149 2111 1182 2137 de.
1201 2121 1294 2137 annon.
1316 2116 1341 2137 et
1361 2110 1449 2136 tribut.

1183 2153 1464 2186 Elaeemporia.
1503 2152 1533 2178 ef.
1554 2163 1578 2178 v.
1598 2152 1754 2188 Elemporia.

1183 2197 1322 2223 Elatia.
1359 2197 1569 2229 Exportntio.
1607 2195 1649 2221 111.
1673 2195 1739 2222 οη.
1759 2194 1788 2220 Si
1808 2194 1871 2231 quid
1890 2196 1988 2232 impen-

1149 2249 1207 2266 sum
1236 2245 1274 2266 est
1303 2240 1329 2266 in
1356 2239 1494 2266 elationem
1518 2239 1622 2266 mortui.
1647 2238 1676 2264 sr.
1704 2239 1743 2263 14.
1768 2238 1789 2271 5.
1813 2239 1837 2263 3.
1864 2238 1896 2264 de
1914 2238 1986 2275 relig.

1151 2285 1190 2309 11.
1212 2285 1233 2309 T.

1184 2327 1331 2353 Elatus.
1356 2325 1476 2359 (Partic.)
1506 2327 1616 2355 Altus,
1638 2326 1849 2358 Conspicuus.
1868 2323 1898 2350 ll.
1919 2325 1986 2358 Op.

1149 2369 1218 2396 Elati
1241 2369 1311 2395 tituli
1337 2369 1498 2405 dignitatum.
1518 2383 1549 2387 —
1570 2367 1708 2393 Interiores
1732 2367 1887 2393 houm-ariae
1905 2366 1987 2403 digni-

1126 2420 1127 2423 ’
1149 2417 1224 2439 tates.
1245 2412 1294 2438 Th.
1315 2411 1346 2439 C.
1365 2412 1422 2438 XII.
1444 2413 1465 2438 l.
1486 2422 1507 2437 c.
1527 2412 1567 2437 74.
1588 2411 1609 2444 5.
1630 2412 1653 2436 4.
1674 2410 1706 2436 de
1725 2410 1859 2436 deeurion.

1183 2455 1342 2483 Electio.
1380 2455 1411 2487 ξ.
1429 2455 1464 2480 1.
1484 2455 1583 2480 Actus
1602 2455 1760 2489 eligendi,
1780 2454 1922 2480 Creaeio.
1941 2453 1983 2480 III.

1149 2500 1215 2526 Gn.
1235 2498 1420 2535 Imperatorem
1443 2506 1483 2522 me.
1503 2496 1597 2523 sactum
1618 2496 1644 2522 P.
1665 2496 1695 2523 C.
1721 2501 1824 2523 vestrae
1847 2496 1985 2523 electionis

1148 2542 1269 2573 arbitrio.
1289 2545 1315 2567 et
1333 2540 1470 2566 fortissimi
1489 2540 1620 2566 exercitus
1639 2538 1811 2565 ordinatione.
1848 2538 1915 2566 Nov.
1934 2539 1984 2574 Ma-

1148 2586 1195 2611 ior.
1215 2584 1248 2610 de
1267 2588 1325 2610 ortu
1345 2584 1435 2619 imper.
1456 2582 1499 2608 [V.
1520 2584 1542 2608 l.
1566 2583 1588 2616 5.
1611 2584 1631 2608 l.
1657 2581 1688 2609 cf.
1709 2592 1730 2608 c.
1752 2583 1774 2608 l.
1798 2582 1819 2615 5.
1839 2584 1863 2609 5.
1888 2582 1920 2609 de
1939 2582 1982 2608 off.

1148 2627 1199 2653 l’rf.
1220 2626 1261 2653 Pr.
1281 2625 1336 2652 Afr.
1358 2627 1379 2651 1.
1399 2627 1440 2651 27.
1466 2641 1497 2644 —
1522 2626 1553 2659 §.
1574 2627 1609 2652 2.
1630 2627 1685 2652 Ius
1704 2627 1846 2659 optandi.
1882 2624 1900 2651 I.
1920 2625 1982 2658 Sy.

1148 2670 1243 2707 Optio.
1270 2668 1390 2705 Eligendi
1414 2668 1531 2695 facultas.
1556 2668 1586 2694 l'r.
1609 2670 1629 2694 l.
1654 2678 1693 2704 sq.
1718 2667 1748 2694 sr.
1768 2669 1791 2694 4.
1816 2667 1846 2694 fr.
1865 2668 1888 2693 6.
1907 2665 1937 2693 fr.
1957 2668 1980 2693 8.

1147 2723 1186 2749 pr.
1205 2712 1227 2746 5.
1246 2713 1271 2737 3.
1291 2710 1325 2737 de
1343 2716 1396 2747 opt.
1416 2710 1463 2746 leg.
1483 2713 1524 2738 33
1545 2713 1568 2737 5.
1600 2710 1661 2748 ΠΡ.
1680 2710 1778 2737 XXIV.
1799 2712 1838 2736 14.
1874 2709 1981 2736 Permit-

1146 2760 1211 2783 tere.
1230 2764 1307 2790 quem
1326 2754 1406 2781 vellet
1426 2754 1571 2787 (liberare.)
1590 2753 1754 2780 Electionem
1779 2751 1929 2780 concedere.
1949 2752 1978 2778 fr.

1144 2799 1185 2823 22.
1206 2797 1238 2824 de
1257 2807 1367 2823 manum.
1387 2797 1457 2824 vind.
1477 2799 1518 2823 40.
1536 2798 1561 2823 2.
1598 2796 1640 2823 111.
1669 2798 1735 2824 Gn.
1765 2795 1824 2823 Non
1843 2794 1979 2827 electione,

1144 2839 1190 2867 sed
1209 2839 1350 2872 solutione.
1370 2850 1391 2867 s.
1410 2841 1589 2878 perceptione,
1609 2839 1722 2867 liberari.
1742 2838 1772 2865 fr.
1793 2839 1814 2864 1.
1835 2838 1856 2872 5.
1876 2839 1917 2864 43.
1938 2838 1980 2864 de-
