2197 3121
1036 167 1147 198 DOM.

223 257 249 279 et
268 252 333 279 dens
353 256 455 283 noster,
475 251 549 277 lesus
564 249 697 276 Christus.
718 258 738 275 c.
758 250 782 275 2.
802 249 839 282 55
862 250 883 275 l.
902 249 945 275 23.
965 248 997 275 (16
1016 254 1067 275 vot.

222 297 279 322 iure
299 294 384 321 enm-l.
406 296 429 321 1.
451 296 490 320 17.
511 304 532 320 c.
554 295 575 319 1.
596 302 635 329 pr.
655 291 688 318 de
707 292 750 319 off.
771 290 823 318 Prf.
844 290 885 317 Pr.
906 290 962 318 Afr.
984 293 1005 318 1.
1025 293 1066 317 27.

222 339 287 365 Dies
312 337 408 363 natalis
435 336 548 367 domini,
575 339 600 361 et
620 334 783 371 epiphaniae.
804 344 825 360 c.
845 336 868 360 2.
890 333 922 360 (16
942 333 1022 360 Γυνίἰε.
1042 335 1066 360 3.

223 383 263 407 12.
301 380 385 417 Rogo,
406 380 510 406 domine
529 378 685 415 Imperator,
711 377 800 403 audias
825 387 873 403 me.
895 376 924 403 fr.
945 378 969 403 3.
990 377 1022 403 (16
1040 376 1064 403 h.

222 434 265 460 qu.
286 425 312 450 in
332 428 435 449 testam.
455 425 495 448 25.
511 423 534 448 4.
572 421 721 447 Secundum
737 421 901 447 dominorum
915 424 1064 456 praecepta.

222 466 303 493 Gesta
324 467 350 492 in
370 466 431 491 Sen.
451 465 483 491 (le
502 474 553 490 rec.
577 464 626 490 Th.
649 463 679 490 C.
700 463 790 497 (ch.
810 473 836 500 p.
856 464 894 491 3.)
932 462 1063 487 Dominus

221 520 250 535 ae
269 509 340 535 silius
360 513 458 534 noster.
480 507 557 533 Dom.
584 512 609 532 et
629 511 738 543 patruus
760 515 842 532 meus.
879 504 956 531 Dom.
977 509 1003 530 et
1020 515 1064 541 pa-

222 561 284 577 rens
304 556 403 576 noster.
430 550 479 576 Th.
500 549 531 576 C.
552 549 595 576 Vl.
614 552 656 576 23.
682 560 702 576 c.
722 551 746 575 4.
763 553 804 585 ‘1¹¹'-
826 547 858 573 de
877 547 965 574 decur.
986 552 1011 573 et
1031 549 1064 573 si·
1085 548 1087 564 ¹

221 594 283 620 lent.
304 592 358 619 VH.
382 594 420 619 16.
442 604 462 619 (·.
483 594 506 618 2.
528 592 559 618 de
579 592 648 618 litor.
674 597 699 618 et
723 593 778 618 itin.
804 595 870 617 cust.
889 590 959 616 XIII.
982 593 1020 617 10.
1042 601 1062 616 c.

219 639 244 663 2.
265 636 297 662 de
316 646 397 662 ceusu
416 645 437 662 s.
457 635 643 661 misen—lul.
663 634 753 661 Paulo.
789 633 831 660 Ex
850 633 928 663 facto.
949 633 1062 665 domine,

220 680 323 716 species
343 678 471 705 eiusmodi
491 678 591 704 incidit.
611 678 642 704 fr.
661 680 702 704 22.
723 687 761 714 pr.
783 676 814 702 ad
834 676 863 702 L.
885 676 954 702 Falc.
974 678 1016 702 35.
1036 678 1060 702 2.
1084 673 1086 688 ³

220 721 334 758 Quidam
354 721 385 747 ad
405 721 562 747 creditorem
588 721 689 747 litteras
714 719 842 745 eiusmodi
863 718 936 745 fecit:
958 735 989 738 —
1009 719 1062 745 Do-

218 766 288 791 mine
307 769 355 791 rte.
375 764 405 790 fr.
425 766 468 790 26.
488 763 521 790 dc
541 769 623 790 const.
644 773 736 800 pecun.
758 763 797 787 13.
814 763 838 787 5.
877 761 1015 798 Quidquid
1030 772 1061 788 ex
1083 777 1085 782 ⁴

218 807 363 833 hereditate
383 807 494 833 bonisve
514 806 591 837 Titii,
620 806 719 832 domini
739 806 797 837 mei,
817 806 899 842 patris
919 806 1010 833 vestri.
1029 804 1061 830 ad

217 860 259 876 me
278 851 407 887 pervenit.
428 850 458 876 sr.
478 853 519 876 58.
540 850 561 883 5.
581 852 605 875 2.
626 848 658 875 de
677 849 753 885 legat.
778 848 807 874 11.
830 848 896 881 (31.)
917 847 948 873 cf.
969 847 999 874 sr.
1019 850 1060 874 57.

218 893 250 919 de
270 892 357 919 donat.
383 894 428 918 int.
449 892 480 919 V.
505 894 547 918 24.
574 894 595 918 1.
620 908 652 911 -
676 892 706 925 §.
733 893 769 918 3.
796 892 1060 925 proprietarius.

217 935 235 962 1.
254 936 316 970 Sy.
338 935 370 965 15,
391 937 464 961 cuius
485 946 513 961 ea
533 945 574 961 res
595 939 642 961 cst.
672 934 729 960 Gai.
749 934 779 960 11.
799 936 841 960 62.
863 944 902 970 sq.
940 933 970 959 11.
993 935 1060 967 ΟΡ.

217 978 270 1013 Qui
290 978 369 1004 habet
389 978 506 1006 usumsr..
526 977 568 1004 vel
587 977 699 1014 aliquam
719 978 881 1003 servitutem.
902 976 932 1003 fr.
953 979 976 1003 S.
999 977 1020 1011 5.
1035 979 1059 1003 4.
1082 1010 1083 1013 Ἴ

1082 920 1084 934 i

216 1020 248 1047 de
268 1020 340 1056 relig.
368 1022 406 1046 ll.
429 1022 451 1047 7.
488 1020 661 1057 Proprietatis
686 1020 816 1046 dominus.
836 1036 869 1039 —
889 1019 1060 1046 Vsusructua-

215 1064 278 1094 rius.
298 1063 435 1090 Vsuarius.
460 1063 490 1089 fr.
513 1065 552 1090 15.
573 1064 594 1096 5.
615 1065 638 1090 6.
665 1063 697 1089 de.
718 1063 798 1089 usufr.
824 1065 847 1089 7.
870 1065 890 1089 l.
917 1064 946 1089 sr.
977 1064 1015 1089 16.
1037 1063 1059 1096 5.
1081 1073 1083 1104 ἰ

218 1108 239 1132 1.
259 1106 292 1132 de
311 1116 359 1132 usu
380 1111 405 1132 et
424 1105 503 1132 habit.
526 1108 548 1132 7.
568 1109 592 1133 8.
630 1106 672 1132 111.
694 1108 759 1134 Gn.
780 1106 912 1132 Dominus
932 1106 1059 1132 membro·
1081 1112 1082 1138 1

214 1160 271 1176 rum
291 1159 398 1175 suorum
418 1159 493 1175 nemo
512 1149 624 1175 videtur.
645 1149 675 1175 fr.
699 1151 736 1175 13,
751 1159 790 1186 pr.
811 1149 842 1175 ad
856 1148 885 1175 L.
900 1149 969 1185 Aqu.
990 1150 1014 1175 9.
1033 1151 1058 1175 2.
1080 1171 1082 1176 ,

215 1191 302 1218 Titius
327 1191 482 1218 hereditatis
506 1202 578 1218 meae
601 1192 723 1218 dominus
748 1197 813 1218 esto.
839 1192 870 1218 sr.
894 1194 936 1218 48.
962 1202 999 1229 pr.
1027 1191 1059 1217 de
1080 1218 1081 1228 ἵ

213 1234 302 1261 hereti.
318 1235 379 1261 inst.
399 1236 441 1261 28.
463 1237 487 1261 5.
535 1235 563 1261 Si
584 1235 647 1272 quid
667 1236 741 1272 quasi
761 1245 813 1261 non
834 1235 911 1261 heres
931 1236 990 1271 egit,
1011 1234 1058 1260 sed
1080 1246 1081 1253 ¹

214 1279 290 1314 quasi
316 1277 367 1303 alio
393 1278 449 1304 iure
472 1277 602 1304 dominus.
627 1278 657 1304 fr.
683 1281 724 1304 20.
751 1288 790 1315 pr.
816 1278 848 1304 (16
872 1278 903 1304 Α.
928 1288 952 1304 v.
973 1278 1005 1304 0.
1026 1277 1056 1303 H.
1079 1264 1081 1288 '¹

211 1322 253 1347 29.
273 1323 297 1346 2.
334 1319 410 1346 Licet
430 1321 499 1347 iuste
518 1320 681 1357 possideant,
702 1326 853 1347 nontamen
873 1321 999 1358 opinione
1013 1320 1058 1347 (10-

212 1365 275 1390 mini
300 1363 448 1400 possident.
474 1363 504 1389 l'r.
596 1365 617 1397 5.
645 1366 667 1390 l.
693 1364 725 1390 de
749 1374 809 1390 nox.
835 1370 883 1390 act.
908 1366 931 1391 9.
957 1366 980 1390 4.
1018 1364 1056 1390 Eo
1078 1388 1079 1392 .

212 1408 298 1433 animo
323 1407 439 1432 nancisci
463 1407 676 1443 possessionem,
701 1412 729 1433 ut
754 1406 843 1433 credat
868 1417 897 1433 56
922 1407 1055 1433 dominum
1078 1397 1079 1404 ¹

213 1459 279 1476 esse.
300 1449 330 1475 fr.
353 1451 391 1474 13.
416 1449 437 1483 5.
460 1451 481 1475 l.
507 1449 540 1476 de
563 1449 629 1476 Pub.
655 1450 681 1475 in
708 1449 739 1476 R.
760 1450 791 1476 A.
811 1452 834 1476 (i.
855 1452 879 1476 2.
917 1449 1056 1486 Nunquam
1077 1477 1079 1490 ¹

212 1503 260 1530 pro
280 1492 387 1519 domino
407 1502 467 1518 esse
486 1493 609 1529 incipere.
635 1492 665 1519 fr.
685 1495 709 1519 5.
734 1504 772 1530 pr.
793 1498 822 1520 ut
842 1495 866 1519 in
886 1503 958 1530 poss.
979 1493 1054 1528 legat.
1077 1518 1079 1522 ,

211 1537 253 1562 36.
273 1537 296 1561 4.
335 1535 442 1561 Domini
462 1535 520 1561 Ioco
543 1535 641 1562 habt-ri.
675 1536 732 1562 Gai.
752 1536 796 1563 IV.
817 1538 858 1563 97.
878 1536 908 1562 fr.
930 1538 969 1562 15.
990 1537 1011 1570 5.
1030 1539 1054 1562 2.

213 1578 245 1604 de
265 1579 412 1614 quaestion.
437 1580 477 1604 4-3.
505 1580 544 1604 18.
587 1578 702 1609 Domini.
722 1579 765 1605 vel
785 1579 811 1606 hi
832 1580 877 1615 qui
896 1580 954 1605 vice.
974 1579 1055 1605 domi-

213 1631 304 1647 norum
325 1625 394 1647 sunt.
420 1620 450 1646 fr.
473 1622 529 1646 157.
554 1630 593 1657 pr.
614 1621 646 1647 de
666 1621 697 1648 R.
718 1622 735 1648 1,
762 1625 803 1649 50.
826 1625 865 1649 17.
902 1621 983 1647 Liber
1003 1632 1054 1647 non

213 1664 251 1692 fit.
272 1663 318 1690 sed
338 1673 430 1690 servus
451 1665 508 1689 sine
528 1663 633 1690 domiuo
654 1669 701 1690 est.
723 1664 784 1702 le.
800 1665 817 1692 1.
834 1667 873 1691 19.
912 1664 1055 1691 Voluntate
1076 1672 1077 1679 ¹

212 1706 311 1732 domini
337 1707 363 1732 in
388 1706 509 1732 libertate
534 1716 600 1732 esse.
636 1707 672 1733 lb.
692 1707 710 1733 1.
733 1710 771 1734 12.
810 1708 918 1734 Scit-nte
938 1708 1054 1739 domino,

213 1753 239 1775 et
259 1758 315 1774 cum
338 1750 425 1785 possit
448 1758 501 1774 non
524 1749 695 1785 prohibente..
715 1760 808 1777 servus
834 1751 859 1777 id
884 1750 953 1777 fecit.
980 1750 1010 1776 fr.
1029 1753 1053 1776 2.
1076 1753 1077 1781 ζ

212 1791 245 1817 de
264 1801 294 1817 eo
314 1801 339 1827 p.
360 1801 402 1827 qu.
423 1791 482 1817 fact.
497 1793 524 1817 2.
538 1793 578 1817 10.
616 1792 751 1825 Actiones,
773 1804 839 1830 qnae.
858 1803 996 1819 servorum
1009 1803 1054 1818 no-

211 1835 280 1860 mine
299 1835 326 1859 in
346 1833 479 1859 (lominum
499 1833 601 1860 dantur.
622 1834 679 1861 Gai.
691 1835 734 1861 IV.
749 1838 790 1862 (59.
805 1845 862 1871 sqq.
901 1835 960 1861 Non
978 1836 1053 1871 quasi
1075 1835 1077 1861 ¹.

211 1878 299 1905 amini.
331 1876 378 1902 sed
402 1877 476 1912 quasi
502 1875 601 1902 domini
626 1878 779 1913 (negotium
804 1879 899 1914 gessit,
924 1888 960 1904 sc.
987 1878 1054 1904 liber
1075 1866 1076 1881 l

211 1920 289 1946 homo
310 1919 334 1945 b.
358 1918 372 1944 Γ.
394 1919 458 1945 mihi
477 1919 616 1952 serviens.)
637 1920 667 1946 Γπ,
687 1922 728 1947 36.
749 1921 781 1947 (16
800 1921 832 1947 N.
853 1920 884 1947 G.
904 1922 928 1947 3.
949 1923 972 1947 5.
1010 1920 1053 1947 Ni·
1074 1952 1075 1957 Ἰ

530 1365 544 1380 ·)
548 1366 563 1380 O

532 1381 571 1390 u...

210 1962 246 1988 hil
268 1964 387 1993 interest,
407 1963 429 1987 si
449 1971 628 1991 successores.
648 1969 691 1989 aut
710 1969 793 2000 pater,
813 1969 856 1990 aut
875 1963 996 1990 (lominus
1016 1974 1054 1990 ar·
1074 1974 1076 1999 ξ

209 2006 319 2041 genta-rii
345 2003 462 2030 eiusdem
488 2004 592 2030 fuerunt
616 2006 798 2042 professionis.
824 2006 854 2033 fr.
879 2008 902 2033 9.
929 2007 951 2040 5
973 2009 994 2033 l.
1021 2006 1053 2032 (le

211 2047 313 2073 edendo
332 2050 357 2073 2.
379 2049 419 2073 13.
458 2048 511 2082 Qui
531 2047 687 2084 obsequitur
706 2051 815 2087 imperio
835 2051 927 2086 patris,
946 2049 989 2076 vel
1008 2049 1053 2076 do-

210 2091 280 2116 mini.
300 2090 330 2116 fr.
351 2092 374 2116 4.
395 2090 427 2116 (le
445 2090 476 2116 R.
498 2090 626 2118 I.50.17.
663 2092 692 2118 In
706 2097 864 2129 potestatem
886 2092 983 2119 domini
998 2103 1052 2119 rem

212 2132 331 2159 furtivam
351 2134 456 2159 venisse
475 2133 568 2160 videri.
589 2134 619 2160 fr.
640 2136 698 2161 215.
721 2135 752 2161 de
772 2135 803 2161 R.
818 2136 835 2161 l.
855 2137 896 2161 50.
913 2138 952 2161 17.
977 2135 1051 2162 Vnus
1074 2146 1075 2172 ζ

212 2185 244 2201 ex
263 2175 381 2202 dominis⁴
408 2175 469 2213 le.
490 2176 507 2202 1.
529 2178 568 2202 lis.
595 2176 624 2203 sr.
648 2179 672 2204 2.
694 2177 726 2204 de
745 2179 833 2204 servit.
854 2180 878 2204 8.
900 2180 921 2205 Ι.
959 2178 1052 2205 Plures

212 2217 350 2244 earundem
368 2218 470 2245 aedium
495 2219 602 2245 domini.
628 2219 657 2246 fr.
682 2222 723 2246 27.
745 2221 776 2247 de
796 2221 880 2247 damn.
900 2221 945 2247 inl'.
965 2223 1006 2248 39.
1026 2224 1050 2248 2.
1073 2223 1075 2246 Ῑ

212 2275 244 2279 —-
264 2261 294 2292 §.
310 2261 348 2286 4.
368 2263 416 2287 Ex
436 2264 511 2288 iure
531 2264 714 2295 Quiritium
734 2266 892 2290 dontinus.
930 2264 961 2290 II.
983 2267 1050 2298 01).
1073 2279 1074 2295 3

211 2303 250 2328 Ex
272 2303 327 2328 iure
347 2302 487 2337 Quiritium
506 2304 629 2331 dominus
652 2315 718 2331 esse.
739 2322 771 2325 —
791 2306 819 2332 In
839 2307 915 2333 bonis
935 2317 989 2333 reni
1009 2307 1051 2333 ha-

211 2345 281 2371 bere.
302 2345 358 2370 Gai.
378 2344 407 2371 11.
426 2348 467 2373 40.
489 2357 527 2384 sq.
565 2347 608 2374 111,
629 2349 696 2375 Cn.
721 2348 762 2375 Sit
780 2349 952 2386 plenissimus
972 2355 997 2376 et
1016 2350 1051 2377 le·
1072 2364 1073 2367 ¹

211 2389 316 2423 giiimus
337 2388 449 2423 quisque
467 2389 595 2417 dominus.
621 2401 642 2417 c.
665 2393 686 2417 1.
707 2391 740 2417 ‹le
764 2392 834 2419 nudo
855 2394 910 2418 iure
931 2394 1006 2427 Quir.
1027 2395 1049 2419 7.
1072 2416 1073 2431 χ

211 2432 252 2456 25,
290 2429 372 2455 Pleno
392 2430 447 2456 iure
471 2431 635 2460 dominorum
654 2434 719 2460 fieri.
749 2434 805 2462 Gai.
825 2435 843 2462 I.
866 2438 905 2461 15.
942 2435 971 2461 Si
991 2437 1050 2472 quis
1072 2434 1073 2469 l

211 2473 246 2503 id.
268 2472 340 2509 quod
354 2472 464 2499 traditur
483 2484 515 2501 ex
527 2476 595 2502 iusta
615 2487 700 2509 causa,
720 2488 772 2504 non
787 2489 799 2504 a
813 2478 928 2510 domino,
949 2483 975 2504 et
988 2489 1051 2504 non·

211 2515 272 2542 dum
291 2520 446 2553 usucaptum
464 2521 544 2552 petet.
563 2517 593 2545 fr.
615 2521 637 2546 l.
656 2530 696 2557 pr.
717 2520 750 2547 de
763 2520 838 2548 Publ.
859 2522 882 2547 6.
896 2523 920 2547 2.
936 2521 967 2547 cf.
992 2522 1049 2548 Gai.
1071 2512 1073 2540 l

211 2558 240 2585 11.
260 2560 301 2585 4³3.
1071 2549 1072 2568 ¹

245 2600 444 2628 Domitius.
486 2603 663 2631 Domitia.
705 2606 736 2639 §.
768 2607 803 2633 1.
844 2609 1048 2634 Praenomeu.

211 2643 253 2669 111.
269 2645 334 2670 Gn.
355 2643 487 2670 Domitius
507 2644 595 2671 Labeo
615 2645 695 2673 Celso
715 2648 743 2678 S.
762 2648 792 2675 sr.
812 2651 854 2676 27.
875 2650 926 2686 Qu.
946 2654 1048 2676 testam.

209 2685 257 2712 fac.
272 2696 296 2722 p.
311 2688 352 2711 28.
370 2687 390 2711 1.
420 2687 544 2716 Domitia.
564 2688 676 2715 Neronis
690 2690 750 2717 filia.
766 2691 796 2718 fr.
810 2694 833 2717 3.
846 2692 866 2725 5.
881 2695 904 2718 5.
925 2692 957 2719 de
971 2692 1047 2719 cond.

210 2739 231 2754 (τ.
252 2728 303 2754 dat.
325 2730 364 2754 12.
384 2731 408 2754 5.
429 2746 460 2749 —
481 2731 558 2763 §.Q
580 2732 695 2758 ,Nomen
713 2735 864 2768 singulae
887 2745 923 2761 ea:
939 2738 1048 2770 genti-

208 2773 262 2797 bus
282 2772 369 2797 urhis
389 2774 512 2799 Romae.
532 2772 574 2799 III.
587 2775 652 2800 Gn.
672 2773 739 2801 Cum
757 2775 805 2803 Cu.
825 2777 958 2803 Domitius
978 2778 1047 2805 filiae

209 2823 270 2839 suae
281 2813 412 2850 peculium
426 2831 457 2834 —
469 2815 590 2851 legasset.
608 2815 638 2842 fr.
652 2817 675 2842 6.
686 2816 708 2850 5.
720 2818 743 2843 4.
761 2818 793 2844 de
805 2829 861 2856 pec.
874 2819 922 2856 leg.
935 2822 976 2847 33.
988 2822 1011 2847 8.

1078 1409 1079 1416 ’
1101 1417 1204 1443 cunque
1228 1406 1295 1433 loco.

1891 169 1955 198 303

1147 249 1349 276 Domnflna·
1372 252 1487 277 Nomen
1507 251 1665 277 mulieris.
1686 248 1727 275 111.
1749 250 1814 276 Cn.
1834 248 1862 274 In
1876 259 1952 275 cansa

1113 292 1260 318 Domniuae
1280 297 1305 318 et
1324 292 1475 323 Fortunati.
1500 293 1642 319 illustrium
1667 302 1846 329 personarum.
1884 291 1950 317 δον.

1111 335 1232 361 Anthem.
1253 335 1285 361 (le
1304 335 1364 361 hon.
1385 346 1440 362 var.
1463 335 1506 361 Vl.
1526 338 1549 361 3.
1573 346 1593 361 c.
1616 337 1637 361 1.
1658 336 1679 369 5.
1700 337 1723 360 2.

1145 379 1395 405 llolnuneula.
1435 380 1511 405 Dum
1523 389 1556 404 118
1574 388 1685 412 parva.
1722 377 1763 403 111.
1785 378 1850 404 (m.
1888 376 1940 402 Mul

1110 426 1149 447 tas
1169 427 1252 448 terras
1278 422 1335 447 sine
1354 420 1453 451 reditu,
1474 421 1515 447 vel
1536 421 1720 452 domunculas,
1741 419 1783 446 vel
1803 421 1892 445 vineas
1913 429 1951 445 re-

1109 464 1236 500 linquere.
1274 463 1340 490 Nov.
1365 465 1406 489 65.
1432 463 1462 490 rl'.
1490 464 1518 490 i'r.
1544 466 1568 490 3.
1594 465 1615 497 5.
1644 466 1681 490 11.
1706 464 1738 490 (16
1762 462 1862 500 sepulc.
1888 462 1949 488 viol.

1109 508 1150 532 47.
1175 509 1212 533 12.

1142 551 1295 576 nonnus.
1310 550 1341 583 ᾖ.
1354 550 1388 575 l.
1404 551 1624 585 Aedificiicm,
1640 551 1749 575 Aedes.
1769 548 1787 575 Ι.
1799 549 1860 582 sy.
1876 547 1950 574 Prae-

1108 592 1179 618 dium
1200 592 1334 618 urbanum.
1358 591 1419 629 le.
1440 591 1512 618 XIX.
1535 594 1555 618 l.
1594 592 1690 618 Aedes.
1716 591 1745 617 fr.
1766 593 1807 617 91.
1832 591 1853 624 5.
1873 593 1897 617 5.
1917 590 1950 616 (16

1108 634 1184 671 legat.
1205 635 1247 661 111.
1269 636 1335 668 (32.)
1356 635 1386 661 fr.
1409 637 1448 661 15.
1469 636 1490 669 5.
1513 637 1552 661 13.
1573 635 1605 661 (1(ι
1625 635 1709 661 damn.
1730 634 1773 660 inf.
1793 636 1834 661 39.
1854 636 1878 660 2.
1906 633 1948 660 111.

1109 679 1174 705 011.
1195 678 1248 713 Qui
1268 688 1345 714 quem
1365 679 1470 704 armatis
1490 677 1641 704 hominibus
1661 679 1841 714 possessione.
1862 677 1949 708 domo,

1106 721 1177 749 villa.
1198 731 1293 755 agrove
1313 721 1438 747 deiecerit
1458 726 1506 747 ete.
1526 720 1641 747 Pautv.
1661 723 1702 746 20.
1723 721 1744 753 5.
1765 723 1787 746 3.
1809 721 1840 746 cl'.
1860 720 1891 746 sr.
1906 722 1948 745 52.

1107 763 1139 789 de
1159 769 1242 790 contr.
1268 769 1326 790 emt.
1354 765 1393 790 18.
1415 766 1436 790 1.
1475 763 1504 790 Si
1528 765 1554 790 in
1579 763 1677 790 oliveio
1698 763 1834 793 olivarum,
1855 780 1884 783 -
1905 767 1950 788 aut

1106 807 1128 831 si
1149 807 1174 832 in
1195 806 1272 832 (inmo
1292 806 1389 832 furtum
1410 806 1506 832 factum
1525 807 1567 832 sit.
1588 807 1644 833 Gai.
1665 806 1706 832 111.
1729 808 1784 832 184.
1824 808 1899 841 Quae
1916 805 1948 831 nd

1106 850 1263 875 instructum
1287 850 1481 886 possessionis.
1501 849 1543 875 vel
1563 849 1665 880 domus.
1686 850 1825 886 pertinent.
1846 848 1895 874 Th.
1916 848 1947 874 C.

1105 892 1137 918 X.
1158 893 1181 918 8.
1203 902 1224 917 c.
1246 893 1268 917 1.
1289 892 1321 918 de
1341 893 1393 918 bon
1418 902 1472 918 vae.
1493 892 1525 918 cf.
1564 891 1635 918 Paul.
1654 892 1696 918 111.
1721 893 1744 918 6.
1769 893 1805 926 55.
1826 894 1867 918 55.
1888 901 1946 927 sqq.

1106 935 1178 971 Agri.
1198 939 1241 960 aut
1261 934 1354 960 domus
1375 936 1553 961 instrumenta.
1575 934 1604 961 fr.
1620 937 1642 961 7.
1663 935 1684 968 5.
1701 937 1722 961 l.
1742 934 1775 961 de
1787 934 1882 971 supell.
1898 933 1946 969 leg.

1105 979 1147 1003 33.
1170 979 1209 1003 10,
1247 976 1352 1003 Vrbana
1374 977 1478 1006 familia.
1499 979 1560 1004 item
1580 979 1694 1004 artifices
1709 995 1739 998 —
1755 977 1838 1004 eidem
1859 977 1946 1004 domui

1082 1016 1083 1029 ¹
1105 1021 1260 1047 servientes.
1281 1019 1354 1046 Paul.
1369 1020 1410 1046 111.
1425 1023 1448 1046 6.
1468 1021 1489 1054 5.
1503 1022 1544 1046 58.
1583 1021 1722 1049 Omnibus.
1743 1031 1809 1057 quae
1823 1022 1849 1047 in
1869 1020 1947 1047 domo

1105 1068 1175 1093 sunt.
1196 1063 1297 1099 legatis,
1334 1062 1371 1089 lb.
1397 1062 1413 1089 l.
1439 1063 1454 1089 l.
1481 1063 1502 1096 5.
1523 1064 1563 1089 59.
1588 1063 1619 1089 cf.
1645 1063 1674 1090 sr.
1697 1065 1738 1090 86.
1762 1063 1792 1090 1”ι“.
1812 1065 1854 1089 91.
1879 1063 1902 1097 5.
1921 1063 1946 1089 4.

1105 1106 1137 1133 de
1158 1106 1233 1142 legat.
1253 1106 1296 1132 111.
1322 1106 1389 1138 (32.)
1415 1122 1447 1125 —
1472 1106 1503 1139 δ.
1522 1108 1556 1133 2.
1587 1107 1807 1133 Domirilium.
1845 1105 1863 1132 Ι,
1884 1107 1946 1139 sy·

1081 1139 1082 1149 l
1104 1149 1163 1181 Lar,
1184 1149 1304 1175 Penates.
1325 1148 1355 1175 fr.
1378 1151 1400 1175 1.
1420 1149 1441 1182 5.
1461 1150 1485 1175 2.
1506 1148 1539 1175 de
1558 1149 1632 1185 adgn.
1653 1154 1678 1175 et
1697 1149 1781 1176 alend.
1795 1151 1836 1175 25.
1850 1150 1874 1175 3.
1894 1147 1944 1175 Th.

1104 1193 1135 1219 C.
1156 1192 1200 1218 lx.
1223 1194 1248 1218 2.
1274 1202 1295 1218 c.
1319 1193 1343 1218 3.
1369 1202 1390 1217 c.
1415 1193 1439 1217 «5.
1465 1191 1497 1217 de
1517 1191 1575 1218 exh.
1596 1202 1619 1218 v.
1640 1197 1745 1218 transm.
1766 1192 1944 1223 Domicilium,

1103 1236 1243 1262 llabitaiio.
1269 1235 1298 1261 fr.
1323 1237 1347 1260 5.
1375 1234 1407 1260 de
1426 1234 1457 1260 R.
1478 1233 1509 1260 N.
1529 1236 1571 1260 23.
1595 1237 1620 1260 2.
1645 1234 1674 1261 fr.
1695 1238 1718 1261 5.
1744 1245 1783 1272 pr.
1803 1236 1840 1269 55.
1860 1238 1883 1261 2.
1904 1245 1944 1271 sq.

1103 1279 1135 1305 (16
1155 1280 1231 1305 iniur.
1251 1279 1292 1304 47.
1314 1280 1354 1303 10.
1375 1277 1405 1303 fr.
1424 1279 1466 1303 22.
1489 1278 1511 1311 5.
1530 1280 1554 1303 2.
1579 1277 1611 1304 ad
1630 1277 1659 1304 L.
1680 1278 1727 1304 lul.
1748 1278 1780 1304 de
1799 1278 1839 1304 ad.
1859 1280 1900 1304 4⁸.
1920 1280 1944 1303 5.

1102 1321 1145 1347 111.
1161 1323 1226 1349 Gn.
1246 1320 1312 1347 Tam
1332 1320 1411 1351 domi.
1432 1330 1508 1356 qnam
1529 1320 1643 1347 militiae.
1665 1321 1694 1347 l'r.
1714 1323 1756 1347 35.
1776 1322 1797 1355 5.
1813 1322 1836 1347 4,
1858 1320 1890 1347 (16
1910 1330 1942 1346 (0.

1102 1374 1123 1390 c.
1144 1363 1232 1389 donat.
1252 1365 1294 1390 39.
1313 1365 1337 1390 6.
1375 1363 1439 1390 Sive
1458 1363 1543 1395 «lomi,
1562 1365 1619 1389 sive
1638 1364 1664 1389 in
1684 1364 1800 1400 publico.
1820 1364 1862 1390 vel
1883 1374 1945 1400 quo-

1335 1406 1385 1433 Th.
1411 1406 1442 1433 C.
1468 1406 1512 1433 IX.
1538 1408 1580 1433 34.
1601 1417 1622 1433 e.
1642 1408 1666 1433 9.
1687 1406 1720 1433 (le
1744 1407 1834 1433 fumos.
1860 1406 1943 1433 libell.

1101 1450 1142 1476 De.
1161 1449 1239 1475 domo
1259 1460 1304 1476 sua
1329 1450 1355 1475 in
1375 1451 1416 1476 ius
1437 1450 1539 1477 vocari.
1564 1460 1588 1475 v.
1609 1450 1718 1476 extrahi.
1739 1449 1769 1477 fr.
1791 1453 1831 1477 15,
1852 1450 1881 1476 fr.
1901 1451 1943 1476 21.

1101 1493 1132 1519 de
1152 1494 1178 1519 in
1198 1493 1238 1518 ius
1256 1503 1314 1519 voc.
1333 1496 1357 1518 2.
1378 1494 1401 1518 4.
1445 1492 1488 1518 lus
1513 1492 1654 1519 revocandi
1674 1493 1787 1520 domum.
1809 1493 1838 1520 fr.
1858 1494 1899 1519 28.
1920 1494 1942 1527 5.

1100 1538 1123 1562 4.
1145 1546 1176 1562 ex
1196 1545 1238 1571 qu.
1260 1546 1281 1562 c.
1302 1537 1391 1562 maior,
1411 1537 1436 1561 4.
1457 1537 1481 1561 (3.
1499 1534 1529 1561 fr.
1549 1537 1573 1561 2.
1593 1536 1630 1569 55.
1650 1537 1674 1561 3.
1695 1546 1754 1572 sqq.
1775 1536 1804 1562 fr.
1825 1538 1848 1562 5.
1869 1536 1899 1562 fr.
1920 1538 1942 1562 7.

1100 1578 1133 1605 de
1152 1578 1230 1604 iudic.
1250 1580 1274 1604 5.
1296 1580 1318 1604 l.
1355 1578 1471 1605 Domum
1484 1577 1650 1605 denunciare.
1672 1579 1713 1605 Cf,
1729 1589 1752 1605 v.
1767 1579 1942 1605 Denunciare.

1076 1621 1078 1659 j
1099 1622 1121 1655 5.
1143 1623 1165 1648 l.
1203 1621 1346 1648 Numerare
1370 1621 1403 1647 de.
1422 1621 1509 1647 domo.
1530 1620 1560 1646 sr.
1580 1622 1621 1647 40.
1642 1621 1674 1648 de.
1693 1621 1724 1648 R.
1746 1621 1775 1648 C.
1798 1623 1837 1647 12.
1858 1623 1881 1648 l.
1913 1621 1943 1647 Si

1100 1675 1185 1701 neque
1205 1664 1276 1691 domi
1295 1664 1375 1691 habet
1395 1668 1443 1696 (sc.
1464 1665 1623 1701 pecuniam.)
1648 1675 1734 1701 neque
1754 1665 1870 1691 inveniat
1889 1674 1943 1690 cre—

1100 1708 1219 1734 ditorem.
1247 1707 1277 1734 l'r.
1299 1709 1356 1733 137.
1382 1708 1403 1740 5.
1423 1708 1447 1732 4.
1472 1706 1505 1733 de
1525 1706 1556 1732 V.
1577 1706 1609 1733 Ο.
1630 1708 1671 1733 45.
1694 1710 1714 1734 1.
1741 1707 1772 1734 cf.
1796 1707 1826 1734 fr.
1846 1709 1887 1733 37.
1909 1707 1942 1733 (le

1100 1760 1170 1776 usur.
1190 1752 1231 1776 22.
1253 1752 1274 1775 1.
1314 1750 1367 1784 Qui
1392 1749 1522 1775 vindicem
1546 1760 1598 1775 non
1622 1750 1713 1782 dabat,
1739 1751 1845 1777 domum
1865 1750 1942 1777 duci-.-

1076 1790 1077 1796 ’
1099 1793 1175 1818 hatur
1193 1792 1224 1818 ab
1245 1797 1340 1818 actore.
1378 1791 1435 1818 Gai.
1455 1791 1499 1818 1V.
1523 1794 1565 1818 21.
1592 1792 1623 1819 cf.
1648 1795 1690 1819 25.
1727 1793 1791 1820 Sive.
1811 1794 1894 1820 invito
1914 1798 1939 1819 te

1098 1835 1248 1861 discessero
1272 1834 1305 1861 de
1329 1834 1407 1861 domo
1426 1840 1483 1866 tua,
1511 1834 1554 1861 vel
1578 1836 1716 1873 repudium
1740 1837 1788 1863 tibi
1812 1838 1869 1862 sine
1889 1836 1941 1862 ulla

1099 1878 1204 1914 querela
1223 1878 1327 1903 misero.
1348 1878 1378 1904 fr.
1398 1880 1439 1904 57.
1460 1877 1493 1904 (16
1512 1878 1600 1904 donat.
1621 1880 1667 1905 int.
1682 1879 1713 1905 V.
1732 1881 1774 1905 24.
1796 1882 1817 1906 1.
1839 1880 1870 1906 cf.
1891 1879 1941 1906 Va-

1099 1923 1141 1947 tic.
1165 1922 1271 1955 5107.
1322 1922 1397 1955 Quae
1424 1922 1514 1947 uxoris
1538 1920 1598 1947 loco
1621 1923 1678 1948 sine
1698 1923 1796 1959 nuptiis
1817 1924 1842 1948 in
1862 1922 1940 1949 domo

1073 1961 1076 2007 ἶ
1098 1965 1140 1990 sit.
1161 1964 1190 1990 fr.
1213 1965 1270 1990 144.
1295 1963 1327 1989 de.
1348 1962 1378 1989 V.
1399 1963 1426 1990 S.
1451 1966 1492 1990 50.
1514 1965 1553 1990 16.
1579 1964 1610 1991 es.
1632 1975 1652 1991 c.
1673 1968 1696 1992 5.
1721 1965 1754 1991 (16
1773 1965 1833 1992 don.
1854 1966 1885 1992 A.
1906 1965 1937 1991 N.

1073 2021 1075 2029 ‹
1097 2010 1120 2033 5.
1140 2009 1164 2033 3.
1185 2017 1206 2033 c.
1226 2008 1250 2033 9.
1271 2006 1304 2032 de
1324 2011 1396 2043 nupt.
1417 2008 1440 2033 5.
1461 2008 1484 2032 4.
1502 2023 1533 2026 -
1550 2008 1580 2040 §-
1595 2009 1632 2034 3.
1656 2010 1867 2036 universitas
1881 2012 1937 2045 fa-

1097 2052 1215 2076 miliae.
1254 2049 1307 2084 Qui
1332 2060 1364 2075 ex
1389 2049 1479 2075 eadem
1503 2049 1581 2076 domo
1606 2055 1632 2076 et
1655 2056 1731 2087 genti·
1749 2052 1848 2088 proditi
1868 2057 1937 2078 sunt.

1097 2093 1127 2120 fr.
1149 2095 1206 2119 195.
1227 2093 1248 2126 5
1268 2095 1293 2118 2.
1314 2092 1346 2118 de
1365 2092 1397 2118 V.
1418 2092 1444 2119 S.
1464 2095 1505 2118 50.
1527 2095 1567 2119 16.
1612 2093 1719 2120 Familia
1740 2099 1764 2120 et
1784 2094 1885 2121 domus.
1907 2095 1937 2121 sr.

1100 2139 1137 2163 ll.
1158 2136 1179 2169 5.
1199 2138 1223 2162 2.
1245 2135 1276 2161 de
1296 2135 1326 2161 B.
1348 2135 1374 2162 l’.
1395 2145 1416 2161 5.
1436 2140 1453 2161 t.
1473 2137 1514 2162 37.
1536 2138 1575 2162 ll.
1613 2136 1723 2169 Testes.
1750 2147 1817 2173 quos
1836 2148 1939 2164 accusa-

1096 2184 1138 2205 tor
1157 2179 1189 2205 de.
1209 2178 1287 2205 domo
1314 2188 1361 2204 sua
1384 2178 1548 2215 produxerit.
1574 2179 1645 2206 Paul.
1666 2180 1698 2206 V.
1724 2182 1762 2206 15.
1789 2181 1859 2214 5.1.
1897 2181 1936 2207 Ex

1097 2232 1145 2248 una
1166 2222 1244 2248 domo
1263 2221 1354 2258 plures
1374 2226 1456 2247 testes
1477 2222 1561 2248 alieno
1581 2224 1685 2258 negotio
1700 2223 1832 2249 adhibere.
1853 2224 1881 2249 fr.
1898 2225 1936 2249 17.

1096 2265 1128 2291 de.
1147 2265 1235 2291 testib.
1257 2266 1298 2290 22.
1319 2267 1342 2290 5.
1381 2264 1442 2290 Tria
1468 2275 1545 2291 onera
1571 2266 1709 2292 tutelarum
1734 2267 1759 2292 in
1780 2277 1828 2292 una
1849 2266 1933 2291 domo.

1095 2308 1179 2334 Vatic.
1204 2308 1320 2341 55187.
1341 2317 1399 2343 sqq.
1427 2309 1483 2334 190.
1504 2318 1563 2344 sqq.
1605 2309 1739 2345 Dignitate
1763 2314 1788 2335 et
1807 2309 1870 2334 fama
1891 2308 1935 2334 do-

1096 2361 1152 2377 mus
1177 2352 1276 2385 integra
1300 2355 1427 2376 manente.
1453 2351 1482 2376 l'r.
1505 2353 1544 2376 14.
1569 2351 1590 2384 5.
1612 2354 1634 2378 ].
1659 2352 1691 2378 de
1711 2362 1787 2378 servo
1807 2361 1873 2377 corr.
1895 2353 1934 2377 11.

1072 2396 1118 2420 33.
1156 2393 1192 2420 Vt
1216 2393 1367 2429 diligentius
1394 2393 1512 2419 dolorem
1541 2395 1618 2420 animi
1647 2397 1700 2423 sui.
1726 2397 1786 2421 item
1815 2394 1934 2420 iniuriam

1096 2436 1181 2463 laesae
1205 2436 1298 2462 domus
1324 2447 1376 2462 non
1400 2437 1558 2463 translatitie
1586 2442 1814 2474 perseqiwreutur.
1864 2435 1934 2462 Coll.

1096 2479 1147 2506 LL.
1169 2479 1201 2506 Μ.
1222 2479 1266 2505 IV.
1289 2481 1327 2506 ll.
1360 2495 1392 2499 -—
1424 2481 1454 2513 §·
1480 2482 1518 2507 4.
1544 2481 1660 2515 Origo,
1681 2481 1852 2513 Prusapia.
1890 2479 1932 2505 111.

1096 2524 1161 2550 Gn.
1181 2522 1222 2548 De
1242 2522 1372 2548 natalibus
1397 2524 1481 2560 ipsius
1507 2533 1535 2549 ac
1555 2523 1587 2549 (le
1607 2524 1676 2548 omni
1696 2523 1764 2548 vitae
1784 2522 1934 2548 conditione.

1071 2573 1073 2587 ὲ
1095 2576 1201 2592 examen
1216 2565 1349 2597 habeatur,
1369 2567 1403 2592 ita
1425 2571 1452 2592 ut
1471 2567 1585 2593 (lonium.
1605 2575 1685 2601 genus
1710 2575 1762 2590 non
1786 2564 1934 2591 dissimulet

1095 2613 1120 2634 et
1139 2612 1269 2644 parentes.
1299 2608 1348 2635 Th.
1369 2608 1400 2635 C.
1421 2608 1476 2635 Vll.
1495 2612 1519 2635 2.
1547 2620 1567 2635 c.
1591 2610 1610 2634 1.
1641 2607 1692 2642 Qu.
1716 2607 1791 2644 prob.
1817 2607 1875 2634 (leb.
1900 2608 1932 2634 ad

1094 2661 1194 2687 qnamc.
1219 2650 1272 2677 mil.
1297 2651 1328 2677 cf.
1350 2651 1392 2677 Vl.
1412 2653 1452 2677 27.
1479 2662 1498 2677 ι),
1520 2653 1542 2676 4.
1563 2660 1601 2687 pr.
1622 2650 1654 2676 (1(ι
1674 2655 1756 2686 agent.
1777 2651 1803 2676 iu
1823 2651 1877 2677 reb.
1898 2667 1930 2670 —

1094 2694 1124 2726 ᾖ.
1146 2695 1183 2720 5.
1206 2695 1265 2720 Res
1279 2696 1489 2730 familiaris,
1514 2695 1762 2720 Patrimonium.
1799 2693 1841 2720 III.
1866 2695 1932 2721 011.

1093 2736 1168 2772 Quae.
1190 2736 1306 2773 praediis
1327 2751 1358 2756 —-
1379 2747 1410 2763 ex
1436 2736 1625 2762 consuetudine
1648 2735 1741 2762 domus
1764 2747 1836 2763 meae
1855 2747 1928 2773 prae-

1092 2783 1201 2806 stantur.
1222 2780 1252 2806 sr.
1272 2781 1312 2805 21.
1340 2789 1378 2816 pr.
1404 2778 1436 2805 de
1461 2787 1519 2804 ann.
1544 2778 1680 2813 legatam.
1704 2781 1724 2804 1.
1748 2778 1778 2805 fr.
1798 2781 1839 2805 23.
1864 2780 1885 2813 5
1908 2781 1929 2804 1.

1092 2821 1124 2848 de
1143 2821 1229 2858 pecul.
1250 2822 1298 2858 leg.
1317 2824 1359 2847 35.
1380 2823 1403 2847 8.
1441 2820 1521 2857 Quod
1546 2820 1657 2856 dilifgens
1680 2822 1813 2858 patei-sain.
1839 2823 1864 2848 in
1884 2831 1928 2847 sua
