<?xml version="1.0" encoding="UTF-8"?>
<!DOCTYPE html PUBLIC "-//W3C//DTD XHTML 1.0 Transitional//EN"
    "http://www.w3.org/TR/xhtml1/DTD/xhtml1-transitional.dtd">
<html xmlns="http://www.w3.org/1999/xhtml" xml:lang="en" lang="en">
 <head>
  <title>
</title>
<meta http-equiv="Content-Type" content="text/html;charset=utf-8" />
  <meta name='ocr-system' content='tesseract 3.04.00' />
  <meta name='ocr-capabilities' content='ocr_page ocr_carea ocr_par ocr_line ocrx_word'/>
</head>
<body>
  <div class='ocr_page' id='page_1' title='image "./manualelatinitat00dirk_0965.png"; bbox 0 0 2197 3121; ppageno 0'>
   <div class='ocr_carea' id='block_1_1' title="bbox 968 161 1216 192">
    <p class='ocr_par' dir='ltr' id='par_1_1' title="bbox 968 161 1216 192">
     <span class='ocr_line' id='line_1_1' title="bbox 968 161 1216 192; baseline 0.004 -1"><span class='ocrx_word' id='word_1_1' title='bbox 968 161 1050 191; x_wconf 88' lang='lat' dir='ltr'>TEP</span> <span class='ocrx_word' id='word_1_2' title='bbox 1064 179 1103 184; x_wconf 98' lang='lat'><strong>—</strong></span> <span class='ocrx_word' id='word_1_3' title='bbox 1119 162 1216 192; x_wconf 86' lang='lat' dir='ltr'>TER.</span> 
     </span>
    </p>
   </div>
   <div class='ocr_carea' id='block_1_2' title="bbox 210 241 1054 491">
    <p class='ocr_par' dir='ltr' id='par_1_2' title="bbox 210 241 1054 491">
     <span class='ocr_line' id='line_1_2' title="bbox 211 241 1054 280; baseline 0 -12"><span class='ocrx_word' id='word_1_4' title='bbox 211 243 232 276; x_wconf 81' lang='lat'>5.</span> <span class='ocrx_word' id='word_1_5' title='bbox 248 244 287 269; x_wconf 78' lang='grc'>10.</span> <span class='ocrx_word' id='word_1_6' title='bbox 309 242 341 269; x_wconf 85' lang='lat' dir='ltr'>ad</span> <span class='ocrx_word' id='word_1_7' title='bbox 361 243 428 270; x_wconf 91' lang='lat' dir='ltr'>S.C.</span> <span class='ocrx_word' id='word_1_8' title='bbox 442 243 523 280; x_wconf 85' lang='lat' dir='ltr'>Turp.</span> <span class='ocrx_word' id='word_1_9' title='bbox 543 243 584 269; x_wconf 83' lang='lat'>48.</span> <span class='ocrx_word' id='word_1_10' title='bbox 605 244 644 269; x_wconf 91' lang='lat'>16.</span> <span class='ocrx_word' id='word_1_11' title='bbox 673 241 764 269; x_wconf 78' lang='lat' dir='ltr'>Titulo</span> <span class='ocrx_word' id='word_1_12' title='bbox 784 247 869 268; x_wconf 85' lang='lat' dir='ltr'>tenus.</span> <span class='ocrx_word' id='word_1_13' title='bbox 890 241 919 268; x_wconf 84' lang='lat' dir='ltr'>fr.</span> <span class='ocrx_word' id='word_1_14' title='bbox 934 244 958 268; x_wconf 84' lang='lat'>5.</span> <span class='ocrx_word' id='word_1_15' title='bbox 978 243 1054 276; x_wconf 60' lang='lat'>5113.</span> 
     </span>
     <span class='ocr_line' id='line_1_3' title="bbox 214 284 1037 322; baseline 0 -11"><span class='ocrx_word' id='word_1_16' title='bbox 214 285 246 311; x_wconf 87' lang='lat' dir='ltr'>de</span> <span class='ocrx_word' id='word_1_17' title='bbox 266 285 320 311; x_wconf 82' lang='lat' dir='ltr'>reb.</span> <span class='ocrx_word' id='word_1_18' title='bbox 342 296 393 312; x_wconf 86' lang='lat' dir='ltr'>eor.</span> <span class='ocrx_word' id='word_1_19' title='bbox 416 295 458 322; x_wconf 86' lang='lat' dir='ltr'>qn.</span> <span class='ocrx_word' id='word_1_20' title='bbox 479 295 500 311; x_wconf 89' lang='lat' dir='ltr'>s.</span> <span class='ocrx_word' id='word_1_21' title='bbox 519 290 566 312; x_wconf 83' lang='lat' dir='ltr'>tut.</span> <span class='ocrx_word' id='word_1_22' title='bbox 586 287 627 311; x_wconf 90' lang='lat'>27.</span> <span class='ocrx_word' id='word_1_23' title='bbox 648 286 671 311; x_wconf 88' lang='lat'>9.</span> <span class='ocrx_word' id='word_1_24' title='bbox 692 285 782 322; x_wconf 86' lang='lat' dir='ltr'>Duplo</span> <span class='ocrx_word' id='word_1_25' title='bbox 802 290 885 311; x_wconf 88' lang='lat' dir='ltr'>tenus.</span> <span class='ocrx_word' id='word_1_26' title='bbox 907 284 948 311; x_wconf 87' lang='lat' dir='ltr'>Cf.</span> <span class='ocrx_word' id='word_1_27' title='bbox 969 285 993 311; x_wconf 91' lang='lat' dir='ltr'>h.</span> <span class='ocrx_word' id='word_1_28' title='bbox 1013 295 1037 312; x_wconf 91' lang='lat' dir='ltr'>v.</span> 
     </span>
     <span class='ocr_line' id='line_1_4' title="bbox 247 327 1053 364; baseline -0.001 -9"><span class='ocrx_word' id='word_1_29' title='bbox 247 330 408 361; x_wconf 78' lang='lat' dir='ltr'>Tepere.</span> <span class='ocrx_word' id='word_1_30' title='bbox 447 330 626 355; x_wconf 77' lang='lat' dir='ltr'>Remittere</span> <span class='ocrx_word' id='word_1_31' title='bbox 645 327 770 359; x_wconf 80' lang='lat' dir='ltr'>(calorem</span> <span class='ocrx_word' id='word_1_32' title='bbox 790 332 816 354; x_wconf 85' lang='lat' dir='ltr'>et</span> <span class='ocrx_word' id='word_1_33' title='bbox 834 328 981 364; x_wconf 88' lang='lat' dir='ltr'>impetum.)</span> <span class='ocrx_word' id='word_1_34' title='bbox 1009 327 1053 354; x_wconf 92' lang='grc'>111.</span> 
     </span>
     <span class='ocr_line' id='line_1_5' title="bbox 212 370 1053 408; baseline 0 -11"><span class='ocrx_word' id='word_1_35' title='bbox 212 372 278 398; x_wconf 76' lang='lat' dir='ltr'>Cn.</span> <span class='ocrx_word' id='word_1_36' title='bbox 304 370 343 397; x_wconf 68' lang='lat' dir='ltr'>Ne</span> <span class='ocrx_word' id='word_1_37' title='bbox 363 387 395 390; x_wconf 97' lang='lat'><strong>—</strong></span> <span class='ocrx_word' id='word_1_38' title='bbox 415 371 588 402; x_wconf 76' lang='lat' dir='ltr'>arbitrentur.</span> <span class='ocrx_word' id='word_1_39' title='bbox 609 370 694 406; x_wconf 75' lang='lat' dir='ltr'>legum</span> <span class='ocrx_word' id='word_1_40' title='bbox 713 386 745 390; x_wconf 88' lang='lat'>—</span> <span class='ocrx_word' id='word_1_41' title='bbox 765 371 907 397; x_wconf 89' lang='lat' dir='ltr'>constituta</span> <span class='ocrx_word' id='word_1_42' title='bbox 928 371 1053 408; x_wconf 83' lang='lat' dir='ltr'>tepuisse.</span> 
     </span>
     <span class='ocr_line' id='line_1_6' title="bbox 210 412 706 440; baseline 0.002 -1"><span class='ocrx_word' id='word_1_43' title='bbox 210 412 262 439; x_wconf 89' lang='lat' dir='ltr'>Th.</span> <span class='ocrx_word' id='word_1_44' title='bbox 277 413 307 440; x_wconf 92' lang='lat' dir='ltr'>C.</span> <span class='ocrx_word' id='word_1_45' title='bbox 322 412 391 440; x_wconf 75' lang='lat' dir='ltr'>XVI.</span> <span class='ocrx_word' id='word_1_46' title='bbox 411 415 435 440; x_wconf 82' lang='lat'>5.</span> <span class='ocrx_word' id='word_1_47' title='bbox 456 423 477 440; x_wconf 86' lang='lat' dir='ltr'>c.</span> <span class='ocrx_word' id='word_1_48' title='bbox 497 414 538 440; x_wconf 87' lang='lat'>46.</span> <span class='ocrx_word' id='word_1_49' title='bbox 559 413 591 440; x_wconf 72' lang='lat' dir='ltr'>de</span> <span class='ocrx_word' id='word_1_50' title='bbox 611 414 706 440; x_wconf 77' lang='lat' dir='ltr'>haeret.</span> 
     </span>
     <span class='ocr_line' id='line_1_7' title="bbox 247 455 1051 491; baseline 0 -9"><span class='ocrx_word' id='word_1_51' title='bbox 247 456 508 489; x_wconf 78' lang='lat' dir='ltr'>Tepidarium.</span> <span class='ocrx_word' id='word_1_52' title='bbox 546 458 702 483; x_wconf 81' lang='lat' dir='ltr'><em>Balneum</em></span> <span class='ocrx_word' id='word_1_53' title='bbox 721 466 823 491; x_wconf 81' lang='lat' dir='ltr'>aquae</span> <span class='ocrx_word' id='word_1_54' title='bbox 842 458 980 483; x_wconf 75' lang='lat' dir='ltr'><em>calidae.</em></span> <span class='ocrx_word' id='word_1_55' title='bbox 1009 455 1051 482; x_wconf 89' lang='grc'>111.</span> 
     </span>
    </p>
   </div>
   <div class='ocr_carea' id='block_1_3' title="bbox 211 498 1076 535">
    <p class='ocr_par' dir='ltr' id='par_1_3' title="bbox 211 498 1076 535">
     <span class='ocr_line' id='line_1_8' title="bbox 211 498 1076 535; baseline -0.001 -9"><span class='ocrx_word' id='word_1_56' title='bbox 211 500 278 526; x_wconf 75' lang='lat' dir='ltr'>Cn.</span> <span class='ocrx_word' id='word_1_57' title='bbox 297 499 325 525; x_wconf 80' lang='lat' dir='ltr'>Si</span> <span class='ocrx_word' id='word_1_58' title='bbox 345 499 405 525; x_wconf 85' lang='lat' dir='ltr'>talis</span> <span class='ocrx_word' id='word_1_59' title='bbox 425 499 461 524; x_wconf 85' lang='lat' dir='ltr'>sit</span> <span class='ocrx_word' id='word_1_60' title='bbox 480 508 544 525; x_wconf 90' lang='lat' dir='ltr'>usus</span> <span class='ocrx_word' id='word_1_61' title='bbox 564 498 694 535; x_wconf 75' lang='lat' dir='ltr'>tepidarii‚</span> <span class='ocrx_word' id='word_1_62' title='bbox 713 504 742 526; x_wconf 92' lang='lat' dir='ltr'>ut</span> <span class='ocrx_word' id='word_1_63' title='bbox 761 498 898 525; x_wconf 78' lang='lat' dir='ltr'>adsiduum</span> <span class='ocrx_word' id='word_1_64' title='bbox 917 499 1052 525; x_wconf 88' lang='lat' dir='ltr'>humorem</span> <span class='ocrx_word' id='word_1_65' title='bbox 1074 526 1076 529; x_wconf 71' lang='grc'><strong>,</strong></span> 
     </span>
    </p>
   </div>
   <div class='ocr_carea' id='block_1_4' title="bbox 211 540 767 577">
    <p class='ocr_par' dir='ltr' id='par_1_4' title="bbox 211 540 767 577">
     <span class='ocr_line' id='line_1_9' title="bbox 211 540 767 577; baseline 0.002 -10"><span class='ocrx_word' id='word_1_66' title='bbox 211 541 310 568; x_wconf 86' lang='lat' dir='ltr'>habeat.</span> <span class='ocrx_word' id='word_1_67' title='bbox 331 541 360 567; x_wconf 88' lang='lat' dir='ltr'>fr.</span> <span class='ocrx_word' id='word_1_68' title='bbox 382 543 421 567; x_wconf 88' lang='grc'>19.</span> <span class='ocrx_word' id='word_1_69' title='bbox 441 551 479 577; x_wconf 89' lang='lat' dir='ltr'>pr.</span> <span class='ocrx_word' id='word_1_70' title='bbox 500 541 533 567; x_wconf 91' lang='lat' dir='ltr'>de</span> <span class='ocrx_word' id='word_1_71' title='bbox 552 541 579 567; x_wconf 94' lang='lat' dir='ltr'>S.</span> <span class='ocrx_word' id='word_1_72' title='bbox 600 541 627 567; x_wconf 90' lang='lat' dir='ltr'>P.</span> <span class='ocrx_word' id='word_1_73' title='bbox 648 540 679 568; x_wconf 91' lang='lat' dir='ltr'>V.</span> <span class='ocrx_word' id='word_1_74' title='bbox 700 543 723 568; x_wconf 68' lang='lat'>8.</span> <span class='ocrx_word' id='word_1_75' title='bbox 743 544 767 568; x_wconf 82' lang='lat'>2.</span> 
     </span>
    </p>
   </div>
   <div class='ocr_carea' id='block_1_5' title="bbox 246 583 1075 617">
    <p class='ocr_par' dir='ltr' id='par_1_5' title="bbox 246 583 1075 617">
     <span class='ocr_line' id='line_1_10' title="bbox 246 583 1075 617; baseline -0.001 -6"><span class='ocrx_word' id='word_1_76' title='bbox 246 586 333 611; x_wconf 74' lang='lat' dir='ltr'>Ter.</span> <span class='ocrx_word' id='word_1_77' title='bbox 375 585 492 611; x_wconf 72' lang='lat' dir='ltr'>Tribus</span> <span class='ocrx_word' id='word_1_78' title='bbox 511 585 642 610; x_wconf 78' lang='lat' dir='ltr'>vicibus.</span> <span class='ocrx_word' id='word_1_79' title='bbox 679 584 724 611; x_wconf 90' lang='grc'>111.</span> <span class='ocrx_word' id='word_1_80' title='bbox 743 586 809 612; x_wconf 73' lang='lat' dir='ltr'>Gn.</span> <span class='ocrx_word' id='word_1_81' title='bbox 835 583 936 617; x_wconf 77' lang='lat' dir='ltr'>Semel,</span> <span class='ocrx_word' id='word_1_82' title='bbox 957 589 982 610; x_wconf 79' lang='lat' dir='ltr'>et</span> <span class='ocrx_word' id='word_1_83' title='bbox 1001 584 1052 615; x_wconf 78' lang='lat' dir='ltr'>bis,</span> <span class='ocrx_word' id='word_1_84' title='bbox 1074 594 1075 599; x_wconf 62' lang='lat'>¹</span> 
     </span>
    </p>
   </div>
   <div class='ocr_carea' id='block_1_6' title="bbox 211 626 1052 664">
    <p class='ocr_par' dir='ltr' id='par_1_6' title="bbox 211 626 1052 664">
     <span class='ocr_line' id='line_1_11' title="bbox 211 626 1052 664; baseline 0.001 -12"><span class='ocrx_word' id='word_1_85' title='bbox 211 631 236 652; x_wconf 78' lang='lat' dir='ltr'>et</span> <span class='ocrx_word' id='word_1_86' title='bbox 256 631 302 657; x_wconf 81' lang='lat' dir='ltr'>ter.</span> <span class='ocrx_word' id='word_1_87' title='bbox 322 631 348 653; x_wconf 89' lang='lat' dir='ltr'>et</span> <span class='ocrx_word' id='word_1_88' title='bbox 367 628 481 663; x_wconf 86' lang='lat' dir='ltr'>saepius.</span> <span class='ocrx_word' id='word_1_89' title='bbox 501 626 558 653; x_wconf 83' lang='lat' dir='ltr'>Gai.</span> <span class='ocrx_word' id='word_1_90' title='bbox 574 626 591 653; x_wconf 92' lang='lat' dir='ltr'>I.</span> <span class='ocrx_word' id='word_1_91' title='bbox 609 629 664 653; x_wconf 81' lang='lat'>152.</span> <span class='ocrx_word' id='word_1_92' title='bbox 683 637 723 664; x_wconf 86' lang='lat' dir='ltr'>sq.</span> <span class='ocrx_word' id='word_1_93' title='bbox 760 626 821 657; x_wconf 74' lang='lat' dir='ltr'>Ter.</span> <span class='ocrx_word' id='word_1_94' title='bbox 842 631 867 653; x_wconf 89' lang='lat' dir='ltr'>et</span> <span class='ocrx_word' id='word_1_95' title='bbox 887 632 978 663; x_wconf 76' lang='lat' dir='ltr'>quater</span> <span class='ocrx_word' id='word_1_96' title='bbox 997 628 1052 664; x_wconf 88' lang='lat' dir='ltr'>(pe—</span> 
     </span>
    </p>
   </div>
   <div class='ocr_carea' id='block_1_7' title="bbox 210 668 1074 707">
    <p class='ocr_par' dir='ltr' id='par_1_7' title="bbox 210 668 1074 707">
     <span class='ocr_line' id='line_1_12' title="bbox 210 668 1074 707; baseline 0.002 -12"><span class='ocrx_word' id='word_1_97' title='bbox 210 670 340 706; x_wconf 78' lang='lat' dir='ltr'>perisse.)</span> <span class='ocrx_word' id='word_1_98' title='bbox 366 669 437 695; x_wconf 86' lang='lat' dir='ltr'>Paul.</span> <span class='ocrx_word' id='word_1_99' title='bbox 457 669 501 696; x_wconf 90' lang='lat' dir='ltr'>IV.</span> <span class='ocrx_word' id='word_1_100' title='bbox 521 672 545 696; x_wconf 98' lang='lat'>9.</span> <span class='ocrx_word' id='word_1_101' title='bbox 565 670 603 703; x_wconf 79' lang='lat'>55.</span> <span class='ocrx_word' id='word_1_102' title='bbox 626 671 646 696; x_wconf 98' lang='lat' dir='ltr'>l.</span> <span class='ocrx_word' id='word_1_103' title='bbox 667 680 706 706; x_wconf 86' lang='lat' dir='ltr'>sq.</span> <span class='ocrx_word' id='word_1_104' title='bbox 743 668 796 695; x_wconf 85' lang='lat' dir='ltr'>Ter</span> <span class='ocrx_word' id='word_1_105' title='bbox 814 671 992 707; x_wconf 79' lang='lat' dir='ltr'>mancipatus.</span> <span class='ocrx_word' id='word_1_106' title='bbox 1012 675 1052 697; x_wconf 88' lang='lat' dir='ltr'>ter</span> <span class='ocrx_word' id='word_1_107' title='bbox 1073 698 1074 704; x_wconf 15' lang='grc' dir='ltr'>ἵ</span> 
     </span>
    </p>
   </div>
   <div class='ocr_carea' id='block_1_8' title="bbox 207 711 1051 1171">
    <p class='ocr_par' dir='ltr' id='par_1_8' title="bbox 207 711 1051 1171">
     <span class='ocr_line' id='line_1_13' title="bbox 210 711 1050 750; baseline 0.004 -13"><span class='ocrx_word' id='word_1_108' title='bbox 210 713 386 738; x_wconf 85' lang='lat' dir='ltr'>manumissus</span> <span class='ocrx_word' id='word_1_109' title='bbox 411 711 526 744; x_wconf 84' lang='lat' dir='ltr'>(filius.)</span> <span class='ocrx_word' id='word_1_110' title='bbox 556 711 614 750; x_wconf 89' lang='lat' dir='ltr'>le.</span> <span class='ocrx_word' id='word_1_111' title='bbox 640 713 671 739; x_wconf 89' lang='lat' dir='ltr'>X.</span> <span class='ocrx_word' id='word_1_112' title='bbox 692 715 714 738; x_wconf 96' lang='lat'>1.</span> <span class='ocrx_word' id='word_1_113' title='bbox 744 711 838 738; x_wconf 78' lang='lat' dir='ltr'>Gai.1.</span> <span class='ocrx_word' id='word_1_114' title='bbox 861 715 917 740; x_wconf 78' lang='lat'>132.</span> <span class='ocrx_word' id='word_1_115' title='bbox 946 713 989 740; x_wconf 89' lang='lat' dir='ltr'>IV.</span> <span class='ocrx_word' id='word_1_116' title='bbox 1010 715 1050 741; x_wconf 89' lang='lat'>79.</span> 
     </span>
     <span class='ocr_line' id='line_1_14' title="bbox 210 753 872 791; baseline 0.002 -11"><span class='ocrx_word' id='word_1_117' title='bbox 210 753 264 781; x_wconf 89' lang='lat' dir='ltr'>Ter</span> <span class='ocrx_word' id='word_1_118' title='bbox 283 756 386 781; x_wconf 79' lang='lat' dir='ltr'>citatus.</span> <span class='ocrx_word' id='word_1_119' title='bbox 406 765 427 781; x_wconf 92' lang='lat' dir='ltr'>c.</span> <span class='ocrx_word' id='word_1_120' title='bbox 447 758 471 781; x_wconf 70' lang='grc' dir='ltr'>ὅ.</span> <span class='ocrx_word' id='word_1_121' title='bbox 493 755 588 790; x_wconf 81' lang='lat' dir='ltr'>Quom.</span> <span class='ocrx_word' id='word_1_122' title='bbox 609 760 634 781; x_wconf 88' lang='lat' dir='ltr'>et</span> <span class='ocrx_word' id='word_1_123' title='bbox 654 765 695 791; x_wconf 90' lang='lat' dir='ltr'>qu.</span> <span class='ocrx_word' id='word_1_124' title='bbox 715 754 767 780; x_wconf 91' lang='lat' dir='ltr'>iud.</span> <span class='ocrx_word' id='word_1_125' title='bbox 789 756 811 780; x_wconf 88' lang='lat'>7.</span> <span class='ocrx_word' id='word_1_126' title='bbox 831 756 872 781; x_wconf 83' lang='lat'>43.</span> 
     </span>
     <span class='ocr_line' id='line_1_15' title="bbox 245 797 1051 826; baseline 0 -2"><span class='ocrx_word' id='word_1_127' title='bbox 245 798 440 825; x_wconf 78' lang='lat' dir='ltr'>Terentia.</span> <span class='ocrx_word' id='word_1_128' title='bbox 479 800 597 825; x_wconf 84' lang='lat' dir='ltr'><em>Nomen</em></span> <span class='ocrx_word' id='word_1_129' title='bbox 624 799 778 824; x_wconf 77' lang='lat' dir='ltr'>mulieris.</span> <span class='ocrx_word' id='word_1_130' title='bbox 820 797 863 824; x_wconf 92' lang='grc'>111.</span> <span class='ocrx_word' id='word_1_131' title='bbox 887 799 953 826; x_wconf 74' lang='grc' dir='ltr'>(7η.</span> <span class='ocrx_word' id='word_1_132' title='bbox 981 798 1051 824; x_wconf 84' lang='lat' dir='ltr'>Inter</span> 
     </span>
     <span class='ocr_line' id='line_1_16' title="bbox 208 838 1051 877; baseline 0 -11"><span class='ocrx_word' id='word_1_133' title='bbox 208 838 359 867; x_wconf 76' lang='lat' dir='ltr'>Terentiam</span> <span class='ocrx_word' id='word_1_134' title='bbox 385 845 410 867; x_wconf 83' lang='lat' dir='ltr'>et</span> <span class='ocrx_word' id='word_1_135' title='bbox 433 840 594 867; x_wconf 80' lang='lat' dir='ltr'>Decenatcm</span> <span class='ocrx_word' id='word_1_136' title='bbox 618 839 670 874; x_wconf 83' lang='lat' dir='ltr'>[al.</span> <span class='ocrx_word' id='word_1_137' title='bbox 691 840 886 875; x_wconf 79' lang='lat' dir='ltr'>Maecenatem]</span> <span class='ocrx_word' id='word_1_138' title='bbox 913 840 1051 877; x_wconf 85' lang='lat' dir='ltr'>respoudit</span> 
     </span>
     <span class='ocr_line' id='line_1_17' title="bbox 208 882 884 916; baseline 0 -7"><span class='ocrx_word' id='word_1_139' title='bbox 208 882 386 916; x_wconf 79' lang='lat' dir='ltr'>(Trebatius.)</span> <span class='ocrx_word' id='word_1_140' title='bbox 411 883 439 909; x_wconf 88' lang='lat' dir='ltr'>fr.</span> <span class='ocrx_word' id='word_1_141' title='bbox 460 885 502 910; x_wconf 98' lang='lat'>64.</span> <span class='ocrx_word' id='word_1_142' title='bbox 522 883 554 910; x_wconf 87' lang='lat' dir='ltr'>de</span> <span class='ocrx_word' id='word_1_143' title='bbox 574 883 660 909; x_wconf 79' lang='lat' dir='ltr'>donat.</span> <span class='ocrx_word' id='word_1_144' title='bbox 680 884 726 909; x_wconf 89' lang='lat' dir='ltr'>int.</span> <span class='ocrx_word' id='word_1_145' title='bbox 746 882 778 909; x_wconf 80' lang='lat' dir='ltr'>V.</span> <span class='ocrx_word' id='word_1_146' title='bbox 797 885 839 910; x_wconf 85' lang='lat'>24.</span> <span class='ocrx_word' id='word_1_147' title='bbox 861 885 884 909; x_wconf 94' lang='lat' dir='ltr'>l.</span> 
     </span>
     <span class='ocr_line' id='line_1_18' title="bbox 243 925 641 953; baseline -0.005 0"><span class='ocrx_word' id='word_1_148' title='bbox 243 928 400 953; x_wconf 76' lang='lat' dir='ltr'>Terere.</span> <span class='ocrx_word' id='word_1_149' title='bbox 438 925 479 953; x_wconf 83' lang='lat' dir='ltr'>Cf.</span> <span class='ocrx_word' id='word_1_150' title='bbox 499 936 523 952; x_wconf 87' lang='lat' dir='ltr'>v.</span> <span class='ocrx_word' id='word_1_151' title='bbox 543 925 641 952; x_wconf 86' lang='lat' dir='ltr'>Tritus.</span> 
     </span>
     <span class='ocr_line' id='line_1_19' title="bbox 243 967 825 1004; baseline 0 -9"><span class='ocrx_word' id='word_1_152' title='bbox 243 969 505 1003; x_wconf 73' lang='lat' dir='ltr'>Tergeminus.</span> <span class='ocrx_word' id='word_1_153' title='bbox 543 968 584 994; x_wconf 85' lang='lat' dir='ltr'>Cf.</span> <span class='ocrx_word' id='word_1_154' title='bbox 605 978 628 994; x_wconf 90' lang='lat' dir='ltr'>v.</span> <span class='ocrx_word' id='word_1_155' title='bbox 649 967 825 1004; x_wconf 83' lang='lat' dir='ltr'>Trigeminus.</span> 
     </span>
     <span class='ocr_line' id='line_1_20' title="bbox 243 1011 1050 1046; baseline -0.001 -8"><span class='ocrx_word' id='word_1_156' title='bbox 243 1011 519 1045; x_wconf 76' lang='lat' dir='ltr'>Tergiversari.</span> <span class='ocrx_word' id='word_1_157' title='bbox 557 1011 588 1044; x_wconf 85' lang='lat'>§.</span> <span class='ocrx_word' id='word_1_158' title='bbox 609 1012 643 1038; x_wconf 90' lang='grc'>1.</span> <span class='ocrx_word' id='word_1_159' title='bbox 665 1012 899 1046; x_wconf 76' lang='lat' dir='ltr'>Derelinquere</span> <span class='ocrx_word' id='word_1_160' title='bbox 919 1021 1050 1038; x_wconf 76' lang='lat' dir='ltr'>accasa-</span> 
     </span>
     <span class='ocr_line' id='line_1_21' title="bbox 207 1053 1049 1088; baseline -0.002 -7"><span class='ocrx_word' id='word_1_161' title='bbox 207 1056 326 1081; x_wconf 81' lang='lat' dir='ltr'>tionem</span> <span class='ocrx_word' id='word_1_162' title='bbox 351 1057 415 1081; x_wconf 79' lang='lat' dir='ltr'>iam</span> <span class='ocrx_word' id='word_1_163' title='bbox 438 1060 626 1088; x_wconf 79' lang='lat' dir='ltr'>susceptam.</span> <span class='ocrx_word' id='word_1_164' title='bbox 663 1053 681 1080; x_wconf 96' lang='lat' dir='ltr'>I.</span> <span class='ocrx_word' id='word_1_165' title='bbox 704 1055 766 1088; x_wconf 79' lang='lat' dir='ltr'>Sy.</span> <span class='ocrx_word' id='word_1_166' title='bbox 794 1054 822 1080; x_wconf 90' lang='lat' dir='ltr'>In</span> <span class='ocrx_word' id='word_1_167' title='bbox 846 1055 998 1080; x_wconf 86' lang='lat' dir='ltr'>universum</span> <span class='ocrx_word' id='word_1_168' title='bbox 1018 1053 1049 1079; x_wconf 82' lang='lat' dir='ltr'>ab</span> 
     </span>
     <span class='ocr_line' id='line_1_22' title="bbox 207 1095 1048 1133; baseline -0.001 -10"><span class='ocrx_word' id='word_1_169' title='bbox 207 1099 374 1124; x_wconf 75' lang='lat' dir='ltr'>accusatione</span> <span class='ocrx_word' id='word_1_170' title='bbox 393 1097 530 1123; x_wconf 61' lang='lat' dir='ltr'>desistere.</span> <span class='ocrx_word' id='word_1_171' title='bbox 551 1097 581 1123; x_wconf 83' lang='lat' dir='ltr'>fr.</span> <span class='ocrx_word' id='word_1_172' title='bbox 598 1099 619 1123; x_wconf 96' lang='lat'>1.</span> <span class='ocrx_word' id='word_1_173' title='bbox 640 1096 662 1130; x_wconf 64' lang='grc' dir='ltr'>ξ.</span> <span class='ocrx_word' id='word_1_174' title='bbox 682 1098 703 1122; x_wconf 94' lang='lat' dir='ltr'>l.</span> <span class='ocrx_word' id='word_1_175' title='bbox 724 1096 756 1122; x_wconf 87' lang='lat' dir='ltr'>ad</span> <span class='ocrx_word' id='word_1_176' title='bbox 775 1096 842 1123; x_wconf 85' lang='lat' dir='ltr'>S.C.</span> <span class='ocrx_word' id='word_1_177' title='bbox 857 1095 938 1133; x_wconf 87' lang='lat' dir='ltr'>Turp.</span> <span class='ocrx_word' id='word_1_178' title='bbox 952 1099 993 1123; x_wconf 79' lang='grc'>48.</span> <span class='ocrx_word' id='word_1_179' title='bbox 1010 1097 1048 1122; x_wconf 86' lang='grc'>16.</span> 
     </span>
     <span class='ocr_line' id='line_1_23' title="bbox 208 1139 1049 1171; baseline -0.001 -5"><span class='ocrx_word' id='word_1_180' title='bbox 208 1140 248 1166; x_wconf 86' lang='grc'>111.</span> <span class='ocrx_word' id='word_1_181' title='bbox 270 1141 335 1167; x_wconf 79' lang='lat' dir='ltr'>Cn.</span> <span class='ocrx_word' id='word_1_182' title='bbox 359 1141 550 1166; x_wconf 77' lang='lat' dir='ltr'>Accusatorum</span> <span class='ocrx_word' id='word_1_183' title='bbox 571 1141 716 1166; x_wconf 83' lang='lat' dir='ltr'>temeritas:</span> <span class='ocrx_word' id='word_1_184' title='bbox 737 1155 769 1159; x_wconf 85' lang='lat'><em>-</em></span> <span class='ocrx_word' id='word_1_185' title='bbox 788 1145 832 1165; x_wconf 87' lang='lat' dir='ltr'>aut</span> <span class='ocrx_word' id='word_1_186' title='bbox 851 1139 1049 1171; x_wconf 78' lang='lat' dir='ltr'>calumniantur,</span> 
     </span>
    </p>
   </div>
   <div class='ocr_carea' id='block_1_9' title="bbox 207 1182 1049 1260">
    <p class='ocr_par' dir='ltr' id='par_1_9' title="bbox 207 1182 1049 1260">
     <span class='ocr_line' id='line_1_24' title="bbox 207 1182 1048 1219; baseline 0 -11"><span class='ocrx_word' id='word_1_187' title='bbox 207 1187 251 1209; x_wconf 83' lang='lat' dir='ltr'>aut</span> <span class='ocrx_word' id='word_1_188' title='bbox 269 1183 490 1219; x_wconf 73' lang='lat' dir='ltr'>praevaricantur,</span> <span class='ocrx_word' id='word_1_189' title='bbox 510 1187 554 1208; x_wconf 81' lang='lat' dir='ltr'>aut</span> <span class='ocrx_word' id='word_1_190' title='bbox 573 1184 785 1218; x_wconf 70' lang='lat' dir='ltr'>tergiversantur.</span> <span class='ocrx_word' id='word_1_191' title='bbox 805 1183 835 1208; x_wconf 90' lang='lat' dir='ltr'>fr.</span> <span class='ocrx_word' id='word_1_192' title='bbox 851 1184 872 1208; x_wconf 94' lang='lat'>1.</span> <span class='ocrx_word' id='word_1_193' title='bbox 894 1193 932 1219; x_wconf 89' lang='lat' dir='ltr'>pr.</span> <span class='ocrx_word' id='word_1_194' title='bbox 952 1182 987 1209; x_wconf 91' lang='lat' dir='ltr'>ib.</span> <span class='ocrx_word' id='word_1_195' title='bbox 1007 1183 1048 1208; x_wconf 79' lang='lat'>48.</span> 
     </span>
     <span class='ocr_line' id='line_1_25' title="bbox 208 1224 1049 1260; baseline 0 -9"><span class='ocrx_word' id='word_1_196' title='bbox 208 1227 248 1251; x_wconf 87' lang='lat'>16.</span> <span class='ocrx_word' id='word_1_197' title='bbox 268 1241 299 1245; x_wconf 97' lang='lat'><strong>—</strong></span> <span class='ocrx_word' id='word_1_198' title='bbox 325 1225 355 1258; x_wconf 66' lang='grc' dir='ltr'>ξ.</span> <span class='ocrx_word' id='word_1_199' title='bbox 374 1227 409 1252; x_wconf 73' lang='lat'>2.</span> <span class='ocrx_word' id='word_1_200' title='bbox 434 1227 617 1251; x_wconf 75' lang='lat' dir='ltr'>Frttserari.</span> <span class='ocrx_word' id='word_1_201' title='bbox 655 1224 698 1251; x_wconf 89' lang='lat' dir='ltr'>III.</span> <span class='ocrx_word' id='word_1_202' title='bbox 720 1226 785 1252; x_wconf 72' lang='grc'>(711..</span> <span class='ocrx_word' id='word_1_203' title='bbox 810 1224 849 1251; x_wconf 71' lang='lat' dir='ltr'>Ne</span> <span class='ocrx_word' id='word_1_204' title='bbox 873 1226 953 1251; x_wconf 85' lang='lat' dir='ltr'>moris</span> <span class='ocrx_word' id='word_1_205' title='bbox 974 1226 1049 1260; x_wconf 77' lang='lat' dir='ltr'>tergi-</span> 
     </span>
    </p>
   </div>
   <div class='ocr_carea' id='block_1_10' title="bbox 205 1267 1047 1305">
    <p class='ocr_par' dir='ltr' id='par_1_10' title="bbox 205 1264 1071 1305">
     <span class='ocr_line' id='line_1_26' title="bbox 205 1267 1047 1305; baseline 0.001 -12"><span class='ocrx_word' id='word_1_206' title='bbox 205 1268 373 1294; x_wconf 76' lang='lat' dir='ltr'>versantibus</span> <span class='ocrx_word' id='word_1_207' title='bbox 397 1268 544 1294; x_wconf 83' lang='lat' dir='ltr'>abutantur.</span> <span class='ocrx_word' id='word_1_208' title='bbox 574 1267 623 1294; x_wconf 88' lang='lat' dir='ltr'>Th.</span> <span class='ocrx_word' id='word_1_209' title='bbox 645 1267 675 1294; x_wconf 91' lang='lat' dir='ltr'>C.</span> <span class='ocrx_word' id='word_1_210' title='bbox 694 1267 739 1294; x_wconf 84' lang='lat' dir='ltr'>XI.</span> <span class='ocrx_word' id='word_1_211' title='bbox 758 1270 802 1294; x_wconf 78' lang='grc'>30.</span> <span class='ocrx_word' id='word_1_212' title='bbox 828 1278 849 1294; x_wconf 92' lang='lat' dir='ltr'>c.</span> <span class='ocrx_word' id='word_1_213' title='bbox 869 1270 911 1295; x_wconf 80' lang='lat'>21.</span> <span class='ocrx_word' id='word_1_214' title='bbox 937 1267 969 1294; x_wconf 87' lang='lat' dir='ltr'>de</span> <span class='ocrx_word' id='word_1_215' title='bbox 988 1268 1047 1305; x_wconf 81' lang='lat' dir='ltr'>adp.</span> 
     </span>
    </p>
   </div>
   <div class='ocr_carea' id='block_1_11' title="bbox 204 1316 1048 1434">
    <p class='ocr_par' dir='ltr' id='par_1_11' title="bbox 204 1316 1048 1434">
     <span class='ocr_line' id='line_1_27' title="bbox 205 1316 327 1337; baseline -0.008 0"><span class='ocrx_word' id='word_1_216' title='bbox 205 1316 232 1337; x_wconf 84' lang='lat' dir='ltr'>et</span> <span class='ocrx_word' id='word_1_217' title='bbox 259 1321 327 1337; x_wconf 78' lang='lat' dir='ltr'>men.</span> 
     </span>
     <span class='ocr_line' id='line_1_28' title="bbox 241 1321 1047 1387; baseline 0 -7"><span class='ocrx_word' id='word_1_218' title='bbox 241 1321 538 1387; x_wconf 44' lang='lat' dir='ltr'>Tergiversatio.</span> <span class='ocrx_word' id='word_1_219' title='bbox 577 1353 607 1386; x_wconf 68' lang='grc' dir='ltr'>ἕ.</span> <span class='ocrx_word' id='word_1_220' title='bbox 622 1355 657 1380; x_wconf 91' lang='grc'>1.</span> <span class='ocrx_word' id='word_1_221' title='bbox 679 1355 887 1381; x_wconf 69' lang='grc' dir='ltr'>Μαι-Ιιῖηιιιίυ</span> <span class='ocrx_word' id='word_1_222' title='bbox 907 1356 1047 1386; x_wconf 82' lang='lat' dir='ltr'>actoris,</span> 
     </span>
     <span class='ocr_line' id='line_1_29' title="bbox 204 1395 1048 1434; baseline 0.001 -12"><span class='ocrx_word' id='word_1_223' title='bbox 204 1398 253 1423; x_wconf 87' lang='lat' dir='ltr'>vel</span> <span class='ocrx_word' id='word_1_224' title='bbox 270 1397 331 1428; x_wconf 73' lang='lat' dir='ltr'>rei,</span> <span class='ocrx_word' id='word_1_225' title='bbox 354 1397 393 1429; x_wconf 89' lang='lat' dir='ltr'>(in</span> <span class='ocrx_word' id='word_1_226' title='bbox 412 1395 439 1422; x_wconf 87' lang='lat' dir='ltr'>id</span> <span class='ocrx_word' id='word_1_227' title='bbox 458 1395 584 1428; x_wconf 83' lang='lat' dir='ltr'>adbibita,</span> <span class='ocrx_word' id='word_1_228' title='bbox 604 1398 743 1432; x_wconf 84' lang='lat' dir='ltr'>quominus</span> <span class='ocrx_word' id='word_1_229' title='bbox 764 1397 888 1423; x_wconf 90' lang='lat' dir='ltr'>iudicium</span> <span class='ocrx_word' id='word_1_230' title='bbox 908 1398 957 1423; x_wconf 83' lang='lat' dir='ltr'>rite</span> <span class='ocrx_word' id='word_1_231' title='bbox 975 1407 1048 1434; x_wconf 88' lang='lat' dir='ltr'>pera-</span> 
     </span>
    </p>
   </div>
   <div class='ocr_carea' id='block_1_12' title="bbox 203 1438 1069 1475">
    <p class='ocr_par' dir='ltr' id='par_1_12' title="bbox 203 1438 1069 1475">
     <span class='ocr_line' id='line_1_30' title="bbox 203 1438 1069 1475; baseline 0.002 -10"><span class='ocrx_word' id='word_1_232' title='bbox 203 1441 299 1475; x_wconf 78' lang='lat' dir='ltr'>gatur.)</span> <span class='ocrx_word' id='word_1_233' title='bbox 327 1438 370 1465; x_wconf 93' lang='lat' dir='ltr'>III.</span> <span class='ocrx_word' id='word_1_234' title='bbox 386 1440 451 1466; x_wconf 77' lang='lat' dir='ltr'>Cn.</span> <span class='ocrx_word' id='word_1_235' title='bbox 471 1438 576 1474; x_wconf 78' lang='lat' dir='ltr'>Quodsi</span> <span class='ocrx_word' id='word_1_236' title='bbox 591 1455 620 1459; x_wconf 93' lang='lat'>—</span> <span class='ocrx_word' id='word_1_237' title='bbox 637 1440 772 1467; x_wconf 83' lang='lat' dir='ltr'>evidenter</span> <span class='ocrx_word' id='word_1_238' title='bbox 791 1440 869 1466; x_wconf 85' lang='lat' dir='ltr'>fuerit</span> <span class='ocrx_word' id='word_1_239' title='bbox 888 1440 1046 1471; x_wconf 81' lang='lat' dir='ltr'>confutatus,</span> <span class='ocrx_word' id='word_1_240' title='bbox 1068 1459 1069 1468; x_wconf 47' lang='lat'>1</span> 
     </span>
    </p>
   </div>
   <div class='ocr_carea' id='block_1_13' title="bbox 204 1481 1046 1561">
    <p class='ocr_par' dir='ltr' id='par_1_13' title="bbox 204 1481 1046 1561">
     <span class='ocr_line' id='line_1_31' title="bbox 204 1481 1046 1517; baseline 0.002 -10"><span class='ocrx_word' id='word_1_241' title='bbox 204 1481 247 1508; x_wconf 87' lang='lat' dir='ltr'>vel</span> <span class='ocrx_word' id='word_1_242' title='bbox 266 1492 295 1508; x_wconf 90' lang='lat' dir='ltr'>sc</span> <span class='ocrx_word' id='word_1_243' title='bbox 314 1481 346 1507; x_wconf 89' lang='lat' dir='ltr'>de</span> <span class='ocrx_word' id='word_1_244' title='bbox 365 1481 462 1507; x_wconf 87' lang='lat' dir='ltr'>iudicio</span> <span class='ocrx_word' id='word_1_245' title='bbox 482 1483 699 1517; x_wconf 72' lang='lat' dir='ltr'>tergiversatione</span> <span class='ocrx_word' id='word_1_246' title='bbox 718 1483 886 1510; x_wconf 76' lang='lat' dir='ltr'>subtraxerit.</span> <span class='ocrx_word' id='word_1_247' title='bbox 907 1482 973 1509; x_wconf 73' lang='lat' dir='ltr'>Nov.</span> <span class='ocrx_word' id='word_1_248' title='bbox 988 1482 1046 1509; x_wconf 75' lang='lat' dir='ltr'>val.</span> 
     </span>
     <span class='ocr_line' id='line_1_32' title="bbox 206 1524 1046 1561; baseline 0.001 -10"><span class='ocrx_word' id='word_1_249' title='bbox 206 1525 250 1552; x_wconf 90' lang='lat' dir='ltr'>III.</span> <span class='ocrx_word' id='word_1_250' title='bbox 270 1524 302 1551; x_wconf 87' lang='lat' dir='ltr'>de</span> <span class='ocrx_word' id='word_1_251' title='bbox 327 1524 444 1551; x_wconf 81' lang='lat' dir='ltr'>confirm.</span> <span class='ocrx_word' id='word_1_252' title='bbox 470 1524 494 1550; x_wconf 91' lang='lat' dir='ltr'>h.</span> <span class='ocrx_word' id='word_1_253' title='bbox 515 1534 557 1560; x_wconf 73' lang='lat' dir='ltr'>qn.</span> <span class='ocrx_word' id='word_1_254' title='bbox 577 1524 671 1551; x_wconf 85' lang='lat' dir='ltr'>admin.</span> <span class='ocrx_word' id='word_1_255' title='bbox 691 1525 721 1552; x_wconf 91' lang='lat' dir='ltr'>II.</span> <span class='ocrx_word' id='word_1_256' title='bbox 740 1527 782 1552; x_wconf 77' lang='lat'>32.</span> <span class='ocrx_word' id='word_1_257' title='bbox 804 1536 824 1552; x_wconf 93' lang='lat' dir='ltr'>c.</span> <span class='ocrx_word' id='word_1_258' title='bbox 846 1528 868 1552; x_wconf 94' lang='lat' dir='ltr'>l.</span> <span class='ocrx_word' id='word_1_259' title='bbox 889 1527 954 1560; x_wconf 82' lang='lat'>5.1.</span> <span class='ocrx_word' id='word_1_260' title='bbox 993 1526 1046 1561; x_wconf 79' lang='lat' dir='ltr'>Qui</span> 
     </span>
    </p>
   </div>
   <div class='ocr_carea' id='block_1_14' title="bbox 205 1567 1047 1605">
    <p class='ocr_par' dir='ltr' id='par_1_14' title="bbox 205 1567 1047 1605">
     <span class='ocr_line' id='line_1_33' title="bbox 205 1567 1047 1605; baseline 0.001 -11"><span class='ocrx_word' id='word_1_261' title='bbox 205 1568 328 1594; x_wconf 87' lang='lat' dir='ltr'>conventi</span> <span class='ocrx_word' id='word_1_262' title='bbox 348 1567 516 1599; x_wconf 82' lang='lat' dir='ltr'>frustrantur,</span> <span class='ocrx_word' id='word_1_263' title='bbox 536 1573 562 1594; x_wconf 87' lang='lat' dir='ltr'>et</span> <span class='ocrx_word' id='word_1_264' title='bbox 581 1568 699 1604; x_wconf 83' lang='lat' dir='ltr'>qualibet</span> <span class='ocrx_word' id='word_1_265' title='bbox 717 1570 934 1605; x_wconf 74' lang='lat' dir='ltr'>tergiversatione</span> <span class='ocrx_word' id='word_1_266' title='bbox 953 1574 980 1595; x_wconf 84' lang='lat' dir='ltr'>et</span> <span class='ocrx_word' id='word_1_267' title='bbox 996 1568 1047 1595; x_wconf 87' lang='lat' dir='ltr'>sol-</span> 
     </span>
    </p>
   </div>
   <div class='ocr_carea' id='block_1_15' title="bbox 203 1610 1068 1689">
    <p class='ocr_par' dir='ltr' id='par_1_15' title="bbox 203 1610 1068 1689">
     <span class='ocr_line' id='line_1_34' title="bbox 203 1610 1068 1649; baseline -0.001 -12"><span class='ocrx_word' id='word_1_268' title='bbox 203 1610 279 1637; x_wconf 85' lang='lat' dir='ltr'>lertia</span> <span class='ocrx_word' id='word_1_269' title='bbox 299 1610 426 1642; x_wconf 85' lang='lat' dir='ltr'>efficiunt,</span> <span class='ocrx_word' id='word_1_270' title='bbox 445 1620 478 1636; x_wconf 87' lang='lat' dir='ltr'>ne</span> <span class='ocrx_word' id='word_1_271' title='bbox 498 1620 555 1637; x_wconf 85' lang='lat' dir='ltr'>cum</span> <span class='ocrx_word' id='word_1_272' title='bbox 575 1612 641 1648; x_wconf 87' lang='lat' dir='ltr'>ipsis</span> <span class='ocrx_word' id='word_1_273' title='bbox 661 1613 700 1648; x_wconf 78' lang='lat' dir='ltr'>agi</span> <span class='ocrx_word' id='word_1_274' title='bbox 719 1613 814 1649; x_wconf 83' lang='lat' dir='ltr'>possit.</span> <span class='ocrx_word' id='word_1_275' title='bbox 839 1612 869 1638; x_wconf 87' lang='lat' dir='ltr'>fr.</span> <span class='ocrx_word' id='word_1_276' title='bbox 889 1614 931 1638; x_wconf 81' lang='lat'>24.</span> <span class='ocrx_word' id='word_1_277' title='bbox 952 1622 984 1638; x_wconf 84' lang='lat' dir='ltr'>ex</span> <span class='ocrx_word' id='word_1_278' title='bbox 1003 1622 1045 1648; x_wconf 87' lang='lat' dir='ltr'>qu.</span> <span class='ocrx_word' id='word_1_279' title='bbox 1067 1630 1068 1636; x_wconf 63' lang='grc'>,</span> 
     </span>
     <span class='ocr_line' id='line_1_35' title="bbox 204 1652 1068 1689; baseline 0.003 -10"><span class='ocrx_word' id='word_1_280' title='bbox 204 1663 226 1680; x_wconf 86' lang='lat' dir='ltr'>c.</span> <span class='ocrx_word' id='word_1_281' title='bbox 239 1653 297 1679; x_wconf 89' lang='lat' dir='ltr'>mai.</span> <span class='ocrx_word' id='word_1_282' title='bbox 312 1655 335 1679; x_wconf 85' lang='lat'>4.</span> <span class='ocrx_word' id='word_1_283' title='bbox 350 1655 373 1679; x_wconf 85' lang='lat' dir='ltr'>ss.</span> <span class='ocrx_word' id='word_1_284' title='bbox 388 1669 419 1672; x_wconf 97' lang='lat'><strong>—</strong></span> <span class='ocrx_word' id='word_1_285' title='bbox 440 1652 471 1686; x_wconf 64' lang='grc' dir='ltr'>ξ.</span> <span class='ocrx_word' id='word_1_286' title='bbox 483 1654 518 1680; x_wconf 69' lang='grc'>2.</span> <span class='ocrx_word' id='word_1_287' title='bbox 539 1656 734 1681; x_wconf 76' lang='lat' dir='ltr'>Frustratio</span> <span class='ocrx_word' id='word_1_288' title='bbox 755 1657 924 1689; x_wconf 79' lang='lat' dir='ltr'>quaelibet.</span> <span class='ocrx_word' id='word_1_289' title='bbox 949 1655 967 1682; x_wconf 89' lang='lat'>1.</span> <span class='ocrx_word' id='word_1_290' title='bbox 982 1656 1068 1689; x_wconf 61' lang='lat' dir='ltr'>sy.»</span> 
     </span>
    </p>
   </div>
   <div class='ocr_carea' id='block_1_16' title="bbox 204 1696 1046 1862">
    <p class='ocr_par' dir='ltr' id='par_1_16' title="bbox 204 1696 1046 1862">
     <span class='ocr_line' id='line_1_36' title="bbox 204 1696 1044 1733; baseline 0.004 -12"><span class='ocrx_word' id='word_1_291' title='bbox 204 1696 258 1731; x_wconf 82' lang='lat' dir='ltr'>Qui</span> <span class='ocrx_word' id='word_1_292' title='bbox 278 1696 397 1733; x_wconf 88' lang='lat' dir='ltr'>quolibet</span> <span class='ocrx_word' id='word_1_293' title='bbox 415 1697 548 1722; x_wconf 81' lang='lat' dir='ltr'>versutiae</span> <span class='ocrx_word' id='word_1_294' title='bbox 566 1707 661 1733; x_wconf 80' lang='lat' dir='ltr'>genere</span> <span class='ocrx_word' id='word_1_295' title='bbox 675 1697 805 1733; x_wconf 76' lang='lat' dir='ltr'>fugeruut.</span> <span class='ocrx_word' id='word_1_296' title='bbox 826 1697 875 1724; x_wconf 91' lang='lat' dir='ltr'>Th.</span> <span class='ocrx_word' id='word_1_297' title='bbox 892 1697 1006 1724; x_wconf 77' lang='lat' dir='ltr'>CXIV.</span> <span class='ocrx_word' id='word_1_298' title='bbox 1021 1700 1044 1724; x_wconf 97' lang='lat'>4.</span> 
     </span>
     <span class='ocr_line' id='line_1_37' title="bbox 205 1738 1045 1767; baseline 0.004 -3"><span class='ocrx_word' id='word_1_299' title='bbox 205 1749 226 1765; x_wconf 90' lang='lat' dir='ltr'>c.</span> <span class='ocrx_word' id='word_1_300' title='bbox 248 1740 269 1765; x_wconf 94' lang='lat' dir='ltr'>l.</span> <span class='ocrx_word' id='word_1_301' title='bbox 290 1739 322 1765; x_wconf 87' lang='lat' dir='ltr'>de</span> <span class='ocrx_word' id='word_1_302' title='bbox 341 1748 409 1765; x_wconf 88' lang='lat' dir='ltr'>suar.</span> <span class='ocrx_word' id='word_1_303' title='bbox 446 1738 489 1765; x_wconf 93' lang='grc'>111.</span> <span class='ocrx_word' id='word_1_304' title='bbox 506 1741 571 1766; x_wconf 73' lang='grc' dir='ltr'>οη.</span> <span class='ocrx_word' id='word_1_305' title='bbox 592 1739 628 1766; x_wconf 78' lang='lat' dir='ltr'>Vt</span> <span class='ocrx_word' id='word_1_306' title='bbox 646 1742 811 1767; x_wconf 88' lang='lat' dir='ltr'>transmissio</span> <span class='ocrx_word' id='word_1_307' title='bbox 832 1751 922 1767; x_wconf 88' lang='lat' dir='ltr'>eorum</span> <span class='ocrx_word' id='word_1_308' title='bbox 937 1756 967 1760; x_wconf 97' lang='lat'><strong>—</strong></span> <span class='ocrx_word' id='word_1_309' title='bbox 988 1742 1045 1767; x_wconf 87' lang='lat' dir='ltr'>sine</span> 
     </span>
     <span class='ocr_line' id='line_1_38' title="bbox 204 1781 1046 1818; baseline 0.004 -11"><span class='ocrx_word' id='word_1_310' title='bbox 204 1781 291 1818; x_wconf 84' lang='lat' dir='ltr'>aliqua</span> <span class='ocrx_word' id='word_1_311' title='bbox 309 1783 527 1817; x_wconf 78' lang='lat' dir='ltr'>tergiversatione</span> <span class='ocrx_word' id='word_1_312' title='bbox 551 1782 708 1809; x_wconf 83' lang='lat' dir='ltr'>celebretur.</span> <span class='ocrx_word' id='word_1_313' title='bbox 735 1783 770 1810; x_wconf 76' lang='lat' dir='ltr'>lb.</span> <span class='ocrx_word' id='word_1_314' title='bbox 791 1783 835 1810; x_wconf 84' lang='lat' dir='ltr'>IX.</span> <span class='ocrx_word' id='word_1_315' title='bbox 855 1786 897 1810; x_wconf 86' lang='lat'>40.</span> <span class='ocrx_word' id='word_1_316' title='bbox 922 1794 943 1810; x_wconf 93' lang='lat' dir='ltr'>c.</span> <span class='ocrx_word' id='word_1_317' title='bbox 963 1785 986 1810; x_wconf 86' lang='lat'>6.</span> <span class='ocrx_word' id='word_1_318' title='bbox 1013 1783 1046 1810; x_wconf 87' lang='lat' dir='ltr'>de</span> 
     </span>
     <span class='ocr_line' id='line_1_39' title="bbox 204 1834 280 1862; baseline 0.013 -13"><span class='ocrx_word' id='word_1_319' title='bbox 204 1834 280 1862; x_wconf 71' lang='lat' dir='ltr'>poen.</span> 
     </span>
    </p>
   </div>
   <div class='ocr_carea' id='block_1_17' title="bbox 240 1867 1068 1906">
    <p class='ocr_par' dir='ltr' id='par_1_17' title="bbox 240 1867 1068 1906">
     <span class='ocr_line' id='line_1_40' title="bbox 240 1867 1068 1906; baseline 0.004 -13"><span class='ocrx_word' id='word_1_320' title='bbox 240 1867 482 1894; x_wconf 80' lang='lat' dir='ltr'>Terminalis.</span> <span class='ocrx_word' id='word_1_321' title='bbox 519 1868 657 1901; x_wconf 74' lang='lat' dir='ltr'>(Adiect.)</span> <span class='ocrx_word' id='word_1_322' title='bbox 694 1869 725 1901; x_wconf 65' lang='grc' dir='ltr'>ἓ.</span> <span class='ocrx_word' id='word_1_323' title='bbox 750 1870 785 1896; x_wconf 90' lang='lat' dir='ltr'>l.</span> <span class='ocrx_word' id='word_1_324' title='bbox 814 1872 861 1896; x_wconf 67' lang='lat' dir='ltr'>Ad</span> <span class='ocrx_word' id='word_1_325' title='bbox 887 1871 1068 1906; x_wconf 62' lang='lat' dir='ltr'>termi1zos3</span> 
     </span>
    </p>
   </div>
   <div class='ocr_carea' id='block_1_18' title="bbox 204 1911 1045 1948">
    <p class='ocr_par' dir='ltr' id='par_1_18' title="bbox 204 1911 1045 1948">
     <span class='ocr_line' id='line_1_41' title="bbox 204 1911 1045 1948; baseline 0.001 -11"><span class='ocrx_word' id='word_1_326' title='bbox 204 1920 359 1945; x_wconf 79' lang='lat' dir='ltr'>agrorum</span> <span class='ocrx_word' id='word_1_327' title='bbox 381 1913 560 1944; x_wconf 83' lang='lat' dir='ltr'>pertinens.</span> <span class='ocrx_word' id='word_1_328' title='bbox 598 1911 640 1937; x_wconf 90' lang='grc'>111.</span> <span class='ocrx_word' id='word_1_329' title='bbox 662 1913 728 1939; x_wconf 75' lang='lat' dir='ltr'>Cn.</span> <span class='ocrx_word' id='word_1_330' title='bbox 753 1912 806 1948; x_wconf 79' lang='lat' dir='ltr'>Qui</span> <span class='ocrx_word' id='word_1_331' title='bbox 831 1914 958 1939; x_wconf 81' lang='lat' dir='ltr'>terminos</span> <span class='ocrx_word' id='word_1_332' title='bbox 983 1913 1045 1939; x_wconf 78' lang='lat' dir='ltr'>effo-</span> 
     </span>
    </p>
   </div>
   <div class='ocr_carea' id='block_1_19' title="bbox 203 1952 1067 1982">
    <p class='ocr_par' dir='ltr' id='par_1_19' title="bbox 203 1952 1067 1982">
     <span class='ocr_line' id='line_1_42' title="bbox 203 1952 1067 1982; baseline 0.005 -4"><span class='ocrx_word' id='word_1_333' title='bbox 203 1953 291 1982; x_wconf 84' lang='lat' dir='ltr'>diunt.</span> <span class='ocrx_word' id='word_1_334' title='bbox 312 1969 342 1972; x_wconf 89' lang='lat'>—-</span> <span class='ocrx_word' id='word_1_335' title='bbox 363 1952 505 1980; x_wconf 76' lang='lat' dir='ltr'>arboresve</span> <span class='ocrx_word' id='word_1_336' title='bbox 528 1954 678 1980; x_wconf 83' lang='lat' dir='ltr'>terminales</span> <span class='ocrx_word' id='word_1_337' title='bbox 702 1960 830 1982; x_wconf 84' lang='lat' dir='ltr'>evertunt.</span> <span class='ocrx_word' id='word_1_338' title='bbox 859 1955 930 1982; x_wconf 83' lang='lat' dir='ltr'>Paul.</span> <span class='ocrx_word' id='word_1_339' title='bbox 951 1954 983 1981; x_wconf 89' lang='lat' dir='ltr'>V.</span> <span class='ocrx_word' id='word_1_340' title='bbox 1001 1957 1045 1982; x_wconf 71' lang='lat'>22.</span> <span class='ocrx_word' id='word_1_341' title='bbox 1066 1966 1067 1971; x_wconf 62' lang='lat'>¹</span> 
     </span>
    </p>
   </div>
   <div class='ocr_carea' id='block_1_20' title="bbox 201 1996 1044 2419">
    <p class='ocr_par' dir='ltr' id='par_1_20' title="bbox 201 1996 1044 2119">
     <span class='ocr_line' id='line_1_43' title="bbox 203 1996 1043 2033; baseline 0.005 -12"><span class='ocrx_word' id='word_1_342' title='bbox 203 1996 225 2029; x_wconf 79' lang='lat'>5.</span> <span class='ocrx_word' id='word_1_343' title='bbox 243 1997 268 2021; x_wconf 72' lang='lat'>2.</span> <span class='ocrx_word' id='word_1_344' title='bbox 288 2010 317 2014; x_wconf 90' lang='lat'><em>-</em></span> <span class='ocrx_word' id='word_1_345' title='bbox 339 1996 369 2028; x_wconf 76' lang='lat'>§0</span> <span class='ocrx_word' id='word_1_346' title='bbox 387 1997 422 2022; x_wconf 68' lang='lat'>2.</span> <span class='ocrx_word' id='word_1_347' title='bbox 447 1998 613 2032; x_wconf 74' lang='lat' dir='ltr'>Adfinem.</span> <span class='ocrx_word' id='word_1_348' title='bbox 633 2000 774 2033; x_wconf 74' lang='lat' dir='ltr'>negotii,</span> <span class='ocrx_word' id='word_1_349' title='bbox 799 2001 847 2024; x_wconf 84' lang='lat' dir='ltr'>vel</span> <span class='ocrx_word' id='word_1_350' title='bbox 864 2000 954 2030; x_wconf 76' lang='lat' dir='ltr'>litis,</span> <span class='ocrx_word' id='word_1_351' title='bbox 973 2009 1043 2032; x_wconf 78' lang='lat' dir='ltr'>spe—</span> 
     </span>
     <span class='ocr_line' id='line_1_44' title="bbox 202 2037 1044 2079; baseline 0.004 -14"><span class='ocrx_word' id='word_1_352' title='bbox 202 2045 302 2065; x_wconf 77' lang='lat' dir='ltr'>ctans.</span> <span class='ocrx_word' id='word_1_353' title='bbox 341 2038 382 2064; x_wconf 88' lang='grc'>111.</span> <span class='ocrx_word' id='word_1_354' title='bbox 400 2038 467 2065; x_wconf 77' lang='lat' dir='ltr'>Gn.</span> <span class='ocrx_word' id='word_1_355' title='bbox 487 2037 572 2065; x_wconf 79' lang='lat' dir='ltr'>Litem</span> <span class='ocrx_word' id='word_1_356' title='bbox 591 2055 622 2058; x_wconf 98' lang='lat'><strong>—</strong></span> <span class='ocrx_word' id='word_1_357' title='bbox 642 2042 771 2067; x_wconf 81' lang='lat' dir='ltr'>sententia</span> <span class='ocrx_word' id='word_1_358' title='bbox 790 2041 920 2067; x_wconf 84' lang='lat' dir='ltr'>terminali</span> <span class='ocrx_word' id='word_1_359' title='bbox 940 2051 1044 2079; x_wconf 85' lang='lat' dir='ltr'>compo-</span> 
     </span>
     <span class='ocr_line' id='line_1_45' title="bbox 201 2080 774 2119; baseline 0.005 -13"><span class='ocrx_word' id='word_1_360' title='bbox 201 2086 272 2107; x_wconf 82' lang='lat' dir='ltr'>nant.</span> <span class='ocrx_word' id='word_1_361' title='bbox 296 2091 315 2106; x_wconf 82' lang='lat' dir='ltr'>e.</span> <span class='ocrx_word' id='word_1_362' title='bbox 338 2083 377 2107; x_wconf 92' lang='lat'>14.</span> <span class='ocrx_word' id='word_1_363' title='bbox 397 2081 419 2114; x_wconf 78' lang='lat'>5.</span> <span class='ocrx_word' id='word_1_364' title='bbox 442 2083 463 2107; x_wconf 94' lang='grc'>1.</span> <span class='ocrx_word' id='word_1_365' title='bbox 484 2080 516 2107; x_wconf 85' lang='lat' dir='ltr'>de</span> <span class='ocrx_word' id='word_1_366' title='bbox 536 2092 669 2119; x_wconf 84' lang='lat' dir='ltr'>compens.</span> <span class='ocrx_word' id='word_1_367' title='bbox 688 2086 712 2109; x_wconf 93' lang='lat'>4.</span> <span class='ocrx_word' id='word_1_368' title='bbox 732 2085 774 2110; x_wconf 87' lang='lat'>31.</span> 
     </span>
    </p>

    <p class='ocr_par' dir='ltr' id='par_1_21' title="bbox 202 2124 1043 2419">
     <span class='ocr_line' id='line_1_46' title="bbox 238 2124 1043 2162; baseline 0.005 -12"><span class='ocrx_word' id='word_1_369' title='bbox 238 2124 478 2151; x_wconf 79' lang='lat' dir='ltr'>Terminare.</span> <span class='ocrx_word' id='word_1_370' title='bbox 504 2125 581 2158; x_wconf 79' lang='lat' dir='ltr'>§.l-</span> <span class='ocrx_word' id='word_1_371' title='bbox 602 2127 730 2157; x_wconf 82' lang='lat' dir='ltr'>Finire,</span> <span class='ocrx_word' id='word_1_372' title='bbox 750 2128 928 2154; x_wconf 74' lang='lat' dir='ltr'>Absolvere.</span> <span class='ocrx_word' id='word_1_373' title='bbox 948 2127 966 2153; x_wconf 93' lang='grc'>1.</span> <span class='ocrx_word' id='word_1_374' title='bbox 982 2128 1043 2162; x_wconf 76' lang='lat' dir='ltr'>Sy.</span> 
     </span>
     <span class='ocr_line' id='line_1_47' title="bbox 202 2165 1042 2204; baseline 0.006 -12"><span class='ocrx_word' id='word_1_375' title='bbox 202 2165 391 2193; x_wconf 83' lang='lat' dir='ltr'>Determinare.</span> <span class='ocrx_word' id='word_1_376' title='bbox 417 2166 457 2193; x_wconf 91' lang='lat' dir='ltr'>Cf.</span> <span class='ocrx_word' id='word_1_377' title='bbox 477 2166 501 2193; x_wconf 88' lang='lat' dir='ltr'>h.</span> <span class='ocrx_word' id='word_1_378' title='bbox 521 2177 544 2193; x_wconf 92' lang='lat' dir='ltr'>v.</span> <span class='ocrx_word' id='word_1_379' title='bbox 570 2168 591 2201; x_wconf 80' lang='lat'>5.</span> <span class='ocrx_word' id='word_1_380' title='bbox 611 2169 635 2193; x_wconf 88' lang='grc'>3.</span> <span class='ocrx_word' id='word_1_381' title='bbox 672 2168 799 2196; x_wconf 81' lang='lat' dir='ltr'>Definire.</span> <span class='ocrx_word' id='word_1_382' title='bbox 826 2168 867 2196; x_wconf 90' lang='lat' dir='ltr'>Cf.</span> <span class='ocrx_word' id='word_1_383' title='bbox 887 2169 912 2196; x_wconf 91' lang='lat' dir='ltr'>h.</span> <span class='ocrx_word' id='word_1_384' title='bbox 933 2180 956 2196; x_wconf 89' lang='lat' dir='ltr'>v.</span> <span class='ocrx_word' id='word_1_385' title='bbox 977 2171 998 2204; x_wconf 88' lang='lat'>5.</span> <span class='ocrx_word' id='word_1_386' title='bbox 1018 2173 1042 2197; x_wconf 81' lang='lat'>2.</span> 
     </span>
     <span class='ocr_line' id='line_1_48' title="bbox 203 2207 1041 2242; baseline 0.007 -8"><span class='ocrx_word' id='word_1_387' title='bbox 203 2207 298 2235; x_wconf 87' lang='lat' dir='ltr'>Fiuire.</span> <span class='ocrx_word' id='word_1_388' title='bbox 318 2209 449 2236; x_wconf 83' lang='lat' dir='ltr'>Decidere</span> <span class='ocrx_word' id='word_1_389' title='bbox 469 2209 572 2242; x_wconf 76' lang='lat' dir='ltr'>(lites.)</span> <span class='ocrx_word' id='word_1_390' title='bbox 592 2210 658 2237; x_wconf 81' lang='lat' dir='ltr'>Nov.</span> <span class='ocrx_word' id='word_1_391' title='bbox 678 2210 727 2237; x_wconf 93' lang='lat' dir='ltr'>Th.</span> <span class='ocrx_word' id='word_1_392' title='bbox 747 2211 776 2238; x_wconf 93' lang='grc'>11.</span> <span class='ocrx_word' id='word_1_393' title='bbox 798 2212 830 2239; x_wconf 85' lang='grc'>(18</span> <span class='ocrx_word' id='word_1_394' title='bbox 850 2213 968 2240; x_wconf 87' lang='lat' dir='ltr'>confirm.</span> <span class='ocrx_word' id='word_1_395' title='bbox 988 2213 1041 2240; x_wconf 93' lang='lat' dir='ltr'>LL.</span> 
     </span>
     <span class='ocr_line' id='line_1_49' title="bbox 203 2251 1042 2292; baseline 0.007 -16"><span class='ocrx_word' id='word_1_396' title='bbox 203 2261 263 2277; x_wconf 79' lang='lat' dir='ltr'>nov.</span> <span class='ocrx_word' id='word_1_397' title='bbox 282 2251 299 2276; x_wconf 95' lang='grc'>1.</span> <span class='ocrx_word' id='word_1_398' title='bbox 320 2253 343 2277; x_wconf 95' lang='lat' dir='ltr'>l.</span> <span class='ocrx_word' id='word_1_399' title='bbox 362 2262 383 2279; x_wconf 95' lang='lat' dir='ltr'>c.</span> <span class='ocrx_word' id='word_1_400' title='bbox 404 2254 425 2279; x_wconf 87' lang='lat'>1.</span> <span class='ocrx_word' id='word_1_401' title='bbox 447 2253 468 2287; x_wconf 82' lang='lat'>5.</span> <span class='ocrx_word' id='word_1_402' title='bbox 488 2256 512 2279; x_wconf 81' lang='lat'>2.</span> <span class='ocrx_word' id='word_1_403' title='bbox 540 2252 727 2285; x_wconf 77' lang='lat' dir='ltr'>Terminatum.</span> <span class='ocrx_word' id='word_1_404' title='bbox 747 2259 969 2292; x_wconf 81' lang='lat' dir='ltr'>transactumque,</span> <span class='ocrx_word' id='word_1_405' title='bbox 988 2256 1042 2282; x_wconf 88' lang='lat' dir='ltr'>Ab·</span> 
     </span>
     <span class='ocr_line' id='line_1_50' title="bbox 203 2294 1040 2332; baseline 0.01 -14"><span class='ocrx_word' id='word_1_406' title='bbox 203 2294 326 2320; x_wconf 85' lang='lat' dir='ltr'>solutum.</span> <span class='ocrx_word' id='word_1_407' title='bbox 347 2294 535 2332; x_wconf 83' lang='lat' dir='ltr'>dimissumque</span> <span class='ocrx_word' id='word_1_408' title='bbox 554 2297 712 2332; x_wconf 72' lang='lat' dir='ltr'>(negotium.</span> <span class='ocrx_word' id='word_1_409' title='bbox 732 2307 755 2323; x_wconf 93' lang='lat' dir='ltr'>v.</span> <span class='ocrx_word' id='word_1_410' title='bbox 775 2297 922 2331; x_wconf 86' lang='lat' dir='ltr'>iudicium.)</span> <span class='ocrx_word' id='word_1_411' title='bbox 941 2298 989 2325; x_wconf 92' lang='lat' dir='ltr'>Th.</span> <span class='ocrx_word' id='word_1_412' title='bbox 1010 2299 1040 2326; x_wconf 90' lang='lat' dir='ltr'>C.</span> 
     </span>
     <span class='ocr_line' id='line_1_51' title="bbox 203 2336 1040 2379; baseline 0.01 -18"><span class='ocrx_word' id='word_1_413' title='bbox 203 2336 246 2362; x_wconf 91' lang='lat' dir='ltr'>IV.</span> <span class='ocrx_word' id='word_1_414' title='bbox 269 2338 307 2362; x_wconf 62' lang='lat'>15.</span> <span class='ocrx_word' id='word_1_415' title='bbox 333 2346 353 2361; x_wconf 85' lang='lat' dir='ltr'>e.</span> <span class='ocrx_word' id='word_1_416' title='bbox 372 2339 396 2362; x_wconf 77' lang='lat'>2.</span> <span class='ocrx_word' id='word_1_417' title='bbox 420 2337 452 2364; x_wconf 86' lang='lat' dir='ltr'>de</span> <span class='ocrx_word' id='word_1_418' title='bbox 476 2338 550 2365; x_wconf 84' lang='lat' dir='ltr'>fruct.</span> <span class='ocrx_word' id='word_1_419' title='bbox 572 2344 597 2365; x_wconf 78' lang='lat' dir='ltr'>et</span> <span class='ocrx_word' id='word_1_420' title='bbox 616 2339 654 2365; x_wconf 90' lang='lat' dir='ltr'>lit.</span> <span class='ocrx_word' id='word_1_421' title='bbox 675 2350 782 2376; x_wconf 80' lang='lat' dir='ltr'>expens.</span> <span class='ocrx_word' id='word_1_422' title='bbox 812 2340 852 2366; x_wconf 88' lang='lat' dir='ltr'>Cf.</span> <span class='ocrx_word' id='word_1_423' title='bbox 873 2340 902 2367; x_wconf 82' lang='lat' dir='ltr'>fr.</span> <span class='ocrx_word' id='word_1_424' title='bbox 922 2344 980 2369; x_wconf 74' lang='lat'>229.</span> <span class='ocrx_word' id='word_1_425' title='bbox 1000 2353 1040 2379; x_wconf 87' lang='lat' dir='ltr'>sq.</span> 
     </span>
     <span class='ocr_line' id='line_1_52' title="bbox 202 2378 1041 2419; baseline 0.008 -14"><span class='ocrx_word' id='word_1_426' title='bbox 202 2379 235 2405; x_wconf 81' lang='lat' dir='ltr'>de</span> <span class='ocrx_word' id='word_1_427' title='bbox 255 2378 286 2404; x_wconf 90' lang='lat' dir='ltr'>V.</span> <span class='ocrx_word' id='word_1_428' title='bbox 307 2378 333 2404; x_wconf 91' lang='lat' dir='ltr'>S.</span> <span class='ocrx_word' id='word_1_429' title='bbox 353 2380 394 2404; x_wconf 85' lang='lat'>50.</span> <span class='ocrx_word' id='word_1_430' title='bbox 415 2381 454 2404; x_wconf 87' lang='lat'>16.</span> <span class='ocrx_word' id='word_1_431' title='bbox 490 2381 531 2407; x_wconf 92' lang='lat' dir='ltr'>III.</span> <span class='ocrx_word' id='word_1_432' title='bbox 547 2384 612 2409; x_wconf 74' lang='lat' dir='ltr'>Gn.</span> <span class='ocrx_word' id='word_1_433' title='bbox 633 2382 770 2418; x_wconf 75' lang='lat' dir='ltr'>Quaestio.</span> <span class='ocrx_word' id='word_1_434' title='bbox 790 2393 856 2419; x_wconf 76' lang='lat' dir='ltr'>quae</span> <span class='ocrx_word' id='word_1_435' title='bbox 875 2384 971 2411; x_wconf 91' lang='lat' dir='ltr'>iudicio</span> <span class='ocrx_word' id='word_1_436' title='bbox 991 2396 1041 2412; x_wconf 89' lang='lat' dir='ltr'>me-</span> 
     </span>
    </p>
   </div>
   <div class='ocr_carea' id='block_1_21' title="bbox 202 2420 1063 2463">
    <p class='ocr_par' dir='ltr' id='par_1_22' title="bbox 202 2420 1063 2463">
     <span class='ocr_line' id='line_1_53' title="bbox 202 2420 1063 2463; baseline 0.008 -15"><span class='ocrx_word' id='word_1_437' title='bbox 202 2426 316 2448; x_wconf 76' lang='lat' dir='ltr'>moratae</span> <span class='ocrx_word' id='word_1_438' title='bbox 335 2420 407 2446; x_wconf 85' lang='lat' dir='ltr'>sedis</span> <span class='ocrx_word' id='word_1_439' title='bbox 427 2420 519 2455; x_wconf 79' lang='lat' dir='ltr'>dirimi,</span> <span class='ocrx_word' id='word_1_440' title='bbox 538 2424 579 2450; x_wconf 80' lang='lat' dir='ltr'>vel</span> <span class='ocrx_word' id='word_1_441' title='bbox 600 2426 732 2451; x_wconf 74' lang='lat' dir='ltr'>terminari</span> <span class='ocrx_word' id='word_1_442' title='bbox 751 2435 832 2461; x_wconf 86' lang='lat' dir='ltr'>posse</span> <span class='ocrx_word' id='word_1_443' title='bbox 850 2436 902 2452; x_wconf 89' lang='lat' dir='ltr'>non</span> <span class='ocrx_word' id='word_1_444' title='bbox 917 2427 1039 2455; x_wconf 88' lang='lat' dir='ltr'>creditur.</span> <span class='ocrx_word' id='word_1_445' title='bbox 1061 2454 1063 2463; x_wconf 32' lang='lat' dir='ltr'><em>A</em></span> 
     </span>
    </p>
   </div>
   <div class='ocr_carea' id='block_1_22' title="bbox 201 2463 1039 2677">
    <p class='ocr_par' dir='ltr' id='par_1_23' title="bbox 201 2463 1039 2677">
     <span class='ocr_line' id='line_1_54' title="bbox 201 2463 1039 2505; baseline 0.01 -16"><span class='ocrx_word' id='word_1_446' title='bbox 201 2463 251 2490; x_wconf 92' lang='lat' dir='ltr'>Th.</span> <span class='ocrx_word' id='word_1_447' title='bbox 266 2463 296 2490; x_wconf 65' lang='lat' dir='ltr'>C.</span> <span class='ocrx_word' id='word_1_448' title='bbox 311 2464 355 2489; x_wconf 70' lang='lat' dir='ltr'>lx.</span> <span class='ocrx_word' id='word_1_449' title='bbox 373 2465 412 2490; x_wconf 85' lang='lat'>16.</span> <span class='ocrx_word' id='word_1_450' title='bbox 434 2474 454 2490; x_wconf 79' lang='lat' dir='ltr'>o.</span> <span class='ocrx_word' id='word_1_451' title='bbox 477 2466 514 2490; x_wconf 91' lang='grc'>10.</span> <span class='ocrx_word' id='word_1_452' title='bbox 534 2466 566 2492; x_wconf 87' lang='grc'>(18</span> <span class='ocrx_word' id='word_1_453' title='bbox 585 2467 694 2494; x_wconf 72' lang='lat' dir='ltr'>malefic.</span> <span class='ocrx_word' id='word_1_454' title='bbox 731 2468 798 2494; x_wconf 78' lang='lat' dir='ltr'>Acta</span> <span class='ocrx_word' id='word_1_455' title='bbox 817 2469 886 2505; x_wconf 82' lang='lat' dir='ltr'>apud</span> <span class='ocrx_word' id='word_1_456' title='bbox 906 2480 934 2496; x_wconf 86' lang='lat' dir='ltr'>se</span> <span class='ocrx_word' id='word_1_457' title='bbox 953 2470 1039 2497; x_wconf 87' lang='lat' dir='ltr'>habita</span> 
     </span>
     <span class='ocr_line' id='line_1_55' title="bbox 203 2506 1039 2549; baseline 0.012 -19"><span class='ocrx_word' id='word_1_458' title='bbox 203 2522 235 2526; x_wconf 84' lang='lat'>--</span> <span class='ocrx_word' id='word_1_459' title='bbox 255 2511 343 2543; x_wconf 77' lang='lat' dir='ltr'>potest</span> <span class='ocrx_word' id='word_1_460' title='bbox 362 2506 452 2532; x_wconf 77' lang='lat' dir='ltr'>iubere</span> <span class='ocrx_word' id='word_1_461' title='bbox 472 2517 499 2533; x_wconf 80' lang='lat' dir='ltr'>ea</span> <span class='ocrx_word' id='word_1_462' title='bbox 520 2507 561 2534; x_wconf 89' lang='lat' dir='ltr'>die</span> <span class='ocrx_word' id='word_1_463' title='bbox 581 2511 751 2543; x_wconf 77' lang='lat' dir='ltr'>circumduci.</span> <span class='ocrx_word' id='word_1_464' title='bbox 776 2513 826 2537; x_wconf 87' lang='lat' dir='ltr'>nisi</span> <span class='ocrx_word' id='word_1_465' title='bbox 846 2512 887 2538; x_wconf 86' lang='lat' dir='ltr'>vel</span> <span class='ocrx_word' id='word_1_466' title='bbox 908 2514 1039 2549; x_wconf 79' lang='lat' dir='ltr'>negotium</span> 
     </span>
     <span class='ocr_line' id='line_1_56' title="bbox 202 2549 1037 2590; baseline 0.01 -15"><span class='ocrx_word' id='word_1_467' title='bbox 202 2549 243 2575; x_wconf 88' lang='lat' dir='ltr'>vel</span> <span class='ocrx_word' id='word_1_468' title='bbox 264 2549 296 2575; x_wconf 86' lang='lat' dir='ltr'>lis</span> <span class='ocrx_word' id='word_1_469' title='bbox 318 2551 453 2576; x_wconf 80' lang='lat' dir='ltr'>terminata</span> <span class='ocrx_word' id='word_1_470' title='bbox 474 2554 521 2576; x_wconf 82' lang='lat' dir='ltr'>est.</span> <span class='ocrx_word' id='word_1_471' title='bbox 542 2550 571 2576; x_wconf 83' lang='lat' dir='ltr'>fr.</span> <span class='ocrx_word' id='word_1_472' title='bbox 589 2554 629 2578; x_wconf 72' lang='lat'>45.</span> <span class='ocrx_word' id='word_1_473' title='bbox 649 2564 687 2590; x_wconf 89' lang='lat' dir='ltr'>pr.</span> <span class='ocrx_word' id='word_1_474' title='bbox 709 2554 741 2581; x_wconf 85' lang='lat' dir='ltr'>de</span> <span class='ocrx_word' id='word_1_475' title='bbox 761 2565 788 2581; x_wconf 87' lang='lat' dir='ltr'>re</span> <span class='ocrx_word' id='word_1_476' title='bbox 808 2555 859 2581; x_wconf 86' lang='lat' dir='ltr'>iud.</span> <span class='ocrx_word' id='word_1_477' title='bbox 880 2558 921 2581; x_wconf 74' lang='lat'>42.</span> <span class='ocrx_word' id='word_1_478' title='bbox 945 2558 965 2582; x_wconf 94' lang='lat'>1.</span> <span class='ocrx_word' id='word_1_479' title='bbox 988 2556 1037 2583; x_wconf 87' lang='lat' dir='ltr'>Th.</span> 
     </span>
     <span class='ocr_line' id='line_1_57' title="bbox 202 2592 1037 2630; baseline 0.008 -12"><span class='ocrx_word' id='word_1_480' title='bbox 202 2592 233 2618; x_wconf 91' lang='lat' dir='ltr'>C.</span> <span class='ocrx_word' id='word_1_481' title='bbox 248 2592 291 2618; x_wconf 78' lang='lat' dir='ltr'>XI.</span> <span class='ocrx_word' id='word_1_482' title='bbox 305 2594 345 2618; x_wconf 86' lang='lat'>30.</span> <span class='ocrx_word' id='word_1_483' title='bbox 366 2603 386 2618; x_wconf 65' lang='lat' dir='ltr'>c.</span> <span class='ocrx_word' id='word_1_484' title='bbox 401 2595 441 2618; x_wconf 82' lang='lat'>55.</span> <span class='ocrx_word' id='word_1_485' title='bbox 462 2592 494 2618; x_wconf 88' lang='lat' dir='ltr'>de</span> <span class='ocrx_word' id='word_1_486' title='bbox 508 2592 565 2630; x_wconf 85' lang='lat' dir='ltr'>adp.</span> <span class='ocrx_word' id='word_1_487' title='bbox 584 2598 609 2619; x_wconf 94' lang='lat' dir='ltr'>et</span> <span class='ocrx_word' id='word_1_488' title='bbox 627 2604 703 2630; x_wconf 84' lang='lat' dir='ltr'>poen.</span> <span class='ocrx_word' id='word_1_489' title='bbox 740 2597 848 2624; x_wconf 73' lang='lat' dir='ltr'>Arbiter</span> <span class='ocrx_word' id='word_1_490' title='bbox 868 2598 967 2624; x_wconf 79' lang='lat' dir='ltr'>electus</span> <span class='ocrx_word' id='word_1_491' title='bbox 988 2604 1037 2629; x_wconf 77' lang='lat' dir='ltr'>est.</span> 
     </span>
     <span class='ocr_line' id='line_1_58' title="bbox 201 2635 1037 2677; baseline 0.01 -17"><span class='ocrx_word' id='word_1_492' title='bbox 201 2640 229 2661; x_wconf 89' lang='lat' dir='ltr'>ut</span> <span class='ocrx_word' id='word_1_493' title='bbox 249 2635 374 2661; x_wconf 85' lang='lat' dir='ltr'>arbitratu</span> <span class='ocrx_word' id='word_1_494' title='bbox 394 2637 449 2662; x_wconf 82' lang='lat' dir='ltr'>eius</span> <span class='ocrx_word' id='word_1_495' title='bbox 469 2645 511 2661; x_wconf 83' lang='lat' dir='ltr'>res</span> <span class='ocrx_word' id='word_1_496' title='bbox 531 2637 691 2664; x_wconf 83' lang='lat' dir='ltr'>terminetur.</span> <span class='ocrx_word' id='word_1_497' title='bbox 710 2639 740 2665; x_wconf 85' lang='lat' dir='ltr'>fr.</span> <span class='ocrx_word' id='word_1_498' title='bbox 754 2642 795 2666; x_wconf 83' lang='lat'>44.</span> <span class='ocrx_word' id='word_1_499' title='bbox 815 2640 847 2666; x_wconf 87' lang='lat' dir='ltr'>de</span> <span class='ocrx_word' id='word_1_500' title='bbox 861 2651 912 2667; x_wconf 83' lang='lat' dir='ltr'>rec.</span> <span class='ocrx_word' id='word_1_501' title='bbox 927 2651 968 2677; x_wconf 88' lang='lat' dir='ltr'>qu.</span> <span class='ocrx_word' id='word_1_502' title='bbox 984 2642 1037 2668; x_wconf 84' lang='lat' dir='ltr'>arb.</span> 
     </span>
    </p>
   </div>
   <div class='ocr_carea' id='block_1_23' title="bbox 201 2677 1036 2711">
    <p class='ocr_par' dir='ltr' id='par_1_24' title="bbox 201 2677 1036 2711">
     <span class='ocr_line' id='line_1_59' title="bbox 201 2677 1036 2711; baseline 0.01 -8"><span class='ocrx_word' id='word_1_503' title='bbox 201 2679 224 2703; x_wconf 86' lang='lat'>4.</span> <span class='ocrx_word' id='word_1_504' title='bbox 245 2678 268 2703; x_wconf 79' lang='lat' dir='ltr'>S.</span> <span class='ocrx_word' id='word_1_505' title='bbox 289 2677 318 2703; x_wconf 83' lang='lat' dir='ltr'>fr.</span> <span class='ocrx_word' id='word_1_506' title='bbox 340 2679 379 2703; x_wconf 84' lang='lat'>16.</span> <span class='ocrx_word' id='word_1_507' title='bbox 399 2678 420 2710; x_wconf 77' lang='lat'>5.</span> <span class='ocrx_word' id='word_1_508' title='bbox 443 2680 482 2704; x_wconf 75' lang='lat'>17.</span> <span class='ocrx_word' id='word_1_509' title='bbox 504 2678 535 2704; x_wconf 83' lang='lat' dir='ltr'>ad</span> <span class='ocrx_word' id='word_1_510' title='bbox 555 2678 620 2704; x_wconf 78' lang='lat' dir='ltr'>SC.</span> <span class='ocrx_word' id='word_1_511' title='bbox 641 2678 718 2707; x_wconf 87' lang='lat' dir='ltr'>Treb.</span> <span class='ocrx_word' id='word_1_512' title='bbox 737 2683 778 2708; x_wconf 83' lang='lat'>36.</span> <span class='ocrx_word' id='word_1_513' title='bbox 800 2685 821 2709; x_wconf 96' lang='lat' dir='ltr'>l.</span> <span class='ocrx_word' id='word_1_514' title='bbox 842 2683 889 2709; x_wconf 89' lang='lat' dir='ltr'>Th.</span> <span class='ocrx_word' id='word_1_515' title='bbox 911 2683 942 2710; x_wconf 84' lang='lat' dir='ltr'>C.</span> <span class='ocrx_word' id='word_1_516' title='bbox 962 2684 992 2711; x_wconf 91' lang='grc'>11.</span> <span class='ocrx_word' id='word_1_517' title='bbox 1013 2687 1036 2711; x_wconf 86' lang='grc'>9.</span> 
     </span>
    </p>
   </div>
   <div class='ocr_carea' id='block_1_24' title="bbox 202 2719 1206 2808">
    <p class='ocr_par' dir='ltr' id='par_1_25' title="bbox 202 2719 1206 2808">
     <span class='ocr_line' id='line_1_60' title="bbox 202 2719 1059 2774; baseline 0.011 -29"><span class='ocrx_word' id='word_1_518' title='bbox 202 2731 222 2747; x_wconf 85' lang='lat' dir='ltr'>c.</span> <span class='ocrx_word' id='word_1_519' title='bbox 239 2722 259 2746; x_wconf 89' lang='lat'>1.</span> <span class='ocrx_word' id='word_1_520' title='bbox 281 2719 384 2752; x_wconf 84' lang='lat' dir='ltr'>(ch.)</span> <span class='ocrx_word' id='word_1_521' title='bbox 405 2720 437 2747; x_wconf 86' lang='lat' dir='ltr'>de</span> <span class='ocrx_word' id='word_1_522' title='bbox 450 2726 516 2757; x_wconf 87' lang='lat' dir='ltr'>pact..</span> <span class='ocrx_word' id='word_1_523' title='bbox 538 2726 563 2747; x_wconf 85' lang='lat' dir='ltr'>et</span> <span class='ocrx_word' id='word_1_524' title='bbox 583 2726 704 2748; x_wconf 80' lang='lat' dir='ltr'>transact.</span> <span class='ocrx_word' id='word_1_525' title='bbox 720 2738 748 2742; x_wconf 87' lang='lat'>—</span> <span class='ocrx_word' id='word_1_526' title='bbox 769 2725 799 2758; x_wconf 84' lang='lat'>§.</span> <span class='ocrx_word' id='word_1_527' title='bbox 811 2727 846 2752; x_wconf 74' lang='grc'>2.</span> <span class='ocrx_word' id='word_1_528' title='bbox 867 2727 1035 2762; x_wconf 81' lang='lat' dir='ltr'>Definz&#39;re,</span> <span class='ocrx_word' id='word_1_529' title='bbox 1057 2749 1059 2774; x_wconf 39' lang='grc'>1</span> 
     </span>
     <span class='ocr_line' id='line_1_61' title="bbox 202 2763 1206 2808; baseline 0.005 -19"><span class='ocrx_word' id='word_1_530' title='bbox 202 2764 396 2790; x_wconf 69' lang='lat' dir='ltr'>Descriltere.</span> <span class='ocrx_word' id='word_1_531' title='bbox 432 2763 475 2790; x_wconf 88' lang='lat' dir='ltr'>III.</span> <span class='ocrx_word' id='word_1_532' title='bbox 495 2765 561 2791; x_wconf 74' lang='lat' dir='ltr'>Gn.</span> <span class='ocrx_word' id='word_1_533' title='bbox 586 2764 670 2789; x_wconf 87' lang='lat' dir='ltr'>Etiam</span> <span class='ocrx_word' id='word_1_534' title='bbox 693 2764 805 2801; x_wconf 88' lang='lat' dir='ltr'>plurium</span> <span class='ocrx_word' id='word_1_535' title='bbox 831 2769 931 2795; x_wconf 85' lang='lat' dir='ltr'>dierum</span> <span class='ocrx_word' id='word_1_536' title='bbox 950 2771 1036 2807; x_wconf 84' lang='lat' dir='ltr'>spatio</span> <span class='ocrx_word' id='word_1_537' title='bbox 1057 2775 1059 2808; x_wconf 57' lang='grc' dir='ltr'><em>ζ</em></span> <span class='ocrx_word' id='word_1_538' title='bbox 1081 2768 1111 2795; x_wconf 75' lang='lat' dir='ltr'>cs.</span> <span class='ocrx_word' id='word_1_539' title='bbox 1133 2768 1162 2795; x_wconf 88' lang='lat' dir='ltr'>fr.</span> <span class='ocrx_word' id='word_1_540' title='bbox 1181 2772 1206 2795; x_wconf 87' lang='lat'>2.</span> 
     </span>
    </p>
   </div>
   <div class='ocr_carea' id='block_1_25' title="bbox 201 2805 1035 2846">
    <p class='ocr_par' dir='ltr' id='par_1_26' title="bbox 201 2805 1035 2846">
     <span class='ocr_line' id='line_1_62' title="bbox 201 2805 1035 2846; baseline 0.008 -14"><span class='ocrx_word' id='word_1_541' title='bbox 201 2806 227 2833; x_wconf 81' lang='lat' dir='ltr'>id</span> <span class='ocrx_word' id='word_1_542' title='bbox 246 2805 435 2832; x_wconf 84' lang='lat' dir='ltr'>terminandum</span> <span class='ocrx_word' id='word_1_543' title='bbox 453 2807 495 2833; x_wconf 86' lang='lat' dir='ltr'>sit.</span> <span class='ocrx_word' id='word_1_544' title='bbox 517 2806 572 2833; x_wconf 86' lang='lat' dir='ltr'>Gai.</span> <span class='ocrx_word' id='word_1_545' title='bbox 587 2807 628 2834; x_wconf 90' lang='lat'>111.</span> <span class='ocrx_word' id='word_1_546' title='bbox 644 2808 700 2834; x_wconf 77' lang='lat'>184.</span> <span class='ocrx_word' id='word_1_547' title='bbox 725 2807 769 2839; x_wconf 80' lang='lat' dir='ltr'>Vt.</span> <span class='ocrx_word' id='word_1_548' title='bbox 788 2811 850 2846; x_wconf 90' lang='lat' dir='ltr'>quid</span> <span class='ocrx_word' id='word_1_549' title='bbox 869 2812 1035 2839; x_wconf 85' lang='lat' dir='ltr'>statuendum</span> 
     </span>
    </p>
   </div>
   <div class='ocr_carea' id='block_1_26' title="bbox 1880 168 1940 197">
    <p class='ocr_par' dir='ltr' id='par_1_27' title="bbox 1880 168 1940 197">
     <span class='ocr_line' id='line_1_63' title="bbox 1880 168 1940 197; baseline 0 -1"><span class='ocrx_word' id='word_1_550' title='bbox 1880 168 1940 197; x_wconf 81' lang='lat'>951</span> 
     </span>
    </p>
   </div>
   <div class='ocr_carea' id='block_1_27' title="bbox 1075 243 1940 368">
    <p class='ocr_par' dir='ltr' id='par_1_28' title="bbox 1075 243 1940 368">
     <span class='ocr_line' id='line_1_64' title="bbox 1100 243 1939 280; baseline 0.006 -12"><span class='ocrx_word' id='word_1_551' title='bbox 1100 243 1143 274; x_wconf 83' lang='lat' dir='ltr'>sit,</span> <span class='ocrx_word' id='word_1_552' title='bbox 1162 253 1211 280; x_wconf 88' lang='lat' dir='ltr'>pro</span> <span class='ocrx_word' id='word_1_553' title='bbox 1231 243 1316 279; x_wconf 77' lang='lat' dir='ltr'>legum</span> <span class='ocrx_word' id='word_1_554' title='bbox 1337 244 1428 271; x_wconf 85' lang='lat' dir='ltr'>ordine</span> <span class='ocrx_word' id='word_1_555' title='bbox 1449 246 1624 273; x_wconf 82' lang='lat' dir='ltr'>terminemus.</span> <span class='ocrx_word' id='word_1_556' title='bbox 1645 246 1694 273; x_wconf 88' lang='lat' dir='ltr'>Th.</span> <span class='ocrx_word' id='word_1_557' title='bbox 1710 246 1740 273; x_wconf 79' lang='lat' dir='ltr'>C.</span> <span class='ocrx_word' id='word_1_558' title='bbox 1756 246 1789 273; x_wconf 79' lang='lat' dir='ltr'>X.</span> <span class='ocrx_word' id='word_1_559' title='bbox 1806 248 1843 273; x_wconf 87' lang='grc'>10.</span> <span class='ocrx_word' id='word_1_560' title='bbox 1865 258 1885 273; x_wconf 91' lang='lat' dir='ltr'>c.</span> <span class='ocrx_word' id='word_1_561' title='bbox 1903 250 1939 274; x_wconf 90' lang='lat'>11.</span> 
     </span>
     <span class='ocr_line' id='line_1_65' title="bbox 1076 285 1434 324; baseline 0.006 -13"><span class='ocrx_word' id='word_1_562' title='bbox 1076 307 1077 324; x_wconf 34' lang='grc' dir='ltr'><strong>ἱ</strong></span> <span class='ocrx_word' id='word_1_563' title='bbox 1101 285 1134 311; x_wconf 87' lang='grc'>(18</span> <span class='ocrx_word' id='word_1_564' title='bbox 1153 287 1227 322; x_wconf 84' lang='lat' dir='ltr'>petit.</span> <span class='ocrx_word' id='word_1_565' title='bbox 1249 291 1274 312; x_wconf 84' lang='lat' dir='ltr'>et</span> <span class='ocrx_word' id='word_1_566' title='bbox 1293 286 1362 313; x_wconf 88' lang='lat' dir='ltr'>ultro</span> <span class='ocrx_word' id='word_1_567' title='bbox 1383 288 1434 314; x_wconf 83' lang='lat' dir='ltr'>dal.</span> 
     </span>
     <span class='ocr_line' id='line_1_66' title="bbox 1075 329 1940 368; baseline 0.006 -15"><span class='ocrx_word' id='word_1_568' title='bbox 1075 341 1077 367; x_wconf 57' lang='lat' dir='ltr'>j</span> <span class='ocrx_word' id='word_1_569' title='bbox 1135 329 1349 356; x_wconf 79' lang='lat' dir='ltr'>Terminus.</span> <span class='ocrx_word' id='word_1_570' title='bbox 1386 332 1417 364; x_wconf 60' lang='grc' dir='ltr'>ᾖ.</span> <span class='ocrx_word' id='word_1_571' title='bbox 1434 332 1468 358; x_wconf 93' lang='grc'>1.</span> <span class='ocrx_word' id='word_1_572' title='bbox 1497 333 1613 366; x_wconf 75' lang='lat' dir='ltr'>Lapis,</span> <span class='ocrx_word' id='word_1_573' title='bbox 1637 338 1693 358; x_wconf 81' lang='lat' dir='ltr'>ant</span> <span class='ocrx_word' id='word_1_574' title='bbox 1715 334 1831 366; x_wconf 75' lang='lat' dir='ltr'>stipes,</span> <span class='ocrx_word' id='word_1_575' title='bbox 1847 334 1940 368; x_wconf 68' lang='lat' dir='ltr'>sines</span> 
     </span>
    </p>
   </div>
   <div class='ocr_carea' id='block_1_28' title="bbox 1098 373 1941 498">
    <p class='ocr_par' dir='ltr' id='par_1_29' title="bbox 1098 373 1941 498">
     <span class='ocr_line' id='line_1_67' title="bbox 1098 373 1939 411; baseline 0.006 -15"><span class='ocrx_word' id='word_1_576' title='bbox 1098 381 1251 406; x_wconf 78' lang='lat' dir='ltr'>agrorum</span> <span class='ocrx_word' id='word_1_577' title='bbox 1271 374 1435 400; x_wconf 70' lang='lat' dir='ltr'>denotans.</span> <span class='ocrx_word' id='word_1_578' title='bbox 1472 373 1490 399; x_wconf 95' lang='lat' dir='ltr'>I.</span> <span class='ocrx_word' id='word_1_579' title='bbox 1509 376 1571 407; x_wconf 66' lang='lat' dir='ltr'>Sy.</span> <span class='ocrx_word' id='word_1_580' title='bbox 1601 373 1690 411; x_wconf 86' lang='lat' dir='ltr'>Lapis.</span> <span class='ocrx_word' id='word_1_581' title='bbox 1717 374 1758 401; x_wconf 87' lang='lat' dir='ltr'>Cf.</span> <span class='ocrx_word' id='word_1_582' title='bbox 1778 375 1802 401; x_wconf 89' lang='lat' dir='ltr'>h.</span> <span class='ocrx_word' id='word_1_583' title='bbox 1823 385 1847 401; x_wconf 95' lang='lat' dir='ltr'>v.</span> <span class='ocrx_word' id='word_1_584' title='bbox 1873 376 1939 409; x_wconf 49' lang='lat'>514.</span> 
     </span>
     <span class='ocr_line' id='line_1_68' title="bbox 1098 412 1941 450; baseline 0.006 -11"><span class='ocrx_word' id='word_1_585' title='bbox 1098 412 1141 439; x_wconf 92' lang='lat' dir='ltr'>III.</span> <span class='ocrx_word' id='word_1_586' title='bbox 1165 415 1231 441; x_wconf 77' lang='lat' dir='ltr'>Gn.</span> <span class='ocrx_word' id='word_1_587' title='bbox 1256 413 1444 442; x_wconf 81' lang='lat' dir='ltr'>Controversia</span> <span class='ocrx_word' id='word_1_588' title='bbox 1469 416 1501 442; x_wconf 85' lang='lat' dir='ltr'>de</span> <span class='ocrx_word' id='word_1_589' title='bbox 1523 416 1621 443; x_wconf 81' lang='lat' dir='ltr'>finibus</span> <span class='ocrx_word' id='word_1_590' title='bbox 1641 422 1696 443; x_wconf 79' lang='lat' dir='ltr'>orta</span> <span class='ocrx_word' id='word_1_591' title='bbox 1717 423 1770 450; x_wconf 77' lang='lat' dir='ltr'>est,</span> <span class='ocrx_word' id='word_1_592' title='bbox 1795 423 1820 444; x_wconf 82' lang='lat' dir='ltr'>et</span> <span class='ocrx_word' id='word_1_593' title='bbox 1843 418 1941 444; x_wconf 85' lang='lat' dir='ltr'>arbiter</span> 
     </span>
     <span class='ocr_line' id='line_1_69' title="bbox 1098 455 1939 498; baseline 0.005 -16"><span class='ocrx_word' id='word_1_594' title='bbox 1098 455 1211 488; x_wconf 78' lang='lat' dir='ltr'>electus,</span> <span class='ocrx_word' id='word_1_595' title='bbox 1233 473 1262 477; x_wconf 87' lang='lat'>—-</span> <span class='ocrx_word' id='word_1_596' title='bbox 1287 458 1344 494; x_wconf 87' lang='lat' dir='ltr'>ipse</span> <span class='ocrx_word' id='word_1_597' title='bbox 1368 460 1524 485; x_wconf 78' lang='lat' dir='ltr'>sententiam</span> <span class='ocrx_word' id='word_1_598' title='bbox 1549 459 1630 491; x_wconf 74' lang='lat' dir='ltr'>dixit,</span> <span class='ocrx_word' id='word_1_599' title='bbox 1651 476 1682 479; x_wconf 97' lang='lat'><strong>—</strong></span> <span class='ocrx_word' id='word_1_600' title='bbox 1704 465 1729 486; x_wconf 79' lang='lat' dir='ltr'>et</span> <span class='ocrx_word' id='word_1_601' title='bbox 1748 462 1874 487; x_wconf 83' lang='lat' dir='ltr'>terminos</span> <span class='ocrx_word' id='word_1_602' title='bbox 1894 471 1939 498; x_wconf 81' lang='lat' dir='ltr'>po-</span> 
     </span>
    </p>
   </div>
   <div class='ocr_carea' id='block_1_29' title="bbox 1060 499 1939 2846">
    <p class='ocr_par' dir='ltr' id='par_1_30' title="bbox 1071 499 1939 835">
     <span class='ocr_line' id='line_1_70' title="bbox 1098 499 1939 538; baseline 0.006 -14"><span class='ocrx_word' id='word_1_603' title='bbox 1098 500 1158 525; x_wconf 86' lang='lat' dir='ltr'>suit.</span> <span class='ocrx_word' id='word_1_604' title='bbox 1183 499 1213 525; x_wconf 92' lang='lat' dir='ltr'>fr.</span> <span class='ocrx_word' id='word_1_605' title='bbox 1234 501 1274 525; x_wconf 83' lang='lat'>44.</span> <span class='ocrx_word' id='word_1_606' title='bbox 1295 500 1328 526; x_wconf 88' lang='lat' dir='ltr'>de</span> <span class='ocrx_word' id='word_1_607' title='bbox 1346 510 1397 527; x_wconf 82' lang='lat' dir='ltr'>rec.</span> <span class='ocrx_word' id='word_1_608' title='bbox 1419 512 1460 537; x_wconf 86' lang='lat' dir='ltr'>qu.</span> <span class='ocrx_word' id='word_1_609' title='bbox 1481 502 1535 528; x_wconf 92' lang='lat' dir='ltr'>arb.</span> <span class='ocrx_word' id='word_1_610' title='bbox 1555 504 1579 528; x_wconf 88' lang='lat'>4.</span> <span class='ocrx_word' id='word_1_611' title='bbox 1599 506 1622 529; x_wconf 72' lang='grc' dir='ltr'>ὅ.</span> <span class='ocrx_word' id='word_1_612' title='bbox 1661 504 1713 538; x_wconf 76' lang='lat' dir='ltr'>Qui</span> <span class='ocrx_word' id='word_1_613' title='bbox 1739 504 1864 530; x_wconf 84' lang='lat' dir='ltr'>terminos</span> <span class='ocrx_word' id='word_1_614' title='bbox 1889 508 1939 529; x_wconf 83' lang='lat' dir='ltr'>sta-</span> 
     </span>
     <span class='ocr_line' id='line_1_71' title="bbox 1097 544 1939 581; baseline 0.006 -14"><span class='ocrx_word' id='word_1_615' title='bbox 1097 546 1169 567; x_wconf 89' lang='lat' dir='ltr'>tutos</span> <span class='ocrx_word' id='word_1_616' title='bbox 1189 546 1262 568; x_wconf 83' lang='lat' dir='ltr'>extra</span> <span class='ocrx_word' id='word_1_617' title='bbox 1281 552 1357 569; x_wconf 87' lang='lat' dir='ltr'>suum</span> <span class='ocrx_word' id='word_1_618' title='bbox 1376 544 1492 579; x_wconf 74' lang='lat' dir='ltr'>gradum,</span> <span class='ocrx_word' id='word_1_619' title='bbox 1512 545 1621 577; x_wconf 75' lang='lat' dir='ltr'>finesve.</span> <span class='ocrx_word' id='word_1_620' title='bbox 1640 547 1777 572; x_wconf 88' lang='lat' dir='ltr'>moverint.</span> <span class='ocrx_word' id='word_1_621' title='bbox 1816 546 1869 581; x_wconf 83' lang='lat' dir='ltr'>Qui</span> <span class='ocrx_word' id='word_1_622' title='bbox 1889 551 1939 572; x_wconf 81' lang='lat' dir='ltr'>ter-</span> 
     </span>
     <span class='ocr_line' id='line_1_72' title="bbox 1097 585 1939 625; baseline 0.007 -16"><span class='ocrx_word' id='word_1_623' title='bbox 1097 585 1182 610; x_wconf 88' lang='lat' dir='ltr'>minos</span> <span class='ocrx_word' id='word_1_624' title='bbox 1202 585 1338 617; x_wconf 78' lang='lat' dir='ltr'>effodiunt.</span> <span class='ocrx_word' id='word_1_625' title='bbox 1357 586 1399 613; x_wconf 86' lang='lat' dir='ltr'>vel</span> <span class='ocrx_word' id='word_1_626' title='bbox 1419 593 1532 614; x_wconf 77' lang='lat' dir='ltr'>exarant.</span> <span class='ocrx_word' id='word_1_627' title='bbox 1554 588 1583 614; x_wconf 84' lang='lat' dir='ltr'>fr.</span> <span class='ocrx_word' id='word_1_628' title='bbox 1603 590 1627 614; x_wconf 87' lang='lat'>3.</span> <span class='ocrx_word' id='word_1_629' title='bbox 1648 599 1687 625; x_wconf 85' lang='lat' dir='ltr'>pr.</span> <span class='ocrx_word' id='word_1_630' title='bbox 1708 589 1739 615; x_wconf 89' lang='lat' dir='ltr'>cf.</span> <span class='ocrx_word' id='word_1_631' title='bbox 1759 588 1789 615; x_wconf 81' lang='lat' dir='ltr'>fr.</span> <span class='ocrx_word' id='word_1_632' title='bbox 1806 591 1827 615; x_wconf 96' lang='lat' dir='ltr'>l.</span> <span class='ocrx_word' id='word_1_633' title='bbox 1847 599 1885 625; x_wconf 82' lang='lat' dir='ltr'>sq.</span> <span class='ocrx_word' id='word_1_634' title='bbox 1906 588 1939 614; x_wconf 83' lang='grc'>(18</span> 
     </span>
     <span class='ocr_line' id='line_1_73' title="bbox 1096 629 1937 666; baseline 0.007 -14"><span class='ocrx_word' id='word_1_635' title='bbox 1096 631 1169 654; x_wconf 89' lang='lat' dir='ltr'>term.</span> <span class='ocrx_word' id='word_1_636' title='bbox 1189 632 1251 654; x_wconf 93' lang='lat' dir='ltr'>mot.</span> <span class='ocrx_word' id='word_1_637' title='bbox 1272 630 1313 655; x_wconf 87' lang='lat'>47.</span> <span class='ocrx_word' id='word_1_638' title='bbox 1333 631 1374 656; x_wconf 84' lang='lat'>21.</span> <span class='ocrx_word' id='word_1_639' title='bbox 1395 629 1466 657; x_wconf 86' lang='lat' dir='ltr'>Paul.</span> <span class='ocrx_word' id='word_1_640' title='bbox 1487 630 1504 657; x_wconf 92' lang='grc' dir='ltr'>Ι.</span> <span class='ocrx_word' id='word_1_641' title='bbox 1527 632 1565 657; x_wconf 85' lang='lat'>16.</span> <span class='ocrx_word' id='word_1_642' title='bbox 1585 631 1608 664; x_wconf 76' lang='lat'>5.</span> <span class='ocrx_word' id='word_1_643' title='bbox 1630 633 1651 657; x_wconf 90' lang='lat'>1.</span> <span class='ocrx_word' id='word_1_644' title='bbox 1674 631 1703 658; x_wconf 91' lang='lat' dir='ltr'>V.</span> <span class='ocrx_word' id='word_1_645' title='bbox 1725 634 1766 658; x_wconf 80' lang='lat'>22.</span> <span class='ocrx_word' id='word_1_646' title='bbox 1787 632 1808 666; x_wconf 86' lang='lat'>5.</span> <span class='ocrx_word' id='word_1_647' title='bbox 1822 634 1846 658; x_wconf 81' lang='lat'>2.</span> <span class='ocrx_word' id='word_1_648' title='bbox 1868 630 1937 658; x_wconf 85' lang='lat' dir='ltr'>Coll.</span> 
     </span>
     <span class='ocr_line' id='line_1_74' title="bbox 1096 668 1939 712; baseline 0.007 -17"><span class='ocrx_word' id='word_1_649' title='bbox 1096 668 1149 696; x_wconf 87' lang='lat' dir='ltr'>LL.</span> <span class='ocrx_word' id='word_1_650' title='bbox 1164 670 1197 696; x_wconf 85' lang='lat' dir='ltr'>M.</span> <span class='ocrx_word' id='word_1_651' title='bbox 1212 670 1280 697; x_wconf 83' lang='lat' dir='ltr'>XIII.</span> <span class='ocrx_word' id='word_1_652' title='bbox 1302 672 1399 704; x_wconf 85' lang='lat' dir='ltr'>(rubr.)</span> <span class='ocrx_word' id='word_1_653' title='bbox 1417 674 1442 699; x_wconf 88' lang='lat'>3.</span> <span class='ocrx_word' id='word_1_654' title='bbox 1472 673 1551 709; x_wconf 81' lang='lat' dir='ltr'>Quod</span> <span class='ocrx_word' id='word_1_655' title='bbox 1571 675 1637 700; x_wconf 88' lang='lat' dir='ltr'>intra</span> <span class='ocrx_word' id='word_1_656' title='bbox 1658 676 1783 701; x_wconf 73' lang='lat' dir='ltr'>terminos</span> <span class='ocrx_word' id='word_1_657' title='bbox 1802 676 1859 712; x_wconf 87' lang='lat' dir='ltr'>ipse</span> <span class='ocrx_word' id='word_1_658' title='bbox 1878 684 1939 711; x_wconf 82' lang='lat' dir='ltr'>pos-</span> 
     </span>
     <span class='ocr_line' id='line_1_75' title="bbox 1073 708 1938 754; baseline 0.006 -16"><span class='ocrx_word' id='word_1_659' title='bbox 1073 708 1074 749; x_wconf 60' lang='lat'><em>]</em></span> <span class='ocrx_word' id='word_1_660' title='bbox 1095 712 1172 739; x_wconf 86' lang='lat' dir='ltr'>sedit.</span> <span class='ocrx_word' id='word_1_661' title='bbox 1210 713 1307 740; x_wconf 76' lang='lat' dir='ltr'>Totum</span> <span class='ocrx_word' id='word_1_662' title='bbox 1326 715 1447 746; x_wconf 87' lang='lat' dir='ltr'>fundum,</span> <span class='ocrx_word' id='word_1_663' title='bbox 1466 726 1550 753; x_wconf 81' lang='lat' dir='ltr'>usque</span> <span class='ocrx_word' id='word_1_664' title='bbox 1569 716 1600 742; x_wconf 88' lang='lat' dir='ltr'>ad</span> <span class='ocrx_word' id='word_1_665' title='bbox 1620 718 1772 749; x_wconf 79' lang='lat' dir='ltr'>terminum,</span> <span class='ocrx_word' id='word_1_666' title='bbox 1792 717 1938 754; x_wconf 84' lang='lat' dir='ltr'>possidere.</span> 
     </span>
     <span class='ocr_line' id='line_1_76' title="bbox 1072 755 1936 792; baseline 0.003 -9"><span class='ocrx_word' id='word_1_667' title='bbox 1072 756 1074 783; x_wconf 64' lang='lat' dir='ltr'>J</span> <span class='ocrx_word' id='word_1_668' title='bbox 1095 755 1126 781; x_wconf 86' lang='lat' dir='ltr'>fr.</span> <span class='ocrx_word' id='word_1_669' title='bbox 1144 757 1186 782; x_wconf 88' lang='grc'>39.</span> <span class='ocrx_word' id='word_1_670' title='bbox 1206 755 1238 782; x_wconf 81' lang='lat' dir='ltr'>de</span> <span class='ocrx_word' id='word_1_671' title='bbox 1258 757 1288 783; x_wconf 84' lang='lat' dir='ltr'>A.</span> <span class='ocrx_word' id='word_1_672' title='bbox 1308 757 1338 783; x_wconf 85' lang='lat' dir='ltr'>E.</span> <span class='ocrx_word' id='word_1_673' title='bbox 1359 757 1389 784; x_wconf 92' lang='lat' dir='ltr'>V.</span> <span class='ocrx_word' id='word_1_674' title='bbox 1412 760 1451 785; x_wconf 75' lang='lat'>19.</span> <span class='ocrx_word' id='word_1_675' title='bbox 1473 761 1495 785; x_wconf 95' lang='lat' dir='ltr'>l.</span> <span class='ocrx_word' id='word_1_676' title='bbox 1521 759 1551 786; x_wconf 87' lang='lat' dir='ltr'>fr.</span> <span class='ocrx_word' id='word_1_677' title='bbox 1570 761 1595 786; x_wconf 85' lang='lat'>3.</span> <span class='ocrx_word' id='word_1_678' title='bbox 1622 760 1643 792; x_wconf 82' lang='lat'>5.</span> <span class='ocrx_word' id='word_1_679' title='bbox 1667 762 1688 786; x_wconf 93' lang='lat'>1.</span> <span class='ocrx_word' id='word_1_680' title='bbox 1711 759 1744 786; x_wconf 87' lang='lat' dir='ltr'>de</span> <span class='ocrx_word' id='word_1_681' title='bbox 1763 760 1794 786; x_wconf 91' lang='lat' dir='ltr'>A.</span> <span class='ocrx_word' id='word_1_682' title='bbox 1814 770 1837 786; x_wconf 93' lang='lat' dir='ltr'>v.</span> <span class='ocrx_word' id='word_1_683' title='bbox 1858 761 1889 786; x_wconf 83' lang='lat' dir='ltr'>A.</span> <span class='ocrx_word' id='word_1_684' title='bbox 1910 760 1936 786; x_wconf 87' lang='lat' dir='ltr'>P.</span> 
     </span>
     <span class='ocr_line' id='line_1_77' title="bbox 1071 793 1937 835; baseline 0.007 -12"><span class='ocrx_word' id='word_1_685' title='bbox 1071 793 1073 823; x_wconf 71' lang='grc'>1</span> <span class='ocrx_word' id='word_1_686' title='bbox 1094 799 1135 824; x_wconf 89' lang='lat'>41.</span> <span class='ocrx_word' id='word_1_687' title='bbox 1155 800 1178 824; x_wconf 84' lang='lat'>2.</span> <span class='ocrx_word' id='word_1_688' title='bbox 1200 814 1230 818; x_wconf 89' lang='lat'>—-</span> <span class='ocrx_word' id='word_1_689' title='bbox 1256 800 1286 832; x_wconf 62' lang='grc' dir='ltr'>ξ.</span> <span class='ocrx_word' id='word_1_690' title='bbox 1305 801 1341 826; x_wconf 70' lang='grc'>2.</span> <span class='ocrx_word' id='word_1_691' title='bbox 1362 802 1510 828; x_wconf 67' lang='lat' dir='ltr'>Ambitus</span> <span class='ocrx_word' id='word_1_692' title='bbox 1530 801 1635 834; x_wconf 83' lang='lat' dir='ltr'>(urbis⁷</span> <span class='ocrx_word' id='word_1_693' title='bbox 1654 801 1697 828; x_wconf 86' lang='lat' dir='ltr'>vel</span> <span class='ocrx_word' id='word_1_694' title='bbox 1716 804 1856 835; x_wconf 83' lang='lat' dir='ltr'>territorii,</span> <span class='ocrx_word' id='word_1_695' title='bbox 1875 804 1937 829; x_wconf 85' lang='lat' dir='ltr'>item</span> 
     </span>
    </p>

    <p class='ocr_par' dir='ltr' id='par_1_31' title="bbox 1094 840 1937 882">
     <span class='ocr_line' id='line_1_78' title="bbox 1094 840 1937 882; baseline 0.006 -16"><span class='ocrx_word' id='word_1_696' title='bbox 1094 840 1167 874; x_wconf 76' lang='lat' dir='ltr'>loci.)</span> <span class='ocrx_word' id='word_1_697' title='bbox 1192 843 1289 868; x_wconf 82' lang='lat' dir='ltr'>Fines</span> <span class='ocrx_word' id='word_1_698' title='bbox 1308 843 1453 879; x_wconf 87' lang='lat' dir='ltr'>(cuiusque</span> <span class='ocrx_word' id='word_1_699' title='bbox 1477 845 1541 878; x_wconf 86' lang='lat' dir='ltr'>rei.)</span> <span class='ocrx_word' id='word_1_700' title='bbox 1578 845 1596 871; x_wconf 92' lang='lat' dir='ltr'>I.</span> <span class='ocrx_word' id='word_1_701' title='bbox 1616 846 1677 879; x_wconf 74' lang='lat' dir='ltr'>Sy.</span> <span class='ocrx_word' id='word_1_702' title='bbox 1702 845 1795 882; x_wconf 79' lang='lat' dir='ltr'>Septa.</span> <span class='ocrx_word' id='word_1_703' title='bbox 1820 845 1937 872; x_wconf 81' lang='lat' dir='ltr'>Termini</span> 
     </span>
    </p>

    <p class='ocr_par' dir='ltr' id='par_1_32' title="bbox 1095 884 1936 923">
     <span class='ocr_line' id='line_1_79' title="bbox 1095 884 1936 923; baseline 0.006 -14"><span class='ocrx_word' id='word_1_704' title='bbox 1095 884 1288 917; x_wconf 83' lang='lat' dir='ltr'>(sanctorum.)</span> <span class='ocrx_word' id='word_1_705' title='bbox 1309 884 1349 911; x_wconf 90' lang='lat' dir='ltr'>Cf.</span> <span class='ocrx_word' id='word_1_706' title='bbox 1370 896 1393 912; x_wconf 92' lang='lat' dir='ltr'>v.</span> <span class='ocrx_word' id='word_1_707' title='bbox 1414 887 1532 923; x_wconf 79' lang='lat' dir='ltr'>Septum.</span> <span class='ocrx_word' id='word_1_708' title='bbox 1552 888 1574 921; x_wconf 82' lang='lat'>5.</span> <span class='ocrx_word' id='word_1_709' title='bbox 1596 890 1617 915; x_wconf 96' lang='lat' dir='ltr'>l.</span> <span class='ocrx_word' id='word_1_710' title='bbox 1655 887 1697 914; x_wconf 90' lang='lat' dir='ltr'>III.</span> <span class='ocrx_word' id='word_1_711' title='bbox 1716 889 1783 915; x_wconf 79' lang='lat' dir='ltr'>Gn.</span> <span class='ocrx_word' id='word_1_712' title='bbox 1804 888 1893 919; x_wconf 82' lang='lat' dir='ltr'>Vrbis,</span> <span class='ocrx_word' id='word_1_713' title='bbox 1913 899 1936 914; x_wconf 93' lang='lat' dir='ltr'>v.</span> 
     </span>
    </p>

    <p class='ocr_par' dir='ltr' id='par_1_33' title="bbox 1069 925 1936 1347">
     <span class='ocr_line' id='line_1_80' title="bbox 1094 925 1934 963; baseline 0.008 -12"><span class='ocrx_word' id='word_1_714' title='bbox 1094 925 1256 958; x_wconf 78' lang='lat' dir='ltr'>Provinciae.</span> <span class='ocrx_word' id='word_1_715' title='bbox 1277 929 1403 955; x_wconf 77' lang='lat' dir='ltr'>terminos</span> <span class='ocrx_word' id='word_1_716' title='bbox 1423 931 1508 962; x_wconf 82' lang='lat' dir='ltr'>(exire</span> <span class='ocrx_word' id='word_1_717' title='bbox 1528 932 1589 963; x_wconf 85' lang='lat' dir='ltr'>etc.)</span> <span class='ocrx_word' id='word_1_718' title='bbox 1609 931 1638 957; x_wconf 86' lang='lat' dir='ltr'>fr.</span> <span class='ocrx_word' id='word_1_719' title='bbox 1658 933 1682 957; x_wconf 80' lang='lat'>3.</span> <span class='ocrx_word' id='word_1_720' title='bbox 1703 930 1735 957; x_wconf 88' lang='lat' dir='ltr'>de</span> <span class='ocrx_word' id='word_1_721' title='bbox 1755 931 1798 957; x_wconf 82' lang='lat' dir='ltr'>off.</span> <span class='ocrx_word' id='word_1_722' title='bbox 1817 930 1869 957; x_wconf 87' lang='lat' dir='ltr'>Prf.</span> <span class='ocrx_word' id='word_1_723' title='bbox 1890 931 1934 957; x_wconf 73' lang='lat' dir='ltr'>Vr.</span> 
     </span>
     <span class='ocr_line' id='line_1_81' title="bbox 1070 966 1934 1007; baseline 0.008 -14"><span class='ocrx_word' id='word_1_724' title='bbox 1070 966 1072 985; x_wconf 63' lang='grc' dir='ltr'>ἶ</span> <span class='ocrx_word' id='word_1_725' title='bbox 1097 970 1118 994; x_wconf 95' lang='lat' dir='ltr'>l.</span> <span class='ocrx_word' id='word_1_726' title='bbox 1140 970 1180 995; x_wconf 76' lang='lat'>12.</span> <span class='ocrx_word' id='word_1_727' title='bbox 1206 968 1276 996; x_wconf 83' lang='lat' dir='ltr'>Paul.</span> <span class='ocrx_word' id='word_1_728' title='bbox 1297 970 1327 996; x_wconf 93' lang='grc'>11.</span> <span class='ocrx_word' id='word_1_729' title='bbox 1347 973 1389 997; x_wconf 84' lang='lat'>31.</span> <span class='ocrx_word' id='word_1_730' title='bbox 1414 972 1435 1005; x_wconf 82' lang='lat'>5.</span> <span class='ocrx_word' id='word_1_731' title='bbox 1454 974 1479 998; x_wconf 76' lang='lat'>‘2-</span> <span class='ocrx_word' id='word_1_732' title='bbox 1505 972 1554 999; x_wconf 84' lang='lat' dir='ltr'>Th.</span> <span class='ocrx_word' id='word_1_733' title='bbox 1575 973 1606 1000; x_wconf 89' lang='lat' dir='ltr'>C.</span> <span class='ocrx_word' id='word_1_734' title='bbox 1627 973 1696 1000; x_wconf 76' lang='lat' dir='ltr'>VIII.</span> <span class='ocrx_word' id='word_1_735' title='bbox 1717 976 1739 1000; x_wconf 96' lang='lat'>1.</span> <span class='ocrx_word' id='word_1_736' title='bbox 1764 984 1785 1000; x_wconf 93' lang='lat' dir='ltr'>c.</span> <span class='ocrx_word' id='word_1_737' title='bbox 1806 975 1846 999; x_wconf 86' lang='lat'>14.</span> <span class='ocrx_word' id='word_1_738' title='bbox 1870 974 1934 1007; x_wconf 71' lang='lat'>51.</span> 
     </span>
     <span class='ocr_line' id='line_1_82' title="bbox 1094 1010 1936 1052; baseline 0.007 -15"><span class='ocrx_word' id='word_1_739' title='bbox 1094 1010 1126 1037; x_wconf 88' lang='lat' dir='ltr'>de</span> <span class='ocrx_word' id='word_1_740' title='bbox 1145 1021 1272 1038; x_wconf 84' lang='lat' dir='ltr'>numerar.</span> <span class='ocrx_word' id='word_1_741' title='bbox 1293 1013 1336 1039; x_wconf 83' lang='lat' dir='ltr'>IX.</span> <span class='ocrx_word' id='word_1_742' title='bbox 1358 1015 1379 1040; x_wconf 91' lang='lat'>1.</span> <span class='ocrx_word' id='word_1_743' title='bbox 1405 1024 1425 1040; x_wconf 92' lang='lat' dir='ltr'>c.</span> <span class='ocrx_word' id='word_1_744' title='bbox 1447 1017 1487 1041; x_wconf 89' lang='grc'>10.</span> <span class='ocrx_word' id='word_1_745' title='bbox 1513 1026 1533 1041; x_wconf 92' lang='lat' dir='ltr'>c.</span> <span class='ocrx_word' id='word_1_746' title='bbox 1556 1017 1595 1042; x_wconf 87' lang='lat'>16.</span> <span class='ocrx_word' id='word_1_747' title='bbox 1621 1016 1654 1043; x_wconf 83' lang='lat' dir='ltr'>de</span> <span class='ocrx_word' id='word_1_748' title='bbox 1673 1026 1759 1043; x_wconf 91' lang='lat' dir='ltr'>accus.</span> <span class='ocrx_word' id='word_1_749' title='bbox 1795 1016 1936 1052; x_wconf 75' lang='lat' dir='ltr'>Egreditur</span> 
     </span>
     <span class='ocr_line' id='line_1_83' title="bbox 1093 1054 1934 1097; baseline 0.007 -17"><span class='ocrx_word' id='word_1_750' title='bbox 1093 1064 1122 1081; x_wconf 85' lang='lat' dir='ltr'>ea</span> <span class='ocrx_word' id='word_1_751' title='bbox 1142 1064 1184 1081; x_wconf 90' lang='lat' dir='ltr'>res</span> <span class='ocrx_word' id='word_1_752' title='bbox 1203 1054 1318 1092; x_wconf 81' lang='lat' dir='ltr'>depositi</span> <span class='ocrx_word' id='word_1_753' title='bbox 1337 1057 1491 1083; x_wconf 84' lang='lat' dir='ltr'>notissimos</span> <span class='ocrx_word' id='word_1_754' title='bbox 1512 1060 1646 1085; x_wconf 90' lang='lat' dir='ltr'>terminos.</span> <span class='ocrx_word' id='word_1_755' title='bbox 1670 1059 1700 1085; x_wconf 87' lang='lat' dir='ltr'>fr.</span> <span class='ocrx_word' id='word_1_756' title='bbox 1720 1061 1760 1085; x_wconf 83' lang='lat'>24.</span> <span class='ocrx_word' id='word_1_757' title='bbox 1781 1059 1873 1097; x_wconf 83' lang='lat' dir='ltr'>depoS.</span> <span class='ocrx_word' id='word_1_758' title='bbox 1895 1062 1934 1086; x_wconf 83' lang='lat'>16.</span> 
     </span>
     <span class='ocr_line' id='line_1_84' title="bbox 1093 1098 1935 1140; baseline 0.006 -17"><span class='ocrx_word' id='word_1_759' title='bbox 1093 1099 1117 1123; x_wconf 87' lang='lat'>3.</span> <span class='ocrx_word' id='word_1_760' title='bbox 1138 1114 1168 1118; x_wconf 89' lang='lat'>·-</span> <span class='ocrx_word' id='word_1_761' title='bbox 1189 1098 1220 1130; x_wconf 59' lang='grc' dir='ltr'>ᾖ.</span> <span class='ocrx_word' id='word_1_762' title='bbox 1241 1099 1278 1125; x_wconf 80' lang='lat'>3.</span> <span class='ocrx_word' id='word_1_763' title='bbox 1298 1100 1429 1126; x_wconf 69' lang='lat' dir='ltr'>Exitus.</span> <span class='ocrx_word' id='word_1_764' title='bbox 1467 1100 1510 1127; x_wconf 91' lang='lat' dir='ltr'>III.</span> <span class='ocrx_word' id='word_1_765' title='bbox 1534 1103 1599 1129; x_wconf 77' lang='lat' dir='ltr'>Cn.</span> <span class='ocrx_word' id='word_1_766' title='bbox 1629 1102 1688 1128; x_wconf 79' lang='lat' dir='ltr'>Non</span> <span class='ocrx_word' id='word_1_767' title='bbox 1712 1101 1797 1128; x_wconf 86' lang='lat' dir='ltr'>solum</span> <span class='ocrx_word' id='word_1_768' title='bbox 1820 1104 1847 1129; x_wconf 89' lang='lat' dir='ltr'>in</span> <span class='ocrx_word' id='word_1_769' title='bbox 1866 1103 1935 1140; x_wconf 89' lang='lat' dir='ltr'>prin-</span> 
     </span>
     <span class='ocr_line' id='line_1_85' title="bbox 1071 1140 1935 1181; baseline 0.008 -16"><span class='ocrx_word' id='word_1_770' title='bbox 1071 1149 1072 1158; x_wconf 61' lang='lat'><em>*</em></span> <span class='ocrx_word' id='word_1_771' title='bbox 1093 1141 1162 1177; x_wconf 90' lang='lat' dir='ltr'>cipio</span> <span class='ocrx_word' id='word_1_772' title='bbox 1183 1140 1252 1171; x_wconf 79' lang='lat' dir='ltr'>litis.</span> <span class='ocrx_word' id='word_1_773' title='bbox 1273 1141 1320 1167; x_wconf 81' lang='lat' dir='ltr'>sed</span> <span class='ocrx_word' id='word_1_774' title='bbox 1341 1158 1370 1161; x_wconf 88' lang='lat'>—</span> <span class='ocrx_word' id='word_1_775' title='bbox 1392 1151 1475 1178; x_wconf 86' lang='lat' dir='ltr'>usque</span> <span class='ocrx_word' id='word_1_776' title='bbox 1495 1143 1526 1169; x_wconf 84' lang='lat' dir='ltr'>ad</span> <span class='ocrx_word' id='word_1_777' title='bbox 1546 1145 1632 1181; x_wconf 88' lang='lat' dir='ltr'>ipsum</span> <span class='ocrx_word' id='word_1_778' title='bbox 1652 1146 1803 1177; x_wconf 79' lang='lat' dir='ltr'>terminum,</span> <span class='ocrx_word' id='word_1_779' title='bbox 1827 1150 1853 1172; x_wconf 86' lang='lat' dir='ltr'>et</span> <span class='ocrx_word' id='word_1_780' title='bbox 1872 1145 1935 1171; x_wconf 83' lang='lat' dir='ltr'>deli-</span> 
     </span>
     <span class='ocr_line' id='line_1_86' title="bbox 1071 1184 1933 1225; baseline 0.008 -17"><span class='ocrx_word' id='word_1_781' title='bbox 1071 1186 1072 1194; x_wconf 66' lang='lat'><em>*</em></span> <span class='ocrx_word' id='word_1_782' title='bbox 1094 1184 1191 1209; x_wconf 80' lang='lat' dir='ltr'>nitivae</span> <span class='ocrx_word' id='word_1_783' title='bbox 1210 1184 1355 1209; x_wconf 82' lang='lat' dir='ltr'>sententiae</span> <span class='ocrx_word' id='word_1_784' title='bbox 1369 1185 1557 1213; x_wconf 87' lang='lat' dir='ltr'>recitationem.</span> <span class='ocrx_word' id='word_1_785' title='bbox 1578 1198 1598 1213; x_wconf 84' lang='lat' dir='ltr'>c.</span> <span class='ocrx_word' id='word_1_786' title='bbox 1615 1189 1653 1214; x_wconf 87' lang='lat'>14.</span> <span class='ocrx_word' id='word_1_787' title='bbox 1669 1198 1707 1225; x_wconf 80' lang='lat' dir='ltr'>pr.</span> <span class='ocrx_word' id='word_1_788' title='bbox 1728 1188 1760 1214; x_wconf 77' lang='lat' dir='ltr'>de</span> <span class='ocrx_word' id='word_1_789' title='bbox 1779 1188 1857 1214; x_wconf 84' lang='lat' dir='ltr'>indic.</span> <span class='ocrx_word' id='word_1_790' title='bbox 1871 1191 1895 1214; x_wconf 96' lang='lat'>3.</span> <span class='ocrx_word' id='word_1_791' title='bbox 1912 1190 1933 1213; x_wconf 97' lang='lat' dir='ltr'>l.</span> 
     </span>
     <span class='ocr_line' id='line_1_87' title="bbox 1070 1225 1933 1263; baseline 0.007 -12"><span class='ocrx_word' id='word_1_792' title='bbox 1070 1226 1073 1256; x_wconf 64' lang='grc' dir='ltr'>ἕ</span> <span class='ocrx_word' id='word_1_793' title='bbox 1093 1225 1233 1252; x_wconf 83' lang='lat' dir='ltr'>Terminus</span> <span class='ocrx_word' id='word_1_794' title='bbox 1253 1226 1380 1253; x_wconf 80' lang='lat' dir='ltr'>humanae</span> <span class='ocrx_word' id='word_1_795' title='bbox 1399 1228 1476 1254; x_wconf 58' lang='lat' dir='ltr'>vitae.</span> <span class='ocrx_word' id='word_1_796' title='bbox 1498 1239 1518 1254; x_wconf 89' lang='lat' dir='ltr'>c.</span> <span class='ocrx_word' id='word_1_797' title='bbox 1533 1231 1573 1255; x_wconf 70' lang='lat'>23.</span> <span class='ocrx_word' id='word_1_798' title='bbox 1595 1230 1654 1263; x_wconf 90' lang='lat'>5.1.</span> <span class='ocrx_word' id='word_1_799' title='bbox 1675 1231 1707 1257; x_wconf 87' lang='lat' dir='ltr'>de</span> <span class='ocrx_word' id='word_1_800' title='bbox 1721 1230 1768 1258; x_wconf 87' lang='lat' dir='ltr'>SS.</span> <span class='ocrx_word' id='word_1_801' title='bbox 1790 1231 1852 1257; x_wconf 80' lang='lat' dir='ltr'>eccl.</span> <span class='ocrx_word' id='word_1_802' title='bbox 1875 1233 1895 1257; x_wconf 98' lang='lat' dir='ltr'>l.</span> <span class='ocrx_word' id='word_1_803' title='bbox 1910 1234 1933 1256; x_wconf 68' lang='lat'>2.</span> 
     </span>
     <span class='ocr_line' id='line_1_88' title="bbox 1094 1268 1935 1307; baseline 0.005 -13"><span class='ocrx_word' id='word_1_804' title='bbox 1094 1268 1188 1295; x_wconf 90' lang='lat' dir='ltr'>Omnia</span> <span class='ocrx_word' id='word_1_805' title='bbox 1209 1285 1238 1289; x_wconf 90' lang='grc'>--</span> <span class='ocrx_word' id='word_1_806' title='bbox 1260 1269 1291 1295; x_wconf 85' lang='lat' dir='ltr'>ad</span> <span class='ocrx_word' id='word_1_807' title='bbox 1311 1279 1468 1307; x_wconf 86' lang='lat' dir='ltr'>prosperum</span> <span class='ocrx_word' id='word_1_808' title='bbox 1487 1270 1604 1298; x_wconf 86' lang='lat' dir='ltr'>tulerunt</span> <span class='ocrx_word' id='word_1_809' title='bbox 1623 1274 1768 1300; x_wconf 81' lang='lat' dir='ltr'>terminum.</span> <span class='ocrx_word' id='word_1_810' title='bbox 1789 1273 1882 1300; x_wconf 88' lang='lat' dir='ltr'>Const.</span> <span class='ocrx_word' id='word_1_811' title='bbox 1903 1273 1935 1299; x_wconf 75' lang='lat' dir='ltr'>de</span> 
     </span>
     <span class='ocr_line' id='line_1_89' title="bbox 1069 1310 1464 1347; baseline 0.008 -10"><span class='ocrx_word' id='word_1_812' title='bbox 1069 1310 1071 1338; x_wconf 69' lang='lat' dir='ltr'>l</span> <span class='ocrx_word' id='word_1_813' title='bbox 1092 1310 1154 1337; x_wconf 83' lang='lat' dir='ltr'>lust.</span> <span class='ocrx_word' id='word_1_814' title='bbox 1175 1311 1241 1338; x_wconf 88' lang='lat' dir='ltr'>Cod.</span> <span class='ocrx_word' id='word_1_815' title='bbox 1262 1312 1379 1339; x_wconf 65' lang='lat' dir='ltr'>confirm.</span> <span class='ocrx_word' id='word_1_816' title='bbox 1400 1313 1421 1347; x_wconf 80' lang='lat'>5</span> <span class='ocrx_word' id='word_1_817' title='bbox 1441 1316 1464 1340; x_wconf 83' lang='grc'>2.</span> 
     </span>
    </p>

    <p class='ocr_par' dir='ltr' id='par_1_34' title="bbox 1064 1354 1935 2208">
     <span class='ocr_line' id='line_1_90' title="bbox 1127 1354 1935 1392; baseline 0.006 -12"><span class='ocrx_word' id='word_1_818' title='bbox 1127 1354 1256 1381; x_wconf 80' lang='lat' dir='ltr'>Terni.</span> <span class='ocrx_word' id='word_1_819' title='bbox 1283 1354 1422 1389; x_wconf 83' lang='lat' dir='ltr'>(Adiect.)</span> <span class='ocrx_word' id='word_1_820' title='bbox 1451 1358 1537 1384; x_wconf 82' lang='lat' dir='ltr'>Tres.</span> <span class='ocrx_word' id='word_1_821' title='bbox 1575 1357 1593 1384; x_wconf 90' lang='grc' dir='ltr'>Ι.</span> <span class='ocrx_word' id='word_1_822' title='bbox 1614 1359 1676 1392; x_wconf 73' lang='lat' dir='ltr'>Sy·</span> <span class='ocrx_word' id='word_1_823' title='bbox 1696 1358 1760 1388; x_wconf 78' lang='lat' dir='ltr'>Ter.</span> <span class='ocrx_word' id='word_1_824' title='bbox 1781 1359 1875 1385; x_wconf 87' lang='lat' dir='ltr'>Ternis</span> <span class='ocrx_word' id='word_1_825' title='bbox 1896 1359 1935 1385; x_wconf 86' lang='lat' dir='ltr'>lit-</span> 
     </span>
     <span class='ocr_line' id='line_1_91' title="bbox 1091 1398 1933 1438; baseline 0.007 -16"><span class='ocrx_word' id='word_1_826' title='bbox 1091 1398 1156 1423; x_wconf 85' lang='lat' dir='ltr'>teris</span> <span class='ocrx_word' id='word_1_827' title='bbox 1181 1398 1293 1430; x_wconf 84' lang='lat' dir='ltr'>(citatus</span> <span class='ocrx_word' id='word_1_828' title='bbox 1318 1399 1384 1431; x_wconf 85' lang='lat' dir='ltr'>etc.)</span> <span class='ocrx_word' id='word_1_829' title='bbox 1422 1398 1488 1426; x_wconf 90' lang='lat' dir='ltr'>Tres</span> <span class='ocrx_word' id='word_1_830' title='bbox 1517 1400 1776 1433; x_wconf 75' lang='lat' dir='ltr'>(denunciationcs.)</span> <span class='ocrx_word' id='word_1_831' title='bbox 1805 1412 1825 1428; x_wconf 94' lang='lat' dir='ltr'>c.</span> <span class='ocrx_word' id='word_1_832' title='bbox 1846 1405 1869 1428; x_wconf 73' lang='grc' dir='ltr'>ὅ.</span> <span class='ocrx_word' id='word_1_833' title='bbox 1894 1412 1933 1438; x_wconf 81' lang='lat' dir='ltr'>sq.</span> 
     </span>
     <span class='ocr_line' id='line_1_92' title="bbox 1091 1439 1935 1476; baseline 0.006 -11"><span class='ocrx_word' id='word_1_834' title='bbox 1091 1439 1186 1474; x_wconf 80' lang='lat' dir='ltr'>Qnom.</span> <span class='ocrx_word' id='word_1_835' title='bbox 1212 1444 1237 1466; x_wconf 85' lang='lat' dir='ltr'>et</span> <span class='ocrx_word' id='word_1_836' title='bbox 1257 1450 1299 1476; x_wconf 90' lang='lat' dir='ltr'>qu.</span> <span class='ocrx_word' id='word_1_837' title='bbox 1321 1441 1373 1467; x_wconf 86' lang='lat' dir='ltr'>iud.</span> <span class='ocrx_word' id='word_1_838' title='bbox 1395 1443 1417 1468; x_wconf 92' lang='lat'>7.</span> <span class='ocrx_word' id='word_1_839' title='bbox 1436 1443 1478 1468; x_wconf 78' lang='lat'>43.</span> <span class='ocrx_word' id='word_1_840' title='bbox 1514 1442 1557 1469; x_wconf 92' lang='grc'>111.</span> <span class='ocrx_word' id='word_1_841' title='bbox 1578 1445 1644 1471; x_wconf 71' lang='lat' dir='ltr'>Gn.</span> <span class='ocrx_word' id='word_1_842' title='bbox 1670 1443 1766 1470; x_wconf 86' lang='lat' dir='ltr'>Ternis</span> <span class='ocrx_word' id='word_1_843' title='bbox 1790 1445 1935 1471; x_wconf 82' lang='lat' dir='ltr'>interiectis</span> 
     </span>
     <span class='ocr_line' id='line_1_93' title="bbox 1068 1482 1916 1520; baseline 0.008 -13"><span class='ocrx_word' id='word_1_844' title='bbox 1068 1490 1069 1510; x_wconf 67' lang='lat'>1</span> <span class='ocrx_word' id='word_1_845' title='bbox 1091 1482 1234 1508; x_wconf 82' lang='lat' dir='ltr'>mensibus.</span> <span class='ocrx_word' id='word_1_846' title='bbox 1255 1482 1304 1509; x_wconf 90' lang='lat' dir='ltr'>Th.</span> <span class='ocrx_word' id='word_1_847' title='bbox 1319 1483 1349 1510; x_wconf 90' lang='lat' dir='ltr'>C.</span> <span class='ocrx_word' id='word_1_848' title='bbox 1370 1484 1413 1510; x_wconf 92' lang='lat' dir='ltr'>IV.</span> <span class='ocrx_word' id='word_1_849' title='bbox 1435 1486 1475 1511; x_wconf 71' lang='lat'>19.</span> <span class='ocrx_word' id='word_1_850' title='bbox 1496 1495 1516 1511; x_wconf 92' lang='lat' dir='ltr'>c.</span> <span class='ocrx_word' id='word_1_851' title='bbox 1538 1487 1560 1512; x_wconf 95' lang='lat' dir='ltr'>l.</span> <span class='ocrx_word' id='word_1_852' title='bbox 1580 1487 1602 1520; x_wconf 80' lang='lat'>5.</span> <span class='ocrx_word' id='word_1_853' title='bbox 1623 1489 1645 1512; x_wconf 95' lang='lat'>1.</span> <span class='ocrx_word' id='word_1_854' title='bbox 1666 1487 1698 1513; x_wconf 84' lang='lat' dir='ltr'>de</span> <span class='ocrx_word' id='word_1_855' title='bbox 1717 1497 1788 1513; x_wconf 88' lang='lat' dir='ltr'>usur.</span> <span class='ocrx_word' id='word_1_856' title='bbox 1809 1489 1845 1514; x_wconf 86' lang='lat' dir='ltr'>rei</span> <span class='ocrx_word' id='word_1_857' title='bbox 1865 1487 1916 1514; x_wconf 87' lang='lat' dir='ltr'>iud.</span> 
     </span>
     <span class='ocr_line' id='line_1_94' title="bbox 1067 1526 1933 1565; baseline 0.008 -15"><span class='ocrx_word' id='word_1_858' title='bbox 1067 1531 1069 1549; x_wconf 90' lang='grc'>1</span> <span class='ocrx_word' id='word_1_859' title='bbox 1128 1526 1262 1552; x_wconf 75' lang='lat' dir='ltr'>Terra.</span> <span class='ocrx_word' id='word_1_860' title='bbox 1287 1527 1318 1559; x_wconf 83' lang='lat'>§.</span> <span class='ocrx_word' id='word_1_861' title='bbox 1333 1528 1368 1553; x_wconf 90' lang='grc'>1.</span> <span class='ocrx_word' id='word_1_862' title='bbox 1390 1529 1542 1555; x_wconf 71' lang='lat' dir='ltr'>Mixtura</span> <span class='ocrx_word' id='word_1_863' title='bbox 1562 1539 1693 1561; x_wconf 83' lang='lat' dir='ltr'>arenae,</span> <span class='ocrx_word' id='word_1_864' title='bbox 1714 1532 1861 1565; x_wconf 82' lang='lat' dir='ltr'>argillae</span> <span class='ocrx_word' id='word_1_865' title='bbox 1879 1537 1933 1557; x_wconf 83' lang='lat' dir='ltr'>etc.</span> 
     </span>
     <span class='ocr_line' id='line_1_95' title="bbox 1067 1562 1933 1604; baseline 0.008 -11"><span class='ocrx_word' id='word_1_866' title='bbox 1067 1562 1069 1564; x_wconf 43' lang='lat'>.</span> <span class='ocrx_word' id='word_1_867' title='bbox 1091 1569 1183 1601; x_wconf 84' lang='lat' dir='ltr'>(variis</span> <span class='ocrx_word' id='word_1_868' title='bbox 1198 1578 1261 1594; x_wconf 91' lang='lat' dir='ltr'>usus</span> <span class='ocrx_word' id='word_1_869' title='bbox 1276 1570 1416 1604; x_wconf 73' lang='lat' dir='ltr'>generibus</span> <span class='ocrx_word' id='word_1_870' title='bbox 1436 1570 1551 1603; x_wconf 87' lang='lat' dir='ltr'>idonea.)</span> <span class='ocrx_word' id='word_1_871' title='bbox 1589 1571 1631 1598; x_wconf 93' lang='lat' dir='ltr'>III.</span> <span class='ocrx_word' id='word_1_872' title='bbox 1649 1573 1715 1600; x_wconf 69' lang='lat'>(721.</span> <span class='ocrx_word' id='word_1_873' title='bbox 1735 1573 1855 1599; x_wconf 84' lang='lat' dir='ltr'>Acervus</span> <span class='ocrx_word' id='word_1_874' title='bbox 1875 1573 1933 1599; x_wconf 91' lang='lat' dir='ltr'>solo</span> 
     </span>
     <span class='ocr_line' id='line_1_96' title="bbox 1090 1610 1934 1651; baseline 0.008 -16"><span class='ocrx_word' id='word_1_875' title='bbox 1090 1620 1143 1636; x_wconf 90' lang='lat' dir='ltr'>non</span> <span class='ocrx_word' id='word_1_876' title='bbox 1163 1610 1299 1642; x_wconf 77' lang='lat' dir='ltr'>cohaeret,</span> <span class='ocrx_word' id='word_1_877' title='bbox 1325 1612 1372 1638; x_wconf 87' lang='lat' dir='ltr'>sed</span> <span class='ocrx_word' id='word_1_878' title='bbox 1392 1617 1460 1639; x_wconf 83' lang='lat' dir='ltr'>terra</span> <span class='ocrx_word' id='word_1_879' title='bbox 1480 1615 1631 1641; x_wconf 83' lang='lat' dir='ltr'>sustinetur.</span> <span class='ocrx_word' id='word_1_880' title='bbox 1659 1615 1688 1641; x_wconf 88' lang='lat' dir='ltr'>fr.</span> <span class='ocrx_word' id='word_1_881' title='bbox 1712 1618 1750 1642; x_wconf 86' lang='grc'>10.</span> <span class='ocrx_word' id='word_1_882' title='bbox 1775 1616 1825 1651; x_wconf 65' lang='lat' dir='ltr'>Qu.</span> <span class='ocrx_word' id='word_1_883' title='bbox 1846 1617 1871 1642; x_wconf 92' lang='lat' dir='ltr'>vi</span> <span class='ocrx_word' id='word_1_884' title='bbox 1891 1621 1934 1642; x_wconf 88' lang='lat' dir='ltr'>aut</span> 
     </span>
     <span class='ocr_line' id='line_1_97' title="bbox 1091 1653 1934 1695; baseline 0.009 -17"><span class='ocrx_word' id='word_1_885' title='bbox 1091 1653 1122 1679; x_wconf 89' lang='lat' dir='ltr'>cl.</span> <span class='ocrx_word' id='word_1_886' title='bbox 1142 1654 1183 1679; x_wconf 83' lang='lat'>43.</span> <span class='ocrx_word' id='word_1_887' title='bbox 1203 1655 1244 1680; x_wconf 82' lang='lat'>24.</span> <span class='ocrx_word' id='word_1_888' title='bbox 1283 1654 1311 1680; x_wconf 91' lang='lat' dir='ltr'>Si</span> <span class='ocrx_word' id='word_1_889' title='bbox 1336 1655 1518 1692; x_wconf 85' lang='lat' dir='ltr'>sulphurariae</span> <span class='ocrx_word' id='word_1_890' title='bbox 1542 1662 1604 1684; x_wconf 88' lang='lat' dir='ltr'>sunt</span> <span class='ocrx_word' id='word_1_891' title='bbox 1623 1659 1649 1684; x_wconf 90' lang='lat' dir='ltr'>in</span> <span class='ocrx_word' id='word_1_892' title='bbox 1669 1668 1745 1695; x_wconf 77' lang='lat' dir='ltr'>agro,</span> <span class='ocrx_word' id='word_1_893' title='bbox 1765 1664 1790 1685; x_wconf 88' lang='lat' dir='ltr'>et</span> <span class='ocrx_word' id='word_1_894' title='bbox 1810 1659 1870 1685; x_wconf 92' lang='lat' dir='ltr'>inde</span> <span class='ocrx_word' id='word_1_895' title='bbox 1889 1659 1934 1685; x_wconf 88' lang='lat' dir='ltr'>ali-</span> 
     </span>
     <span class='ocr_line' id='line_1_98' title="bbox 1091 1697 1933 1734; baseline 0.008 -13"><span class='ocrx_word' id='word_1_896' title='bbox 1091 1697 1150 1732; x_wconf 87' lang='lat' dir='ltr'>quis</span> <span class='ocrx_word' id='word_1_897' title='bbox 1169 1701 1264 1722; x_wconf 86' lang='lat' dir='ltr'>terram</span> <span class='ocrx_word' id='word_1_898' title='bbox 1284 1699 1434 1733; x_wconf 81' lang='lat' dir='ltr'>egessisset.</span> <span class='ocrx_word' id='word_1_899' title='bbox 1454 1699 1485 1725; x_wconf 83' lang='lat' dir='ltr'>fr.</span> <span class='ocrx_word' id='word_1_900' title='bbox 1505 1701 1545 1725; x_wconf 75' lang='lat'>52.</span> <span class='ocrx_word' id='word_1_901' title='bbox 1566 1700 1587 1734; x_wconf 80' lang='lat'>5.</span> <span class='ocrx_word' id='word_1_902' title='bbox 1607 1704 1630 1727; x_wconf 70' lang='lat'>8.</span> <span class='ocrx_word' id='word_1_903' title='bbox 1651 1701 1684 1727; x_wconf 76' lang='lat' dir='ltr'>de</span> <span class='ocrx_word' id='word_1_904' title='bbox 1702 1701 1762 1728; x_wconf 86' lang='lat' dir='ltr'>furt.</span> <span class='ocrx_word' id='word_1_905' title='bbox 1777 1703 1818 1728; x_wconf 90' lang='lat'>47.</span> <span class='ocrx_word' id='word_1_906' title='bbox 1837 1705 1860 1728; x_wconf 84' lang='lat'>2.</span> <span class='ocrx_word' id='word_1_907' title='bbox 1890 1702 1933 1728; x_wconf 90' lang='lat' dir='ltr'>Ius</span> 
     </span>
     <span class='ocr_line' id='line_1_99' title="bbox 1091 1740 1932 1778; baseline 0.008 -14"><span class='ocrx_word' id='word_1_908' title='bbox 1091 1740 1114 1765; x_wconf 86' lang='lat' dir='ltr'>ei</span> <span class='ocrx_word' id='word_1_909' title='bbox 1134 1749 1201 1770; x_wconf 79' lang='lat' dir='ltr'>esse.</span> <span class='ocrx_word' id='word_1_910' title='bbox 1222 1744 1326 1771; x_wconf 78' lang='lat' dir='ltr'>terram.</span> <span class='ocrx_word' id='word_1_911' title='bbox 1347 1741 1441 1772; x_wconf 85' lang='lat' dir='ltr'>rudus.</span> <span class='ocrx_word' id='word_1_912' title='bbox 1462 1751 1524 1768; x_wconf 76' lang='lat' dir='ltr'>saxa</span> <span class='ocrx_word' id='word_1_913' title='bbox 1544 1743 1628 1769; x_wconf 85' lang='lat' dir='ltr'>iacere</span> <span class='ocrx_word' id='word_1_914' title='bbox 1647 1748 1695 1769; x_wconf 86' lang='lat' dir='ltr'>etc.</span> <span class='ocrx_word' id='word_1_915' title='bbox 1722 1744 1751 1771; x_wconf 85' lang='lat' dir='ltr'>fr.</span> <span class='ocrx_word' id='word_1_916' title='bbox 1771 1746 1795 1771; x_wconf 87' lang='grc'>3.</span> <span class='ocrx_word' id='word_1_917' title='bbox 1815 1745 1836 1778; x_wconf 85' lang='lat'>5.</span> <span class='ocrx_word' id='word_1_918' title='bbox 1856 1747 1879 1771; x_wconf 78' lang='lat'>2.</span> <span class='ocrx_word' id='word_1_919' title='bbox 1900 1744 1932 1771; x_wconf 80' lang='lat' dir='ltr'>de</span> 
     </span>
     <span class='ocr_line' id='line_1_100' title="bbox 1090 1781 1931 1822; baseline 0.008 -15"><span class='ocrx_word' id='word_1_920' title='bbox 1090 1781 1118 1808; x_wconf 91' lang='lat' dir='ltr'>S.</span> <span class='ocrx_word' id='word_1_921' title='bbox 1138 1781 1165 1808; x_wconf 89' lang='lat' dir='ltr'>P.</span> <span class='ocrx_word' id='word_1_922' title='bbox 1185 1782 1216 1808; x_wconf 81' lang='lat' dir='ltr'>R.</span> <span class='ocrx_word' id='word_1_923' title='bbox 1236 1785 1260 1808; x_wconf 67' lang='grc' dir='ltr'>ὅ.</span> <span class='ocrx_word' id='word_1_924' title='bbox 1279 1784 1303 1809; x_wconf 83' lang='lat'>3.</span> <span class='ocrx_word' id='word_1_925' title='bbox 1323 1783 1354 1810; x_wconf 87' lang='lat' dir='ltr'>fr.</span> <span class='ocrx_word' id='word_1_926' title='bbox 1370 1786 1409 1810; x_wconf 93' lang='lat'>11.</span> <span class='ocrx_word' id='word_1_927' title='bbox 1429 1785 1453 1818; x_wconf 88' lang='lat'>5.</span> <span class='ocrx_word' id='word_1_928' title='bbox 1470 1786 1490 1811; x_wconf 92' lang='lat'>1.</span> <span class='ocrx_word' id='word_1_929' title='bbox 1511 1795 1603 1811; x_wconf 87' lang='lat' dir='ltr'>comm.</span> <span class='ocrx_word' id='word_1_930' title='bbox 1623 1786 1711 1822; x_wconf 82' lang='lat' dir='ltr'>praed.</span> <span class='ocrx_word' id='word_1_931' title='bbox 1727 1790 1750 1813; x_wconf 70' lang='lat'>8.</span> <span class='ocrx_word' id='word_1_932' title='bbox 1765 1789 1786 1813; x_wconf 77' lang='lat'>4.</span> <span class='ocrx_word' id='word_1_933' title='bbox 1800 1804 1831 1807; x_wconf 86' lang='lat'>——</span> <span class='ocrx_word' id='word_1_934' title='bbox 1852 1788 1882 1821; x_wconf 67' lang='grc' dir='ltr'>ξ.</span> <span class='ocrx_word' id='word_1_935' title='bbox 1895 1789 1931 1814; x_wconf 69' lang='lat'>2.</span> 
     </span>
     <span class='ocr_line' id='line_1_101' title="bbox 1067 1826 1931 1863; baseline 0.009 -14"><span class='ocrx_word' id='word_1_936' title='bbox 1067 1845 1068 1849; x_wconf 69' lang='grc'>,</span> <span class='ocrx_word' id='word_1_937' title='bbox 1092 1827 1199 1851; x_wconf 78' lang='lat' dir='ltr'>Solum</span> <span class='ocrx_word' id='word_1_938' title='bbox 1219 1827 1331 1859; x_wconf 72' lang='lat' dir='ltr'>ipsum.</span> <span class='ocrx_word' id='word_1_939' title='bbox 1360 1826 1451 1862; x_wconf 73' lang='lat' dir='ltr'>LSy.</span> <span class='ocrx_word' id='word_1_940' title='bbox 1472 1827 1572 1854; x_wconf 86' lang='lat' dir='ltr'>Solum.</span> <span class='ocrx_word' id='word_1_941' title='bbox 1592 1828 1673 1855; x_wconf 68' lang='grc'>(3111..</span> <span class='ocrx_word' id='word_1_942' title='bbox 1688 1839 1710 1855; x_wconf 95' lang='lat' dir='ltr'>v.</span> <span class='ocrx_word' id='word_1_943' title='bbox 1731 1830 1752 1863; x_wconf 63' lang='grc' dir='ltr'>ξ.</span> <span class='ocrx_word' id='word_1_944' title='bbox 1767 1832 1787 1856; x_wconf 93' lang='grc'>1.</span> <span class='ocrx_word' id='word_1_945' title='bbox 1807 1830 1851 1857; x_wconf 84' lang='lat' dir='ltr'>III.</span> <span class='ocrx_word' id='word_1_946' title='bbox 1866 1832 1931 1858; x_wconf 76' lang='lat' dir='ltr'>Gn.</span> 
     </span>
     <span class='ocr_line' id='line_1_102' title="bbox 1090 1866 1930 1910; baseline 0.01 -18"><span class='ocrx_word' id='word_1_947' title='bbox 1090 1866 1119 1893; x_wconf 92' lang='lat' dir='ltr'>Si</span> <span class='ocrx_word' id='word_1_948' title='bbox 1138 1867 1270 1894; x_wconf 86' lang='lat' dir='ltr'>radicibus</span> <span class='ocrx_word' id='word_1_949' title='bbox 1290 1873 1385 1895; x_wconf 83' lang='lat' dir='ltr'>terram</span> <span class='ocrx_word' id='word_1_950' title='bbox 1406 1870 1542 1907; x_wconf 81' lang='lat' dir='ltr'>complexa</span> <span class='ocrx_word' id='word_1_951' title='bbox 1562 1871 1641 1897; x_wconf 85' lang='lat' dir='ltr'>fuerit</span> <span class='ocrx_word' id='word_1_952' title='bbox 1659 1873 1715 1905; x_wconf 88' lang='lat' dir='ltr'>(sc.</span> <span class='ocrx_word' id='word_1_953' title='bbox 1737 1872 1852 1910; x_wconf 85' lang='lat' dir='ltr'>planta.)</span> <span class='ocrx_word' id='word_1_954' title='bbox 1873 1873 1930 1900; x_wconf 83' lang='lat' dir='ltr'>Gai.</span> 
     </span>
     <span class='ocr_line' id='line_1_103' title="bbox 1089 1910 1931 1950; baseline 0.01 -14"><span class='ocrx_word' id='word_1_955' title='bbox 1089 1910 1119 1937; x_wconf 91' lang='lat'>11.</span> <span class='ocrx_word' id='word_1_956' title='bbox 1140 1912 1180 1936; x_wconf 88' lang='lat'>74.</span> <span class='ocrx_word' id='word_1_957' title='bbox 1219 1911 1315 1948; x_wconf 83' lang='lat' dir='ltr'>Coepti</span> <span class='ocrx_word' id='word_1_958' title='bbox 1340 1913 1374 1938; x_wconf 84' lang='lat' dir='ltr'>ita</span> <span class='ocrx_word' id='word_1_959' title='bbox 1399 1914 1512 1950; x_wconf 82' lang='lat' dir='ltr'>percipi.</span> <span class='ocrx_word' id='word_1_960' title='bbox 1538 1919 1566 1940; x_wconf 89' lang='lat' dir='ltr'>ut</span> <span class='ocrx_word' id='word_1_961' title='bbox 1590 1919 1658 1941; x_wconf 85' lang='lat' dir='ltr'>terra</span> <span class='ocrx_word' id='word_1_962' title='bbox 1679 1917 1813 1943; x_wconf 85' lang='lat' dir='ltr'>continere</span> <span class='ocrx_word' id='word_1_963' title='bbox 1833 1927 1861 1943; x_wconf 88' lang='lat' dir='ltr'>se</span> <span class='ocrx_word' id='word_1_964' title='bbox 1880 1917 1931 1943; x_wconf 86' lang='lat' dir='ltr'>sru-</span> 
     </span>
     <span class='ocr_line' id='line_1_104' title="bbox 1090 1953 1931 1986; baseline 0.008 -7"><span class='ocrx_word' id='word_1_965' title='bbox 1090 1958 1147 1979; x_wconf 89' lang='lat' dir='ltr'>ctus</span> <span class='ocrx_word' id='word_1_966' title='bbox 1175 1953 1310 1981; x_wconf 82' lang='lat' dir='ltr'>desierint.</span> <span class='ocrx_word' id='word_1_967' title='bbox 1340 1955 1370 1981; x_wconf 82' lang='lat' dir='ltr'>fr.</span> <span class='ocrx_word' id='word_1_968' title='bbox 1392 1957 1431 1981; x_wconf 65' lang='lat'>75.</span> <span class='ocrx_word' id='word_1_969' title='bbox 1457 1955 1489 1982; x_wconf 86' lang='lat' dir='ltr'>de</span> <span class='ocrx_word' id='word_1_970' title='bbox 1512 1956 1543 1982; x_wconf 84' lang='lat' dir='ltr'>R.</span> <span class='ocrx_word' id='word_1_971' title='bbox 1564 1956 1595 1983; x_wconf 88' lang='lat' dir='ltr'>V.</span> <span class='ocrx_word' id='word_1_972' title='bbox 1615 1959 1639 1984; x_wconf 88' lang='lat'>6.</span> <span class='ocrx_word' id='word_1_973' title='bbox 1662 1959 1683 1984; x_wconf 85' lang='lat'>1.</span> <span class='ocrx_word' id='word_1_974' title='bbox 1709 1958 1740 1985; x_wconf 86' lang='lat' dir='ltr'>cf.</span> <span class='ocrx_word' id='word_1_975' title='bbox 1766 1959 1795 1986; x_wconf 87' lang='lat' dir='ltr'>fr.</span> <span class='ocrx_word' id='word_1_976' title='bbox 1815 1961 1874 1986; x_wconf 88' lang='lat'>241.</span> <span class='ocrx_word' id='word_1_977' title='bbox 1899 1959 1931 1986; x_wconf 87' lang='lat' dir='ltr'>de</span> 
     </span>
     <span class='ocr_line' id='line_1_105' title="bbox 1066 1991 1930 2038; baseline 0.009 -17"><span class='ocrx_word' id='word_1_978' title='bbox 1066 1991 1067 2012; x_wconf 55' lang='lat' dir='ltr'>l</span> <span class='ocrx_word' id='word_1_979' title='bbox 1089 1995 1121 2022; x_wconf 84' lang='lat' dir='ltr'>V.</span> <span class='ocrx_word' id='word_1_980' title='bbox 1142 1996 1169 2022; x_wconf 94' lang='lat' dir='ltr'>S.</span> <span class='ocrx_word' id='word_1_981' title='bbox 1194 1997 1235 2022; x_wconf 84' lang='lat'>50.</span> <span class='ocrx_word' id='word_1_982' title='bbox 1257 1999 1295 2024; x_wconf 82' lang='lat'>16.</span> <span class='ocrx_word' id='word_1_983' title='bbox 1339 1999 1414 2034; x_wconf 77' lang='lat' dir='ltr'>Quae</span> <span class='ocrx_word' id='word_1_984' title='bbox 1438 2003 1507 2025; x_wconf 86' lang='lat' dir='ltr'>terra</span> <span class='ocrx_word' id='word_1_985' title='bbox 1532 2001 1712 2031; x_wconf 83' lang='lat' dir='ltr'>continentur,</span> <span class='ocrx_word' id='word_1_986' title='bbox 1737 2004 1854 2038; x_wconf 81' lang='lat' dir='ltr'>quamvis</span> <span class='ocrx_word' id='word_1_987' title='bbox 1877 2012 1930 2028; x_wconf 91' lang='lat' dir='ltr'>non</span> 
     </span>
     <span class='ocr_line' id='line_1_106' title="bbox 1066 2036 1930 2079; baseline 0.009 -15"><span class='ocrx_word' id='word_1_988' title='bbox 1066 2036 1067 2045; x_wconf 60' lang='lat'>¹</span> <span class='ocrx_word' id='word_1_989' title='bbox 1089 2040 1142 2065; x_wconf 88' lang='lat' dir='ltr'>sint</span> <span class='ocrx_word' id='word_1_990' title='bbox 1164 2039 1257 2066; x_wconf 80' lang='lat' dir='ltr'>adfixa.</span> <span class='ocrx_word' id='word_1_991' title='bbox 1283 2040 1312 2066; x_wconf 87' lang='lat' dir='ltr'>fr.</span> <span class='ocrx_word' id='word_1_992' title='bbox 1335 2042 1373 2067; x_wconf 91' lang='lat'>17.</span> <span class='ocrx_word' id='word_1_993' title='bbox 1394 2052 1433 2079; x_wconf 87' lang='lat' dir='ltr'>pr.</span> <span class='ocrx_word' id='word_1_994' title='bbox 1459 2043 1481 2076; x_wconf 80' lang='lat'>5.</span> <span class='ocrx_word' id='word_1_995' title='bbox 1501 2043 1525 2069; x_wconf 78' lang='lat'>8.</span> <span class='ocrx_word' id='word_1_996' title='bbox 1550 2043 1582 2069; x_wconf 86' lang='lat' dir='ltr'>de</span> <span class='ocrx_word' id='word_1_997' title='bbox 1601 2044 1631 2070; x_wconf 83' lang='lat' dir='ltr'>A.</span> <span class='ocrx_word' id='word_1_998' title='bbox 1652 2044 1681 2070; x_wconf 89' lang='lat' dir='ltr'>E.</span> <span class='ocrx_word' id='word_1_999' title='bbox 1702 2043 1731 2070; x_wconf 82' lang='lat' dir='ltr'>V.</span> <span class='ocrx_word' id='word_1_1000' title='bbox 1754 2046 1792 2071; x_wconf 90' lang='lat'>19.</span> <span class='ocrx_word' id='word_1_1001' title='bbox 1815 2047 1836 2072; x_wconf 92' lang='lat'>1.</span> <span class='ocrx_word' id='word_1_1002' title='bbox 1874 2044 1930 2072; x_wconf 89' lang='lat' dir='ltr'>Sub</span> 
     </span>
     <span class='ocr_line' id='line_1_107' title="bbox 1065 2064 1929 2125; baseline 0.008 -18"><span class='ocrx_word' id='word_1_1003' title='bbox 1065 2064 1067 2099; x_wconf 75' lang='lat' dir='ltr'>l</span> <span class='ocrx_word' id='word_1_1004' title='bbox 1089 2087 1156 2108; x_wconf 84' lang='lat' dir='ltr'>terra</span> <span class='ocrx_word' id='word_1_1005' title='bbox 1182 2082 1278 2108; x_wconf 82' lang='lat' dir='ltr'>ducere</span> <span class='ocrx_word' id='word_1_1006' title='bbox 1303 2084 1436 2120; x_wconf 81' lang='lat' dir='ltr'>(aquam.)</span> <span class='ocrx_word' id='word_1_1007' title='bbox 1479 2084 1507 2111; x_wconf 90' lang='lat' dir='ltr'>In</span> <span class='ocrx_word' id='word_1_1008' title='bbox 1531 2091 1598 2112; x_wconf 85' lang='lat' dir='ltr'>terra</span> <span class='ocrx_word' id='word_1_1009' title='bbox 1624 2086 1744 2113; x_wconf 80' lang='lat' dir='ltr'>condere.</span> <span class='ocrx_word' id='word_1_1010' title='bbox 1772 2087 1803 2114; x_wconf 90' lang='lat' dir='ltr'>fr.</span> <span class='ocrx_word' id='word_1_1011' title='bbox 1824 2090 1863 2114; x_wconf 92' lang='grc'>11.</span> <span class='ocrx_word' id='word_1_1012' title='bbox 1890 2098 1929 2125; x_wconf 85' lang='lat' dir='ltr'>pr.</span> 
     </span>
     <span class='ocr_line' id='line_1_108' title="bbox 1065 2106 1929 2165; baseline 0.008 -15"><span class='ocrx_word' id='word_1_1013' title='bbox 1065 2106 1067 2160; x_wconf 62' lang='grc'>1</span> <span class='ocrx_word' id='word_1_1014' title='bbox 1089 2135 1179 2152; x_wconf 84' lang='lat' dir='ltr'>comm.</span> <span class='ocrx_word' id='word_1_1015' title='bbox 1200 2125 1288 2162; x_wconf 86' lang='lat' dir='ltr'>praed.</span> <span class='ocrx_word' id='word_1_1016' title='bbox 1308 2128 1332 2152; x_wconf 82' lang='lat' dir='ltr'>S.</span> <span class='ocrx_word' id='word_1_1017' title='bbox 1352 2129 1376 2153; x_wconf 90' lang='lat'>4.</span> <span class='ocrx_word' id='word_1_1018' title='bbox 1396 2127 1425 2154; x_wconf 88' lang='lat' dir='ltr'>fr.</span> <span class='ocrx_word' id='word_1_1019' title='bbox 1439 2129 1480 2154; x_wconf 87' lang='lat'>44.</span> <span class='ocrx_word' id='word_1_1020' title='bbox 1498 2139 1537 2165; x_wconf 86' lang='lat' dir='ltr'>pr.</span> <span class='ocrx_word' id='word_1_1021' title='bbox 1558 2129 1590 2155; x_wconf 89' lang='lat' dir='ltr'>de</span> <span class='ocrx_word' id='word_1_1022' title='bbox 1608 2130 1640 2156; x_wconf 91' lang='lat' dir='ltr'>A.</span> <span class='ocrx_word' id='word_1_1023' title='bbox 1660 2140 1684 2156; x_wconf 91' lang='lat' dir='ltr'>v.</span> <span class='ocrx_word' id='word_1_1024' title='bbox 1704 2131 1735 2156; x_wconf 91' lang='lat' dir='ltr'>A.</span> <span class='ocrx_word' id='word_1_1025' title='bbox 1756 2129 1784 2156; x_wconf 91' lang='lat' dir='ltr'>P.</span> <span class='ocrx_word' id='word_1_1026' title='bbox 1804 2132 1845 2157; x_wconf 89' lang='lat'>41.</span> <span class='ocrx_word' id='word_1_1027' title='bbox 1859 2133 1882 2157; x_wconf 78' lang='lat'>2.</span> <span class='ocrx_word' id='word_1_1028' title='bbox 1897 2147 1929 2150; x_wconf 93' lang='lat'><strong>—</strong></span> 
     </span>
     <span class='ocr_line' id='line_1_109' title="bbox 1064 2164 1927 2208; baseline 0.007 -14"><span class='ocrx_word' id='word_1_1029' title='bbox 1064 2164 1065 2169; x_wconf 39' lang='lat'>¹</span> <span class='ocrx_word' id='word_1_1030' title='bbox 1088 2169 1118 2202; x_wconf 62' lang='grc' dir='ltr'>ξ.</span> <span class='ocrx_word' id='word_1_1031' title='bbox 1135 2170 1172 2196; x_wconf 83' lang='grc'>3.</span> <span class='ocrx_word' id='word_1_1032' title='bbox 1193 2171 1352 2204; x_wconf 70' lang='lat' dir='ltr'>Singulas</span> <span class='ocrx_word' id='word_1_1033' title='bbox 1371 2181 1462 2205; x_wconf 81' lang='lat' dir='ltr'>ager,</span> <span class='ocrx_word' id='word_1_1034' title='bbox 1484 2174 1651 2208; x_wconf 74' lang='lat' dir='ltr'>v.f1cndns.</span> <span class='ocrx_word' id='word_1_1035' title='bbox 1690 2173 1708 2199; x_wconf 94' lang='lat'>1.</span> <span class='ocrx_word' id='word_1_1036' title='bbox 1728 2174 1790 2208; x_wconf 77' lang='lat' dir='ltr'>Sy.</span> <span class='ocrx_word' id='word_1_1037' title='bbox 1810 2173 1927 2200; x_wconf 84' lang='lat' dir='ltr'>Terrula.</span> 
     </span>
    </p>

    <p class='ocr_par' dir='ltr' id='par_1_35' title="bbox 1060 2211 1926 2597">
     <span class='ocr_line' id='line_1_110' title="bbox 1088 2211 1926 2252; baseline 0.006 -14"><span class='ocrx_word' id='word_1_1038' title='bbox 1088 2211 1137 2238; x_wconf 89' lang='lat' dir='ltr'>Th.</span> <span class='ocrx_word' id='word_1_1039' title='bbox 1157 2212 1187 2238; x_wconf 88' lang='lat' dir='ltr'>C.</span> <span class='ocrx_word' id='word_1_1040' title='bbox 1206 2212 1265 2239; x_wconf 81' lang='lat' dir='ltr'>XV.</span> <span class='ocrx_word' id='word_1_1041' title='bbox 1288 2215 1308 2238; x_wconf 95' lang='lat'>1.</span> <span class='ocrx_word' id='word_1_1042' title='bbox 1336 2223 1356 2239; x_wconf 92' lang='lat' dir='ltr'>c.</span> <span class='ocrx_word' id='word_1_1043' title='bbox 1376 2215 1418 2239; x_wconf 84' lang='lat'>51.</span> <span class='ocrx_word' id='word_1_1044' title='bbox 1439 2213 1472 2239; x_wconf 84' lang='lat' dir='ltr'>de</span> <span class='ocrx_word' id='word_1_1045' title='bbox 1491 2224 1551 2252; x_wconf 85' lang='lat' dir='ltr'>opp.</span> <span class='ocrx_word' id='word_1_1046' title='bbox 1572 2215 1633 2251; x_wconf 86' lang='lat' dir='ltr'>pub.</span> <span class='ocrx_word' id='word_1_1047' title='bbox 1672 2215 1788 2242; x_wconf 81' lang='lat' dir='ltr'>Fundus.</span> <span class='ocrx_word' id='word_1_1048' title='bbox 1809 2227 1829 2242; x_wconf 91' lang='lat' dir='ltr'>c.</span> <span class='ocrx_word' id='word_1_1049' title='bbox 1852 2218 1872 2242; x_wconf 91' lang='lat'>7.</span> <span class='ocrx_word' id='word_1_1050' title='bbox 1894 2216 1926 2242; x_wconf 88' lang='lat' dir='ltr'>de</span> 
     </span>
     <span class='ocr_line' id='line_1_111' title="bbox 1063 2242 1926 2294; baseline 0.005 -13"><span class='ocrx_word' id='word_1_1051' title='bbox 1063 2242 1065 2272; x_wconf 69' lang='lat' dir='ltr'>l</span> <span class='ocrx_word' id='word_1_1052' title='bbox 1087 2255 1190 2291; x_wconf 76' lang='lat' dir='ltr'>agricol.</span> <span class='ocrx_word' id='word_1_1053' title='bbox 1208 2257 1246 2282; x_wconf 93' lang='lat'>11.</span> <span class='ocrx_word' id='word_1_1054' title='bbox 1261 2258 1302 2282; x_wconf 88' lang='lat'>47.</span> <span class='ocrx_word' id='word_1_1055' title='bbox 1323 2256 1468 2282; x_wconf 88' lang='lat' dir='ltr'>Praedium.</span> <span class='ocrx_word' id='word_1_1056' title='bbox 1489 2256 1537 2282; x_wconf 91' lang='lat' dir='ltr'>Th.</span> <span class='ocrx_word' id='word_1_1057' title='bbox 1550 2257 1580 2283; x_wconf 81' lang='lat' dir='ltr'>C.</span> <span class='ocrx_word' id='word_1_1058' title='bbox 1595 2257 1625 2283; x_wconf 91' lang='grc'>11.</span> <span class='ocrx_word' id='word_1_1059' title='bbox 1640 2260 1681 2284; x_wconf 85' lang='lat'>31.</span> <span class='ocrx_word' id='word_1_1060' title='bbox 1702 2269 1723 2284; x_wconf 91' lang='lat' dir='ltr'>c.</span> <span class='ocrx_word' id='word_1_1061' title='bbox 1738 2261 1758 2284; x_wconf 94' lang='lat'>1.</span> <span class='ocrx_word' id='word_1_1062' title='bbox 1780 2259 1829 2294; x_wconf 82' lang='lat' dir='ltr'>Qu.</span> <span class='ocrx_word' id='word_1_1063' title='bbox 1844 2261 1926 2286; x_wconf 87' lang='lat' dir='ltr'>iussu.</span> 
     </span>
     <span class='ocr_line' id='line_1_112' title="bbox 1063 2289 1926 2332; baseline 0.006 -9"><span class='ocrx_word' id='word_1_1064' title='bbox 1063 2289 1065 2314; x_wconf 64' lang='grc' dir='ltr'>Ἰ</span> <span class='ocrx_word' id='word_1_1065' title='bbox 1087 2298 1178 2324; x_wconf 80' lang='lat' dir='ltr'>Gleba.</span> <span class='ocrx_word' id='word_1_1066' title='bbox 1199 2298 1240 2324; x_wconf 90' lang='lat' dir='ltr'>Cf.</span> <span class='ocrx_word' id='word_1_1067' title='bbox 1255 2298 1278 2324; x_wconf 89' lang='lat' dir='ltr'>h.</span> <span class='ocrx_word' id='word_1_1068' title='bbox 1293 2308 1316 2324; x_wconf 93' lang='lat' dir='ltr'>v.</span> <span class='ocrx_word' id='word_1_1069' title='bbox 1337 2299 1357 2331; x_wconf 59' lang='grc' dir='ltr'>ξ.</span> <span class='ocrx_word' id='word_1_1070' title='bbox 1372 2301 1395 2324; x_wconf 76' lang='grc'>’2.</span> <span class='ocrx_word' id='word_1_1071' title='bbox 1425 2298 1466 2325; x_wconf 92' lang='grc'>111.</span> <span class='ocrx_word' id='word_1_1072' title='bbox 1483 2301 1548 2327; x_wconf 71' lang='lat' dir='ltr'>Cn.</span> <span class='ocrx_word' id='word_1_1073' title='bbox 1568 2299 1766 2332; x_wconf 70' lang='lat' dir='ltr'>Possessiones.</span> <span class='ocrx_word' id='word_1_1074' title='bbox 1786 2312 1815 2327; x_wconf 81' lang='lat' dir='ltr'>ac</span> <span class='ocrx_word' id='word_1_1075' title='bbox 1835 2307 1926 2329; x_wconf 82' lang='lat' dir='ltr'>terrae.</span> 
     </span>
     <span class='ocr_line' id='line_1_113' title="bbox 1062 2320 1926 2378; baseline 0.005 -11"><span class='ocrx_word' id='word_1_1076' title='bbox 1062 2320 1065 2378; x_wconf 64' lang='lat' dir='ltr'>l</span> <span class='ocrx_word' id='word_1_1077' title='bbox 1085 2341 1122 2367; x_wconf 91' lang='lat' dir='ltr'>lb.</span> <span class='ocrx_word' id='word_1_1078' title='bbox 1143 2341 1175 2367; x_wconf 87' lang='lat' dir='ltr'>X.</span> <span class='ocrx_word' id='word_1_1079' title='bbox 1198 2343 1237 2367; x_wconf 87' lang='grc'>10.</span> <span class='ocrx_word' id='word_1_1080' title='bbox 1263 2351 1283 2367; x_wconf 90' lang='lat' dir='ltr'>c.</span> <span class='ocrx_word' id='word_1_1081' title='bbox 1306 2342 1344 2367; x_wconf 84' lang='lat'>19.</span> <span class='ocrx_word' id='word_1_1082' title='bbox 1365 2340 1398 2367; x_wconf 85' lang='lat' dir='ltr'>de</span> <span class='ocrx_word' id='word_1_1083' title='bbox 1421 2343 1494 2378; x_wconf 87' lang='lat' dir='ltr'>petit.</span> <span class='ocrx_word' id='word_1_1084' title='bbox 1520 2347 1545 2368; x_wconf 85' lang='lat' dir='ltr'>et</span> <span class='ocrx_word' id='word_1_1085' title='bbox 1565 2342 1634 2370; x_wconf 84' lang='lat' dir='ltr'>ultro</span> <span class='ocrx_word' id='word_1_1086' title='bbox 1655 2343 1705 2369; x_wconf 86' lang='lat' dir='ltr'>dat.</span> <span class='ocrx_word' id='word_1_1087' title='bbox 1730 2344 1774 2370; x_wconf 77' lang='lat' dir='ltr'>XI.</span> <span class='ocrx_word' id='word_1_1088' title='bbox 1798 2346 1818 2370; x_wconf 95' lang='lat' dir='ltr'>l.</span> <span class='ocrx_word' id='word_1_1089' title='bbox 1844 2355 1864 2371; x_wconf 91' lang='lat' dir='ltr'>c.</span> <span class='ocrx_word' id='word_1_1090' title='bbox 1885 2347 1926 2371; x_wconf 75' lang='lat'>28.</span> 
     </span>
     <span class='ocr_line' id='line_1_114' title="bbox 1062 2383 1926 2422; baseline 0.005 -12"><span class='ocrx_word' id='word_1_1091' title='bbox 1062 2398 1063 2401; x_wconf 27' lang='grc' dir='ltr'>ι</span> <span class='ocrx_word' id='word_1_1092' title='bbox 1086 2383 1118 2410; x_wconf 86' lang='grc'>(18</span> <span class='ocrx_word' id='word_1_1093' title='bbox 1137 2394 1195 2410; x_wconf 91' lang='lat' dir='ltr'>ann.</span> <span class='ocrx_word' id='word_1_1094' title='bbox 1216 2388 1240 2409; x_wconf 86' lang='lat' dir='ltr'>et</span> <span class='ocrx_word' id='word_1_1095' title='bbox 1260 2384 1349 2409; x_wconf 84' lang='lat' dir='ltr'>tribut.</span> <span class='ocrx_word' id='word_1_1096' title='bbox 1388 2383 1567 2420; x_wconf 67' lang='lat' dir='ltr'>originarius.</span> <span class='ocrx_word' id='word_1_1097' title='bbox 1592 2386 1692 2422; x_wconf 80' lang='lat' dir='ltr'>absque</span> <span class='ocrx_word' id='word_1_1098' title='bbox 1711 2391 1787 2412; x_wconf 81' lang='lat' dir='ltr'>terra.</span> <span class='ocrx_word' id='word_1_1099' title='bbox 1808 2398 1828 2413; x_wconf 85' lang='lat' dir='ltr'>c.</span> <span class='ocrx_word' id='word_1_1100' title='bbox 1851 2389 1873 2414; x_wconf 85' lang='lat'>7.</span> <span class='ocrx_word' id='word_1_1101' title='bbox 1894 2388 1926 2414; x_wconf 79' lang='lat' dir='ltr'>de</span> 
     </span>
     <span class='ocr_line' id='line_1_115' title="bbox 1085 2426 1924 2464; baseline 0.005 -11"><span class='ocrx_word' id='word_1_1102' title='bbox 1085 2428 1163 2463; x_wconf 78' lang='lat' dir='ltr'>agric.</span> <span class='ocrx_word' id='word_1_1103' title='bbox 1179 2428 1217 2452; x_wconf 91' lang='grc'>11.</span> <span class='ocrx_word' id='word_1_1104' title='bbox 1232 2428 1272 2452; x_wconf 78' lang='lat'>47.</span> <span class='ocrx_word' id='word_1_1105' title='bbox 1300 2426 1409 2452; x_wconf 70' lang='lat' dir='ltr'>Novalis</span> <span class='ocrx_word' id='word_1_1106' title='bbox 1429 2432 1505 2454; x_wconf 72' lang='lat' dir='ltr'>terra.</span> <span class='ocrx_word' id='word_1_1107' title='bbox 1531 2428 1632 2464; x_wconf 73' lang='lat' dir='ltr'>Integra</span> <span class='ocrx_word' id='word_1_1108' title='bbox 1652 2434 1726 2455; x_wconf 83' lang='lat' dir='ltr'>terra.</span> <span class='ocrx_word' id='word_1_1109' title='bbox 1748 2429 1776 2455; x_wconf 89' lang='lat' dir='ltr'>fr.</span> <span class='ocrx_word' id='word_1_1110' title='bbox 1791 2431 1832 2456; x_wconf 79' lang='lat'>30.</span> <span class='ocrx_word' id='word_1_1111' title='bbox 1853 2431 1924 2464; x_wconf 65' lang='lat'>552.</span> 
     </span>
     <span class='ocr_line' id='line_1_116' title="bbox 1061 2466 1923 2509; baseline 0.006 -14"><span class='ocrx_word' id='word_1_1112' title='bbox 1061 2466 1062 2506; x_wconf 48' lang='grc'>1</span> <span class='ocrx_word' id='word_1_1113' title='bbox 1085 2480 1123 2506; x_wconf 84' lang='lat' dir='ltr'>sq.</span> <span class='ocrx_word' id='word_1_1114' title='bbox 1144 2469 1176 2495; x_wconf 83' lang='lat' dir='ltr'>de</span> <span class='ocrx_word' id='word_1_1115' title='bbox 1196 2468 1227 2494; x_wconf 63' lang='lat' dir='ltr'>Y.</span> <span class='ocrx_word' id='word_1_1116' title='bbox 1242 2470 1270 2495; x_wconf 85' lang='lat' dir='ltr'>S.</span> <span class='ocrx_word' id='word_1_1117' title='bbox 1291 2471 1433 2495; x_wconf 80' lang='lat'>50.16.—-</span> <span class='ocrx_word' id='word_1_1118' title='bbox 1454 2471 1484 2504; x_wconf 61' lang='grc' dir='ltr'>ἕ.</span> <span class='ocrx_word' id='word_1_1119' title='bbox 1500 2473 1538 2498; x_wconf 59' lang='lat'>4.</span> <span class='ocrx_word' id='word_1_1120' title='bbox 1562 2473 1794 2504; x_wconf 71' lang='lat' dir='ltr'>Territoriam,</span> <span class='ocrx_word' id='word_1_1121' title='bbox 1814 2475 1923 2509; x_wconf 79' lang='lat' dir='ltr'>Regio.</span> 
     </span>
     <span class='ocr_line' id='line_1_117' title="bbox 1061 2510 1925 2547; baseline 0.007 -10"><span class='ocrx_word' id='word_1_1122' title='bbox 1061 2510 1062 2522; x_wconf 64' lang='lat'>¹</span> <span class='ocrx_word' id='word_1_1123' title='bbox 1084 2512 1126 2538; x_wconf 85' lang='lat'>111.</span> <span class='ocrx_word' id='word_1_1124' title='bbox 1148 2514 1213 2540; x_wconf 78' lang='lat' dir='ltr'>Gn.</span> <span class='ocrx_word' id='word_1_1125' title='bbox 1239 2510 1319 2538; x_wconf 84' lang='lat' dir='ltr'>Terra</span> <span class='ocrx_word' id='word_1_1126' title='bbox 1341 2512 1420 2538; x_wconf 84' lang='lat' dir='ltr'>Italia.</span> <span class='ocrx_word' id='word_1_1127' title='bbox 1447 2513 1488 2540; x_wconf 92' lang='lat' dir='ltr'>Cf.</span> <span class='ocrx_word' id='word_1_1128' title='bbox 1509 2524 1532 2539; x_wconf 94' lang='lat' dir='ltr'>v.</span> <span class='ocrx_word' id='word_1_1129' title='bbox 1552 2513 1632 2540; x_wconf 80' lang='lat' dir='ltr'>Italia.</span> <span class='ocrx_word' id='word_1_1130' title='bbox 1659 2515 1680 2547; x_wconf 88' lang='lat'>5.</span> <span class='ocrx_word' id='word_1_1131' title='bbox 1702 2516 1723 2541; x_wconf 86' lang='lat'>1.</span> <span class='ocrx_word' id='word_1_1132' title='bbox 1761 2515 1819 2541; x_wconf 65' lang='lat' dir='ltr'>Non</span> <span class='ocrx_word' id='word_1_1133' title='bbox 1840 2516 1925 2543; x_wconf 87' lang='lat' dir='ltr'>solum</span> 
     </span>
     <span class='ocr_line' id='line_1_118' title="bbox 1060 2546 1924 2597; baseline 0.007 -17"><span class='ocrx_word' id='word_1_1134' title='bbox 1060 2546 1061 2553; x_wconf 33' lang='lat'>¹</span> <span class='ocrx_word' id='word_1_1135' title='bbox 1084 2557 1110 2581; x_wconf 89' lang='lat' dir='ltr'>in</span> <span class='ocrx_word' id='word_1_1136' title='bbox 1131 2555 1210 2586; x_wconf 83' lang='lat' dir='ltr'>Italia.</span> <span class='ocrx_word' id='word_1_1137' title='bbox 1231 2555 1277 2581; x_wconf 83' lang='lat' dir='ltr'>sed</span> <span class='ocrx_word' id='word_1_1138' title='bbox 1299 2556 1324 2581; x_wconf 92' lang='lat' dir='ltr'>in</span> <span class='ocrx_word' id='word_1_1139' title='bbox 1344 2557 1414 2582; x_wconf 85' lang='lat' dir='ltr'>omni</span> <span class='ocrx_word' id='word_1_1140' title='bbox 1435 2561 1511 2582; x_wconf 89' lang='lat' dir='ltr'>terra.</span> <span class='ocrx_word' id='word_1_1141' title='bbox 1533 2566 1599 2592; x_wconf 86' lang='lat' dir='ltr'>quae</span> <span class='ocrx_word' id='word_1_1142' title='bbox 1615 2561 1663 2582; x_wconf 78' lang='lat' dir='ltr'>etc.</span> <span class='ocrx_word' id='word_1_1143' title='bbox 1685 2556 1725 2583; x_wconf 79' lang='lat' dir='ltr'>Pr.</span> <span class='ocrx_word' id='word_1_1144' title='bbox 1740 2557 1757 2583; x_wconf 89' lang='grc' dir='ltr'>Ι.</span> <span class='ocrx_word' id='word_1_1145' title='bbox 1773 2558 1804 2584; x_wconf 85' lang='grc'>(18</span> <span class='ocrx_word' id='word_1_1146' title='bbox 1819 2569 1924 2597; x_wconf 87' lang='lat' dir='ltr'>usucap.</span> 
     </span>
    </p>

    <p class='ocr_par' dir='ltr' id='par_1_36' title="bbox 1082 2597 1923 2633">
     <span class='ocr_line' id='line_1_119' title="bbox 1082 2597 1923 2633; baseline 0.007 -10"><span class='ocrx_word' id='word_1_1147' title='bbox 1082 2600 1105 2623; x_wconf 87' lang='lat'>2.</span> <span class='ocrx_word' id='word_1_1148' title='bbox 1126 2600 1149 2623; x_wconf 88' lang='lat'>6.</span> <span class='ocrx_word' id='word_1_1149' title='bbox 1186 2597 1215 2623; x_wconf 89' lang='lat' dir='ltr'>In</span> <span class='ocrx_word' id='word_1_1150' title='bbox 1236 2599 1312 2624; x_wconf 81' lang='lat' dir='ltr'>terris</span> <span class='ocrx_word' id='word_1_1151' title='bbox 1333 2598 1430 2625; x_wconf 77' lang='lat' dir='ltr'>clareat</span> <span class='ocrx_word' id='word_1_1152' title='bbox 1449 2599 1578 2625; x_wconf 86' lang='lat' dir='ltr'>omnibus.</span> <span class='ocrx_word' id='word_1_1153' title='bbox 1599 2610 1619 2625; x_wconf 87' lang='lat' dir='ltr'>c.</span> <span class='ocrx_word' id='word_1_1154' title='bbox 1640 2603 1662 2625; x_wconf 70' lang='lat'>2,</span> <span class='ocrx_word' id='word_1_1155' title='bbox 1683 2600 1704 2633; x_wconf 62' lang='grc' dir='ltr'>ξ.</span> <span class='ocrx_word' id='word_1_1156' title='bbox 1721 2605 1744 2627; x_wconf 71' lang='grc' dir='ltr'>ὅ.</span> <span class='ocrx_word' id='word_1_1157' title='bbox 1765 2600 1797 2627; x_wconf 88' lang='lat' dir='ltr'>de</span> <span class='ocrx_word' id='word_1_1158' title='bbox 1816 2603 1923 2629; x_wconf 74' lang='lat' dir='ltr'>iureiur.</span> 
     </span>
    </p>

    <p class='ocr_par' dir='ltr' id='par_1_37' title="bbox 1082 2639 1921 2677">
     <span class='ocr_line' id='line_1_120' title="bbox 1082 2639 1921 2677; baseline 0.008 -12"><span class='ocrx_word' id='word_1_1159' title='bbox 1082 2650 1121 2677; x_wconf 90' lang='lat' dir='ltr'>pr.</span> <span class='ocrx_word' id='word_1_1160' title='bbox 1142 2639 1188 2666; x_wconf 84' lang='lat' dir='ltr'>cal.</span> <span class='ocrx_word' id='word_1_1161' title='bbox 1208 2642 1232 2666; x_wconf 86' lang='lat'>2.</span> <span class='ocrx_word' id='word_1_1162' title='bbox 1252 2643 1292 2667; x_wconf 84' lang='lat'>59.</span> <span class='ocrx_word' id='word_1_1163' title='bbox 1319 2658 1348 2661; x_wconf 80' lang='lat'>—-</span> <span class='ocrx_word' id='word_1_1164' title='bbox 1379 2643 1410 2675; x_wconf 84' lang='lat'>§.</span> <span class='ocrx_word' id='word_1_1165' title='bbox 1431 2644 1468 2669; x_wconf 87' lang='lat'>5.</span> <span class='ocrx_word' id='word_1_1166' title='bbox 1499 2644 1613 2668; x_wconf 77' lang='lat' dir='ltr'>Mundi</span> <span class='ocrx_word' id='word_1_1167' title='bbox 1638 2652 1717 2676; x_wconf 77' lang='lat' dir='ltr'>pars</span> <span class='ocrx_word' id='word_1_1168' title='bbox 1745 2647 1921 2672; x_wconf 80' lang='lat' dir='ltr'>continens.</span> 
     </span>
    </p>

    <p class='ocr_par' dir='ltr' id='par_1_38' title="bbox 1081 2682 1921 2722">
     <span class='ocr_line' id='line_1_121' title="bbox 1081 2682 1921 2722; baseline 0.008 -14"><span class='ocrx_word' id='word_1_1169' title='bbox 1081 2682 1122 2708; x_wconf 90' lang='grc'>111.</span> <span class='ocrx_word' id='word_1_1170' title='bbox 1144 2684 1210 2710; x_wconf 77' lang='lat' dir='ltr'>Cn.</span> <span class='ocrx_word' id='word_1_1171' title='bbox 1231 2684 1305 2719; x_wconf 81' lang='lat' dir='ltr'>Quae</span> <span class='ocrx_word' id='word_1_1172' title='bbox 1325 2690 1401 2710; x_wconf 80' lang='lat' dir='ltr'>terra.</span> <span class='ocrx_word' id='word_1_1173' title='bbox 1422 2686 1493 2713; x_wconf 84' lang='lat' dir='ltr'>mari.</span> <span class='ocrx_word' id='word_1_1174' title='bbox 1514 2684 1588 2711; x_wconf 88' lang='lat' dir='ltr'>coelo</span> <span class='ocrx_word' id='word_1_1175' title='bbox 1609 2686 1790 2722; x_wconf 82' lang='lat' dir='ltr'>(capiuntur.)</span> <span class='ocrx_word' id='word_1_1176' title='bbox 1814 2687 1870 2714; x_wconf 76' lang='lat' dir='ltr'>Gai.</span> <span class='ocrx_word' id='word_1_1177' title='bbox 1891 2688 1921 2714; x_wconf 89' lang='grc'>11.</span> 
     </span>
    </p>

    <p class='ocr_par' dir='ltr' id='par_1_39' title="bbox 1079 2725 1920 2846">
     <span class='ocr_line' id='line_1_122' title="bbox 1081 2725 1920 2763; baseline 0.007 -12"><span class='ocrx_word' id='word_1_1178' title='bbox 1081 2727 1121 2751; x_wconf 85' lang='grc'>66.</span> <span class='ocrx_word' id='word_1_1179' title='bbox 1159 2725 1241 2752; x_wconf 86' lang='lat' dir='ltr'>Terra</span> <span class='ocrx_word' id='word_1_1180' title='bbox 1260 2729 1383 2763; x_wconf 80' lang='lat' dir='ltr'>marique.</span> <span class='ocrx_word' id='word_1_1181' title='bbox 1409 2727 1438 2753; x_wconf 64' lang='lat' dir='ltr'>fr.</span> <span class='ocrx_word' id='word_1_1182' title='bbox 1459 2729 1501 2753; x_wconf 83' lang='lat'>35.</span> <span class='ocrx_word' id='word_1_1183' title='bbox 1525 2728 1546 2760; x_wconf 82' lang='lat'>5.</span> <span class='ocrx_word' id='word_1_1184' title='bbox 1567 2729 1589 2753; x_wconf 89' lang='lat'>4.</span> <span class='ocrx_word' id='word_1_1185' title='bbox 1611 2727 1643 2754; x_wconf 86' lang='lat' dir='ltr'>de</span> <span class='ocrx_word' id='word_1_1186' title='bbox 1662 2738 1694 2755; x_wconf 91' lang='lat' dir='ltr'>m.</span> <span class='ocrx_word' id='word_1_1187' title='bbox 1716 2739 1735 2755; x_wconf 92' lang='lat' dir='ltr'>c.</span> <span class='ocrx_word' id='word_1_1188' title='bbox 1756 2730 1816 2756; x_wconf 90' lang='lat' dir='ltr'>don.</span> <span class='ocrx_word' id='word_1_1189' title='bbox 1836 2732 1876 2757; x_wconf 82' lang='lat'>39.</span> <span class='ocrx_word' id='word_1_1190' title='bbox 1898 2732 1920 2756; x_wconf 85' lang='grc'>6.</span> 
     </span>
     <span class='ocr_line' id='line_1_123' title="bbox 1230 2770 1919 2806; baseline 0.007 -11"><span class='ocrx_word' id='word_1_1191' title='bbox 1230 2771 1251 2804; x_wconf 74' lang='lat'>5.</span> <span class='ocrx_word' id='word_1_1192' title='bbox 1272 2774 1295 2796; x_wconf 68' lang='lat'>8.</span> <span class='ocrx_word' id='word_1_1193' title='bbox 1315 2771 1337 2796; x_wconf 80' lang='lat' dir='ltr'>si</span> <span class='ocrx_word' id='word_1_1194' title='bbox 1358 2780 1400 2806; x_wconf 89' lang='lat' dir='ltr'>qu.</span> <span class='ocrx_word' id='word_1_1195' title='bbox 1421 2775 1498 2796; x_wconf 84' lang='lat' dir='ltr'>cautt.</span> <span class='ocrx_word' id='word_1_1196' title='bbox 1519 2772 1541 2796; x_wconf 87' lang='lat'>2.</span> <span class='ocrx_word' id='word_1_1197' title='bbox 1564 2772 1603 2796; x_wconf 91' lang='grc'>11.</span> <span class='ocrx_word' id='word_1_1198' title='bbox 1642 2770 1740 2799; x_wconf 86' lang='lat' dir='ltr'>Terrae</span> <span class='ocrx_word' id='word_1_1199' title='bbox 1759 2778 1853 2799; x_wconf 77' lang='lat' dir='ltr'>motus.</span> <span class='ocrx_word' id='word_1_1200' title='bbox 1881 2773 1919 2800; x_wconf 88' lang='lat' dir='ltr'>Cf.</span> 
     </span>
     <span class='ocr_line' id='line_1_124' title="bbox 1079 2812 1305 2846; baseline 0.009 -9"><span class='ocrx_word' id='word_1_1201' title='bbox 1079 2821 1103 2838; x_wconf 93' lang='lat' dir='ltr'>v.</span> <span class='ocrx_word' id='word_1_1202' title='bbox 1124 2812 1217 2839; x_wconf 75' lang='lat' dir='ltr'>Motus,</span> <span class='ocrx_word' id='word_1_1203' title='bbox 1241 2813 1261 2846; x_wconf 97' lang='lat'>5</span> <span class='ocrx_word' id='word_1_1204' title='bbox 1284 2815 1305 2839; x_wconf 94' lang='lat'>1.</span> 
     </span>
    </p>
   </div>
   <div class='ocr_carea' id='block_1_30' title="bbox 1067 1195 1073 1886">
    <p class='ocr_par' dir='ltr' id='par_1_40' title="bbox 1067 1195 1073 1886">
     <span class='ocr_line' id='line_1_125' title="bbox 1067 1195 1073 1886; baseline 0 0"><span class='ocrx_word' id='word_1_1205' title='bbox 1067 1195 1073 1886; x_wconf 95' lang='lat' dir='ltr'> </span> 
     </span>
    </p>
   </div>
  </div>
 </body>
</html>
