2197 3121
1013 168 1111 199 PRO.

197 251 233 278 lb.
254 250 298 278 IV.
318 253 342 278 9.
363 262 383 278 c.
404 253 427 278 7.
447 251 479 278 ad
499 250 564 278 S.C.
585 249 679 277 Claud.
699 249 744 277 IX.
764 251 787 276 l.
807 260 827 276 c.
847 250 871 275 4.
897 249 930 275 de
951 259 1037 276 accus.

196 299 222 321 et
241 295 319 321 inser.
356 294 565 321 Provincialibus
592 298 618 320 et
641 293 751 319 urbibus
775 292 907 319 Africanis
927 308 958 312 -—
979 303 1037 319 eon-

197 336 321 364 cedimus.
342 337 377 363 lb.
397 336 441 363 IV.
462 339 501 364 12.
522 347 543 363 c.
557 337 581 362 5.
601 335 633 362 de
652 336 745 371 vectig.
766 340 791 361 et
811 345 902 361 comm.
934 334 973 361 Ne
993 336 1037 372 qui

195 379 396 417 provincialium
415 390 473 406 cum
493 380 578 406 servis
597 378 732 405 fiscalibus
753 378 914 404 contrahant.
941 377 984 405 Fr.
1004 378 1036 404 de

196 422 213 448 1.
228 421 256 448 F.
271 422 292 456 §.
307 424 331 448 6.
368 421 486 458 Negotia,
505 432 526 448 s.
546 422 638 453 Actus,
658 420 864 458 provincialium.
885 420 915 446 fr.
932 422 955 446 4.
976 421 997 454 ξ.
1012 422 1035 447 4,

196 464 226 492 fr.
248 466 287 491 10.
306 475 346 502 pr.
366 465 398 491 de
418 465 463 491 off.
483 464 558 491 Proc.
579 469 604 491 et
622 464 684 500 Leg.
706 466 728 490 1.
750 465 789 490 16.

233 508 418 535 Provisio.
447 508 477 541 ἓ.
493 508 527 534 l.
549 508 682 539 Cautio,
703 508 798 533 Cura.
836 505 854 532 1.
875 507 937 540 Sy.
958 505 1036 533 Solli-

196 549 284 577 citudo
304 560 333 576 ac
352 549 485 586 vigilantia
504 550 589 576 animi.
614 550 644 576 fr.
666 551 687 575 1.
712 549 733 583 ξ.
752 550 776 575 3.
801 547 831 574 fr.
853 549 892 574 18.
918 549 939 582 ξ.
961 551 982 575 1.
1003 549 1035 575 de

195 603 263 620 mun.
284 598 309 619 et
328 592 388 619 hon.
408 594 449 618 50.
463 594 487 618 4.
523 592 567 618 III.
580 593 647 619 οη.
667 591 750 618 Cuius
769 592 948 628 provisionem
968 602 1033 618 amo<

195 645 301 672 remque
321 636 387 661 circa
407 636 470 672 reip.
485 634 620 661 commoda
633 651 665 654 —
679 635 787 671 experti.
807 633 874 660 Νῦν.
889 633 937 661 Th.
952 633 981 660 11.
1003 634 1035 660 de

196 678 246 705 loc.
270 679 334 715 reip.
359 677 377 704 I.
396 679 438 704 23.
463 688 483 704 c.
506 679 526 703 1.
552 678 572 711 ξ.
592 680 616 703 2.
658 677 687 703 Si
713 676 776 713 quid
800 676 843 702 vel
867 678 1034 713 parsimonia,

194 721 236 748 vel
254 721 420 758 provisione,
443 720 485 747 vel
504 725 647 747 mercatura
668 736 697 740 —
718 720 905 755 congesserint.
932 719 981 746 Th.
1002 719 1032 745 C.

193 763 263 791 XVI.
283 765 306 789 2.
327 774 347 790 e.
370 765 408 789 14.
428 773 466 800 pr.
491 763 523 789 de
543 764 623 800 episc.
644 761 706 789 eccl.
743 761 860 788 Humana
880 763 1033 799 provisione

193 816 355 833 concessum.
382 806 418 833 lb.
440 806 494 832 VII.
517 808 555 832 15.
576 816 596 832 c.
617 807 639 833 l.
665 804 696 831 de
719 809 780 831 terr.
800 804 875 831 limit.
913 804 1032 842 Superna

192 850 310 887 provisio
330 850 474 883 (commisit
493 849 590 881 nobis.)
614 847 681 874 Nov.
701 847 824 874 Anthem.
845 847 876 874 de
896 848 956 874 bon.
977 858 1031 874 vac.

193 892 236 919 Vl.
263 894 286 919 3.
313 903 334 919 c.
356 895 378 919 l.
405 902 444 929 pr.
474 908 503 912 —
534 892 564 924 ξ.
585 893 620 917 2.
646 892 829 922 Decretum,
856 893 1031 918 Slatntztm.

192 935 235 962 III.
256 937 322 964 Cn.
345 935 443 961 Nostra
468 935 585 972 provisio
610 934 686 960 saciet
711 938 761 960 etc.
787 933 836 960 Th.
862 933 891 960 C.
916 933 986 960 XIV.
1010 936 1030 960 l.

192 989 213 1005 e.
236 981 257 1005 l.
278 979 310 1005 de
329 979 416 1005 decur.
437 978 493 1004 urb.
514 977 544 1003 R.
565 977 596 1003 cs.
621 976 701 1003 Gesta
725 977 751 1002 in
771 976 833 1002 Seu.
853 976 885 1003 de
905 987 956 1003 rec.
981 976 1030 1003 Th.

192 1021 223 1049 C.
245 1022 338 1055 (ch.
364 1032 388 1059 p.
408 1022 450 1053 4.)
476 1020 594 1047 Provisio
619 1019 745 1051 Senatus,
771 1024 849 1056 atque
873 1019 1029 1046 consultum.

192 1064 242 1091 Th.
266 1064 296 1091 C.
317 1064 361 1091 VI.
381 1066 405 1090 4.
431 1074 451 1090 c,
470 1065 510 1089 21.
536 1064 557 1097 ξ.
578 1065 601 1089 5.
627 1063 659 1089 de
683 1062 724 1088 Pr.
751 1067 776 1088 et
800 1064 851 1098 Qu.
882 1080 910 1083 —
941 1064 972 1097 ᾗ.
993 1065 1030 1089 3.

194 1109 414 1138 machinatio,
436 1108 657 1132 Commeatum.
695 1105 738 1131 111.
759 1107 824 1133 Cn.
849 1106 901 1141 Qui
922 1116 967 1132 eos
987 1106 1031 1132 do-

192 1150 277 1177 mibus
290 1151 346 1176 suis
361 1148 504 1176 damnanda
518 1150 671 1186 provisione
685 1148 833 1174 defendent.
855 1148 904 1175 Th.
916 1148 946 1175 C.
960 1148 1031 1175 XVI.

191 1195 215 1219 5.
236 1203 257 1220 c.
271 1194 312 1219 35.
333 1192 365 1218 de
379 1192 475 1218 haeret.
495 1207 525 1211 —
547 1193 578 1225 §.
592 1193 630 1218 4.
653 1194 742 1224 Quod
758 1193 885 1225 publice
903 1194 1031 1226 praehe-

191 1243 244 1263 tur
263 1235 478 1271 (magistratibu8‚
498 1239 542 1260 aut
560 1234 708 1267 militibus.)
745 1233 787 1260 Ill.
802 1236 868 1262 (7¹11.
889 1234 986 1261 Illustr.
1006 1239 1032 1261 et

191 1278 293 1315 magnif.
314 1279 456 1305 auctoritas
476 1283 527 1309 tua,
548 1288 613 1314 quae
632 1278 813 1312 provisionum
828 1277 911 1304 titulis
925 1282 950 1304 et
964 1288 1031 1304 com-

190 1321 274 1348 modis
293 1321 408 1358 publicis
428 1321 582 1347 illustratur.
602 1320 669 1347 Νῦν.
689 1320 738 1347 Th.
754 1319 783 1346 11.
804 1320 836 1346 de
856 1331 903 1347 am.
923 1320 998 1347 milit.
1012 1320 1030 1347 1.

189 1366 212 1391 9.
234 1374 254 1390 c.
276 1366 297 1390 1.
321 1364 342 1397 ξ.
362 1366 386 1390 2,

226 1408 456 1434 Provocat-e.
481 1407 511 1439 ἓ.
524 1408 558 1433 1.
575 1409 735 1439 Evocare,
754 1409 946 1439 Postulare,
967 1409 1030 1434 Ex-

188 1452 301 1477 citare.
331 1449 349 1476 1.
362 1451 423 1484 Sy.
443 1449 611 1481 Desiderare,
631 1454 659 1476 ut
673 1454 720 1476 etc.
736 1449 812 1476 Prov.
833 1450 864 1476 ad
879 1455 927 1477 etc.
948 1450 977 1477 fr.
991 1452 1029 1477 19.

188 1493 222 1519 de
244 1497 347 1519 testam.
372 1498 418 1519 tut,
444 1494 484 1518 26,
503 1494 527 1518 2.
555 1492 584 1518 sr.
607 1495 628 1518 1.
649 1503 688 1529 pr.
713 1493 745 1519 de
769 1498 852 1519 contr.
877 1498 923 1522 tut.
943 1495 984 1520 27.
1005 1495 1028 1519 4.

188 1535 231 1562 III.
246 1537 312 1563 Gn.
332 1535 472 1566 Interesse.
492 1540 577 1561 utrum
598 1540 625 1561 tu
644 1537 796 1572 provocasti
816 1538 946 1563 communi
966 1536 1030 1563 divi-

188 1578 277 1605 dundo
298 1578 403 1607 iudicio.
424 1588 454 1603 an
474 1583 633 1615 provocatus
653 1589 688 1605 es.
710 1578 740 1605 sr.
764 1581 801 1605 12.
821 1580 843 1613 §.
860 1581 881 1605 1.
902 1579 934 1605 (le
954 1579 1028 1606 cond.

188 1621 248 1648 furt.
270 1623 308 1648 13.
326 1623 346 1647 1.
382 1620 447 1646 Eum
467 1621 550 1647 videri
570 1626 692 1651 actorem.
713 1623 757 1658 qui
777 1622 808 1648 ad
828 1622 952 1648 iudicium
971 1632 1030 1659 pro-

188 1669 317 1690 vocasset.
338 1664 367 1690 sr.
390 1665 428 1690 13.
449 1673 487 1700 sq.
508 1663 540 1690 de
560 1664 637 1690 iudic.
658 1666 681 1690 5.
700 1666 722 1690 l.
761 1664 865 1700 Quodsi
885 1665 949 1691 nulli
969 1670 1030 1691 sunt

189 1706 336 1738 debitores,
362 1711 405 1732 aut
424 1706 536 1732 iudicem
556 1713 709 1744 provocent.
730 1707 759 1733 fr.
779 1709 802 1734 6.
824 1707 856 1734 de
875 1709 930 1734 iure
949 1708 1029 1734 delib.

188 1750 229 1775 28.
250 1750 273 1775 8.
311 1749 424 1785 Quando
449 1754 476 1775 tu
498 1750 592 1776 iniuria
612 1750 791 1782 vindicavisti.
816 1751 840 1777 D
860 1752 927 1777 aeris
947 1761 1030 1777 sacra-

188 1796 276 1818 mento
302 1797 327 1817 tc
351 1802 475 1829 provoco.
505 1792 562 1819 Gai.
582 1792 625 1819 IV.
651 1795 689 1819 16.
709 1795 749 1819 95.
787 1793 964 1819 Provocamus
987 1793 1029 1819 ad-

188 1836 332 1861 versarium
355 1835 400 1861 tali
424 1836 576 1871 sponsione.
602 1835 638 1862 Id.
664 1835 707 1862 lv.
731 1838 771 1862 93.
794 1837 850 1862 165.
888 1835 928 1862 Ad
953 1846 1029 1872 quae-

188 1879 315 1907 stionem.
338 1888 362 1904 v.
389 1878 580 1905 testimonium.
605 1888 628 1904 v.
654 1878 834 1908 collationem.
859 1889 933 1916 prov.
954 1878 983 1905 fr.
1005 1881 1026 1905 1.

188 1922 209 1955 ξ.
228 1922 253 1947 3.
274 1921 303 1947 fr.
325 1923 364 1946 lo.
384 1921 405 1954 §
428 1922 448 1946 l.
469 1919 501 1946 dc
520 1921 666 1956 quaestion.
686 1923 727 1947 48.
749 1923 788 1948 18.
810 1932 830 1948 c.
850 1924 873 1948 9.
898 1921 931 1948 de
950 1921 1028 1948 colla-

188 1965 251 1990 tion.
272 1965 294 1990 6.
314 1966 355 1989 20.
381 1979 411 1982 -
437 1963 468 1996 ξ.
489 1964 524 1989 2.
547 1965 715 1990 Auxilium
741 1966 861 1991 iudicis
881 1966 1026 1998 superio-

187 2009 234 2033 ris
261 2008 452 2040 implorare,
482 2007 589 2037 (contra
617 2006 749 2033 decretum
778 2008 955 2042 magistratus,
984 2012 1028 2033 aut

187 2050 343 2075 sententiam
367 2048 398 2074 ab
419 2048 541 2075 inferiore
560 2049 646 2076 iudice
669 2049 772 2081 latam.)
809 2050 827 2076 1.
844 2052 906 2084 Sy.
930 2049 1027 2087 Adpel-

189 2091 248 2118 lare.
269 2091 310 2118 Cf.
324 2091 348 2117 h,
363 2101 386 2116 v.
408 2092 428 2124 ξ,
445 2093 468 2116 3.
505 2091 548 2118 III.
563 2093 629 2119 Gn.
648 2092 671 2118 A
691 2092 797 2118 decreto
817 2103 889 2129 prov.
911 2103 931 2119 c.
951 2094 974 2119 3.
995 2092 1027 2119 de

188 2144 276 2160 excus.
300 2138 348 2160 tut.
373 2136 396 2159 5.
417 2136 456 2159 62Δ
494 2134 631 2160 Adversus
656 2136 811 2161 sententiam
836 2146 910 2173 prov.
935 2136 964 2162 fr.
986 2137 1025 2162 18.

189 2175 221 2202 de
233 2186 318 2203 accus.
332 2178 372 2203 48.
386 2179 409 2202 2.
440 2176 468 2202 Si
489 2179 548 2213 quis
568 2177 756 2204 condemnatus
777 2180 939 2215 provocavit.
958 2178 987 2205 fr.
1002 2180 1026 2204 6.

189 2219 210 2251 ξ.
233 2220 254 2244 1.
279 2219 310 2245 de
333 2219 357 2245 h.
383 2229 425 2255 qu.
450 2224 503 2245 not.
529 2220 572 2246 inf.
592 2221 615 2246 3.
635 2222 659 2246 2.
681 2221 712 2247 cs.
738 2221 767 2247 fr.
786 2223 827 2247 25.
853 2221 884 2247 de
909 2221 975 2247 adm.
1002 2226 1027 2247 ct

189 2270 243 2297 per.
257 2262 298 2286 26.
313 2263 336 2287 7.
363 2261 457 2288 Victus
477 2264 631 2299 provocavit
645 2263 675 2289 ad
696 2268 886 2300 competentem
905 2264 1026 2295 iudicem.

190 2308 216 2329 et
228 2302 259 2328 ab
274 2312 304 2328 eo
324 2312 427 2340 quoque
445 2304 477 2330 ad
490 2305 639 2342 Principem
658 2305 726 2332 idem
746 2308 907 2343 provocavit.
927 2306 956 2333 fr.
970 2309 1026 2333 122.

189 2345 211 2378 ξ,
231 2347 254 2370 5.
275 2344 306 2370 de
327 2344 356 2370 V.
372 2346 404 2372 Ο.
425 2349 465 2372 45.
482 2350 503 2374 1.
540 2349 600 2386 Ipse
620 2350 669 2374 erit
688 2349 881 2385 provocandus,
902 2351 975 2386 quasi
995 2350 1026 2375 ab

190 2387 289 2416 ordine.
309 2397 361 2413 non
381 2388 412 2414 ab
432 2390 489 2426 ipso
509 2391 554 2417 fiat
573 2391 722 2428 adpellatio.
743 2392 773 2418 fr.
790 2394 811 2418 l.
826 2393 846 2426 ξ.
861 2394 884 2418 4.
914 2392 1026 2428 Quando

190 2430 249 2467 adp.
269 2432 309 2456 49.
330 2433 353 2456 4.
374 2430 405 2456 cs.
429 2431 458 2457 fr.
480 2434 501 2458 1.
521 2443 559 2469 pr.
585 2435 606 2467 ᾧ.
628 2436 648 2460 1.
681 2435 732 2470 Qu.
758 2445 770 2460 a
793 2445 844 2471 quo
864 2435 922 2472 adp.
941 2437 982 2461 49.
1001 2437 1025 2461 3.

190 2472 354 2499 Provocandi
378 2474 426 2499 ius.
452 2473 492 2500 Cf.
512 2485 534 2501 v.
554 2475 718 2504 Provocatio.
743 2494 774 2497 —
799 2478 829 2511 ξ.
850 2479 886 2504 3.
911 2479 1026 2504 Laces-

189 2526 272 2547 sere,
293 2517 446 2542 lacitare.
482 2516 501 2542 I.
515 2518 575 2551 Sy.
594 2519 717 2556 Adgredi.
738 2520 768 2546 fr.
787 2522 808 2546 1.
829 2520 849 2554 ᾗ.
866 2522 904 2546 11.
925 2521 947 2546 si
966 2531 1026 2557 qna-

190 2558 265 2595 drup.
285 2560 308 2584 9.
330 2560 351 2584 1,
389 2558 431 2584 III.
449 2560 514 2586 Cn.
534 2559 561 2585 In
580 2563 700 2589 omnibus
720 2563 872 2589 criminibus
892 2563 1026 2589 distinctio

190 2602 254 2627 haee
273 2606 316 2627 aut
334 2602 459 2627 iustitiam
477 2612 619 2638 provocare
632 2604 719 2638 debet,
739 2611 781 2631 aut
795 2611 1025 2643 temperamentum

190 2644 334 2670 admittere.
355 2643 424 2670 Coll.
438 2643 489 2670 LL.
504 2644 536 2670 ,11.
552 2644 568 2670 l.
586 2647 623 2671 ll.
643 2647 674 2672 cf.
694 2658 714 2673 c.
734 2651 757 2674 5.
778 2648 810 2674 de
830 2649 939 2685 obsequ.
959 2653 1024 2685 patr.

191 2688 214 2713 6.
234 2688 258 2712 6.
278 2701 311 2704 —
331 2687 361 2718 ξ.
382 2688 469 2713 aui.
491 2688 643 2713 lun-itare.
680 2689 711 2716 11.
727 2693 793 2724 Op.
814 2692 962 2717 Deterrere.
984 2691 1024 2717 Cf.

191 2729 215 2755 h.
229 2740 253 2755 v.
290 2728 333 2755 Ill.
348 2730 413 2756 Gn.
431 2729 556 2755 Iudicium
576 2731 666 2756 uxoris
685 2737 844 2767 postremum
864 2735 890 2760 in
909 2744 937 2760 se
951 2744 1024 2770 prov.

192 2783 213 2798 c.
232 2774 255 2798 3.
275 2773 298 2798 si
318 2781 359 2807 qu.
380 2771 411 2797 al.
431 2777 490 2798 tcst.
510 2772 584 2809 proh.
605 2773 628 2798 6.
641 2774 682 2798 34.
703 2773 734 2800 cf.
754 2774 784 2801 fr.
803 2778 826 2803 3.
847 2776 904 2803 eod.
924 2778 964 2803 tit.
983 2778 1024 2803 29.

192 2815 215 2839 6.
236 2831 267 2834 -
287 2815 319 2849 ξ.
331 2816 369 2841 4.
384 2816 633 2850 PaMmsacere,
649 2817 877 2852 Manifestare.
903 2819 1024 2847 111οη-

1862 172 1924 204 785

1083 249 1133 277 Per
1152 251 1322 287 ignorantiam
1342 267 1373 270 —
1394 251 1544 283 exsolvere.
1570 262 1636 288 quae
1659 252 1827 289 postmodum
1851 254 1922 280 inde—

1082 293 1135 319 bita
1156 310 1185 314 —-
1206 295 1360 330 provocavit
1379 299 1497 321 eventus.
1522 294 1571 322 Th.
1592 294 1623 322 C.
1641 295 1686 321 XI.
1706 297 1729 322 5.
1750 306 1771 322 c.
1790 298 1814 323 3.
1835 296 1868 323 de
1886 297 1922 323 in-

1081 335 1189 363 diction.

1118 379 1357 406 Provocatio.
1403 382 1593 414 Adpellario
1625 383 1749 408 iudicis
1777 383 1919 408 altioris.

1080 421 1099 448 I.
1114 423 1175 455 Sy.
1194 421 1236 447 Ius
1256 422 1425 459 provocandi.
1445 422 1475 448 fr.
1489 425 1512 448 2.
1533 423 1570 456 §§.
1590 425 1613 450 4.
1636 425 1674 450 16.
1694 426 1733 450 18.
1754 423 1786 450 de
1805 424 1838 450 O.
1858 424 1876 450 1.
1897 426 1920 451 l.

1080 466 1103 489 2.
1132 464 1292 501 Adpellatio.
1312 464 1353 492 Cf.
1374 465 1398 491 h.
1418 475 1442 491 v.
1463 466 1484 499 ξ
1504 467 1528 491 3.
1565 465 1595 492 II.
1615 468 1681 500 Op.
1702 466 1836 493 Pendente
1854 467 1921 494 iudi-

1081 508 1128 533 cio.
1146 523 1176 526 —
1196 507 1225 533 Si
1239 508 1323 534 omnia
1337 513 1454 545 tempora
1467 510 1664 545 provocationis
1677 509 1749 547 lapsa
1763 515 1833 536 sunt.
1853 510 1882 536 fr.
1896 512 1919 537 6.

1080 551 1100 583 ξ.
1117 551 1139 576 1.
1159 549 1192 576 de
1212 550 1235 576 h.
1256 561 1298 587 qu.
1318 556 1372 577 not.
1392 550 1437 577 inf.
1456 552 1480 576 3.
1495 553 1519 576 2.
1557 551 1599 578 III.
1615 553 1680 579 Gn.
1700 552 1764 578 Post
1783 563 1837 579 rem
1855 552 1921 580 iudi—

1080 597 1174 624 catam,
1198 603 1221 619 v.
1246 593 1270 619 A
1294 595 1437 626 sententia,
1462 595 1616 631 provocatio
1640 596 1803 632 interposita.
1828 595 1858 622 fr.
1880 597 1920 621 11.

1079 635 1112 661 de
1131 640 1253 662 transact.
1273 638 1296 662 2.
1318 639 1356 663 15.
1378 636 1419 663 Fr.
1440 636 1471 663 de
1490 636 1508 662 1.
1530 636 1557 663 F.
1577 637 1658 670 §.14.
1696 638 1737 664 De
1756 649 1841 675 poena
1861 648 1922 675 pro-

1078 680 1181 704 vocatio
1201 689 1253 704 non
1273 684 1320 705 est.
1341 695 1371 699 —
1391 679 1427 705 At
1445 678 1542 705 multae
1561 681 1715 716 provocatio
1736 686 1783 707 est.
1808 681 1839 707 fr.
1859 682 1919 708 244.

1079 721 1111 747 de
1124 721 1155 748 V.
1170 721 1197 748 S.
1212 723 1253 748 50.
1269 723 1308 748 16.
1341 721 1432 758 Neque
1448 723 1601 759 provocatio
1621 723 1653 749 ab
1673 724 1711 749 eis
1731 726 1782 755 (sc.
1802 724 1919 758 Xviris‚)

1078 765 1147 790 sicut
1170 775 1183 790 a
1208 764 1318 800 reliquis
1340 764 1548 800 magistratibus,
1575 765 1656 791 fieret.
1683 766 1712 792 sr.
1733 770 1756 793 2.
1777 767 1814 800 §§.
1835 769 1858 793 4.
1879 768 1919 794 16.

1078 806 1110 833 de
1130 807 1162 833 O.
1182 807 1200 833 I.
1222 809 1243 833 1.
1262 809 1286 833 2.
1325 806 1407 839 Cum,
1431 823 1461 827 —
1486 809 1675 844 provocatione
1698 809 1867 846 interposita,
1887 826 1918 831 —

1077 854 1138 886 post
1157 855 1266 876 mortem
1286 851 1355 876 eius:
1381 860 1456 882 ..non
1476 851 1545 877 iuste
1564 850 1753 887 a‹lpe]latum‚“
1772 858 1843 879 esset
1861 863 1920 890 pro-

1077 894 1234 918 nunciatum.
1256 892 1284 918 sr.
1307 895 1346 919 ll.
1367 893 1388 926 ξ.
1408 895 1432 919 3.
1452 893 1484 920 ad
1503 893 1532 920 L.
1553 893 1623 919 Falc.
1643 895 1684 920 35.
1704 896 1729 920 2.

1113 937 1359 962 Provocator.
1407 938 1470 969 Qui
1497 939 1749 970 provocationis
1780 941 1918 965 remedio

1079 980 1193 1004 utitur.
1232 978 1250 1005 I.
1271 979 1332 1012 Sy.
1362 979 1415 1014 Qui
1440 978 1589 1015 adpellavit.
1622 978 1788 1016 Adpeliator.
1817 980 1866 1007 Th.
1887 981 1918 1008 C.

1076 1020 1120 1047 XI.
1139 1022 1181 1046 31.
1202 1031 1222 1046 c.
1243 1022 1266 1047 9.
1287 1021 1319 1047 de
1338 1031 1421 1058 repar.
1442 1021 1500 1058 adp.
1520 1021 1564 1047 XI.
1583 1022 1625 1047 36.
1646 1032 1667 1048 c.
1687 1025 1728 1049 25.
1755 1023 1838 1058 Quor.
1859 1024 1918 1061 adp.

1076 1074 1098 1090 n.
1120 1074 1170 1090 rec.
1208 1063 1250 1090 III.
1270 1065 1336 1091 Cn.
1356 1063 1411 1089 Nec
1431 1069 1491 1090 ante
1510 1064 1628 1096 debetur,
1649 1075 1725 1101 quam
1745 1071 1788 1092 aut
1807 1076 1858 1093 non
1879 1072 1919 1093 est

1076 1111 1260 1143 provocatum.
1285 1111 1329 1132 aut
1348 1112 1506 1143 provocator
1525 1108 1610 1133 vietus
1631 1113 1678 1134 cst.
1703 1108 1734 1134 fr.
1753 1111 1812 1135 2¹4.
1834 1109 1866 1136 de
1886 1109 1918 1136 V.

1076 1149 1102 1175 S.
1123 1151 1164 1175 50.
1187 1150 1225 1175 16.

1113 1193 1359 1220 Provolvere.
1389 1193 1571 1219 Devolvere.
1608 1193 1651 1219 ΙΙΙ.
1666 1195 1732 1221 Gn.
1752 1193 1788 1220 Vt
1806 1195 1832 1221 in
1846 1200 1918 1221 tuum

1075 1234 1176 1271 Iapides
1196 1234 1400 1272 provolvantur,
1420 1235 1508 1272 ibique
1528 1236 1608 1273 positi
1627 1235 1785 1269 habeantur,
1804 1237 1918 1274 indeque

1076 1283 1255 1314 exportentur.
1276 1278 1306 1304 fr.
1325 1280 1349 1304 3.
1370 1279 1392 1311 ξ.
1411 1280 1435 1304 2.
1457 1278 1489 1305 de
1509 1278 1536 1305 S.
1556 1278 1584 1305 P.
1604 1278 1635 1305 R.
1655 1282 1677 1305 ὅ.
1698 1281 1721 1306 3.

1113 1322 1243 1348 Prout.
1259 1321 1370 1353 (Advb.)
1391 1324 1499 1353 Sicut,
1523 1323 1796 1354 Quemadmodum.
1821 1323 1840 1349 I.
1855 1325 1917 1358 Sy.

1076 1363 1127 1390 Vti.
1148 1363 1204 1390 Gai.
1224 1364 1265 1390 III.
1285 1365 1326 1391 63.
1347 1363 1518 1401 le.XV111.
1542 1366 1562 1390 1.
1599 1364 1642 1390 111.
1658 1366 1724 1392 οη.
1744 1365 1823 1400 Quod
1842 1367 1918 1392 iuris-

1075 1405 1198 1432 dictionis
1217 1412 1360 1444 perpetuae
1379 1417 1470 1439 causa,
1491 1417 1543 1434 non
1564 1407 1635 1444 quod
1654 1413 1733 1445 prout
1752 1418 1794 1435 res
1815 1409 1917 1441 incidit,

1075 1450 1099 1475 in
1125 1449 1184 1475 albo
1209 1466 1240 1469 —-
1266 1451 1432 1487 propositum
1453 1451 1509 1476 erit.
1535 1450 1564 1476 sr.
1586 1452 1607 1476 7.
1628 1461 1666 1488 pr.
1687 1451 1719 1477 de
1739 1451 1829 1478 iurisd.
1849 1454 1872 1478 2.
1894 1453 1916 1478 1.

1074 1492 1132 1518 Non
1153 1503 1256 1529 semper
1275 1493 1439 1528 (significat.)
1458 1493 1506 1519 sed
1526 1503 1564 1529 pr.
1585 1498 1625 1519 est
1645 1493 1782 1520 adiectum.
1806 1494 1836 1520 fr.
1858 1496 1916 1520 164.

1074 1536 1095 1569 ξ.
1117 1537 1138 1562 1.
1165 1536 1196 1562 de
1217 1535 1246 1562 V.
1268 1535 1295 1562 S.
1315 1538 1356 1562 50.
1378 1537 1417 1561 16.
1454 1535 1508 1561 Aut
1528 1540 1624 1566 totum,
1649 1541 1692 1562 aut
1716 1546 1747 1562 ex
1767 1542 1841 1573 parte
1860 1538 1916 1570 (sc.

1074 1579 1235 1615 pertineat.)
1261 1588 1298 1615 pr.
1319 1579 1450 1615 pertinere
1469 1579 1562 1615 possit.
1586 1578 1646 1615 le.
1666 1578 1760 1605 XVIII.
1783 1582 1804 1606 1.
1841 1579 1917 1606 Vtra-

1074 1631 1125 1657 que
1144 1623 1185 1647 via
1205 1622 1242 1647 uti
1262 1631 1350 1658 posse,
1370 1631 1409 1658 pr.
1430 1620 1546 1656 elegerit.
1566 1621 1595 1647 fr.
1614 1623 1654 1647 10.
1675 1622 1696 1654 §.
1712 1623 1733 1647 1.
1754 1621 1785 1648 de
1804 1627 1872 1659 pact.
1891 1625 1915 1648 2.

1075 1666 1114 1690 14.
1135 1664 1165 1690 fr.
1185 1666 1226 1690 23.
1252 1664 1284 1690 de
1308 1663 1333 1690 h.
1355 1674 1396 1700 qu.
1422 1668 1475 1689 not.
1495 1664 1539 1690 inf.
1559 1666 1583 1690 3.
1603 1666 1627 1690 2.
1664 1663 1706 1690 Pr.
1731 1674 1850 1700 quaeque
1872 1674 1915 1691 res

1074 1708 1131 1738 erit,
1151 1706 1361 1733 animadvertam.
1382 1706 1412 1732 fr.
1434 1708 1473 1732 15.
1493 1707 1514 1740 ξ.
1534 1707 1575 1732 28.
1596 1705 1628 1732 de
1647 1708 1723 1733 iniur.
1743 1709 1784 1733 47.
1800 1708 1838 1733 10.
1872 1706 1915 1738 Vt,

1073 1760 1112 1787 pr.
1133 1751 1245 1786 quisque
1264 1749 1429 1781 habitaverit,
1448 1749 1483 1774 ita
1504 1748 1642 1785 obligetur.
1662 1749 1693 1776 fr.
1715 1751 1755 1776 13.
1775 1750 1857 1783 §.11.
1878 1749 1915 1776 10-

1074 1797 1122 1818 cat.
1144 1794 1182 1818 19.
1202 1794 1225 1818 2.

1110 1836 1339 1861 Proxeneta.
1378 1836 1587 1861 Conciliator
1613 1842 1641 1862 et
1669 1837 1836 1870 interpres
1863 1846 1913 1861 ne-

1069 1879 1161 1913 gotii
1179 1880 1406 1908 contrahendi.
1426 1880 1607 1904 munerisve
1625 1880 1832 1912 impetrandi.
1870 1877 1912 1903 III.

1073 1922 1139 1947 Gn.
1159 1920 1187 1946 Si
1202 1921 1260 1956 quis
1274 1920 1341 1946 forte
1361 1920 1528 1952 conditionis,
1547 1920 1589 1946 vel
1610 1922 1747 1953 amicitiae,
1766 1920 1808 1947 vel
1827 1920 1914 1947 adses-

1071 1974 1147 1990 surae
1167 1980 1198 1983 -
1218 1969 1361 2001 proxeneta
1386 1963 1441 1989 suit.
1467 1963 1497 1990 sr.
1520 1965 1544 1990 3.
1566 1963 1597 1989 cf.
1621 1963 1651 1990 fr.
1671 1966 1695 1990 2.
1720 1963 1753 1990 dc
1776 1968 1911 2001 proxenet.

1071 2009 1111 2033 50.
1134 2008 1173 2032 14.

1108 2049 1416 2076 Proxeneficum.
1446 2051 1567 2076 Merces
1586 2051 1692 2075 dehita
1706 2056 1911 2083 proxenetae.

1071 2092 1113 2118 III.
1129 2094 1194 2120 Cn.
1215 2092 1296 2118 Arrae
1314 2092 1494 2129 sponsalitiae,
1517 2097 1542 2117 et
1561 2093 1738 2129 proxenetica.
1756 2091 1838 2118 Rubr.
1859 2091 1910 2118 Tit.

1072 2135 1102 2162 C.
1123 2135 1155 2161 de
1174 2134 1291 2172 sponsal.
1309 2137 1333 2161 5.
1350 2137 1371 2161 l.
1402 2135 1574 2162 Proxenetica
1593 2135 1649 2161 iure
1668 2134 1741 2160 licito
1760 2135 1822 2171 peti.
1842 2134 1872 2161 fr.
1888 2136 1909 2161 l.

1071 2178 1101 2204 sr.
1121 2179 1145 2204 3.
1166 2178 1198 2204 de
1217 2188 1326 2215 proxen.
1345 2180 1386 2204 50.
1409 2180 1448 2204 14.

1109 2221 1362 2248 Proximatus.
1384 2221 1508 2252 (Subst.)
1534 2221 1696 2254 Dignitas
1715 2230 1836 2252 eorum,
1857 2222 1911 2254 qui

1072 2265 1103 2289 iu
1131 2266 1268 2290 scriniis
1296 2266 1477 2298 proximum
1503 2263 1677 2297 magistris
1702 2264 1802 2289 locum
1828 2269 1909 2288 leue-

1071 2309 1146 2333 bant
1198 2306 1215 2332 1.
1237 2308 1298 2341 Sy.
1328 2306 1431 2332 Gradus
1459 2306 1646 2342 proximorum.
1675 2303 1724 2330 Th.
1750 2304 1780 2331 C.
1801 2304 1843 2330 VI.
1867 2306 1908 2330 26.

1072 2360 1092 2375 c.
1108 2351 1147 2375 17.
1162 2360 1200 2386 pr.
1220 2350 1241 2382 ξ.
1258 2351 1279 2374 1.
1300 2348 1332 2374 de
1345 2358 1419 2385 prox.
1435 2358 1498 2373 com⁴
1515 2347 1582 2384 disp.
1618 2347 1661 2373 III.
1677 2349 1742 2375 011.
1761 2346 1812 2372 Per
1824 2347 1908 2372 omnia

1071 2393 1165 2418 scrinia
1190 2396 1293 2423 nostra,
1320 2408 1349 2411 --
1375 2391 1418 2426 qui
1443 2394 1505 2416 sunt
1528 2391 1554 2416 in
1579 2392 1662 2427 capite
1682 2390 1833 2420 constituti.
1857 2399 1908 2415 uno

1071 2444 1137 2460 anno
1158 2438 1262 2460 teneant
1281 2434 1462 2470 proximatum.
1482 2432 1518 2459 lh.
1539 2444 1560 2460 c.
1577 2436 1615 2459 ll.
1636 2432 1651 2458 l.
1666 2432 1681 2458 l.
1718 2431 1760 2457 Ad
1779 2432 1909 2467 proxima-

1071 2482 1137 2509 tum,
1158 2482 1183 2503 ct
1202 2477 1349 2502 comitivam
1369 2475 1584 2512 dispositionum.
1609 2475 1650 2501 vel
1670 2474 1845 2510 magisterium
1865 2473 1908 2500 ad-

1070 2521 1232 2549 missionum.
1252 2520 1397 2555 pervenire,
1417 2518 1454 2544 lb.
1469 2518 1511 2544 Vl.
1527 2521 1550 2544 2.
1571 2529 1590 2544 c.
1613 2520 1651 2543 12.
1673 2517 1704 2543 de
1723 2517 1811 2542 senat.
1831 2520 1856 2542 et
1876 2516 1908 2543 de

1070 2563 1137 2599 gleb.
1158 2562 1188 2588 cf.
1208 2562 1226 2587 Ι.
1247 2564 1269 2587 5.
1291 2572 1312 2587 c.
1331 2563 1355 2587 8.
1375 2561 1479 2593 (ch.)
1499 2561 1530 2586 dc
1550 2561 1592 2586 oss'.
1613 2560 1664 2586 Prf.
1685 2559 1726 2585 Pr.

1108 2605 1296 2632 Proxiule.
1325 2603 1446 2637 (Advb.)
1476 2604 1505 2636 ξ.
1522 2604 1555 2628 l.
1576 2605 1686 2636 Prope.
1723 2601 1765 2628 111.
1786 2603 1852 2630 0²1.
1870 2602 1907 2629 Vt

1070 2648 1141 2674 adire
1161 2657 1210 2683 qua
1229 2648 1348 2683 proxime
1367 2647 1476 2683 possim.
1497 2645 1527 2671 ad
1548 2644 1724 2671 reficiendum.
1744 2644 1774 2671 fr.
1790 2647 1829 2672 ll.
1846 2646 1867 2679 §.
1883 2647 1905 2672 1.

1071 2701 1162 2717 comm.
1181 2690 1268 2726 praed.
1282 2691 1306 2716 8.
1320 2691 1343 2715 4.
1376 2689 1452 2715 Prox.
1473 2687 1596 2714 accedere
1614 2689 1769 2724 praetextati
1788 2693 1904 2715 aetatem.

1070 2733 1099 2759 fr.
1119 2734 1142 2758 3.
1164 2733 1184 2765 ξ.
1205 2734 1227 2758 6.
1253 2732 1284 2759 dc
1308 2732 1351 2758 lib.
1373 2731 1458 2757 exhib.
1479 2732 1518 2756 43.
1539 2731 1580 2755 30.
1618 2729 1653 2756 Vt
1676 2740 1750 2767 prox.
1775 2741 1804 2757 ac
1826 2740 1904 2767 supra

1069 2776 1191 2802 diximus.
1211 2775 1268 2801 Gai.
1287 2775 1305 2801 Ι.
1327 2777 1383 2801 150.
1404 2774 1433 2799 II.
1452 2774 1492 2799 36.
1513 2774 1553 2799 94.
1573 2772 1674 2799 1V.53.
1694 2789 1725 2792 —
1745 2773 1775 2806 δ.
1788 2775 1823 2800 2.
1844 2774 1903 2799 No-

1071 2820 1202 2845 vissime
1225 2825 1370 2851 tempore.
1408 2816 1426 2842 1.
1447 2817 1508 2850 Sy.
1533 2815 1630 2852 Nuper.
1656 2815 1686 2842 fr.
1706 2818 1747 2842 50.
1771 2815 1803 2842 de
1820 2814 1850 2841 R.
1870 2813 1901 2840 N.

1427 2859 1460 2884 99
