2197 3121
1046 163 1137 194 SUB.

214 259 246 275 ne
260 254 435 275 summutetm·
449 248 496 283 [al.
511 245 733 280 submitteretur]
755 246 851 282 signari
871 244 965 271 solere.
987 245 1017 272 fr.
1035 247 1056 271 1.
1077 246 1079 265 l

212 292 233 326 3.
255 294 279 318 2.
300 291 332 318 dc
353 293 432 328 peric.
453 296 478 317 et
498 300 588 317 comm.
610 291 650 315 18.
670 290 694 315 6.

248 343 493 369 Subnectere.
515 343 689 371 Subiit-ere.
705 342 723 366 S
732 341 914 373 abiungere.
934 338 976 364 III.
990 339 1055 366 Cn.

212 384 381 421 Rescriptum
402 401 433 404 —
453 384 574 410 volumus
595 383 725 414 anteferri,
746 387 771 408 et
789 386 861 418 gesta
876 397 907 400 —
926 381 1054 407 subnecti.

213 427 262 454 Th.
279 427 309 454 C.
324 427 393 453 XVI.
413 429 436 453 5.
458 438 478 453 c.
498 428 539 453 37.
561 426 593 452 dc
612 426 709 452 haeret.

247 478 447 505 Subnixus.
476 477 606 510 (Partic.)
637 477 667 509 ξ.
682 477 716 502 1.
738 477 921 507 Firmatas,
945 476 1054 501 Huni-

211 527 271 548 tus.
309 520 327 546 I.
347 521 408 554 Sy.
438 519 625 546 Conlirmatus.
653 519 682 545 fr.
703 520 726 545 9.
747 519 768 551 3.
787 520 810 545 3.
831 517 863 544 de
883 517 915 544 D.
936 517 965 543 R.
989 520 1010 543 l.
1030 518 1053 543 S.

212 563 253 589 111.
279 564 344 590 (ΤΠ.
374 562 534 589 Firmissima
560 564 661 589 ratione
685 562 794 588 subnixa
820 562 873 592 (sc.
899 561 1053 593 sententia.)

212 606 242 632 sr.
266 607 303 631 IS.
329 606 350 639 3.
370 607 394 631 3.
419 604 451 631 (lt-
476 607 536 643 stip.
562 616 630 632 serv.
652 607 691 630 45.
711 606 735 631 3.
772 603 900 639 Legitima)
921 605 975 630 inre
994 603 1054 629 sub-

211 650 287 675 nixus
309 658 343 674 es.
370 658 390 674 c.
412 649 434 674 4.
460 648 492 674 de
519 648 587 684 lvgit.
609 647 718 674 herrdit.
738 648 760 673 6,
781 649 822 672 58.
843 646 872 672 fr.
896 648 915 672 l.
937 647 1001 680 3.1.
1022 645 1053 672 de

211 691 333 728 superlic.
348 692 388 716 43.
405 693 443 716 18.
474 690 570 717 Verbis
591 690 786 717 fideicommissi
806 699 857 715 non
877 689 988 715 subnixa
1003 691 1052 721 (sc.
1074 704 1075 709 =

211 734 344 771 epistola.)
365 733 394 760 fr.
416 735 455 760 77.
477 734 497 767 3.
517 736 558 760 215.
579 733 612 760 de
631 732 874 769 11›gnt.ll.(31.)—
900 732 930 764 §-
945 733 980 758 2.
1003 733 1053 758 111-
1074 748 1075 763 χ

210 784 372 808 structus,
393 779 575 803 Praedittcs.
612 776 655 803 Ill.
673 777 738 803 Cn.
759 775 843 810 Quom
864 776 913 800 scit
927 779 1052 811 perpetua

211 821 348 846 vacatione
373 819 522 846 subnixum.
549 819 577 845 fr.
599 821 621 845 1.
645 819 666 852 3.
688 819 709 843 1.
730 817 761 843 de
781 828 835 843 vac.
858 822 882 843 ct
902 827 991 843 excuS.
1011 819 1052 843 50.

209 865 233 888 5.
271 862 384 888 Subnixi
410 867 471 888 sunt
497 863 574 888 etiam
594 861 643 888 alio
664 860 809 897 privilegio.
836 859 865 886 fr.
888 861 909 886 l.
934 860 955 894 3.
975 862 999 886 2.
1020 859 1052 885 de
1075 866 1076 871 ¹

210 905 254 931 off.
274 904 326 931 Prf.
352 904 392 931 Pr.
415 907 436 931 1.
460 907 497 931 11.
525 904 607 931 Vatic.
632 904 652 938 3
673 905 732 929 220.
770 902 944 930 concordans
968 903 1054 928 matri-

210 949 338 974 monium.
364 948 431 974 forte
452 953 475 974 et
495 947 585 974 liberis
605 946 751 972 subnixum.
777 946 807 972 fr.
829 948 850 971 l.
871 946 892 979 3
913 948 935 971 5.
957 945 989 972 de
1008 945 1053 971 lib.
1074 940 1076 967 l

210 991 296 1017 exhib.
318 993 358 1017 43.
378 993 418 1017 30.
440 990 471 1017 cf.
492 990 520 1016 fr.
541 993 563 1015 S.
585 999 623 1026 pr.
644 989 676 1015 (le
695 999 749 1015 vac.
771 994 795 1015 et
815 998 903 1015 excus.
925 990 966 1014 50.
986 990 1009 1014 5.

244 1047 469 1072 Snannotare.
508 1046 623 1071 Nolam
644 1045 831 1070 adscribere.
861 1045 957 1070 Notis
975 1053 1054 1069 com-

206 1090 411 1123 prehendere.
449 1087 491 1113 111.
507 1089 573 1115 Cn.
592 1086 714 1113 Reddere
728 1088 777 1119 (sc.
792 1086 906 1118 litteras)
926 1085 1053 1117 Praetori,
1075 1099 1076 1110 i

209 1136 237 1157 ut
262 1131 387 1157 subnotet
411 1141 457 1156 sua
482 1140 571 1161 manu,
597 1129 667 1165 quod
687 1129 765 1156 volet.
796 1129 879 1155 Vatic.
900 1129 922 1163 3.
944 1130 1000 1155 163.
1021 1128 1052 1154 cf.

209 1184 230 1200 c.
250 1176 274 1200 2.
295 1173 327 1200 de
346 1183 419 1199 conv.
441 1173 498 1199 tisci
520 1172 578 1198 (leb.
600 1174 639 1198 10.
660 1174 683 1198 2.
722 1172 780 1198 Non
801 1177 829 1198 ut
848 1172 1051 1203 describant.—

209 1215 256 1242 sed
284 1233 312 1236 —
338 1216 483 1242 subnotent
512 1215 576 1247 sibi.
606 1220 631 1241 et
655 1216 729 1251 quasi
752 1216 926 1241 inventarium
950 1214 1052 1240 faciant.

208 1258 238 1285 fr.
261 1260 299 1284 15.
322 1269 359 1295 pr.
379 1259 411 1285 (Ie
431 1258 485 1285 reb.
505 1263 572 1284 auct.
592 1257 645 1284 iud.
666 1260 706 1284 42.
726 1260 750 1284 5.

242 1309 479 1336 Subnotatio.
517 1311 695 1343 Scriptura
714 1311 826 1335 subtus
846 1309 982 1334 adiecta.
1009 1306 1052 1333 III.

207 1353 274 1380 Gn·
294 1352 368 1387 Quae
383 1369 413 1372 —
426 1351 580 1378 subnotatio
601 1356 706 1377 nostrae
726 1351 930 1388 subscriptionis
945 1351 1053 1387 impres-

206 1396 279 1422 serit.
301 1405 321 1421 c.
337 1396 360 1421 6.
382 1394 413 1420 (1ο
435 1394 486 1420 div.
507 1404 586 1421 rescr.
603 1396 624 1421 1.
644 1396 686 1420 23.
725 1394 826 1420 Seriem
845 1394 990 1419 evectionis
1009 1393 1052 1419 ad—

206 1439 318 1475 spicere,
338 1442 363 1463 et
383 1446 496 1472 congrua
514 1437 700 1464 subnotatione
714 1437 854 1463 dimittere.
874 1435 924 1463 Th.
939 1436 969 1462 C.
985 1435 1051 1462 VIII.

206 1483 230 1506 5.
252 1490 273 1507 c.
287 1482 328 1506 22.
343 1490 382 1516 pr.
403 1479 435 1505 de
455 1489 534 1506 cursu
554 1480 614 1517 pub.
652 1480 778 1507 'sesnbus
794 1496 824 1499 —
839 1479 1051 1506 subnotationem

206 1533 280 1550 suam
301 1522 567 1549 accommodantibus.
588 1533 610 1549 c.
630 1524 653 1549 8.
674 1523 695 1556 3.
716 1526 739 1550 3.
761 1523 792 1549 de
812 1522 927 1549 codicill.
948 1524 971 1548 6.
991 1523 1034 1548 36.

240 1574 470 1600 Subornare.
501 1575 699 1607 Supponere,
722 1575 810 1600 Clam
832 1575 1003 1599 instruere.
1033 1572 1050 1599 I.

206 1617 268 1650 Sy·
288 1616 434 1647 Subiicere,
455 1615 624 1642 Submittcrc.
645 1616 686 1643 Cf.
707 1626 730 1642 v.
751 1616 896 1643 Subiicere.
916 1616 938 1649 3.
958 1618 982 1642 5.
1008 1615 1050 1642 III.
1072 1648 1073 1654 ἵ

207 1660 273 1686 οη.
293 1658 321 1685 Si
342 1658 496 1685 calumniam
516 1658 627 1695 aliquam
647 1660 684 1685 eis
698 1660 832 1689 instruxit,
850 1658 893 1685 vel
907 1658 1051 1685 delatorem

207 1701 368 1728 subornavit.
396 1702 425 1728 fr.
448 1703 469 1728 1.
490 1701 522 1728 de
541 1703 596 1728 iure
616 1707 718 1739 patron.
737 1703 779 1728 37.
801 1703 840 1727 14.
866 1701 938 1727 Paul.
959 1701 989 1728 V.
1011 1703 1049 1727 13.

207 1745 228 1778 3.
248 1746 272 1770 2.
292 1744 359 1770 Nor.
379 1744 469 1770 Maior.
490 1744 522 1770 de
541 1746 696 1771 sanctimon.
710 1744 753 1771 IV.
768 1746 790 1771 6.
812 1755 833 1770 c.
854 1746 876 1770 1.
897 1744 973 1778 3.10.
996 1744 1051 1771 Nec

207 1788 338 1823 exquisita
364 1788 518 1814 commentis
541 1798 584 1814 ars
608 1787 738 1814 eiusmodi
762 1787 933 1818 subornetur,
954 1791 982 1813 ut
1001 1792 1050 1813 etc.

207 1829 257 1856 Th.
278 1829 309 1856 C.
328 1829 372 1856 IX.
392 1832 434 1856 40.
455 1840 475 1856 c.
497 1832 536 1856 15.
557 1830 589 1856 de
608 1840 685 1867 poen.

241 1873 489 1899 Subornator.
516 1875 579 1906 Qui
597 1875 698 1899 alium
718 1875 920 1899 subornavit.
947 1873 965 1900 I.
987 1874 1073 1912 ›Sy-4

206 1914 350 1941 Mandator.
370 1915 441 1941 Paul.
462 1915 493 1942 V.
516 1917 555 1942 13.
575 1916 596 1949 3.
616 1918 640 1942 2.
661 1916 691 1942 fr.
711 1918 735 1941 2.
756 1916 777 1949 3.
791 1917 815 1942 5.
835 1915 864 1942 fr.
878 1917 920 1942 24.
942 1915 974 1942 de
994 1917 1049 1943 iure

206 1958 273 1984 fisci.
294 1960 335 1984 49.
356 1960 394 1983 14.

240 2001 473 2034 subponere.
511 2001 552 2027 Cf.
572 2011 596 2027 v.
616 2001 781 2038 Supponere.
1070 2003 1072 2018 ¹

240 2044 466 2077 Subrepere.
513 2046 623 2071 Falsis
657 2045 926 2078 adlegationibus
957 2054 1048 2078 ertpe-

206 2093 278 2113 tere.
316 2086 357 2112 III.
372 2087 439 2113 Cu.
459 2086 632 2120 Subrependo
648 2086 690 2119 [al.
705 2086 884 2123 surripiendo]
905 2086 1047 2124 postulare.

206 2128 255 2155 Th.
276 2129 307 2155 C.
327 2129 356 2155 II.
377 2131 418 2155 2-3.
439 2139 459 2155 c.
477 2131 498 2156 1.
519 2129 540 2162 3.
555 2132 579 2155 2.
599 2129 631 2155 de
650 2129 681 2155 Ιί.
702 2129 732 2155 V.
771 2129 932 2166 Subreptum
952 2135 1000 2161 est,
1021 2135 1049 2157 ut

208 2176 256 2197 etc.
274 2171 311 2197 lb.
332 2171 350 2198 1.
372 2173 410 2197 ll.
432 2182 452 2198 c.
473 2173 495 2198 2.
516 2171 548 2198 de
568 2172 611 2198 ot'f.
632 2171 707 2198 Com.
726 2174 764 2199 rei
783 2174 849 2209 priv.

241 2214 512 2247 Sum-eptieius.
550 2214 687 2247 (Adiect.)
725 2217 784 2242 Per·
808 2218 1071 2250 subreptionem.

208 2259 384 2290 quaesitus.
422 2257 464 2283 Ill.
489 2259 554 2285 (711.
583 2257 759 2294 Subrepticiis
789 2258 837 2291 [al.
867 2260 1046 2296 surreptitiis]

208 2308 284 2324 nemo
303 2299 540 2335 supplicationibus
561 2300 717 2326 admittatur.
739 2299 788 2326 Th.
809 2300 840 2327 C.
860 2301 903 2328 IX.
923 2304 965 2328 26.
986 2313 1006 2329 c.
1022 2304 1047 2329 3.

208 2340 240 2367 ad
259 2340 288 2367 L.
308 2340 347 2366 Iul
376 2341 407 2367 de
425 2343 491 2369 amb.
529 2343 706 2380 Subrepticiis
731 2344 867 2380 rescriptis
892 2345 1047 2382 impetratis.

208 2384 341 2419 consequi.
362 2383 398 2409 lb.
419 2384 486 2411 XIII.
502 2388 540 2412 11.
561 2396 582 2412 c.
597 2387 620 2412 9.
641 2384 673 2411 dc
693 2386 815 2412 censitor.
835 2386 906 2413 XIV.
925 2390 950 2413 3.
971 2398 991 2414 c.
1005 2390 1047 2415 20.

208 2425 241 2452 de
262 2427 355 2462 pistor.

242 2468 455 2501 Subreptio.
490 2471 685 2504 Impetratio
708 2473 922 2498 calumniosis
947 2483 1045 2508 argu-

208 2514 322 2537 mentis
341 2513 466 2537 elicita.
496 2511 513 2537 1.
534 2514 594 2546 Sy.
614 2514 753 2550 Obreptio.
774 2514 814 2540 Cf.
835 2513 859 2540 li.
879 2524 902 2540 v.
923 2515 965 2541 111,
980 2517 1045 2543 Cn.

208 2554 282 2590 Quae
308 2553 464 2590 quibusdam
485 2554 612 2581 cuniculis
631 2561 656 2582 et
674 2556 890 2593 subreptionibus
910 2558 1045 2594 impetrata
1067 2585 1068 2591 ἵ

207 2601 359 2623 noscuntur.
380 2596 533 2623 Tll.C.X1.
546 2599 588 2623 23.
609 2608 630 2623 c.
649 2600 672 2624 3.
693 2599 725 2625 de
745 2604 886 2636 protostas.
922 2600 1045 2627 Elicitum

207 2639 347 2666 damnabili
367 2640 537 2676 subreptione
551 2641 714 2676 rescriptum.
734 2642 770 2668 1b.
784 2642 802 2668 1.
817 2646 840 2668 2.
862 2653 883 2669 c.
898 2644 920 2668 9.
941 2642 1044 2676 (ch.)

207 2682 239 2709 de
258 2681 310 2708 div.
330 2692 410 2708 rescr.
447 2682 556 2709 Precum
575 2682 746 2719 subreptione
763 2695 870 2712 merere.
890 2685 926 2712 lb.
947 2685 989 2712 III.
1005 2688 1044 2712 10.

207 2736 228 2752 c.
244 2727 266 2750 1.
286 2725 308 2750 si
328 2730 400 2761 nupt.
419 2735 451 2752 ex
471 2735 549 2751 rescr.

239 2768 499 2800 Sum-optivus.
519 2767 648 2801 (Adiect.)
670 2770 906 2802 subrepticius.
926 2770 1043 2798 111οη.

207 2810 365 2847 Subreptiva
388 2820 538 2847 promerere
562 2811 697 2848 petitione.
723 2809 773 2837 Th.
793 2811 823 2839 C.
843 2812 873 2840 V.
897 2815 935 2840 13.
961 2824 981 2840 c.
1000 2815 1042 2840 38.

1071 2044 1079 2054 ”
1094 2044 1156 2080 (qui
1176 2044 1447 2074 commonitoriorum,
1472 2048 1516 2069 aut
1539 2043 1697 2080 apocbarum
1722 2042 1800 2068 tidem
1822 2051 1852 2067 su

1881 165 1943 194 9t9

1103 244 1207 278 (ch.)
1227 244 1259 270 X.
1274 248 1315 271 20.
1337 255 1357 271 c.
1379 247 1416 271 11.
1438 245 1470 271 (le
1490 245 1606 281 murileg.
1644 244 1776 281 Rcscripti
1796 244 1943 280 subreptivi

1102 287 1255 314 defensione
1275 288 1382 313 munire.
1403 288 1439 314 lb.
1459 288 1515 314 XII.
1538 290 1576 314 16.
1598 298 1618 314 c.
1638 290 1659 314 l.
1680 287 1712 314 de
1731 287 1870 323 mancipib.

1135 331 1353 363 subripere,
1375 340 1395 356 S.
1416 331 1629 364 Sul-ripere.
1652 332 1683 363 §.
1699 332 1732 357 1.
1754 332 1941 356 Subducere.

1077 376 1078 384 ¹
1100 373 1142 399 ΙΙΙ.
1164 374 1230 400 Cn.
1257 372 1307 399 Vix
1333 373 1388 399 lieri
1413 378 1515 409 potest.
1537 378 1564 399 ut
1584 390 1610 393 —
1635 383 1738 399 onmem
1756 373 1863 399 testium
1884 382 1943 398 con-

1100 417 1235 442 scientiam
1254 425 1324 441 mors
1345 417 1477 442 coniurata
1497 417 1628 453 surripiat.
1650 416 1699 442 Th.
1720 415 1751 442 C.
1767 415 1811 442 IV.
1832 416 1855 441 4.
1877 425 1898 440 c.
1918 416 1941 440 6.

1100 459 1132 484 de
1152 464 1253 485 tostam.
1273 463 1299 484 et.
1317 458 1400 484 codic.
1418 475 1449 478 -
1470 460 1500 492 ἓ.
1514 461 1547 485 2.
1569 461 1785 493 ΙηΙενυίμει-ε,
1806 460 1941 484 Subtra—

1099 503 1289 537 lterefurto.
1326 500 1344 527 1.
1360 502 1421 535 Sy·
1441 501 1540 528 furari.
1561 501 1601 528 Cf.
1622 502 1646 528 h.
1667 512 1689 528 v.
1711 501 1878 538 intercipere.
1899 499 1940 526 Cf.

1099 544 1123 571 h.
1144 554 1167 570 v.
1186 544 1252 577 3.1.
1288 543 1427 570 Amovere.
1448 544 1489 570 Cf.
1509 544 1534 571 b.
1555 555 1577 570 v.
1598 546 1617 578 3.
1631 547 1655 570 2.
1680 544 1798 570 Auferre.
1821 543 1861 570 Cf.
1877 542 1901 569 b.
1916 553 1940 568 v.

1099 587 1158 620 31.
1178 586 1347 613 subtrahere.
1368 587 1424 613 Gai.
1439 587 1481 614 111,
1498 589 1554 613 199.
1569 597 1608 623 sq.
1629 589 1687 613 202.
1707 589 1765 613 204.
1786 588 1845 612 207.
1866 585 1940 612 Paul.

1098 629 1128 656 II.
1149 631 1190 656 31.
1211 630 1247 663 33
1270 632 1308 656 17.
1331 631 1369 656 19.
1391 640 1446 666 sqq.
1466 630 1497 656 fr.
1520 632 1558 656 14.
1579 631 1614 664 33.
1630 633 1653 656 5.
1668 640 1706 666 sq.
1728 629 1760 656 de
1780 630 1838 656 furt..
1860 630 1900 655 47.
1914 630 1939 654 2.

1075 686 1076 689 ¹
1098 672 1140 698 III.
1157 674 1222 700 Cn.
1243 672 1345 701 Celare.
1365 672 1511 709 subripere,
1531 673 1668 704 subiicere.
1688 674 1828 708 resignare.
1849 672 1878 698 fr.
1901 672 1940 697 16.

1097 716 1118 749 3.
1139 718 1162 742 2.
1182 715 1214 741 (Ie
1234 714 1261 741 L.
1283 715 1363 741 Corn.
1384 715 1416 742 de
1436 715 1492 742 faIS.
1512 718 1553 742 4:2⁴.
1576 718 1614 742 10.
1636 716 1666 742 cf.
1686 715 1758 742 Paul.
1774 715 1803 741 V.
1817 717 1858 741 27.
1879 714 1900 748 3
1919 716 1938 740 I.

1097 757 1241 795 Subripere
1261 758 1401 795 quaedam,
1422 763 1447 785 et
1468 769 1648 796 corrumpere,
1675 764 1751 795 atquc
1777 767 1938 785 consumere.

1098 801 1127 827 fr.
1147 803 1188 826 41.
1211 801 1232 834 3.
1255 803 1276 827 l.
1297 801 1329 828 (le
1348 801 1450 828 liberali
1471 812 1491 828 c.
1511 803 1553 828 40.
1575 803 1614 828 12.
1653 802 1705 836 Qui
1730 801 1860 827 hominvm
1880 799 1940 825 sub-

1098 844 1191 880 ripuit,
1216 848 1241 869 et
1266 844 1370 870 occidit.
1396 844 1426 871 fr.
1445 846 1469 871 2.
1496 845 1531 878 33.
1555 846 1576 871 l.
1596 846 1619 870 6.
1644 844 1676 870 de
1696 845 1762 880 priv.
1783 843 1833 870 del.
1853 844 1894 868 47.
1917 844 1938 868 l.

1098 886 1127 913 Si
1147 887 1205 922 quis
1231 891 1370 913 extraneus
1395 897 1447 914 rem
1473 887 1670 918 hereditariam.
1695 888 1769 923 quasi
1789 886 1940 922 subripiens

1098 929 1140 955 vel
1164 929 1299 965 expilatis,
1326 935 1403 956 tenet,
1431 930 1460 956 fr.
1479 933 1520 956 21.
1541 940 1580 967 pr.
1601 930 1633 956 de
1652 930 1684 956 A.
1705 940 1728 956 v.
1749 929 1781 956 Ο.
1804 929 1833 955 11.
1853 930 1894 954 29.
1914 930 1938 953 2.

1098 972 1183 1008 Saepe
1202 973 1228 997 in
1248 972 1305 998 aliis
1326 973 1475 999 civitatibus
1495 973 1634 1010 subreptas
1655 983 1705 1004 res,
1726 974 1750 998 in
1771 971 1834 998 alias
1851 988 1879 991 —
1898 970 1939 996 [lc-

1098 1016 1179 1041 stinat
1202 1014 1242 1041 fur
1261 1015 1376 1051 perferre
1409 1016 1464 1042 Gai.
1485 1016 1526 1042 III.
1550 1018 1605 1043 184.
1626 1016 1657 1042 cf.
1678 1015 1707 1042 11.
1729 1017 1768 1042 79.
1788 1015 1817 1041 fr.
1837 1016 1878 1039 22.
1899 1023 1938 1050 pr.

1075 1079 1076 1084 ,
1098 1057 1131 1084 de
1150 1058 1219 1094 pign.
1239 1063 1287 1084 act.
1309 1060 1348 1084 13.
1369 1060 1391 1084 7.
1417 1058 1445 1084 fr.
1466 1060 1489 1084 ⁴.
1513 1060 1535 1093 3
1555 1060 1578 1085 6.
1600 1059 1631 1086 de
1651 1069 1740 1096 usurp.
1760 1059 1802 1084 41.
1821 1058 1845 1083 3.
1866 1055 1938 1082 Paul.

1098 1100 1127 1126 11.
1147 1102 1188 1127 31.
1211 1101 1232 1134 ξ.
1252 1102 1293 1127 34,
1426 1133 1429 1136 ,

1132 1144 1359 1178 Subrogare.
1397 1144 1427 1176 ἓ.
1448 1145 1482 1170 l.
1508 1146 1694 1179 Rogatione
1711 1145 1823 1180 facta,
1852 1144 1938 1169 adii-

1097 1196 1165 1213 cere
1183 1189 1320 1221 aliquid.
1358 1186 1450 1221 LSgJ.
1470 1186 1591 1213 Adiiccre
1610 1188 1708 1223 primae
1727 1186 1786 1222 legi.
1808 1185 1867 1222 le.
1882 1184 1900 1210 1.
1914 1186 1938 1210 3.

1098 1245 1130 1248 —
1150 1229 1181 1262 §.
1200 1231 1235 1255 2.
1257 1231 1441 1265 Snfficew,
1464 1231 1678 1256 Substituere.
1715 1229 1732 1255 1.
1754 1230 1815 1263 Sy.
1836 1228 1939 1254 Substi-

1098 1277 1178 1298 tuerc.
1209 1271 1258 1298 Th.
1279 1272 1309 1298 C.
1332 1271 1374 1299 VI.
1394 1274 1417 1298 4.
1442 1282 1463 1298 c.
1486 1273 1525 1298 12.
1546 1272 1578 1298 de
1597 1272 1680 1298 Praei.
1702 1277 1727 1298 et
1747 1272 1798 1307 Qu.
1828 1270 1874 1297 Iul.
1898 1280 1937 1306 ep.

1074 1342 1075 1351 ἵ
1098 1325 1157 1341 nov.
1178 1325 1198 1341 c.
1218 1316 1259 1341 26.
1284 1315 1305 1348 3.
1326 1316 1366 1342 97.
1403 1314 1446 1341 111.
1469 1316 1534 1342 Cn.
1560 1315 1672 1342 Comitia
1692 1315 1798 1345 IIviris,
1823 1313 1938 1342 IVviris,

1097 1358 1174 1384 aliive
1198 1359 1239 1384 cui
1262 1359 1424 1393 magistratui
1448 1358 1577 1394 rogandi).
1605 1357 1807 1393 subrogandove
1835 1356 1938 1382 habere.

1097 1400 1161 1427 Tab.
1181 1400 1283 1427 Heracl.
1302 1402 1344 1427 ’.ἶ-1.
1364 1410 1404 1437 sq.
1424 1411 1475 1427 aer.
1496 1400 1577 1438 Neap.
1616 1401 1699 1436 Quasi
1723 1401 1749 1426 in
1768 1399 1827 1426 loco
1848 1399 1939 1425 tertiae

1097 1443 1206 1474 tutelae,
1231 1448 1321 1480 quarta
1341 1443 1515 1479 subroganda.
1540 1443 1569 1470 fr.
1589 1445 1630 1469 31.
1650 1454 1689 1480 pr.
1711 1443 1742 1469 de
1761 1447 1877 1470 excusat.
1896 1443 1937 1467 27.

1099 1489 1119 1513 l.
1157 1486 1210 1513 Alii
1230 1488 1255 1512 in
1276 1497 1365 1513 corum
1385 1486 1480 1518 locum,
1502 1488 1545 1522 qni
1565 1487 1590 1512 in
1612 1486 1719 1512 eandem
1739 1485 1892 1522 dignitatem
1906 1501 1937 1504 -—

1073 1517 1074 1526 f
1096 1529 1235 1556 subsortiti
1250 1528 1359 1559 fuerant.
1379 1529 1564 1565 subrogentur.
1585 1528 1634 1555 Th.
1649 1529 1679 1555 C.
1694 1528 1710 1555 I.
1728 1528 1744 1554 l.
1765 1539 1785 1555 c.
1802 1531 1841 1555 12.
1862 1538 1882 1554 c.
1896 1529 1937 1553 21.

1073 1583 1074 1588 ¹
1096 1573 1117 1606 3.
1132 1575 1155 1598 2.
1175 1572 1232 1598 XII.
1254 1574 1276 1598 1.
1297 1582 1317 1598 c.
1340 1573 1395 1598 120.
1416 1571 1448 1597 ‹lc
1468 1572 1601 1598 decurion.
1638 1571 1693 1598 Illis
1714 1572 1827 1597 testibus
1849 1588 1877 1591 —
1900 1580 1938 1596 se·

1095 1617 1202 1652 paratis,
1222 1614 1287 1641 alios
1307 1614 1451 1650 subrogari.
1472 1625 1492 1641 c.
1506 1616 1547 1640 2³5.
1568 1624 1606 1651 pr.
1627 1614 1659 1640 de
1679 1620 1779 1641 testam.
1800 1616 1824 1640 6.
1843 1616 1885 1640 23.

1130 1659 1335 1685 subruere.
1373 1657 1404 1690 §-
1425 1658 1459 1684 1.
1487 1659 1690 1689 Snbvertere,
1712 1659 1880 1683 Demoliri.
1917 1656 1936 1682 1.

1096 1702 1157 1735 Sy.
1185 1701 1339 1727 Destruet-e.
1369 1700 1417 1726 Th.
1439 1700 1469 1726 C.
1488 1699 1547 1726 XV.
1570 1702 1590 1726 l.
1617 1710 1637 1726 c.
1657 1701 1697 1726 415.
1723 1710 1761 1736 sq.
1804 1699 1846 1725 III.
1871 1700 1937 1726 Cn.

1096 1744 1220 1770 Subrutis
1241 1742 1288 1777 [al.
1309 1742 1460 1779 subruptis]
1481 1743 1603 1769 omnibus
1621 1759 1653 1762 ——
1673 1742 1799 1768 aediliciis
1820 1747 1867 1768 etc.
1900 1741 1936 1767 lb.

1096 1797 1116 1813 c.
1136 1788 1177 1812 47.
1198 1786 1214 1812 I.
1236 1802 1265 1806 —
1287 1787 1318 1819 §.
1335 1787 1370 1812 2.
1390 1788 1559 1817 Eoertere,
1578 1787 1805 1821 Labefaccare.
1838 1785 1855 1811 I.
1874 1786 1937 1818 Sy.

1072 1831 1073 1835 ’
1095 1829 1221 1856 Lacerare
1235 1830 1412 1866 (patrimonia.
1428 1839 1452 1855 v.
1466 1833 1562 1855 statum
1576 1828 1798 1865 provincialium.)
1818 1828 1855 1854 Ib.
1869 1827 1936 1853 VIII.

1095 1875 1117 1898 5.
1138 1882 1159 1898 c.
1181 1874 1219 1898 15.
1241 1882 1278 1908 sq.
1305 1872 1337 1898 de
1364 1882 1442 1898 cursu
1466 1871 1527 1909 pub.
1558 1871 1625 1898 Nov.
1646 1871 1703 1898 Val.
1723 1871 1765 1897 111.
1790 1871 1822 1897 de
1846 1870 1936 1897 tribut.

1094 1915 1150 1942 [isc.
1170 1914 1200 1941 II.
1224 1916 1261 1941 19.
1282 1925 1302 1941 c.
1326 1916 1346 1941 l.
1367 1915 1388 1948 3.
1410 1916 1432 1940 7.

1128 1959 1398 1990 Subrunupere.
1435 1957 1476 1984 Cf.
1497 1967 1521 1983 v.
1541 1957 1684 1984 Subruere.
1705 1957 1726 1991 3.
1749 1959 1770 1983 l.

1128 2001 1503 2027 Subscribendarius.
1560 2003 1663 2027 Genus
1701 2001 1934 2036 officialium,

1855 2041 1936 2068 bscri-

1094 2088 1183 2122 ptione
1196 2086 1381 2118 testabantur.)
1401 2085 1443 2112 111.
1460 2087 1525 2113 Cn.
1545 2085 1785 2115 Subscribendarii.
1805 2084 1935 2115 tabularii,

1093 2129 1227 2160 diui-narii.
1247 2129 1408 2166 logograpffl,
1428 2129 1573 2160 censuales.
1588 2145 1617 2149 —
1639 2139 1666 2155 ea
1686 2128 1837 2154 conditione
1857 2128 1935 2154 curiis

1093 2172 1265 2208 adgregentur
1284 2177 1331 2199 etc.
1353 2172 1402 2198 Th.
1417 2171 1448 2198 C.
1464 2172 1530 2198 VIII.
1545 2174 1568 2198 4,
1589 2182 1609 2197 c.
1626 2172 1649 2197 8.
1670 2172 1735 2205 31.
1755 2170 1788 2197 de
1808 2170 1933 2197 cohortal.

1094 2215 1124 2242 cf.
1146 2214 1199 2241 VII.
1219 2218 1243 2241 4.
1263 2226 1284 2242 c.
1306 2217 1328 2241 l.
1349 2215 1381 2241 de
1400 2225 1461 2250 erog
1489 2214 1541 2240 mil.
1562 2224 1620 2240 ann.

1127 2258 1387 2285 Sulmcribere·
1416 2258 1446 2290 ξ.
1463 2258 1497 2283 1.
1519 2259 1722 2288 Adseribere.
1744 2259 1932 2283 Subnotare.

1092 2301 1135 2327 111.
1154 2303 1220 2329 Gn.
1240 2300 1344 2327 Libello
1365 2299 1500 2326 cuiusdam
1515 2315 1546 2319 —
1566 2299 1630 2336 Imp.
1650 2300 1800 2326 Antoninus
1819 2299 1934 2325 subscri-

1093 2345 1159 2380 psit:
1179 2343 1281 2375 „Posse
1301 2353 1358 2369 eum
1378 2344 1414 2368 uti
1436 2342 1459 2368 d.
1481 2352 1511 2368 m.
1533 2344 1716 2379 exceptione.⁴'
1738 2342 1769 2368 fr.
1787 2343 1828 2368 32.
1850 2342 1871 2374 3.
1893 2343 1932 2368 14.

1092 2386 1124 2412 de
1144 2396 1195 2412 rec.
1216 2387 1260 2422 qui
1280 2386 1334 2411 arb.
1354 2387 1378 2411 4.
1398 2386 1421 2411 S.
1443 2384 1474 2412 cf.
1498 2395 1517 2411 c.
1538 2387 1562 2411 2.
1583 2385 1615 2412 de
1634 2385 1734 2411 adsess.
1757 2387 1777 2411 l.
1797 2386 1837 2410 51.
1875 2384 1934 2411 Ser-

1091 2430 1149 2455 vius
1174 2428 1240 2454 duos
1264 2428 1347 2454 libros
1373 2427 1404 2454 ad
1424 2428 1535 2454 Brutum
1559 2438 1682 2464 perquam
1706 2428 1877 2454 brevissimos
1901 2427 1933 2454 ad

1091 2471 1204 2498 edictum
1225 2471 1390 2507 subscriptos
1410 2470 1525 2507 reliquit.
1546 2471 1575 2497 fr.
1589 2473 1613 2496 2.
1633 2471 1654 2504 3.
1673 2472 1714 2496 44.
1734 2470 1766 2496 de
1785 2470 1818 2496 Ο.
1838 2470 1856 2496 1.
1872 2472 1894 2496 1.
1907 2472 1932 2496 2.

1068 2523 1069 2533 ¹
1091 2530 1123 2533 —
1143 2515 1173 2547 §0
1189 2515 1224 2539 2.
1249 2515 1382 2540 Tabulis
1402 2516 1561 2540 subiicere
1580 2523 1687 2540 nomen
1706 2523 1811 2545 sunm,
1830 2514 1932 2547 (carmi—

1091 2559 1131 2583 nis
1151 2566 1239 2583 earum
1259 2555 1446 2592 comprobandi
1463 2558 1561 2587 causa)
1598 2555 1615 2582 I.
1631 2557 1692 2589 Sy.
1713 2555 1829 2591 Signare.
1850 2555 1891 2582 Cf.
1906 2556 1931 2582 h.

1067 2594 1068 2603 ¹
1091 2611 1114 2626 v.
1134 2601 1155 2633 3.
1175 2601 1198 2625 3.
1236 2598 1405 2635 Subsignare.
1428 2599 1458 2626 sr.
1477 2600 1519 2624 39.
1540 2609 1578 2635 pr.
1598 2598 1631 2624 de
1651 2597 1682 2624 V.
1701 2597 1729 2625 S.
1749 2601 1790 2625 50.
1811 2601 1851 2626 16.
1887 2599 1930 2625 III.

1067 2639 1069 2644 ’
1091 2644 1156 2670 Cn.
1176 2642 1228 2677 Qui
1249 2643 1373 2674 rationes,
1393 2647 1465 2669 acta.
1485 2641 1601 2671 libellos.
1621 2656 1652 2660 —-
1673 2640 1858 2679 chirographa,
1878 2643 1930 2679 cpi-

1090 2684 1172 2710 stolas
1188 2701 1217 2705 —
1239 2684 1374 2715 deleverit.
1395 2685 1542 2715 mutaverit,
1562 2683 1713 2715 subiecerit,
1733 2684 1928 2722 subscripserit.

1090 2727 1160 2753 Paul.
1181 2727 1211 2753 V.
1231 2730 1272 2754 25.
1291 2729 1313 2761 3.
1333 2730 1356 2753 5.
1395 2726 1493 2762 Vtique
1517 2737 1569 2752 non
1594 2728 1632 2752 sic
1655 2726 1758 2753 solebat
1783 2738 1860 2754 servo
1881 2737 1928 2753 suo

1088 2785 1121 2789 —
1140 2771 1255 2797 rationes
1275 2769 1457 2799 subscribere.
1478 2769 1524 2794 scd
1545 2770 1579 2795 ita
1599 2774 1627 2796 ut
1645 2769 1750 2806 legeret,
1771 2771 1929 2797 examinaret

1088 2818 1136 2839 etc.
1156 2812 1186 2840 sr.
1206 2816 1247 2839 52.
1268 2813 1300 2839 de
1320 2811 1395 2838 cond.
1416 2816 1441 2837 et
1460 2811 1526 2838 dem.
1546 2813 1588 2838 35.
1609 2815 1631 2839 1.
1652 2812 1683 2839 cf.
1704 2813 1734 2840 sr.
1754 2815 1791 2839 13.
1811 2813 1832 2845 3.
1854 2814 1876 2838 l.
1896 2811 1928 2837 dv
