<?xml version="1.0" encoding="UTF-8"?>
<!DOCTYPE html PUBLIC "-//W3C//DTD XHTML 1.0 Transitional//EN"
    "http://www.w3.org/TR/xhtml1/DTD/xhtml1-transitional.dtd">
<html xmlns="http://www.w3.org/1999/xhtml" xml:lang="en" lang="en">
 <head>
  <title>
</title>
<meta http-equiv="Content-Type" content="text/html;charset=utf-8" />
  <meta name='ocr-system' content='tesseract 3.04.00' />
  <meta name='ocr-capabilities' content='ocr_page ocr_carea ocr_par ocr_line ocrx_word'/>
</head>
<body>
  <div class='ocr_page' id='page_1' title='image "./manualelatinitat00dirk_0540.png"; bbox 0 0 2197 3121; ppageno 0'>
   <div class='ocr_carea' id='block_1_1' title="bbox 256 167 318 198">
    <p class='ocr_par' dir='ltr' id='par_1_1' title="bbox 256 167 318 198">
     <span class='ocr_line' id='line_1_1' title="bbox 256 167 318 198; baseline -0.016 0"><span class='ocrx_word' id='word_1_1' title='bbox 256 167 318 198; x_wconf 81' lang='lat'>526</span> 
     </span>
    </p>
   </div>
   <div class='ocr_carea' id='block_1_2' title="bbox 257 239 1135 2431">
    <p class='ocr_par' dir='ltr' id='par_1_2' title="bbox 257 239 1101 328">
     <span class='ocr_line' id='line_1_2' title="bbox 258 239 1101 286; baseline -0.012 -10"><span class='ocrx_word' id='word_1_2' title='bbox 258 249 354 286; x_wconf 87' lang='lat' dir='ltr'>quibus</span> <span class='ocrx_word' id='word_1_3' title='bbox 374 247 440 285; x_wconf 84' lang='lat' dir='ltr'>lapis</span> <span class='ocrx_word' id='word_1_4' title='bbox 461 256 580 273; x_wconf 78' lang='lat' dir='ltr'>crescere</span> <span class='ocrx_word' id='word_1_5' title='bbox 599 245 694 282; x_wconf 79' lang='lat' dir='ltr'>possit.</span> <span class='ocrx_word' id='word_1_6' title='bbox 715 243 744 270; x_wconf 83' lang='lat' dir='ltr'>fr.</span> <span class='ocrx_word' id='word_1_7' title='bbox 767 244 805 270; x_wconf 85' lang='lat'>18.</span> <span class='ocrx_word' id='word_1_8' title='bbox 826 252 866 280; x_wconf 85' lang='lat' dir='ltr'>pr.</span> <span class='ocrx_word' id='word_1_9' title='bbox 888 241 903 269; x_wconf 91' lang='lat' dir='ltr'>l.</span> <span class='ocrx_word' id='word_1_10' title='bbox 922 243 963 268; x_wconf 83' lang='lat'>23.</span> <span class='ocrx_word' id='word_1_11' title='bbox 983 242 1008 267; x_wconf 89' lang='lat'>5.</span> <span class='ocrx_word' id='word_1_12' title='bbox 1045 239 1101 266; x_wconf 91' lang='lat' dir='ltr'>Pri-</span> 
     </span>
     <span class='ocr_line' id='line_1_3' title="bbox 257 283 1007 328; baseline -0.011 -10"><span class='ocrx_word' id='word_1_13' title='bbox 257 298 331 318; x_wconf 78' lang='lat' dir='ltr'>vatae</span> <span class='ocrx_word' id='word_1_14' title='bbox 351 291 515 328; x_wconf 77' lang='lat' dir='ltr'>lapidicinae.</span> <span class='ocrx_word' id='word_1_15' title='bbox 537 289 586 315; x_wconf 71' lang='lat' dir='ltr'>Th.</span> <span class='ocrx_word' id='word_1_16' title='bbox 607 288 639 314; x_wconf 88' lang='lat' dir='ltr'>C.</span> <span class='ocrx_word' id='word_1_17' title='bbox 659 287 691 313; x_wconf 82' lang='grc' dir='ltr'>Χ.</span> <span class='ocrx_word' id='word_1_18' title='bbox 714 288 752 313; x_wconf 94' lang='lat'>19.</span> <span class='ocrx_word' id='word_1_19' title='bbox 774 295 795 312; x_wconf 93' lang='lat' dir='ltr'>c.</span> <span class='ocrx_word' id='word_1_20' title='bbox 815 288 839 312; x_wconf 76' lang='grc' dir='ltr'>δ.</span> <span class='ocrx_word' id='word_1_21' title='bbox 859 284 891 312; x_wconf 84' lang='lat' dir='ltr'>de</span> <span class='ocrx_word' id='word_1_22' title='bbox 910 283 1007 311; x_wconf 80' lang='lat' dir='ltr'>metali.</span> 
     </span>
    </p>

    <p class='ocr_par' dir='ltr' id='par_1_3' title="bbox 257 326 1125 758">
     <span class='ocr_line' id='line_1_4' title="bbox 293 326 1102 367; baseline -0.012 -6"><span class='ocrx_word' id='word_1_23' title='bbox 293 335 475 367; x_wconf 61' lang='lat' dir='ltr'>laminas,</span> <span class='ocrx_word' id='word_1_24' title='bbox 501 333 531 366; x_wconf 73' lang='lat'>§-</span> <span class='ocrx_word' id='word_1_25' title='bbox 545 334 578 359; x_wconf 94' lang='lat'>1.</span> <span class='ocrx_word' id='word_1_26' title='bbox 599 332 716 364; x_wconf 72' lang='lat' dir='ltr'>Lapis,</span> <span class='ocrx_word' id='word_1_27' title='bbox 738 331 865 356; x_wconf 73' lang='lat' dir='ltr'>Saxum.</span> <span class='ocrx_word' id='word_1_28' title='bbox 885 327 928 354; x_wconf 90' lang='lat' dir='ltr'>III.</span> <span class='ocrx_word' id='word_1_29' title='bbox 943 328 1010 354; x_wconf 77' lang='lat' dir='ltr'>Cn.</span> <span class='ocrx_word' id='word_1_30' title='bbox 1030 326 1102 361; x_wconf 86' lang='lat' dir='ltr'>Quo-</span> 
     </span>
     <span class='ocr_line' id='line_1_5' title="bbox 258 369 1102 414; baseline -0.012 -10"><span class='ocrx_word' id='word_1_31' title='bbox 258 378 323 404; x_wconf 84' lang='lat' dir='ltr'>libet</span> <span class='ocrx_word' id='word_1_32' title='bbox 342 376 508 414; x_wconf 84' lang='lat' dir='ltr'>prohibentis</span> <span class='ocrx_word' id='word_1_33' title='bbox 528 379 601 404; x_wconf 81' lang='lat' dir='ltr'>actu,</span> <span class='ocrx_word' id='word_1_34' title='bbox 626 375 642 400; x_wconf 96' lang='lat' dir='ltr'>i.</span> <span class='ocrx_word' id='word_1_35' title='bbox 663 383 684 399; x_wconf 86' lang='lat' dir='ltr'>e..</span> <span class='ocrx_word' id='word_1_36' title='bbox 709 372 750 399; x_wconf 76' lang='lat' dir='ltr'>vel</span> <span class='ocrx_word' id='word_1_37' title='bbox 771 371 883 398; x_wconf 85' lang='lat' dir='ltr'>dicentis</span> <span class='ocrx_word' id='word_1_38' title='bbox 903 380 932 396; x_wconf 84' lang='lat' dir='ltr'>se</span> <span class='ocrx_word' id='word_1_39' title='bbox 950 369 1102 406; x_wconf 68' lang='lat' dir='ltr'>prohibere,</span> 
     </span>
     <span class='ocr_line' id='line_1_6' title="bbox 258 411 1103 456; baseline -0.012 -9"><span class='ocrx_word' id='word_1_40' title='bbox 258 421 301 447; x_wconf 78' lang='lat' dir='ltr'>vel</span> <span class='ocrx_word' id='word_1_41' title='bbox 320 430 423 446; x_wconf 86' lang='lat' dir='ltr'>manum</span> <span class='ocrx_word' id='word_1_42' title='bbox 443 418 612 456; x_wconf 79' lang='lat' dir='ltr'>opponentis,</span> <span class='ocrx_word' id='word_1_43' title='bbox 633 415 785 453; x_wconf 84' lang='lat' dir='ltr'>lapillumve</span> <span class='ocrx_word' id='word_1_44' title='bbox 804 413 924 441; x_wconf 76' lang='lat' dir='ltr'>iactantis</span> <span class='ocrx_word' id='word_1_45' title='bbox 943 411 1103 450; x_wconf 84' lang='lat' dir='ltr'>prohibendi</span> 
     </span>
     <span class='ocr_line' id='line_1_7' title="bbox 258 454 1125 501; baseline -0.014 -10"><span class='ocrx_word' id='word_1_46' title='bbox 258 465 347 501; x_wconf 76' lang='lat' dir='ltr'>gratia.</span> <span class='ocrx_word' id='word_1_47' title='bbox 371 463 403 490; x_wconf 82' lang='lat' dir='ltr'>fr.</span> <span class='ocrx_word' id='word_1_48' title='bbox 423 464 464 488; x_wconf 76' lang='lat'>20.</span> <span class='ocrx_word' id='word_1_49' title='bbox 489 462 511 495; x_wconf 89' lang='lat'>5.</span> <span class='ocrx_word' id='word_1_50' title='bbox 532 463 555 487; x_wconf 92' lang='lat' dir='ltr'>l.</span> <span class='ocrx_word' id='word_1_51' title='bbox 575 460 607 486; x_wconf 76' lang='lat' dir='ltr'>cf.</span> <span class='ocrx_word' id='word_1_52' title='bbox 633 460 663 486; x_wconf 87' lang='lat' dir='ltr'>sr.</span> <span class='ocrx_word' id='word_1_53' title='bbox 685 461 707 485; x_wconf 91' lang='lat'>1.</span> <span class='ocrx_word' id='word_1_54' title='bbox 733 459 756 492; x_wconf 89' lang='lat'>5.</span> <span class='ocrx_word' id='word_1_55' title='bbox 775 459 799 485; x_wconf 80' lang='lat'>(3.</span> <span class='ocrx_word' id='word_1_56' title='bbox 825 458 876 492; x_wconf 82' lang='lat' dir='ltr'>Qu.</span> <span class='ocrx_word' id='word_1_57' title='bbox 895 456 921 482; x_wconf 86' lang='lat' dir='ltr'>vi</span> <span class='ocrx_word' id='word_1_58' title='bbox 946 459 990 481; x_wconf 79' lang='lat' dir='ltr'>aut</span> <span class='ocrx_word' id='word_1_59' title='bbox 1009 454 1041 481; x_wconf 89' lang='lat' dir='ltr'>cl.</span> <span class='ocrx_word' id='word_1_60' title='bbox 1060 455 1102 480; x_wconf 87' lang='lat'>43.</span> <span class='ocrx_word' id='word_1_61' title='bbox 1124 476 1125 483; x_wconf 67' lang='grc'>,</span> 
     </span>
     <span class='ocr_line' id='line_1_8' title="bbox 257 499 1103 539; baseline -0.012 -5"><span class='ocrx_word' id='word_1_62' title='bbox 257 510 299 534; x_wconf 71' lang='lat'>24.</span> <span class='ocrx_word' id='word_1_63' title='bbox 320 506 350 533; x_wconf 78' lang='lat' dir='ltr'>fr.</span> <span class='ocrx_word' id='word_1_64' title='bbox 370 509 393 532; x_wconf 90' lang='lat'>5.</span> <span class='ocrx_word' id='word_1_65' title='bbox 414 506 434 539; x_wconf 89' lang='lat'>5.</span> <span class='ocrx_word' id='word_1_66' title='bbox 457 505 495 530; x_wconf 87' lang='lat'>10.</span> <span class='ocrx_word' id='word_1_67' title='bbox 516 503 549 530; x_wconf 84' lang='lat' dir='ltr'>de</span> <span class='ocrx_word' id='word_1_68' title='bbox 568 504 601 530; x_wconf 85' lang='lat'>0.</span> <span class='ocrx_word' id='word_1_69' title='bbox 622 502 653 529; x_wconf 70' lang='lat' dir='ltr'>N.</span> <span class='ocrx_word' id='word_1_70' title='bbox 674 501 705 529; x_wconf 70' lang='lat' dir='ltr'>N.</span> <span class='ocrx_word' id='word_1_71' title='bbox 725 503 766 528; x_wconf 84' lang='lat'>39.</span> <span class='ocrx_word' id='word_1_72' title='bbox 788 503 810 527; x_wconf 89' lang='lat'>1.</span> <span class='ocrx_word' id='word_1_73' title='bbox 833 514 866 519; x_wconf 90' lang='lat'>—</span> <span class='ocrx_word' id='word_1_74' title='bbox 887 499 917 532; x_wconf 76' lang='lat'>§-</span> <span class='ocrx_word' id='word_1_75' title='bbox 938 500 974 525; x_wconf 72' lang='lat'>2.</span> <span class='ocrx_word' id='word_1_76' title='bbox 998 499 1103 532; x_wconf 64' lang='lat' dir='ltr'>Lapis</span> 
     </span>
     <span class='ocr_line' id='line_1_9' title="bbox 259 541 1102 582; baseline -0.013 -5"><span class='ocrx_word' id='word_1_77' title='bbox 259 553 418 580; x_wconf 65' lang='lat' dir='ltr'>minutus,</span> <span class='ocrx_word' id='word_1_78' title='bbox 443 548 634 582; x_wconf 83' lang='lat' dir='ltr'>pretiosior.</span> <span class='ocrx_word' id='word_1_79' title='bbox 671 545 689 572; x_wconf 93' lang='lat'>1.</span> <span class='ocrx_word' id='word_1_80' title='bbox 715 546 776 579; x_wconf 76' lang='lat' dir='ltr'>Sy.</span> <span class='ocrx_word' id='word_1_81' title='bbox 796 543 885 580; x_wconf 85' lang='lat' dir='ltr'>Lapis.</span> <span class='ocrx_word' id='word_1_82' title='bbox 906 541 937 568; x_wconf 81' lang='lat' dir='ltr'>fr.</span> <span class='ocrx_word' id='word_1_83' title='bbox 957 543 999 568; x_wconf 87' lang='grc'>25.</span> <span class='ocrx_word' id='word_1_84' title='bbox 1019 541 1042 574; x_wconf 90' lang='lat'>5.</span> <span class='ocrx_word' id='word_1_85' title='bbox 1062 542 1102 566; x_wconf 93' lang='lat' dir='ltr'>ll.</span> 
     </span>
     <span class='ocr_line' id='line_1_10' title="bbox 258 583 1101 626; baseline -0.012 -7"><span class='ocrx_word' id='word_1_86' title='bbox 258 593 291 619; x_wconf 80' lang='lat' dir='ltr'>de</span> <span class='ocrx_word' id='word_1_87' title='bbox 316 601 379 619; x_wconf 89' lang='lat' dir='ltr'>auro</span> <span class='ocrx_word' id='word_1_88' title='bbox 403 600 453 626; x_wconf 69' lang='lat' dir='ltr'>arg.</span> <span class='ocrx_word' id='word_1_89' title='bbox 473 592 515 616; x_wconf 72' lang='lat'>34.</span> <span class='ocrx_word' id='word_1_90' title='bbox 534 591 559 616; x_wconf 82' lang='grc'>2.</span> <span class='ocrx_word' id='word_1_91' title='bbox 585 588 627 616; x_wconf 81' lang='lat' dir='ltr'>Cf.</span> <span class='ocrx_word' id='word_1_92' title='bbox 647 587 672 614; x_wconf 86' lang='lat' dir='ltr'>h.</span> <span class='ocrx_word' id='word_1_93' title='bbox 692 598 716 614; x_wconf 90' lang='lat' dir='ltr'>v.</span> <span class='ocrx_word' id='word_1_94' title='bbox 739 588 760 621; x_wconf 88' lang='lat'>5.</span> <span class='ocrx_word' id='word_1_95' title='bbox 779 589 804 613; x_wconf 83' lang='lat'>2.</span> <span class='ocrx_word' id='word_1_96' title='bbox 841 585 871 611; x_wconf 90' lang='lat' dir='ltr'>II.</span> <span class='ocrx_word' id='word_1_97' title='bbox 891 586 959 618; x_wconf 72' lang='lat'>01).</span> <span class='ocrx_word' id='word_1_98' title='bbox 985 583 1101 611; x_wconf 78' lang='lat' dir='ltr'>Gemma.</span> 
     </span>
     <span class='ocr_line' id='line_1_11' title="bbox 259 626 1102 665; baseline -0.012 -3"><span class='ocrx_word' id='word_1_99' title='bbox 259 636 300 662; x_wconf 78' lang='lat' dir='ltr'>Cf.</span> <span class='ocrx_word' id='word_1_100' title='bbox 322 635 345 661; x_wconf 84' lang='lat' dir='ltr'>li.</span> <span class='ocrx_word' id='word_1_101' title='bbox 366 644 390 660; x_wconf 85' lang='lat' dir='ltr'>v.</span> <span class='ocrx_word' id='word_1_102' title='bbox 435 632 479 659; x_wconf 89' lang='lat' dir='ltr'>III.</span> <span class='ocrx_word' id='word_1_103' title='bbox 503 634 570 660; x_wconf 74' lang='lat' dir='ltr'>Cn.</span> <span class='ocrx_word' id='word_1_104' title='bbox 598 631 711 661; x_wconf 79' lang='lat' dir='ltr'>Aurum,</span> <span class='ocrx_word' id='word_1_105' title='bbox 736 638 864 665; x_wconf 73' lang='lat' dir='ltr'>gemmae,</span> <span class='ocrx_word' id='word_1_106' title='bbox 887 627 981 665; x_wconf 88' lang='lat' dir='ltr'>lapilli.</span> <span class='ocrx_word' id='word_1_107' title='bbox 1009 626 1040 654; x_wconf 80' lang='lat' dir='ltr'>fr.</span> <span class='ocrx_word' id='word_1_108' title='bbox 1060 629 1102 653; x_wconf 89' lang='lat'>25.</span> 
     </span>
     <span class='ocr_line' id='line_1_12' title="bbox 257 668 1104 713; baseline -0.011 -9"><span class='ocrx_word' id='word_1_109' title='bbox 257 679 280 713; x_wconf 84' lang='lat'>5.</span> <span class='ocrx_word' id='word_1_110' title='bbox 302 680 341 704; x_wconf 87' lang='lat'>10.</span> <span class='ocrx_word' id='word_1_111' title='bbox 366 676 401 703; x_wconf 94' lang='lat' dir='ltr'>ib.</span> <span class='ocrx_word' id='word_1_112' title='bbox 426 677 468 702; x_wconf 78' lang='lat'>34.</span> <span class='ocrx_word' id='word_1_113' title='bbox 492 677 516 701; x_wconf 84' lang='lat'>2.</span> <span class='ocrx_word' id='word_1_114' title='bbox 562 674 652 702; x_wconf 82' lang='lat' dir='ltr'>Rudcs</span> <span class='ocrx_word' id='word_1_115' title='bbox 677 673 773 711; x_wconf 76' lang='lat' dir='ltr'>lapilli.</span> <span class='ocrx_word' id='word_1_116' title='bbox 802 671 844 698; x_wconf 78' lang='lat' dir='ltr'>vel</span> <span class='ocrx_word' id='word_1_117' title='bbox 868 671 1036 707; x_wconf 71' lang='lat' dir='ltr'>margaritae,</span> <span class='ocrx_word' id='word_1_118' title='bbox 1060 668 1104 695; x_wconf 78' lang='lat' dir='ltr'>vel</span> 
     </span>
     <span class='ocr_line' id='line_1_13' title="bbox 258 717 757 758; baseline -0.012 -11"><span class='ocrx_word' id='word_1_119' title='bbox 258 731 381 758; x_wconf 67' lang='lat' dir='ltr'>gemmae.</span> <span class='ocrx_word' id='word_1_120' title='bbox 402 719 432 746; x_wconf 81' lang='lat' dir='ltr'>fr.</span> <span class='ocrx_word' id='word_1_121' title='bbox 450 721 492 745; x_wconf 85' lang='grc'>25.</span> <span class='ocrx_word' id='word_1_122' title='bbox 513 719 535 752; x_wconf 88' lang='lat'>5.</span> <span class='ocrx_word' id='word_1_123' title='bbox 556 719 596 744; x_wconf 90' lang='lat'>11.</span> <span class='ocrx_word' id='word_1_124' title='bbox 616 717 650 743; x_wconf 87' lang='lat' dir='ltr'>ib.</span> <span class='ocrx_word' id='word_1_125' title='bbox 669 718 711 743; x_wconf 80' lang='lat'>34.</span> <span class='ocrx_word' id='word_1_126' title='bbox 731 718 757 742; x_wconf 85' lang='lat'>2.</span> 
     </span>
    </p>

    <p class='ocr_par' dir='ltr' id='par_1_4' title="bbox 258 755 1112 2122">
     <span class='ocr_line' id='line_1_14' title="bbox 285 755 1104 797; baseline -0.012 -6"><span class='ocrx_word' id='word_1_127' title='bbox 285 763 422 797; x_wconf 68' lang='grc' dir='ltr'>Ϊιορίε.</span> <span class='ocrx_word' id='word_1_128' title='bbox 461 762 491 795; x_wconf 75' lang='lat'>§-</span> <span class='ocrx_word' id='word_1_129' title='bbox 516 762 550 788; x_wconf 89' lang='lat'>1.</span> <span class='ocrx_word' id='word_1_130' title='bbox 572 763 707 790; x_wconf 63' lang='lat' dir='ltr'>Saxum,</span> <span class='ocrx_word' id='word_1_131' title='bbox 727 760 834 785; x_wconf 77' lang='lat' dir='ltr'>Petra.</span> <span class='ocrx_word' id='word_1_132' title='bbox 872 757 891 784; x_wconf 91' lang='lat' dir='ltr'>I.</span> <span class='ocrx_word' id='word_1_133' title='bbox 909 758 971 791; x_wconf 78' lang='lat' dir='ltr'>Sy.</span> <span class='ocrx_word' id='word_1_134' title='bbox 997 755 1104 786; x_wconf 78' lang='lat' dir='ltr'>Saxum,</span> 
     </span>
     <span class='ocr_line' id='line_1_15' title="bbox 258 798 1104 838; baseline -0.012 -4"><span class='ocrx_word' id='word_1_135' title='bbox 258 807 378 835; x_wconf 77' lang='lat' dir='ltr'>marmor.</span> <span class='ocrx_word' id='word_1_136' title='bbox 399 805 429 832; x_wconf 79' lang='lat' dir='ltr'>fr.</span> <span class='ocrx_word' id='word_1_137' title='bbox 449 806 473 831; x_wconf 90' lang='lat'>3.</span> <span class='ocrx_word' id='word_1_138' title='bbox 494 804 515 838; x_wconf 91' lang='lat'>5.</span> <span class='ocrx_word' id='word_1_139' title='bbox 536 805 559 829; x_wconf 85' lang='grc'>2.</span> <span class='ocrx_word' id='word_1_140' title='bbox 579 802 612 829; x_wconf 86' lang='lat' dir='ltr'>de</span> <span class='ocrx_word' id='word_1_141' title='bbox 631 802 658 828; x_wconf 85' lang='lat' dir='ltr'>S.</span> <span class='ocrx_word' id='word_1_142' title='bbox 678 800 706 827; x_wconf 91' lang='lat' dir='ltr'>P.</span> <span class='ocrx_word' id='word_1_143' title='bbox 726 800 757 827; x_wconf 88' lang='lat' dir='ltr'>R.</span> <span class='ocrx_word' id='word_1_144' title='bbox 774 803 798 827; x_wconf 79' lang='lat'>8.</span> <span class='ocrx_word' id='word_1_145' title='bbox 811 802 836 827; x_wconf 85' lang='lat'>3.</span> <span class='ocrx_word' id='word_1_146' title='bbox 857 800 887 826; x_wconf 77' lang='lat' dir='ltr'>fr.</span> <span class='ocrx_word' id='word_1_147' title='bbox 901 801 943 826; x_wconf 88' lang='lat'>21.</span> <span class='ocrx_word' id='word_1_148' title='bbox 964 799 986 832; x_wconf 91' lang='lat'>5.</span> <span class='ocrx_word' id='word_1_149' title='bbox 1007 800 1030 825; x_wconf 96' lang='lat' dir='ltr'>l.</span> <span class='ocrx_word' id='word_1_150' title='bbox 1051 798 1104 834; x_wconf 82' lang='lat' dir='ltr'>Qu.</span> 
     </span>
     <span class='ocr_line' id='line_1_16' title="bbox 259 843 1105 889; baseline -0.011 -12"><span class='ocrx_word' id='word_1_151' title='bbox 259 851 356 889; x_wconf 85' lang='lat' dir='ltr'>potior.</span> <span class='ocrx_word' id='word_1_152' title='bbox 375 851 417 875; x_wconf 87' lang='lat'>20.</span> <span class='ocrx_word' id='word_1_153' title='bbox 436 849 461 874; x_wconf 91' lang='lat'>4.</span> <span class='ocrx_word' id='word_1_154' title='bbox 482 847 530 873; x_wconf 85' lang='lat' dir='ltr'>Th.</span> <span class='ocrx_word' id='word_1_155' title='bbox 546 845 576 872; x_wconf 88' lang='lat' dir='ltr'>C.</span> <span class='ocrx_word' id='word_1_156' title='bbox 596 845 628 871; x_wconf 77' lang='lat' dir='ltr'>X.</span> <span class='ocrx_word' id='word_1_157' title='bbox 651 846 690 870; x_wconf 87' lang='lat'>19.</span> <span class='ocrx_word' id='word_1_158' title='bbox 711 854 732 870; x_wconf 93' lang='lat' dir='ltr'>c.</span> <span class='ocrx_word' id='word_1_159' title='bbox 757 845 777 870; x_wconf 94' lang='grc' dir='ltr'>Ι.</span> <span class='ocrx_word' id='word_1_160' title='bbox 797 853 837 880; x_wconf 85' lang='lat' dir='ltr'>sq.</span> <span class='ocrx_word' id='word_1_161' title='bbox 858 853 879 870; x_wconf 77' lang='lat' dir='ltr'>c.</span> <span class='ocrx_word' id='word_1_162' title='bbox 899 844 922 869; x_wconf 82' lang='lat'>8.</span> <span class='ocrx_word' id='word_1_163' title='bbox 943 852 964 868; x_wconf 92' lang='lat' dir='ltr'>c.</span> <span class='ocrx_word' id='word_1_164' title='bbox 985 843 1025 868; x_wconf 81' lang='lat'>10.</span> <span class='ocrx_word' id='word_1_165' title='bbox 1045 850 1105 877; x_wconf 83' lang='lat' dir='ltr'>sqq.</span> 
     </span>
     <span class='ocr_line' id='line_1_17' title="bbox 259 884 1106 921; baseline -0.012 -1"><span class='ocrx_word' id='word_1_166' title='bbox 259 894 293 921; x_wconf 83' lang='lat' dir='ltr'>de</span> <span class='ocrx_word' id='word_1_167' title='bbox 311 891 408 920; x_wconf 79' lang='lat' dir='ltr'>metali.</span> <span class='ocrx_word' id='word_1_168' title='bbox 445 890 487 916; x_wconf 90' lang='lat' dir='ltr'>III.</span> <span class='ocrx_word' id='word_1_169' title='bbox 511 891 576 917; x_wconf 72' lang='lat' dir='ltr'>Cn.</span> <span class='ocrx_word' id='word_1_170' title='bbox 606 886 661 914; x_wconf 62' lang='lat' dir='ltr'>Nec</span> <span class='ocrx_word' id='word_1_171' title='bbox 684 888 709 913; x_wconf 91' lang='lat' dir='ltr'>in</span> <span class='ocrx_word' id='word_1_172' title='bbox 735 886 821 913; x_wconf 81' lang='lat' dir='ltr'>fructu</span> <span class='ocrx_word' id='word_1_173' title='bbox 842 890 882 913; x_wconf 81' lang='lat' dir='ltr'>est</span> <span class='ocrx_word' id='word_1_174' title='bbox 899 894 1030 915; x_wconf 71' lang='lat' dir='ltr'>marmor,</span> <span class='ocrx_word' id='word_1_175' title='bbox 1054 884 1106 910; x_wconf 89' lang='lat' dir='ltr'>nisi</span> 
     </span>
     <span class='ocr_line' id='line_1_18' title="bbox 260 926 1106 970; baseline -0.013 -7"><span class='ocrx_word' id='word_1_176' title='bbox 260 936 312 963; x_wconf 83' lang='lat' dir='ltr'>tale</span> <span class='ocrx_word' id='word_1_177' title='bbox 330 936 380 966; x_wconf 77' lang='lat' dir='ltr'>sit,</span> <span class='ocrx_word' id='word_1_178' title='bbox 406 939 433 960; x_wconf 87' lang='lat' dir='ltr'>ut</span> <span class='ocrx_word' id='word_1_179' title='bbox 452 933 519 970; x_wconf 84' lang='lat' dir='ltr'>lapis</span> <span class='ocrx_word' id='word_1_180' title='bbox 539 932 575 958; x_wconf 82' lang='lat' dir='ltr'>ihi</span> <span class='ocrx_word' id='word_1_181' title='bbox 595 935 754 958; x_wconf 74' lang='lat' dir='ltr'>renascatur.</span> <span class='ocrx_word' id='word_1_182' title='bbox 779 929 810 956; x_wconf 82' lang='lat' dir='ltr'>fr.</span> <span class='ocrx_word' id='word_1_183' title='bbox 830 930 853 956; x_wconf 91' lang='lat'>7.</span> <span class='ocrx_word' id='word_1_184' title='bbox 878 928 960 962; x_wconf 75' lang='lat'>513.</span> <span class='ocrx_word' id='word_1_185' title='bbox 985 926 1034 954; x_wconf 90' lang='lat' dir='ltr'>sol.</span> <span class='ocrx_word' id='word_1_186' title='bbox 1055 937 1106 953; x_wconf 85' lang='lat' dir='ltr'>ma-</span> 
     </span>
     <span class='ocr_line' id='line_1_19' title="bbox 260 969 1105 1011; baseline -0.013 -5"><span class='ocrx_word' id='word_1_187' title='bbox 260 981 329 1007; x_wconf 82' lang='lat' dir='ltr'>trim.</span> <span class='ocrx_word' id='word_1_188' title='bbox 348 981 389 1004; x_wconf 78' lang='lat'>24.</span> <span class='ocrx_word' id='word_1_189' title='bbox 409 978 433 1003; x_wconf 97' lang='lat'>3.</span> <span class='ocrx_word' id='word_1_190' title='bbox 458 975 490 1002; x_wconf 79' lang='lat' dir='ltr'>ct&#39;.</span> <span class='ocrx_word' id='word_1_191' title='bbox 516 974 546 1002; x_wconf 83' lang='lat' dir='ltr'>sr.</span> <span class='ocrx_word' id='word_1_192' title='bbox 570 975 608 1000; x_wconf 74' lang='lat'>18.</span> <span class='ocrx_word' id='word_1_193' title='bbox 632 983 671 1011; x_wconf 87' lang='lat' dir='ltr'>pr.</span> <span class='ocrx_word' id='word_1_194' title='bbox 697 972 729 1000; x_wconf 83' lang='lat' dir='ltr'>de</span> <span class='ocrx_word' id='word_1_195' title='bbox 753 971 834 999; x_wconf 77' lang='lat' dir='ltr'>fundo</span> <span class='ocrx_word' id='word_1_196' title='bbox 859 971 913 998; x_wconf 87' lang='lat' dir='ltr'>dot.</span> <span class='ocrx_word' id='word_1_197' title='bbox 938 972 980 997; x_wconf 84' lang='lat'>23.</span> <span class='ocrx_word' id='word_1_198' title='bbox 1000 972 1025 996; x_wconf 87' lang='lat'>5.</span> <span class='ocrx_word' id='word_1_199' title='bbox 1061 969 1105 996; x_wconf 90' lang='lat' dir='ltr'>Ius</span> 
     </span>
     <span class='ocr_line' id='line_1_20' title="bbox 261 1012 1106 1056; baseline -0.014 -6"><span class='ocrx_word' id='word_1_200' title='bbox 261 1023 340 1050; x_wconf 82' lang='lat' dir='ltr'>calcis</span> <span class='ocrx_word' id='word_1_201' title='bbox 359 1018 520 1056; x_wconf 70' lang='lat' dir='ltr'>coquendae,</span> <span class='ocrx_word' id='word_1_202' title='bbox 540 1022 566 1043; x_wconf 81' lang='lat' dir='ltr'>et</span> <span class='ocrx_word' id='word_1_203' title='bbox 584 1016 680 1054; x_wconf 83' lang='lat' dir='ltr'>lapidis</span> <span class='ocrx_word' id='word_1_204' title='bbox 700 1014 839 1046; x_wconf 81' lang='lat' dir='ltr'>eximendi.</span> <span class='ocrx_word' id='word_1_205' title='bbox 860 1019 885 1041; x_wconf 86' lang='lat' dir='ltr'>et</span> <span class='ocrx_word' id='word_1_206' title='bbox 900 1023 993 1040; x_wconf 79' lang='lat' dir='ltr'>arenae</span> <span class='ocrx_word' id='word_1_207' title='bbox 1007 1012 1106 1039; x_wconf 83' lang='lat' dir='ltr'>fodien-</span> 
     </span>
     <span class='ocr_line' id='line_1_21' title="bbox 261 1055 1106 1095; baseline -0.013 -3"><span class='ocrx_word' id='word_1_208' title='bbox 261 1066 316 1093; x_wconf 83' lang='lat' dir='ltr'>dae.</span> <span class='ocrx_word' id='word_1_209' title='bbox 343 1065 373 1091; x_wconf 70' lang='lat' dir='ltr'>fr.</span> <span class='ocrx_word' id='word_1_210' title='bbox 393 1065 417 1089; x_wconf 82' lang='lat' dir='ltr'>ti.</span> <span class='ocrx_word' id='word_1_211' title='bbox 443 1062 464 1095; x_wconf 91' lang='lat'>5</span> <span class='ocrx_word' id='word_1_212' title='bbox 486 1063 508 1087; x_wconf 93' lang='lat' dir='ltr'>l.</span> <span class='ocrx_word' id='word_1_213' title='bbox 527 1060 561 1087; x_wconf 82' lang='lat' dir='ltr'>de</span> <span class='ocrx_word' id='word_1_214' title='bbox 581 1060 608 1086; x_wconf 93' lang='lat' dir='ltr'>S.</span> <span class='ocrx_word' id='word_1_215' title='bbox 628 1059 657 1086; x_wconf 86' lang='lat' dir='ltr'>P.</span> <span class='ocrx_word' id='word_1_216' title='bbox 676 1059 708 1086; x_wconf 88' lang='lat' dir='ltr'>R.</span> <span class='ocrx_word' id='word_1_217' title='bbox 728 1060 752 1086; x_wconf 87' lang='lat'>8.</span> <span class='ocrx_word' id='word_1_218' title='bbox 771 1060 796 1085; x_wconf 82' lang='lat'>3.</span> <span class='ocrx_word' id='word_1_219' title='bbox 834 1056 973 1093; x_wconf 72' lang='lat' dir='ltr'>Tegulaui‚</span> <span class='ocrx_word' id='word_1_220' title='bbox 998 1061 1024 1083; x_wconf 88' lang='lat' dir='ltr'>et</span> <span class='ocrx_word' id='word_1_221' title='bbox 1043 1055 1106 1093; x_wconf 86' lang='lat' dir='ltr'>lapi-</span> 
     </span>
     <span class='ocr_line' id='line_1_22' title="bbox 260 1099 1107 1139; baseline -0.013 -4"><span class='ocrx_word' id='word_1_222' title='bbox 260 1109 333 1139; x_wconf 82' lang='lat' dir='ltr'>dem.</span> <span class='ocrx_word' id='word_1_223' title='bbox 354 1112 379 1133; x_wconf 83' lang='lat' dir='ltr'>ct</span> <span class='ocrx_word' id='word_1_224' title='bbox 398 1110 506 1136; x_wconf 72' lang='lat' dir='ltr'>testam,</span> <span class='ocrx_word' id='word_1_225' title='bbox 527 1108 681 1139; x_wconf 78' lang='lat' dir='ltr'>caeteraque</span> <span class='ocrx_word' id='word_1_226' title='bbox 701 1103 724 1128; x_wconf 86' lang='lat' dir='ltr'>si</span> <span class='ocrx_word' id='word_1_227' title='bbox 744 1112 810 1138; x_wconf 83' lang='lat' dir='ltr'>quae</span> <span class='ocrx_word' id='word_1_228' title='bbox 830 1100 958 1127; x_wconf 69' lang='lat' dir='ltr'>aedificiis</span> <span class='ocrx_word' id='word_1_229' title='bbox 977 1103 1039 1125; x_wconf 88' lang='lat' dir='ltr'>suut</span> <span class='ocrx_word' id='word_1_230' title='bbox 1059 1099 1107 1124; x_wconf 92' lang='lat' dir='ltr'>uti-</span> 
     </span>
     <span class='ocr_line' id='line_1_23' title="bbox 261 1141 1105 1183; baseline -0.013 -5"><span class='ocrx_word' id='word_1_231' title='bbox 261 1152 302 1178; x_wconf 90' lang='lat' dir='ltr'>lia.</span> <span class='ocrx_word' id='word_1_232' title='bbox 322 1151 351 1177; x_wconf 74' lang='lat' dir='ltr'>fr.</span> <span class='ocrx_word' id='word_1_233' title='bbox 374 1151 396 1175; x_wconf 94' lang='lat' dir='ltr'>l.</span> <span class='ocrx_word' id='word_1_234' title='bbox 416 1149 438 1182; x_wconf 92' lang='lat'>5.</span> <span class='ocrx_word' id='word_1_235' title='bbox 460 1150 482 1174; x_wconf 92' lang='lat'>1.</span> <span class='ocrx_word' id='word_1_236' title='bbox 502 1147 535 1173; x_wconf 82' lang='lat' dir='ltr'>dc</span> <span class='ocrx_word' id='word_1_237' title='bbox 554 1147 626 1183; x_wconf 76' lang='lat' dir='ltr'>tigno</span> <span class='ocrx_word' id='word_1_238' title='bbox 646 1147 745 1172; x_wconf 86' lang='lat' dir='ltr'>iuncto.</span> <span class='ocrx_word' id='word_1_239' title='bbox 765 1146 806 1171; x_wconf 88' lang='lat'>47.</span> <span class='ocrx_word' id='word_1_240' title='bbox 828 1146 852 1170; x_wconf 90' lang='lat'>3.</span> <span class='ocrx_word' id='word_1_241' title='bbox 873 1142 905 1170; x_wconf 79' lang='lat' dir='ltr'>cs.</span> <span class='ocrx_word' id='word_1_242' title='bbox 927 1142 959 1168; x_wconf 85' lang='lat' dir='ltr'>fr.</span> <span class='ocrx_word' id='word_1_243' title='bbox 980 1143 1020 1168; x_wconf 97' lang='lat'>11.</span> <span class='ocrx_word' id='word_1_244' title='bbox 1040 1141 1062 1175; x_wconf 88' lang='lat'>5.</span> <span class='ocrx_word' id='word_1_245' title='bbox 1084 1143 1105 1167; x_wconf 83' lang='lat' dir='ltr'>t.</span> 
     </span>
     <span class='ocr_line' id='line_1_24' title="bbox 261 1183 1107 1230; baseline -0.014 -9"><span class='ocrx_word' id='word_1_246' title='bbox 261 1204 353 1221; x_wconf 89' lang='lat' dir='ltr'>comm.</span> <span class='ocrx_word' id='word_1_247' title='bbox 373 1191 462 1230; x_wconf 79' lang='lat' dir='ltr'>praed.</span> <span class='ocrx_word' id='word_1_248' title='bbox 483 1191 508 1217; x_wconf 85' lang='lat'>8.</span> <span class='ocrx_word' id='word_1_249' title='bbox 527 1191 551 1217; x_wconf 89' lang='lat'>4.</span> <span class='ocrx_word' id='word_1_250' title='bbox 589 1188 662 1225; x_wconf 82' lang='lat' dir='ltr'><strong>Quid</strong></span> <span class='ocrx_word' id='word_1_251' title='bbox 682 1199 714 1215; x_wconf 82' lang='lat' dir='ltr'>ex</span> <span class='ocrx_word' id='word_1_252' title='bbox 734 1187 826 1214; x_wconf 76' lang='lat' dir='ltr'>eodem</span> <span class='ocrx_word' id='word_1_253' title='bbox 846 1188 900 1220; x_wconf 87' lang='lat' dir='ltr'>(sc.</span> <span class='ocrx_word' id='word_1_254' title='bbox 919 1183 1107 1217; x_wconf 81' lang='lat' dir='ltr'>monumento)</span> 
     </span>
     <span class='ocr_line' id='line_1_25' title="bbox 261 1227 1106 1272; baseline -0.013 -8"><span class='ocrx_word' id='word_1_255' title='bbox 261 1237 372 1267; x_wconf 70' lang='lat' dir='ltr'>trabere.</span> <span class='ocrx_word' id='word_1_256' title='bbox 393 1234 516 1272; x_wconf 83' lang='lat' dir='ltr'>lapidem,</span> <span class='ocrx_word' id='word_1_257' title='bbox 535 1232 717 1259; x_wconf 79' lang='lat' dir='ltr'>culumnamve</span> <span class='ocrx_word' id='word_1_258' title='bbox 736 1230 838 1257; x_wconf 82' lang='lat' dir='ltr'>tollere.</span> <span class='ocrx_word' id='word_1_259' title='bbox 859 1228 930 1256; x_wconf 85' lang='lat' dir='ltr'>Paul.</span> <span class='ocrx_word' id='word_1_260' title='bbox 951 1228 968 1254; x_wconf 95' lang='lat'>1.</span> <span class='ocrx_word' id='word_1_261' title='bbox 982 1229 1025 1254; x_wconf 89' lang='lat'>21.</span> <span class='ocrx_word' id='word_1_262' title='bbox 1045 1227 1067 1260; x_wconf 89' lang='lat'>5.</span> <span class='ocrx_word' id='word_1_263' title='bbox 1082 1228 1106 1252; x_wconf 76' lang='grc'>8.</span> 
     </span>
     <span class='ocr_line' id='line_1_26' title="bbox 262 1271 1106 1311; baseline -0.014 -4"><span class='ocrx_word' id='word_1_264' title='bbox 262 1280 293 1307; x_wconf 71' lang='grc' dir='ltr'>εἷ’,</span> <span class='ocrx_word' id='word_1_265' title='bbox 313 1280 343 1306; x_wconf 86' lang='lat' dir='ltr'>sr.</span> <span class='ocrx_word' id='word_1_266' title='bbox 362 1279 404 1305; x_wconf 87' lang='lat'>43.</span> <span class='ocrx_word' id='word_1_267' title='bbox 424 1277 457 1304; x_wconf 88' lang='lat' dir='ltr'>de</span> <span class='ocrx_word' id='word_1_268' title='bbox 475 1276 507 1303; x_wconf 78' lang='lat' dir='ltr'>R.</span> <span class='ocrx_word' id='word_1_269' title='bbox 528 1275 560 1302; x_wconf 67' lang='lat' dir='ltr'>V.</span> <span class='ocrx_word' id='word_1_270' title='bbox 580 1276 604 1301; x_wconf 84' lang='lat'>6.</span> <span class='ocrx_word' id='word_1_271' title='bbox 627 1277 648 1301; x_wconf 93' lang='lat' dir='ltr'>l.</span> <span class='ocrx_word' id='word_1_272' title='bbox 687 1275 755 1310; x_wconf 79' lang='lat' dir='ltr'>Qui,</span> <span class='ocrx_word' id='word_1_273' title='bbox 775 1272 863 1311; x_wconf 85' lang='lat' dir='ltr'>lapide</span> <span class='ocrx_word' id='word_1_274' title='bbox 882 1273 977 1298; x_wconf 83' lang='lat' dir='ltr'>iactato</span> <span class='ocrx_word' id='word_1_275' title='bbox 996 1271 1106 1302; x_wconf 74' lang='lat' dir='ltr'>incerto.</span> 
     </span>
     <span class='ocr_line' id='line_1_27' title="bbox 262 1313 1106 1355; baseline -0.013 -5"><span class='ocrx_word' id='word_1_276' title='bbox 262 1324 371 1351; x_wconf 75' lang='lat' dir='ltr'>fortuito</span> <span class='ocrx_word' id='word_1_277' title='bbox 395 1326 508 1347; x_wconf 85' lang='lat' dir='ltr'>statuam</span> <span class='ocrx_word' id='word_1_278' title='bbox 532 1318 663 1355; x_wconf 84' lang='lat' dir='ltr'>adtigerit.</span> <span class='ocrx_word' id='word_1_279' title='bbox 688 1317 717 1344; x_wconf 79' lang='lat' dir='ltr'>l&#39;r.</span> <span class='ocrx_word' id='word_1_280' title='bbox 738 1319 761 1343; x_wconf 95' lang='lat'>5.</span> <span class='ocrx_word' id='word_1_281' title='bbox 786 1317 850 1350; x_wconf 89' lang='lat'>5.1.</span> <span class='ocrx_word' id='word_1_282' title='bbox 880 1315 911 1342; x_wconf 86' lang='lat' dir='ltr'>ad</span> <span class='ocrx_word' id='word_1_283' title='bbox 930 1314 960 1341; x_wconf 89' lang='lat' dir='ltr'>L.</span> <span class='ocrx_word' id='word_1_284' title='bbox 981 1313 1028 1340; x_wconf 88' lang='lat' dir='ltr'>lul.</span> <span class='ocrx_word' id='word_1_285' title='bbox 1048 1313 1106 1339; x_wconf 79' lang='lat' dir='ltr'>mai.</span> 
     </span>
     <span class='ocr_line' id='line_1_28' title="bbox 261 1356 1107 1396; baseline -0.014 -3"><span class='ocrx_word' id='word_1_286' title='bbox 261 1369 302 1394; x_wconf 84' lang='lat'>48.</span> <span class='ocrx_word' id='word_1_287' title='bbox 321 1368 346 1392; x_wconf 91' lang='lat'>4.</span> <span class='ocrx_word' id='word_1_288' title='bbox 383 1364 483 1391; x_wconf 81' lang='lat' dir='ltr'>Armati</span> <span class='ocrx_word' id='word_1_289' title='bbox 507 1363 640 1393; x_wconf 84' lang='lat' dir='ltr'>homines,</span> <span class='ocrx_word' id='word_1_290' title='bbox 667 1371 724 1387; x_wconf 85' lang='lat' dir='ltr'>cum</span> <span class='ocrx_word' id='word_1_291' title='bbox 747 1359 808 1386; x_wconf 71' lang='lat' dir='ltr'>telis</span> <span class='ocrx_word' id='word_1_292' title='bbox 831 1358 1006 1396; x_wconf 77' lang='lat' dir='ltr'>lapidibusve.</span> <span class='ocrx_word' id='word_1_293' title='bbox 1032 1356 1062 1382; x_wconf 86' lang='lat' dir='ltr'>sr.</span> <span class='ocrx_word' id='word_1_294' title='bbox 1083 1357 1107 1382; x_wconf 85' lang='lat' dir='ltr'>l.</span> 
     </span>
     <span class='ocr_line' id='line_1_29' title="bbox 262 1400 1105 1445; baseline -0.014 -8"><span class='ocrx_word' id='word_1_295' title='bbox 262 1411 284 1445; x_wconf 90' lang='lat'>5.</span> <span class='ocrx_word' id='word_1_296' title='bbox 306 1412 328 1436; x_wconf 89' lang='lat'>1.</span> <span class='ocrx_word' id='word_1_297' title='bbox 348 1408 382 1435; x_wconf 88' lang='lat' dir='ltr'>ib.</span> <span class='ocrx_word' id='word_1_298' title='bbox 403 1409 444 1433; x_wconf 67' lang='lat'>48.</span> <span class='ocrx_word' id='word_1_299' title='bbox 463 1409 488 1433; x_wconf 86' lang='lat'>4.</span> <span class='ocrx_word' id='word_1_300' title='bbox 508 1406 539 1432; x_wconf 82' lang='lat' dir='ltr'>fr.</span> <span class='ocrx_word' id='word_1_301' title='bbox 559 1407 600 1432; x_wconf 80' lang='grc'>41.</span> <span class='ocrx_word' id='word_1_302' title='bbox 621 1404 653 1431; x_wconf 80' lang='lat' dir='ltr'>de</span> <span class='ocrx_word' id='word_1_303' title='bbox 673 1403 704 1430; x_wconf 87' lang='lat' dir='ltr'>V.</span> <span class='ocrx_word' id='word_1_304' title='bbox 725 1403 752 1430; x_wconf 91' lang='lat' dir='ltr'>S.</span> <span class='ocrx_word' id='word_1_305' title='bbox 773 1405 813 1429; x_wconf 85' lang='lat'>50.</span> <span class='ocrx_word' id='word_1_306' title='bbox 836 1404 875 1429; x_wconf 82' lang='grc'>16.</span> <span class='ocrx_word' id='word_1_307' title='bbox 913 1400 1056 1437; x_wconf 80' lang='lat' dir='ltr'>lugulatus,</span> <span class='ocrx_word' id='word_1_308' title='bbox 1076 1415 1105 1419; x_wconf 92' lang='lat'>—</span> 
     </span>
     <span class='ocr_line' id='line_1_30' title="bbox 262 1443 1108 1484; baseline -0.013 -5"><span class='ocrx_word' id='word_1_309' title='bbox 262 1453 305 1480; x_wconf 73' lang='lat' dir='ltr'>vel</span> <span class='ocrx_word' id='word_1_310' title='bbox 325 1462 400 1483; x_wconf 76' lang='lat' dir='ltr'>saxo.</span> <span class='ocrx_word' id='word_1_311' title='bbox 420 1449 463 1476; x_wconf 71' lang='lat' dir='ltr'>vel</span> <span class='ocrx_word' id='word_1_312' title='bbox 482 1449 567 1480; x_wconf 80' lang='lat' dir='ltr'>suste,</span> <span class='ocrx_word' id='word_1_313' title='bbox 587 1447 629 1474; x_wconf 78' lang='lat' dir='ltr'>vel</span> <span class='ocrx_word' id='word_1_314' title='bbox 649 1447 737 1484; x_wconf 81' lang='lat' dir='ltr'>lapide</span> <span class='ocrx_word' id='word_1_315' title='bbox 755 1455 908 1484; x_wconf 81' lang='lat' dir='ltr'>percussus.</span> <span class='ocrx_word' id='word_1_316' title='bbox 929 1444 960 1471; x_wconf 79' lang='lat' dir='ltr'>fr.</span> <span class='ocrx_word' id='word_1_317' title='bbox 982 1445 1004 1470; x_wconf 90' lang='lat'>1.</span> <span class='ocrx_word' id='word_1_318' title='bbox 1024 1443 1046 1477; x_wconf 90' lang='lat'>5.</span> <span class='ocrx_word' id='word_1_319' title='bbox 1068 1443 1108 1469; x_wconf 80' lang='lat'>17.</span> 
     </span>
     <span class='ocr_line' id='line_1_31' title="bbox 263 1488 1107 1523; baseline -0.013 0"><span class='ocrx_word' id='word_1_320' title='bbox 263 1496 296 1523; x_wconf 85' lang='lat' dir='ltr'>de</span> <span class='ocrx_word' id='word_1_321' title='bbox 315 1495 380 1522; x_wconf 86' lang='lat' dir='ltr'>S.C.</span> <span class='ocrx_word' id='word_1_322' title='bbox 402 1493 484 1519; x_wconf 86' lang='lat' dir='ltr'>Sitan.</span> <span class='ocrx_word' id='word_1_323' title='bbox 505 1492 547 1518; x_wconf 82' lang='lat'>29.</span> <span class='ocrx_word' id='word_1_324' title='bbox 561 1493 584 1516; x_wconf 88' lang='lat'>5.</span> <span class='ocrx_word' id='word_1_325' title='bbox 600 1506 634 1510; x_wconf 84' lang='lat'>—-</span> <span class='ocrx_word' id='word_1_326' title='bbox 652 1491 683 1523; x_wconf 83' lang='lat'>§·</span> <span class='ocrx_word' id='word_1_327' title='bbox 699 1491 734 1517; x_wconf 68' lang='lat'>2.</span> <span class='ocrx_word' id='word_1_328' title='bbox 754 1491 913 1523; x_wconf 69' lang='lat' dir='ltr'>Lapillus</span> <span class='ocrx_word' id='word_1_329' title='bbox 930 1488 1107 1522; x_wconf 78' lang='lat' dir='ltr'>pretiosus.</span> 
     </span>
     <span class='ocr_line' id='line_1_32' title="bbox 264 1529 1108 1573; baseline -0.013 -8"><span class='ocrx_word' id='word_1_330' title='bbox 264 1540 281 1566; x_wconf 89' lang='lat' dir='ltr'>l.</span> <span class='ocrx_word' id='word_1_331' title='bbox 303 1542 364 1573; x_wconf 70' lang='lat' dir='ltr'>Sy.</span> <span class='ocrx_word' id='word_1_332' title='bbox 390 1535 515 1573; x_wconf 81' lang='lat' dir='ltr'>Lapillus.</span> <span class='ocrx_word' id='word_1_333' title='bbox 545 1533 576 1561; x_wconf 82' lang='lat' dir='ltr'>fr.</span> <span class='ocrx_word' id='word_1_334' title='bbox 598 1535 637 1560; x_wconf 89' lang='lat'>19.</span> <span class='ocrx_word' id='word_1_335' title='bbox 663 1533 745 1567; x_wconf 90' lang='lat'>5.17.</span> <span class='ocrx_word' id='word_1_336' title='bbox 770 1532 800 1558; x_wconf 87' lang='lat' dir='ltr'>sr.</span> <span class='ocrx_word' id='word_1_337' title='bbox 820 1534 862 1558; x_wconf 92' lang='lat'>25.</span> <span class='ocrx_word' id='word_1_338' title='bbox 887 1531 909 1565; x_wconf 92' lang='lat'>5.</span> <span class='ocrx_word' id='word_1_339' title='bbox 930 1532 969 1556; x_wconf 90' lang='lat' dir='ltr'>ll.</span> <span class='ocrx_word' id='word_1_340' title='bbox 994 1529 1027 1556; x_wconf 88' lang='lat' dir='ltr'>de</span> <span class='ocrx_word' id='word_1_341' title='bbox 1045 1538 1108 1554; x_wconf 85' lang='lat' dir='ltr'>auro</span> 
     </span>
     <span class='ocr_line' id='line_1_33' title="bbox 263 1572 1108 1618; baseline -0.013 -10"><span class='ocrx_word' id='word_1_342' title='bbox 263 1592 314 1618; x_wconf 67' lang='lat' dir='ltr'>arg.</span> <span class='ocrx_word' id='word_1_343' title='bbox 335 1583 376 1607; x_wconf 68' lang='lat'>31.</span> <span class='ocrx_word' id='word_1_344' title='bbox 396 1582 418 1606; x_wconf 80' lang='grc'>2,</span> <span class='ocrx_word' id='word_1_345' title='bbox 440 1578 470 1605; x_wconf 82' lang='lat' dir='ltr'>sr.</span> <span class='ocrx_word' id='word_1_346' title='bbox 492 1580 531 1604; x_wconf 69' lang='lat'>16,</span> <span class='ocrx_word' id='word_1_347' title='bbox 552 1578 574 1611; x_wconf 95' lang='lat'>5.</span> <span class='ocrx_word' id='word_1_348' title='bbox 595 1579 618 1603; x_wconf 94' lang='lat'>7.</span> <span class='ocrx_word' id='word_1_349' title='bbox 639 1576 672 1602; x_wconf 78' lang='lat' dir='ltr'>de</span> <span class='ocrx_word' id='word_1_350' title='bbox 691 1575 824 1613; x_wconf 81' lang='lat' dir='ltr'>publican.</span> <span class='ocrx_word' id='word_1_351' title='bbox 844 1576 887 1601; x_wconf 82' lang='lat'>39.</span> <span class='ocrx_word' id='word_1_352' title='bbox 906 1575 931 1600; x_wconf 92' lang='lat'>4.</span> <span class='ocrx_word' id='word_1_353' title='bbox 956 1589 988 1593; x_wconf 93' lang='lat'><em>-</em></span> <span class='ocrx_word' id='word_1_354' title='bbox 1013 1573 1044 1606; x_wconf 82' lang='lat'>§.</span> <span class='ocrx_word' id='word_1_355' title='bbox 1071 1572 1108 1598; x_wconf 80' lang='grc'>3.</span> 
     </span>
     <span class='ocr_line' id='line_1_34' title="bbox 265 1613 1108 1660; baseline -0.014 -9"><span class='ocrx_word' id='word_1_356' title='bbox 265 1627 351 1660; x_wconf 80' lang='lat' dir='ltr'>Opus</span> <span class='ocrx_word' id='word_1_357' title='bbox 371 1624 545 1657; x_wconf 78' lang='lat' dir='ltr'>lapideum.</span> <span class='ocrx_word' id='word_1_358' title='bbox 585 1619 603 1646; x_wconf 89' lang='lat' dir='ltr'>I.</span> <span class='ocrx_word' id='word_1_359' title='bbox 619 1621 680 1653; x_wconf 74' lang='lat' dir='ltr'>Sy.</span> <span class='ocrx_word' id='word_1_360' title='bbox 699 1617 834 1655; x_wconf 81' lang='lat' dir='ltr'>Lapideus</span> <span class='ocrx_word' id='word_1_361' title='bbox 854 1616 961 1649; x_wconf 81' lang='lat' dir='ltr'>(rivus.)</span> <span class='ocrx_word' id='word_1_362' title='bbox 981 1615 1012 1642; x_wconf 69' lang='lat' dir='ltr'>fr.</span> <span class='ocrx_word' id='word_1_363' title='bbox 1028 1616 1050 1641; x_wconf 92' lang='lat' dir='ltr'>l.</span> <span class='ocrx_word' id='word_1_364' title='bbox 1071 1613 1108 1648; x_wconf 90' lang='lat'>55.</span> 
     </span>
     <span class='ocr_line' id='line_1_35' title="bbox 263 1657 1110 1696; baseline -0.014 -2"><span class='ocrx_word' id='word_1_365' title='bbox 263 1670 286 1694; x_wconf 88' lang='lat'>5.</span> <span class='ocrx_word' id='word_1_366' title='bbox 309 1669 347 1693; x_wconf 85' lang='lat'>10.</span> <span class='ocrx_word' id='word_1_367' title='bbox 368 1665 400 1692; x_wconf 79' lang='lat' dir='ltr'>de</span> <span class='ocrx_word' id='word_1_368' title='bbox 418 1666 467 1692; x_wconf 86' lang='lat' dir='ltr'>riv.</span> <span class='ocrx_word' id='word_1_369' title='bbox 484 1666 525 1690; x_wconf 85' lang='lat'>43.</span> <span class='ocrx_word' id='word_1_370' title='bbox 542 1665 585 1690; x_wconf 84' lang='lat'>21.</span> <span class='ocrx_word' id='word_1_371' title='bbox 622 1662 665 1688; x_wconf 94' lang='lat' dir='ltr'>Ill.</span> <span class='ocrx_word' id='word_1_372' title='bbox 681 1663 746 1689; x_wconf 75' lang='lat' dir='ltr'>Cn.</span> <span class='ocrx_word' id='word_1_373' title='bbox 767 1660 803 1687; x_wconf 60' lang='lat' dir='ltr'>Vt</span> <span class='ocrx_word' id='word_1_374' title='bbox 823 1660 923 1686; x_wconf 69' lang='lat' dir='ltr'>reth-iat</span> <span class='ocrx_word' id='word_1_375' title='bbox 942 1657 1030 1696; x_wconf 84' lang='lat' dir='ltr'>lapide</span> <span class='ocrx_word' id='word_1_376' title='bbox 1049 1667 1110 1694; x_wconf 85' lang='lat' dir='ltr'>qua-</span> 
     </span>
     <span class='ocr_line' id='line_1_36' title="bbox 263 1700 1108 1744; baseline -0.012 -8"><span class='ocrx_word' id='word_1_377' title='bbox 263 1710 352 1737; x_wconf 86' lang='lat' dir='ltr'>drato.</span> <span class='ocrx_word' id='word_1_378' title='bbox 371 1707 413 1735; x_wconf 81' lang='lat' dir='ltr'>vel</span> <span class='ocrx_word' id='word_1_379' title='bbox 432 1706 520 1744; x_wconf 85' lang='lat' dir='ltr'>lapide</span> <span class='ocrx_word' id='word_1_380' title='bbox 539 1704 667 1737; x_wconf 72' lang='lat' dir='ltr'>structili,</span> <span class='ocrx_word' id='word_1_381' title='bbox 686 1704 729 1730; x_wconf 75' lang='lat' dir='ltr'>vel</span> <span class='ocrx_word' id='word_1_382' title='bbox 750 1704 844 1740; x_wconf 86' lang='lat' dir='ltr'>quovis</span> <span class='ocrx_word' id='word_1_383' title='bbox 864 1702 915 1729; x_wconf 88' lang='lat' dir='ltr'>alio</span> <span class='ocrx_word' id='word_1_384' title='bbox 935 1711 1022 1739; x_wconf 86' lang='lat' dir='ltr'>opere.</span> <span class='ocrx_word' id='word_1_385' title='bbox 1043 1700 1073 1727; x_wconf 88' lang='lat' dir='ltr'>sr.</span> <span class='ocrx_word' id='word_1_386' title='bbox 1085 1701 1108 1726; x_wconf 84' lang='lat'>6.</span> 
     </span>
     <span class='ocr_line' id='line_1_37' title="bbox 263 1744 1109 1788; baseline -0.012 -9"><span class='ocrx_word' id='word_1_387' title='bbox 263 1754 285 1788; x_wconf 97' lang='lat'>5.</span> <span class='ocrx_word' id='word_1_388' title='bbox 305 1755 328 1779; x_wconf 85' lang='lat'>5.</span> <span class='ocrx_word' id='word_1_389' title='bbox 350 1753 372 1778; x_wconf 88' lang='lat' dir='ltr'>si</span> <span class='ocrx_word' id='word_1_390' title='bbox 391 1752 481 1777; x_wconf 88' lang='lat' dir='ltr'>servit.</span> <span class='ocrx_word' id='word_1_391' title='bbox 501 1751 525 1776; x_wconf 86' lang='lat'>8.</span> <span class='ocrx_word' id='word_1_392' title='bbox 546 1752 568 1776; x_wconf 88' lang='lat'>5.</span> <span class='ocrx_word' id='word_1_393' title='bbox 607 1747 657 1774; x_wconf 79' lang='lat' dir='ltr'>Per</span> <span class='ocrx_word' id='word_1_394' title='bbox 681 1746 794 1784; x_wconf 76' lang='lat' dir='ltr'>lapidem</span> <span class='ocrx_word' id='word_1_395' title='bbox 819 1755 911 1782; x_wconf 84' lang='lat' dir='ltr'>aquam</span> <span class='ocrx_word' id='word_1_396' title='bbox 936 1744 996 1771; x_wconf 83' lang='lat' dir='ltr'>duci</span> <span class='ocrx_word' id='word_1_397' title='bbox 1019 1753 1109 1781; x_wconf 86' lang='lat' dir='ltr'>posse.</span> 
     </span>
     <span class='ocr_line' id='line_1_38' title="bbox 265 1787 1109 1829; baseline -0.012 -7"><span class='ocrx_word' id='word_1_398' title='bbox 265 1797 294 1823; x_wconf 75' lang='lat' dir='ltr'>fr.</span> <span class='ocrx_word' id='word_1_399' title='bbox 317 1797 355 1821; x_wconf 95' lang='lat'>17.</span> <span class='ocrx_word' id='word_1_400' title='bbox 375 1795 397 1828; x_wconf 90' lang='lat'>5</span> <span class='ocrx_word' id='word_1_401' title='bbox 416 1796 438 1820; x_wconf 94' lang='lat'>1.</span> <span class='ocrx_word' id='word_1_402' title='bbox 459 1793 491 1819; x_wconf 89' lang='lat' dir='ltr'>de</span> <span class='ocrx_word' id='word_1_403' title='bbox 511 1802 576 1829; x_wconf 83' lang='lat' dir='ltr'>aqua</span> <span class='ocrx_word' id='word_1_404' title='bbox 598 1796 623 1818; x_wconf 75' lang='lat' dir='ltr'>et</span> <span class='ocrx_word' id='word_1_405' title='bbox 643 1800 702 1827; x_wconf 87' lang='lat' dir='ltr'>aqu.</span> <span class='ocrx_word' id='word_1_406' title='bbox 722 1789 757 1827; x_wconf 90' lang='lat' dir='ltr'>pl.</span> <span class='ocrx_word' id='word_1_407' title='bbox 771 1791 813 1816; x_wconf 91' lang='lat'>39.</span> <span class='ocrx_word' id='word_1_408' title='bbox 827 1790 852 1815; x_wconf 90' lang='lat'>3.</span> <span class='ocrx_word' id='word_1_409' title='bbox 889 1787 992 1814; x_wconf 86' lang='lat' dir='ltr'>Illatum</span> <span class='ocrx_word' id='word_1_410' title='bbox 1013 1796 1109 1824; x_wconf 84' lang='lat' dir='ltr'>corpus</span> 
     </span>
     <span class='ocr_line' id='line_1_39' title="bbox 265 1830 1110 1876; baseline -0.011 -11"><span class='ocrx_word' id='word_1_411' title='bbox 265 1840 291 1865; x_wconf 84' lang='lat' dir='ltr'>in</span> <span class='ocrx_word' id='word_1_412' title='bbox 311 1848 401 1876; x_wconf 83' lang='lat' dir='ltr'>puram</span> <span class='ocrx_word' id='word_1_413' title='bbox 420 1837 620 1874; x_wconf 79' lang='lat' dir='ltr'>possessionem</span> <span class='ocrx_word' id='word_1_414' title='bbox 640 1839 719 1861; x_wconf 88' lang='lat' dir='ltr'>tuam.</span> <span class='ocrx_word' id='word_1_415' title='bbox 738 1832 781 1859; x_wconf 83' lang='lat' dir='ltr'>vel</span> <span class='ocrx_word' id='word_1_416' title='bbox 800 1831 922 1869; x_wconf 77' lang='lat' dir='ltr'>lapidem.</span> <span class='ocrx_word' id='word_1_417' title='bbox 943 1841 964 1857; x_wconf 91' lang='lat' dir='ltr'>c.</span> <span class='ocrx_word' id='word_1_418' title='bbox 981 1832 1006 1856; x_wconf 84' lang='lat'>2.</span> <span class='ocrx_word' id='word_1_419' title='bbox 1027 1830 1059 1856; x_wconf 89' lang='lat' dir='ltr'>de</span> <span class='ocrx_word' id='word_1_420' title='bbox 1072 1839 1110 1857; x_wconf 83' lang='lat' dir='ltr'>re-</span> 
     </span>
     <span class='ocr_line' id='line_1_40' title="bbox 266 1875 1110 1917; baseline -0.011 -10"><span class='ocrx_word' id='word_1_421' title='bbox 266 1881 350 1917; x_wconf 68' lang='lat' dir='ltr'>ligios.</span> <span class='ocrx_word' id='word_1_422' title='bbox 370 1882 394 1906; x_wconf 82' lang='lat'>3.</span> <span class='ocrx_word' id='word_1_423' title='bbox 415 1882 456 1906; x_wconf 79' lang='lat'>44.</span> <span class='ocrx_word' id='word_1_424' title='bbox 477 1895 509 1899; x_wconf 88' lang='lat'>-—</span> <span class='ocrx_word' id='word_1_425' title='bbox 534 1878 564 1912; x_wconf 78' lang='lat'>§-</span> <span class='ocrx_word' id='word_1_426' title='bbox 586 1879 625 1904; x_wconf 66' lang='lat'>4.</span> <span class='ocrx_word' id='word_1_427' title='bbox 655 1877 827 1904; x_wconf 82' lang='lat' dir='ltr'>Terminus</span> <span class='ocrx_word' id='word_1_428' title='bbox 847 1883 1016 1910; x_wconf 81' lang='lat' dir='ltr'>agro-rum,</span> <span class='ocrx_word' id='word_1_429' title='bbox 1035 1875 1110 1899; x_wconf 82' lang='lat' dir='ltr'>item</span> 
     </span>
     <span class='ocr_line' id='line_1_41' title="bbox 266 1918 1110 1955; baseline -0.011 -4"><span class='ocrx_word' id='word_1_430' title='bbox 266 1925 471 1951; x_wconf 77' lang='lat' dir='ltr'>milliarium.</span> <span class='ocrx_word' id='word_1_431' title='bbox 509 1921 519 1948; x_wconf 87' lang='lat' dir='ltr'>l</span> <span class='ocrx_word' id='word_1_432' title='bbox 548 1924 609 1955; x_wconf 76' lang='lat' dir='ltr'>Sy.</span> <span class='ocrx_word' id='word_1_433' title='bbox 630 1919 780 1950; x_wconf 65' lang='lat' dir='ltr'>Terminus.</span> <span class='ocrx_word' id='word_1_434' title='bbox 800 1918 892 1944; x_wconf 83' lang='lat' dir='ltr'>finium</span> <span class='ocrx_word' id='word_1_435' title='bbox 906 1926 982 1944; x_wconf 81' lang='lat' dir='ltr'>causa</span> <span class='ocrx_word' id='word_1_436' title='bbox 996 1918 1110 1954; x_wconf 86' lang='lat' dir='ltr'>positus.</span> 
     </span>
     <span class='ocr_line' id='line_1_42' title="bbox 266 1961 1110 1998; baseline -0.011 -4"><span class='ocrx_word' id='word_1_437' title='bbox 266 1966 336 1994; x_wconf 91' lang='lat' dir='ltr'>Coll.</span> <span class='ocrx_word' id='word_1_438' title='bbox 357 1965 408 1992; x_wconf 90' lang='lat' dir='ltr'>LL.</span> <span class='ocrx_word' id='word_1_439' title='bbox 429 1965 462 1992; x_wconf 77' lang='grc' dir='ltr'>Μ.</span> <span class='ocrx_word' id='word_1_440' title='bbox 482 1964 549 1991; x_wconf 71' lang='grc' dir='ltr'>ΧΙΙΙ.</span> <span class='ocrx_word' id='word_1_441' title='bbox 569 1966 594 1989; x_wconf 81' lang='grc'>3.</span> <span class='ocrx_word' id='word_1_442' title='bbox 614 1963 644 1989; x_wconf 84' lang='grc' dir='ltr'>1“ι·.</span> <span class='ocrx_word' id='word_1_443' title='bbox 664 1964 688 1988; x_wconf 93' lang='grc'>2.</span> <span class='ocrx_word' id='word_1_444' title='bbox 709 1971 748 1998; x_wconf 86' lang='lat' dir='ltr'>sq.</span> <span class='ocrx_word' id='word_1_445' title='bbox 774 1961 806 1987; x_wconf 81' lang='lat' dir='ltr'>de</span> <span class='ocrx_word' id='word_1_446' title='bbox 832 1965 906 1987; x_wconf 86' lang='lat' dir='ltr'>term.</span> <span class='ocrx_word' id='word_1_447' title='bbox 926 1964 988 1986; x_wconf 84' lang='lat' dir='ltr'>mot.</span> <span class='ocrx_word' id='word_1_448' title='bbox 1008 1961 1050 1986; x_wconf 88' lang='lat'>47.</span> <span class='ocrx_word' id='word_1_449' title='bbox 1069 1961 1110 1986; x_wconf 88' lang='lat'>21.</span> 
     </span>
     <span class='ocr_line' id='line_1_43' title="bbox 266 2001 1112 2040; baseline -0.011 -3"><span class='ocrx_word' id='word_1_450' title='bbox 266 2009 425 2037; x_wconf 74' lang='lat' dir='ltr'>milliarium.</span> <span class='ocrx_word' id='word_1_451' title='bbox 457 2007 541 2033; x_wconf 62' lang='lat' dir='ltr'>Yatic.</span> <span class='ocrx_word' id='word_1_452' title='bbox 565 2007 587 2040; x_wconf 94' lang='lat'>5.</span> <span class='ocrx_word' id='word_1_453' title='bbox 616 2007 670 2031; x_wconf 83' lang='lat'>147.</span> <span class='ocrx_word' id='word_1_454' title='bbox 703 2004 760 2031; x_wconf 81' lang='lat' dir='ltr'>Gai.</span> <span class='ocrx_word' id='word_1_455' title='bbox 780 2004 798 2030; x_wconf 93' lang='lat'>1.</span> <span class='ocrx_word' id='word_1_456' title='bbox 821 2006 864 2030; x_wconf 83' lang='lat'>27.</span> <span class='ocrx_word' id='word_1_457' title='bbox 889 2003 919 2030; x_wconf 87' lang='lat' dir='ltr'>sr.</span> <span class='ocrx_word' id='word_1_458' title='bbox 942 2005 964 2029; x_wconf 95' lang='lat' dir='ltr'>l.</span> <span class='ocrx_word' id='word_1_459' title='bbox 987 2003 1010 2036; x_wconf 97' lang='lat'>5.</span> <span class='ocrx_word' id='word_1_460' title='bbox 1029 2004 1058 2028; x_wconf 89' lang='lat'>4.</span> <span class='ocrx_word' id='word_1_461' title='bbox 1079 2001 1112 2028; x_wconf 82' lang='lat' dir='ltr'>de</span> 
     </span>
     <span class='ocr_line' id='line_1_44' title="bbox 267 2045 1110 2081; baseline -0.011 -2"><span class='ocrx_word' id='word_1_462' title='bbox 267 2053 310 2079; x_wconf 73' lang='lat' dir='ltr'>ott.</span> <span class='ocrx_word' id='word_1_463' title='bbox 332 2052 384 2078; x_wconf 75' lang='lat' dir='ltr'>Prt‘.</span> <span class='ocrx_word' id='word_1_464' title='bbox 406 2050 451 2077; x_wconf 65' lang='lat' dir='ltr'>Vr.</span> <span class='ocrx_word' id='word_1_465' title='bbox 474 2052 494 2076; x_wconf 94' lang='lat' dir='ltr'>l.</span> <span class='ocrx_word' id='word_1_466' title='bbox 516 2052 556 2076; x_wconf 80' lang='lat'>12.</span> <span class='ocrx_word' id='word_1_467' title='bbox 578 2048 628 2075; x_wconf 82' lang='lat' dir='ltr'>Tb.</span> <span class='ocrx_word' id='word_1_468' title='bbox 649 2048 680 2074; x_wconf 91' lang='lat' dir='ltr'>C.</span> <span class='ocrx_word' id='word_1_469' title='bbox 698 2047 753 2074; x_wconf 64' lang='lat' dir='ltr'>Vll.</span> <span class='ocrx_word' id='word_1_470' title='bbox 773 2048 797 2073; x_wconf 73' lang='lat'>4.</span> <span class='ocrx_word' id='word_1_471' title='bbox 818 2057 839 2074; x_wconf 91' lang='lat' dir='ltr'>c.</span> <span class='ocrx_word' id='word_1_472' title='bbox 860 2048 882 2073; x_wconf 78' lang='lat'>7.</span> <span class='ocrx_word' id='word_1_473' title='bbox 903 2056 925 2072; x_wconf 93' lang='lat' dir='ltr'>c.</span> <span class='ocrx_word' id='word_1_474' title='bbox 944 2048 968 2072; x_wconf 81' lang='lat'>9.</span> <span class='ocrx_word' id='word_1_475' title='bbox 988 2045 1021 2071; x_wconf 87' lang='lat' dir='ltr'>de</span> <span class='ocrx_word' id='word_1_476' title='bbox 1041 2054 1110 2081; x_wconf 80' lang='lat' dir='ltr'>erog.</span> 
     </span>
     <span class='ocr_line' id='line_1_45' title="bbox 267 2095 434 2122; baseline -0.012 0"><span class='ocrx_word' id='word_1_477' title='bbox 267 2095 319 2122; x_wconf 88' lang='lat' dir='ltr'>mil.</span> <span class='ocrx_word' id='word_1_478' title='bbox 340 2104 434 2120; x_wconf 85' lang='lat' dir='ltr'>annon.</span> 
     </span>
    </p>

    <p class='ocr_par' dir='ltr' id='par_1_5' title="bbox 268 2132 1135 2431">
     <span class='ocr_line' id='line_1_46' title="bbox 303 2132 1111 2170; baseline -0.01 -6"><span class='ocrx_word' id='word_1_479' title='bbox 303 2139 460 2170; x_wconf 65' lang='lat' dir='ltr'>hapsus.</span> <span class='ocrx_word' id='word_1_480' title='bbox 497 2135 623 2169; x_wconf 80' lang='lat' dir='ltr'>(Subst.)</span> <span class='ocrx_word' id='word_1_481' title='bbox 661 2134 692 2167; x_wconf 65' lang='grc' dir='ltr'>δ.</span> <span class='ocrx_word' id='word_1_482' title='bbox 714 2135 748 2160; x_wconf 91' lang='lat'>1.</span> <span class='ocrx_word' id='word_1_483' title='bbox 775 2135 914 2164; x_wconf 81' lang='lat' dir='ltr'>Cursus,</span> <span class='ocrx_word' id='word_1_484' title='bbox 936 2132 1111 2158; x_wconf 76' lang='lat' dir='ltr'>Decursu..</span> 
     </span>
     <span class='ocr_line' id='line_1_47' title="bbox 268 2173 1112 2214; baseline -0.009 -7"><span class='ocrx_word' id='word_1_485' title='bbox 268 2180 310 2207; x_wconf 91' lang='lat' dir='ltr'>Ill.</span> <span class='ocrx_word' id='word_1_486' title='bbox 332 2181 397 2207; x_wconf 79' lang='lat' dir='ltr'>Cn.</span> <span class='ocrx_word' id='word_1_487' title='bbox 421 2178 487 2205; x_wconf 85' lang='lat' dir='ltr'>Post</span> <span class='ocrx_word' id='word_1_488' title='bbox 511 2180 631 2205; x_wconf 80' lang='lat' dir='ltr'>iteratum</span> <span class='ocrx_word' id='word_1_489' title='bbox 656 2176 782 2214; x_wconf 83' lang='lat' dir='ltr'>temporis</span> <span class='ocrx_word' id='word_1_490' title='bbox 802 2175 918 2212; x_wconf 81' lang='lat' dir='ltr'>lapsum,</span> <span class='ocrx_word' id='word_1_491' title='bbox 937 2173 1021 2207; x_wconf 85' lang='lat' dir='ltr'>(nulli</span> <span class='ocrx_word' id='word_1_492' title='bbox 1039 2183 1112 2210; x_wconf 81' lang='lat' dir='ltr'>repa-</span> 
     </span>
     <span class='ocr_line' id='line_1_48' title="bbox 269 2217 1112 2257; baseline -0.009 -8"><span class='ocrx_word' id='word_1_493' title='bbox 269 2224 396 2250; x_wconf 80' lang='lat' dir='ltr'>rationem</span> <span class='ocrx_word' id='word_1_494' title='bbox 420 2221 583 2257; x_wconf 75' lang='lat' dir='ltr'>indulgere.)</span> <span class='ocrx_word' id='word_1_495' title='bbox 613 2220 649 2247; x_wconf 92' lang='lat' dir='ltr'>lb.</span> <span class='ocrx_word' id='word_1_496' title='bbox 669 2219 713 2247; x_wconf 77' lang='lat' dir='ltr'>XI.</span> <span class='ocrx_word' id='word_1_497' title='bbox 733 2221 775 2245; x_wconf 85' lang='lat'>31.</span> <span class='ocrx_word' id='word_1_498' title='bbox 803 2228 823 2244; x_wconf 89' lang='lat' dir='ltr'>c.</span> <span class='ocrx_word' id='word_1_499' title='bbox 843 2220 867 2243; x_wconf 91' lang='lat'>2.</span> <span class='ocrx_word' id='word_1_500' title='bbox 892 2217 924 2243; x_wconf 82' lang='lat' dir='ltr'>dc</span> <span class='ocrx_word' id='word_1_501' title='bbox 947 2226 1032 2254; x_wconf 81' lang='lat' dir='ltr'>repar.</span> <span class='ocrx_word' id='word_1_502' title='bbox 1052 2226 1112 2253; x_wconf 86' lang='lat' dir='ltr'>app.</span> 
     </span>
     <span class='ocr_line' id='line_1_49' title="bbox 268 2259 1112 2301; baseline -0.009 -8"><span class='ocrx_word' id='word_1_503' title='bbox 268 2267 380 2293; x_wconf 78' lang='lat' dir='ltr'>Gemino</span> <span class='ocrx_word' id='word_1_504' title='bbox 400 2264 476 2301; x_wconf 80' lang='lat' dir='ltr'>lapsu</span> <span class='ocrx_word' id='word_1_505' title='bbox 495 2267 586 2296; x_wconf 86' lang='lat' dir='ltr'>(cansa</span> <span class='ocrx_word' id='word_1_506' title='bbox 605 2262 732 2295; x_wconf 79' lang='lat' dir='ltr'>evoluta.)</span> <span class='ocrx_word' id='word_1_507' title='bbox 754 2261 792 2288; x_wconf 93' lang='lat' dir='ltr'>lb.</span> <span class='ocrx_word' id='word_1_508' title='bbox 805 2260 850 2287; x_wconf 78' lang='lat' dir='ltr'>XI.</span> <span class='ocrx_word' id='word_1_509' title='bbox 864 2262 906 2287; x_wconf 83' lang='lat'>32.</span> <span class='ocrx_word' id='word_1_510' title='bbox 927 2270 948 2286; x_wconf 91' lang='lat' dir='ltr'>c.</span> <span class='ocrx_word' id='word_1_511' title='bbox 970 2262 991 2285; x_wconf 95' lang='lat' dir='ltr'>l.</span> <span class='ocrx_word' id='word_1_512' title='bbox 1013 2259 1045 2285; x_wconf 82' lang='lat' dir='ltr'>de</span> <span class='ocrx_word' id='word_1_513' title='bbox 1059 2269 1112 2286; x_wconf 88' lang='lat' dir='ltr'>sec.</span> 
     </span>
     <span class='ocr_line' id='line_1_50' title="bbox 270 2302 1113 2346; baseline -0.008 -11"><span class='ocrx_word' id='word_1_514' title='bbox 270 2310 353 2346; x_wconf 84' lang='lat' dir='ltr'>lapsu.</span> <span class='ocrx_word' id='word_1_515' title='bbox 390 2306 505 2343; x_wconf 80' lang='lat' dir='ltr'>Lapsum</span> <span class='ocrx_word' id='word_1_516' title='bbox 524 2307 651 2343; x_wconf 77' lang='lat' dir='ltr'>temporis</span> <span class='ocrx_word' id='word_1_517' title='bbox 670 2307 812 2332; x_wconf 74' lang='lat' dir='ltr'>incurrere.</span> <span class='ocrx_word' id='word_1_518' title='bbox 842 2303 879 2329; x_wconf 88' lang='lat' dir='ltr'>lb.</span> <span class='ocrx_word' id='word_1_519' title='bbox 899 2302 930 2329; x_wconf 91' lang='lat' dir='ltr'>lt.</span> <span class='ocrx_word' id='word_1_520' title='bbox 950 2305 974 2329; x_wconf 78' lang='lat'>(5.</span> <span class='ocrx_word' id='word_1_521' title='bbox 994 2314 1015 2328; x_wconf 84' lang='lat' dir='ltr'>c.</span> <span class='ocrx_word' id='word_1_522' title='bbox 1035 2306 1059 2328; x_wconf 82' lang='lat'>&#39;.¹.</span> <span class='ocrx_word' id='word_1_523' title='bbox 1080 2302 1113 2328; x_wconf 86' lang='lat' dir='ltr'>de</span> 
     </span>
     <span class='ocr_line' id='line_1_51' title="bbox 270 2345 1135 2388; baseline -0.007 -11"><span class='ocrx_word' id='word_1_524' title='bbox 270 2357 348 2388; x_wconf 81' lang='lat' dir='ltr'>temp.</span> <span class='ocrx_word' id='word_1_525' title='bbox 369 2360 456 2377; x_wconf 86' lang='lat' dir='ltr'>cursu.</span> <span class='ocrx_word' id='word_1_526' title='bbox 477 2365 508 2368; x_wconf 96' lang='lat'><strong>—</strong></span> <span class='ocrx_word' id='word_1_527' title='bbox 528 2350 558 2382; x_wconf 79' lang='lat'>§-</span> <span class='ocrx_word' id='word_1_528' title='bbox 573 2351 608 2375; x_wconf 74' lang='lat'>2.</span> <span class='ocrx_word' id='word_1_529' title='bbox 637 2349 872 2382; x_wconf 75' lang='lat' dir='ltr'>Imprudentia.</span> <span class='ocrx_word' id='word_1_530' title='bbox 909 2345 953 2372; x_wconf 87' lang='grc' dir='ltr'>ΙΙΙ.</span> <span class='ocrx_word' id='word_1_531' title='bbox 976 2346 1043 2373; x_wconf 70' lang='lat' dir='ltr'>Cn.</span> <span class='ocrx_word' id='word_1_532' title='bbox 1067 2345 1113 2371; x_wconf 83' lang='lat' dir='ltr'>Er·</span> <span class='ocrx_word' id='word_1_533' title='bbox 1134 2370 1135 2375; x_wconf 67' lang='grc'>,</span> 
     </span>
     <span class='ocr_line' id='line_1_52' title="bbox 270 2388 1113 2431; baseline -0.008 -10"><span class='ocrx_word' id='word_1_534' title='bbox 270 2405 314 2421; x_wconf 85' lang='lat' dir='ltr'>ror</span> <span class='ocrx_word' id='word_1_535' title='bbox 334 2392 510 2431; x_wconf 81' lang='lat' dir='ltr'>improviduS.</span> <span class='ocrx_word' id='word_1_536' title='bbox 530 2391 571 2417; x_wconf 77' lang='lat' dir='ltr'>vel</span> <span class='ocrx_word' id='word_1_537' title='bbox 592 2391 704 2428; x_wconf 75' lang='lat' dir='ltr'>simplex</span> <span class='ocrx_word' id='word_1_538' title='bbox 724 2390 881 2427; x_wconf 76' lang='lat' dir='ltr'>ignorantia.</span> <span class='ocrx_word' id='word_1_539' title='bbox 902 2388 944 2415; x_wconf 74' lang='lat' dir='ltr'>vel</span> <span class='ocrx_word' id='word_1_540' title='bbox 964 2389 1056 2415; x_wconf 85' lang='lat' dir='ltr'>aetatis</span> <span class='ocrx_word' id='word_1_541' title='bbox 1076 2389 1113 2414; x_wconf 93' lang='lat' dir='ltr'>in-</span> 
     </span>
    </p>
   </div>
   <div class='ocr_carea' id='block_1_3' title="bbox 1123 247 1139 2512">
    <p class='ocr_par' dir='ltr' id='par_1_6' title="bbox 1123 247 1139 2512">
     <span class='ocr_line' id='line_1_53' title="bbox 1123 247 1139 2512; baseline 0 0"><span class='ocrx_word' id='word_1_542' title='bbox 1123 247 1139 2512; x_wconf 95' lang='lat' dir='ltr'> </span> 
     </span>
    </p>
   </div>
   <div class='ocr_carea' id='block_1_4' title="bbox 270 2431 1139 2851">
    <p class='ocr_par' dir='ltr' id='par_1_7' title="bbox 270 2431 1139 2851">
     <span class='ocr_line' id='line_1_54' title="bbox 270 2431 1112 2473; baseline -0.006 -10"><span class='ocrx_word' id='word_1_543' title='bbox 270 2438 360 2463; x_wconf 80' lang='lat' dir='ltr'>firmae.</span> <span class='ocrx_word' id='word_1_544' title='bbox 380 2436 478 2473; x_wconf 86' lang='lat' dir='ltr'>lapsus.</span> <span class='ocrx_word' id='word_1_545' title='bbox 499 2434 535 2460; x_wconf 90' lang='lat' dir='ltr'>lb.</span> <span class='ocrx_word' id='word_1_546' title='bbox 556 2432 598 2459; x_wconf 74' lang='lat' dir='ltr'>IV.</span> <span class='ocrx_word' id='word_1_547' title='bbox 619 2435 642 2459; x_wconf 88' lang='lat'>9.</span> <span class='ocrx_word' id='word_1_548' title='bbox 663 2444 683 2459; x_wconf 89' lang='lat' dir='ltr'>c.</span> <span class='ocrx_word' id='word_1_549' title='bbox 703 2435 726 2459; x_wconf 86' lang='lat'>3.</span> <span class='ocrx_word' id='word_1_550' title='bbox 747 2433 779 2459; x_wconf 88' lang='lat' dir='ltr'>ad</span> <span class='ocrx_word' id='word_1_551' title='bbox 793 2431 1009 2459; x_wconf 81' lang='lat' dir='ltr'>S.C.Claud.··-</span> <span class='ocrx_word' id='word_1_552' title='bbox 1030 2432 1061 2464; x_wconf 70' lang='lat'>§-</span> <span class='ocrx_word' id='word_1_553' title='bbox 1075 2432 1112 2458; x_wconf 77' lang='grc'>3.</span> 
     </span>
     <span class='ocr_line' id='line_1_55' title="bbox 273 2474 1113 2511; baseline -0.01 -4"><span class='ocrx_word' id='word_1_554' title='bbox 273 2481 445 2506; x_wconf 75' lang='lat' dir='ltr'>Delictum.</span> <span class='ocrx_word' id='word_1_555' title='bbox 482 2477 526 2504; x_wconf 89' lang='grc' dir='ltr'>ΙΙΙ.</span> <span class='ocrx_word' id='word_1_556' title='bbox 546 2477 612 2504; x_wconf 75' lang='lat' dir='ltr'>Gn.</span> <span class='ocrx_word' id='word_1_557' title='bbox 636 2475 682 2501; x_wconf 88' lang='lat' dir='ltr'>llis</span> <span class='ocrx_word' id='word_1_558' title='bbox 701 2492 732 2495; x_wconf 92' lang='lat'><em>-</em></span> <span class='ocrx_word' id='word_1_559' title='bbox 754 2476 863 2511; x_wconf 70' lang='lat' dir='ltr'>ignosci.</span> <span class='ocrx_word' id='word_1_560' title='bbox 884 2477 909 2502; x_wconf 93' lang='lat' dir='ltr'>in</span> <span class='ocrx_word' id='word_1_561' title='bbox 929 2484 1040 2511; x_wconf 86' lang='lat' dir='ltr'>quorum</span> <span class='ocrx_word' id='word_1_562' title='bbox 1061 2474 1113 2510; x_wconf 83' lang='lat' dir='ltr'>lap-</span> 
     </span>
     <span class='ocr_line' id='line_1_56' title="bbox 272 2514 1137 2558; baseline -0.008 -9"><span class='ocrx_word' id='word_1_563' title='bbox 272 2523 345 2549; x_wconf 84' lang='lat' dir='ltr'>sibus</span> <span class='ocrx_word' id='word_1_564' title='bbox 374 2521 430 2548; x_wconf 89' lang='lat' dir='ltr'>sola</span> <span class='ocrx_word' id='word_1_565' title='bbox 454 2524 544 2558; x_wconf 80' lang='lat' dir='ltr'>potest</span> <span class='ocrx_word' id='word_1_566' title='bbox 568 2519 671 2546; x_wconf 74' lang='lat' dir='ltr'>fortuna</span> <span class='ocrx_word' id='word_1_567' title='bbox 696 2518 802 2555; x_wconf 81' lang='lat' dir='ltr'>culpari.</span> <span class='ocrx_word' id='word_1_568' title='bbox 839 2518 906 2544; x_wconf 62' lang='lat' dir='ltr'>Nov.</span> <span class='ocrx_word' id='word_1_569' title='bbox 931 2517 989 2543; x_wconf 58' lang='lat' dir='ltr'>tal.</span> <span class='ocrx_word' id='word_1_570' title='bbox 1014 2516 1056 2543; x_wconf 89' lang='lat' dir='ltr'>tlt.</span> <span class='ocrx_word' id='word_1_571' title='bbox 1082 2516 1114 2543; x_wconf 81' lang='lat' dir='ltr'>dc</span> <span class='ocrx_word' id='word_1_572' title='bbox 1135 2514 1137 2519; x_wconf 65' lang='grc'>’</span> 
     </span>
     <span class='ocr_line' id='line_1_57' title="bbox 274 2561 677 2595; baseline -0.012 -4"><span class='ocrx_word' id='word_1_573' title='bbox 274 2564 395 2591; x_wconf 79' lang='lat' dir='ltr'>homicid.</span> <span class='ocrx_word' id='word_1_574' title='bbox 416 2564 445 2590; x_wconf 87' lang='grc' dir='ltr'>ΙΙ.</span> <span class='ocrx_word' id='word_1_575' title='bbox 464 2566 506 2589; x_wconf 77' lang='grc'>20.</span> <span class='ocrx_word' id='word_1_576' title='bbox 528 2572 548 2589; x_wconf 90' lang='lat' dir='ltr'>c.</span> <span class='ocrx_word' id='word_1_577' title='bbox 570 2563 591 2588; x_wconf 95' lang='lat' dir='ltr'>l.</span> <span class='ocrx_word' id='word_1_578' title='bbox 612 2561 633 2595; x_wconf 92' lang='lat'>5.</span> <span class='ocrx_word' id='word_1_579' title='bbox 653 2564 677 2586; x_wconf 80' lang='grc'>2.</span> 
     </span>
     <span class='ocr_line' id='line_1_58' title="bbox 309 2603 1137 2640; baseline -0.008 -7"><span class='ocrx_word' id='word_1_580' title='bbox 309 2606 558 2640; x_wconf 63' lang='lat' dir='ltr'>lanquentium.</span> <span class='ocrx_word' id='word_1_581' title='bbox 582 2603 699 2637; x_wconf 82' lang='lat' dir='ltr'>(Subst.)</span> <span class='ocrx_word' id='word_1_582' title='bbox 729 2604 814 2629; x_wconf 79' lang='lat' dir='ltr'>Lacu</span> <span class='ocrx_word' id='word_1_583' title='bbox 824 2606 921 2630; x_wconf 76' lang='lat' dir='ltr'>uarin</span> <span class='ocrx_word' id='word_1_584' title='bbox 931 2613 954 2629; x_wconf 87' lang='grc' dir='ltr'>ηι</span> <span class='ocrx_word' id='word_1_585' title='bbox 974 2604 1114 2639; x_wconf 66' lang='lat' dir='ltr'>artifex.</span> <span class='ocrx_word' id='word_1_586' title='bbox 1136 2612 1137 2626; x_wconf 62' lang='lat' dir='ltr'>i</span> 
     </span>
     <span class='ocr_line' id='line_1_59' title="bbox 275 2643 1138 2683; baseline -0.006 -8"><span class='ocrx_word' id='word_1_587' title='bbox 275 2648 316 2675; x_wconf 78' lang='lat' dir='ltr'>Ill.</span> <span class='ocrx_word' id='word_1_588' title='bbox 332 2651 397 2676; x_wconf 76' lang='lat' dir='ltr'>Gn.</span> <span class='ocrx_word' id='word_1_589' title='bbox 416 2648 570 2679; x_wconf 75' lang='lat' dir='ltr'>Architecti,</span> <span class='ocrx_word' id='word_1_590' title='bbox 591 2646 725 2683; x_wconf 78' lang='lat' dir='ltr'>laquearii.</span> <span class='ocrx_word' id='word_1_591' title='bbox 744 2644 843 2676; x_wconf 74' lang='lat' dir='ltr'>albarii.</span> <span class='ocrx_word' id='word_1_592' title='bbox 859 2646 902 2679; x_wconf 74' lang='lat' dir='ltr'>[al.</span> <span class='ocrx_word' id='word_1_593' title='bbox 917 2646 1052 2677; x_wconf 80' lang='lat' dir='ltr'>lecticarii,</span> <span class='ocrx_word' id='word_1_594' title='bbox 1068 2655 1115 2672; x_wconf 81' lang='lat' dir='ltr'>seu</span> <span class='ocrx_word' id='word_1_595' title='bbox 1136 2643 1138 2670; x_wconf 68' lang='lat' dir='ltr'>l</span> 
     </span>
     <span class='ocr_line' id='line_1_60' title="bbox 275 2682 1138 2723; baseline -0.003 -6"><span class='ocrx_word' id='word_1_596' title='bbox 275 2692 380 2717; x_wconf 67' lang='lat' dir='ltr'>arcarii:</span> <span class='ocrx_word' id='word_1_597' title='bbox 405 2702 427 2718; x_wconf 79' lang='lat' dir='ltr'>v.</span> <span class='ocrx_word' id='word_1_598' title='bbox 448 2691 562 2723; x_wconf 80' lang='lat' dir='ltr'>lectarii,</span> <span class='ocrx_word' id='word_1_599' title='bbox 586 2699 633 2716; x_wconf 88' lang='lat' dir='ltr'>seu</span> <span class='ocrx_word' id='word_1_600' title='bbox 653 2689 788 2721; x_wconf 75' lang='lat' dir='ltr'>laccarii.]</span> <span class='ocrx_word' id='word_1_601' title='bbox 811 2689 912 2723; x_wconf 72' lang='lat' dir='ltr'>{lguarii</span> <span class='ocrx_word' id='word_1_602' title='bbox 933 2694 980 2715; x_wconf 77' lang='lat' dir='ltr'>etc.</span> <span class='ocrx_word' id='word_1_603' title='bbox 1013 2688 1062 2715; x_wconf 79' lang='lat' dir='ltr'>Th.</span> <span class='ocrx_word' id='word_1_604' title='bbox 1084 2688 1115 2714; x_wconf 91' lang='lat' dir='ltr'>C.</span> <span class='ocrx_word' id='word_1_605' title='bbox 1137 2682 1138 2700; x_wconf 53' lang='lat' dir='ltr'>i</span> 
     </span>
     <span class='ocr_line' id='line_1_61' title="bbox 275 2730 1115 2760; baseline -0.004 0"><span class='ocrx_word' id='word_1_606' title='bbox 275 2733 343 2760; x_wconf 73' lang='lat' dir='ltr'>Xlll.</span> <span class='ocrx_word' id='word_1_607' title='bbox 367 2735 390 2758; x_wconf 85' lang='lat'>4.</span> <span class='ocrx_word' id='word_1_608' title='bbox 416 2744 435 2759; x_wconf 83' lang='lat' dir='ltr'>c.</span> <span class='ocrx_word' id='word_1_609' title='bbox 455 2736 478 2760; x_wconf 86' lang='lat'>2.</span> <span class='ocrx_word' id='word_1_610' title='bbox 503 2734 535 2760; x_wconf 73' lang='lat' dir='ltr'>(le</span> <span class='ocrx_word' id='word_1_611' title='bbox 560 2742 648 2759; x_wconf 79' lang='lat' dir='ltr'>excus.</span> <span class='ocrx_word' id='word_1_612' title='bbox 674 2731 740 2758; x_wconf 79' lang='lat' dir='ltr'>artil&#39;.</span> <span class='ocrx_word' id='word_1_613' title='bbox 766 2730 797 2757; x_wconf 83' lang='lat' dir='ltr'>cl&#39;.</span> <span class='ocrx_word' id='word_1_614' title='bbox 825 2730 885 2757; x_wconf 80' lang='lat' dir='ltr'>lust.</span> <span class='ocrx_word' id='word_1_615' title='bbox 907 2730 937 2756; x_wconf 77' lang='lat' dir='ltr'>C.</span> <span class='ocrx_word' id='word_1_616' title='bbox 964 2742 984 2757; x_wconf 74' lang='lat' dir='ltr'>c.</span> <span class='ocrx_word' id='word_1_617' title='bbox 1009 2733 1031 2758; x_wconf 90' lang='lat' dir='ltr'>l.</span> <span class='ocrx_word' id='word_1_618' title='bbox 1057 2730 1115 2757; x_wconf 82' lang='lat' dir='ltr'>eod.</span> 
     </span>
     <span class='ocr_line' id='line_1_62' title="bbox 279 2773 1139 2802; baseline -0.007 0"><span class='ocrx_word' id='word_1_619' title='bbox 279 2778 316 2802; x_wconf 77' lang='lat'>10.</span> <span class='ocrx_word' id='word_1_620' title='bbox 332 2778 372 2801; x_wconf 74' lang='grc'>6-1.</span> <span class='ocrx_word' id='word_1_621' title='bbox 1137 2773 1139 2788; x_wconf 80' lang='lat'><strong>¹</strong></span> 
     </span>
     <span class='ocr_line' id='line_1_63' title="bbox 313 2815 1139 2851; baseline -0.004 -7"><span class='ocrx_word' id='word_1_622' title='bbox 313 2820 499 2851; x_wconf 63' lang='lat' dir='ltr'>Laqueus.</span> <span class='ocrx_word' id='word_1_623' title='bbox 537 2819 568 2850; x_wconf 61' lang='grc' dir='ltr'>ξ.</span> <span class='ocrx_word' id='word_1_624' title='bbox 587 2820 621 2845; x_wconf 83' lang='lat' dir='ltr'>l.</span> <span class='ocrx_word' id='word_1_625' title='bbox 643 2820 759 2844; x_wconf 56' lang='lat' dir='ltr'>Bestia.</span> <span class='ocrx_word' id='word_1_626' title='bbox 791 2816 832 2843; x_wconf 92' lang='grc' dir='ltr'>ΙΙΙ.</span> <span class='ocrx_word' id='word_1_627' title='bbox 850 2817 916 2844; x_wconf 71' lang='lat' dir='ltr'>Cn.</span> <span class='ocrx_word' id='word_1_628' title='bbox 936 2815 1117 2842; x_wconf 69' lang='lat' dir='ltr'>Animadverti</span> <span class='ocrx_word' id='word_1_629' title='bbox 1138 2817 1139 2845; x_wconf 70' lang='grc' dir='ltr'>Ῐ</span> 
     </span>
    </p>
   </div>
   <div class='ocr_carea' id='block_1_5' title="bbox 1005 157 1250 188">
    <p class='ocr_par' dir='ltr' id='par_1_8' title="bbox 1005 157 1250 188">
     <span class='ocr_line' id='line_1_64' title="bbox 1005 157 1250 188; baseline -0.004 0"><span class='ocrx_word' id='word_1_630' title='bbox 1005 158 1086 188; x_wconf 72' lang='lat' dir='ltr'>LAP</span> <span class='ocrx_word' id='word_1_631' title='bbox 1102 176 1141 181; x_wconf 96' lang='lat'><strong>—</strong></span> <span class='ocrx_word' id='word_1_632' title='bbox 1155 157 1250 188; x_wconf 71' lang='lat' dir='ltr'>LAR.</span> 
     </span>
    </p>
   </div>
   <div class='ocr_carea' id='block_1_6' title="bbox 1145 237 1992 706">
    <p class='ocr_par' dir='ltr' id='par_1_9' title="bbox 1145 237 1992 706">
     <span class='ocr_line' id='line_1_65' title="bbox 1145 237 1990 276; baseline -0.002 -10"><span class='ocrx_word' id='word_1_633' title='bbox 1145 238 1232 275; x_wconf 78' lang='lat' dir='ltr'>gladio</span> <span class='ocrx_word' id='word_1_634' title='bbox 1252 243 1366 276; x_wconf 82' lang='lat' dir='ltr'>oportet,</span> <span class='ocrx_word' id='word_1_635' title='bbox 1385 248 1437 265; x_wconf 87' lang='lat' dir='ltr'>non</span> <span class='ocrx_word' id='word_1_636' title='bbox 1456 253 1490 258; x_wconf 94' lang='lat'><strong>—</strong></span> <span class='ocrx_word' id='word_1_637' title='bbox 1510 238 1582 270; x_wconf 72' lang='lat' dir='ltr'>susti,</span> <span class='ocrx_word' id='word_1_638' title='bbox 1602 238 1644 265; x_wconf 74' lang='lat' dir='ltr'>vel</span> <span class='ocrx_word' id='word_1_639' title='bbox 1665 238 1768 275; x_wconf 71' lang='lat' dir='ltr'>laqueo.</span> <span class='ocrx_word' id='word_1_640' title='bbox 1787 238 1816 266; x_wconf 84' lang='lat' dir='ltr'>sr.</span> <span class='ocrx_word' id='word_1_641' title='bbox 1831 240 1854 265; x_wconf 86' lang='lat'>8.</span> <span class='ocrx_word' id='word_1_642' title='bbox 1875 239 1897 272; x_wconf 89' lang='lat'>5.</span> <span class='ocrx_word' id='word_1_643' title='bbox 1919 239 1941 264; x_wconf 92' lang='lat'>1.</span> <span class='ocrx_word' id='word_1_644' title='bbox 1957 237 1990 264; x_wconf 87' lang='lat' dir='ltr'>de</span> 
     </span>
     <span class='ocr_line' id='line_1_66' title="bbox 1146 280 1990 320; baseline -0.002 -11"><span class='ocrx_word' id='word_1_645' title='bbox 1146 292 1223 320; x_wconf 78' lang='lat' dir='ltr'>poen.</span> <span class='ocrx_word' id='word_1_646' title='bbox 1237 284 1279 308; x_wconf 77' lang='lat'>48.</span> <span class='ocrx_word' id='word_1_647' title='bbox 1301 283 1341 308; x_wconf 87' lang='lat'>19.</span> <span class='ocrx_word' id='word_1_648' title='bbox 1371 280 1505 318; x_wconf 79' lang='lat' dir='ltr'>Laqueum</span> <span class='ocrx_word' id='word_1_649' title='bbox 1525 282 1611 309; x_wconf 88' lang='lat' dir='ltr'>torsit.</span> <span class='ocrx_word' id='word_1_650' title='bbox 1631 282 1687 308; x_wconf 74' lang='lat' dir='ltr'>sive</span> <span class='ocrx_word' id='word_1_651' title='bbox 1706 280 1924 308; x_wconf 66' lang='lat' dir='ltr'>medicamentum</span> <span class='ocrx_word' id='word_1_652' title='bbox 1942 290 1990 318; x_wconf 85' lang='lat' dir='ltr'>pro</span> 
     </span>
     <span class='ocr_line' id='line_1_67' title="bbox 1146 323 1990 359; baseline -0.001 -8"><span class='ocrx_word' id='word_1_653' title='bbox 1146 335 1247 352; x_wconf 82' lang='lat' dir='ltr'>veneno</span> <span class='ocrx_word' id='word_1_654' title='bbox 1271 324 1346 351; x_wconf 90' lang='lat' dir='ltr'>bibit.</span> <span class='ocrx_word' id='word_1_655' title='bbox 1371 324 1402 351; x_wconf 83' lang='lat' dir='ltr'>fr.</span> <span class='ocrx_word' id='word_1_656' title='bbox 1421 326 1462 351; x_wconf 86' lang='lat'>23.</span> <span class='ocrx_word' id='word_1_657' title='bbox 1487 326 1508 359; x_wconf 89' lang='lat'>5.</span> <span class='ocrx_word' id='word_1_658' title='bbox 1527 326 1551 352; x_wconf 85' lang='lat'>3.</span> <span class='ocrx_word' id='word_1_659' title='bbox 1577 324 1609 351; x_wconf 79' lang='lat' dir='ltr'>de</span> <span class='ocrx_word' id='word_1_660' title='bbox 1634 323 1720 351; x_wconf 83' lang='lat' dir='ltr'>Aedil.</span> <span class='ocrx_word' id='word_1_661' title='bbox 1745 323 1823 351; x_wconf 81' lang='lat' dir='ltr'>edict.</span> <span class='ocrx_word' id='word_1_662' title='bbox 1846 326 1888 351; x_wconf 88' lang='lat'>21.</span> <span class='ocrx_word' id='word_1_663' title='bbox 1916 326 1937 350; x_wconf 97' lang='lat' dir='ltr'>l.</span> <span class='ocrx_word' id='word_1_664' title='bbox 1958 339 1990 344; x_wconf 92' lang='lat'>·-—</span> 
     </span>
     <span class='ocr_line' id='line_1_68' title="bbox 1147 366 1990 404; baseline -0.001 -8"><span class='ocrx_word' id='word_1_665' title='bbox 1147 370 1177 403; x_wconf 77' lang='lat'>§-</span> <span class='ocrx_word' id='word_1_666' title='bbox 1195 370 1229 396; x_wconf 68' lang='lat'>2·</span> <span class='ocrx_word' id='word_1_667' title='bbox 1250 370 1379 403; x_wconf 73' lang='lat' dir='ltr'>Plagae</span> <span class='ocrx_word' id='word_1_668' title='bbox 1392 369 1482 404; x_wconf 73' lang='lat' dir='ltr'>feris</span> <span class='ocrx_word' id='word_1_669' title='bbox 1498 370 1636 402; x_wconf 80' lang='lat' dir='ltr'>positae.</span> <span class='ocrx_word' id='word_1_670' title='bbox 1669 367 1712 394; x_wconf 88' lang='lat' dir='ltr'>Ill.</span> <span class='ocrx_word' id='word_1_671' title='bbox 1727 366 1990 403; x_wconf 72' lang='lat' dir='ltr'>011.Inlaqueum.</span> 
     </span>
     <span class='ocr_line' id='line_1_69' title="bbox 1148 409 1992 449; baseline -0.002 -11"><span class='ocrx_word' id='word_1_672' title='bbox 1148 422 1224 449; x_wconf 84' lang='lat' dir='ltr'>quem</span> <span class='ocrx_word' id='word_1_673' title='bbox 1242 411 1355 438; x_wconf 79' lang='lat' dir='ltr'>venandi</span> <span class='ocrx_word' id='word_1_674' title='bbox 1375 421 1452 438; x_wconf 82' lang='lat' dir='ltr'>causa</span> <span class='ocrx_word' id='word_1_675' title='bbox 1471 420 1612 448; x_wconf 74' lang='lat' dir='ltr'>posueraS,</span> <span class='ocrx_word' id='word_1_676' title='bbox 1637 421 1700 448; x_wconf 80' lang='lat' dir='ltr'>aper</span> <span class='ocrx_word' id='word_1_677' title='bbox 1718 410 1819 436; x_wconf 88' lang='lat' dir='ltr'>incidit.</span> <span class='ocrx_word' id='word_1_678' title='bbox 1847 409 1877 437; x_wconf 79' lang='lat' dir='ltr'>fr.</span> <span class='ocrx_word' id='word_1_679' title='bbox 1897 412 1937 436; x_wconf 87' lang='grc'>55.</span> <span class='ocrx_word' id='word_1_680' title='bbox 1959 409 1992 436; x_wconf 84' lang='lat' dir='ltr'>de</span> 
     </span>
     <span class='ocr_line' id='line_1_70' title="bbox 1148 452 1992 490; baseline -0.001 -9"><span class='ocrx_word' id='word_1_681' title='bbox 1148 456 1178 482; x_wconf 75' lang='lat' dir='ltr'>A.</span> <span class='ocrx_word' id='word_1_682' title='bbox 1198 454 1229 481; x_wconf 85' lang='lat' dir='ltr'>R.</span> <span class='ocrx_word' id='word_1_683' title='bbox 1250 454 1283 481; x_wconf 92' lang='lat' dir='ltr'>D.</span> <span class='ocrx_word' id='word_1_684' title='bbox 1303 456 1344 481; x_wconf 72' lang='lat'>41.</span> <span class='ocrx_word' id='word_1_685' title='bbox 1372 456 1392 481; x_wconf 89' lang='lat'>1.</span> <span class='ocrx_word' id='word_1_686' title='bbox 1419 453 1451 481; x_wconf 81' lang='lat' dir='ltr'>cf.</span> <span class='ocrx_word' id='word_1_687' title='bbox 1476 453 1506 480; x_wconf 81' lang='lat' dir='ltr'>fr.</span> <span class='ocrx_word' id='word_1_688' title='bbox 1531 455 1572 480; x_wconf 86' lang='lat'>29.</span> <span class='ocrx_word' id='word_1_689' title='bbox 1598 463 1637 490; x_wconf 85' lang='lat' dir='ltr'>pr.</span> <span class='ocrx_word' id='word_1_690' title='bbox 1663 452 1695 480; x_wconf 83' lang='lat' dir='ltr'>ad</span> <span class='ocrx_word' id='word_1_691' title='bbox 1717 452 1747 479; x_wconf 93' lang='lat' dir='ltr'>L.</span> <span class='ocrx_word' id='word_1_692' title='bbox 1772 452 1841 489; x_wconf 87' lang='lat' dir='ltr'>Aqu.</span> <span class='ocrx_word' id='word_1_693' title='bbox 1866 454 1890 479; x_wconf 89' lang='lat'>9.</span> <span class='ocrx_word' id='word_1_694' title='bbox 1914 454 1939 480; x_wconf 85' lang='lat'>2.</span> <span class='ocrx_word' id='word_1_695' title='bbox 1957 467 1992 472; x_wconf 93' lang='lat'>—</span> 
     </span>
     <span class='ocr_line' id='line_1_71' title="bbox 1147 495 1992 532; baseline -0.005 -7"><span class='ocrx_word' id='word_1_696' title='bbox 1147 499 1178 532; x_wconf 74' lang='lat'>§-</span> <span class='ocrx_word' id='word_1_697' title='bbox 1193 499 1229 525; x_wconf 77' lang='lat'>3.</span> <span class='ocrx_word' id='word_1_698' title='bbox 1253 499 1438 529; x_wconf 78' lang='lat' dir='ltr'>Vinculum,</span> <span class='ocrx_word' id='word_1_699' title='bbox 1459 498 1637 523; x_wconf 48' lang='lat' dir='ltr'>Coi-weitin.</span> <span class='ocrx_word' id='word_1_700' title='bbox 1673 495 1717 523; x_wconf 89' lang='lat' dir='ltr'>Ill.</span> <span class='ocrx_word' id='word_1_701' title='bbox 1732 496 1798 523; x_wconf 76' lang='lat' dir='ltr'>Gu-</span> <span class='ocrx_word' id='word_1_702' title='bbox 1818 495 1992 522; x_wconf 68' lang='lat' dir='ltr'>Necessitatis</span> 
     </span>
     <span class='ocr_line' id='line_1_72' title="bbox 1147 537 1991 578; baseline -0.005 -10"><span class='ocrx_word' id='word_1_703' title='bbox 1147 541 1248 578; x_wconf 82' lang='lat' dir='ltr'>laqueis</span> <span class='ocrx_word' id='word_1_704' title='bbox 1272 540 1407 575; x_wconf 69' lang='lat' dir='ltr'>adstringi.</span> <span class='ocrx_word' id='word_1_705' title='bbox 1432 539 1517 566; x_wconf 66' lang='lat' dir='ltr'>vatic.</span> <span class='ocrx_word' id='word_1_706' title='bbox 1541 540 1563 573; x_wconf 88' lang='lat'>5.</span> <span class='ocrx_word' id='word_1_707' title='bbox 1583 540 1642 566; x_wconf 79' lang='lat'>248.</span> <span class='ocrx_word' id='word_1_708' title='bbox 1679 538 1801 575; x_wconf 76' lang='lat' dir='ltr'>Laqueo.</span> <span class='ocrx_word' id='word_1_709' title='bbox 1824 547 1843 564; x_wconf 91' lang='lat' dir='ltr'>s.</span> <span class='ocrx_word' id='word_1_710' title='bbox 1867 537 1991 574; x_wconf 80' lang='lat' dir='ltr'>Laqueis,</span> 
     </span>
     <span class='ocr_line' id='line_1_73' title="bbox 1148 580 1991 621; baseline -0.004 -11"><span class='ocrx_word' id='word_1_711' title='bbox 1148 584 1212 620; x_wconf 81' lang='lat' dir='ltr'>legis</span> <span class='ocrx_word' id='word_1_712' title='bbox 1236 583 1395 621; x_wconf 78' lang='lat' dir='ltr'>(implicari,</span> <span class='ocrx_word' id='word_1_713' title='bbox 1419 593 1444 609; x_wconf 74' lang='lat' dir='ltr'>v.</span> <span class='ocrx_word' id='word_1_714' title='bbox 1467 582 1630 617; x_wconf 75' lang='lat' dir='ltr'>adstringere</span> <span class='ocrx_word' id='word_1_715' title='bbox 1655 583 1710 613; x_wconf 86' lang='lat' dir='ltr'>se.)</span> <span class='ocrx_word' id='word_1_716' title='bbox 1743 581 1793 608; x_wconf 86' lang='lat' dir='ltr'>Tb.</span> <span class='ocrx_word' id='word_1_717' title='bbox 1818 580 1849 608; x_wconf 94' lang='lat' dir='ltr'>C.</span> <span class='ocrx_word' id='word_1_718' title='bbox 1874 580 1942 607; x_wconf 54' lang='lat' dir='ltr'>VIII.</span> <span class='ocrx_word' id='word_1_719' title='bbox 1967 582 1991 607; x_wconf 84' lang='lat'>7.</span> 
     </span>
     <span class='ocr_line' id='line_1_74' title="bbox 1148 623 1992 660; baseline -0.005 -7"><span class='ocrx_word' id='word_1_720' title='bbox 1148 638 1169 654; x_wconf 92' lang='lat' dir='ltr'>c.</span> <span class='ocrx_word' id='word_1_721' title='bbox 1194 628 1234 653; x_wconf 80' lang='lat'>16.</span> <span class='ocrx_word' id='word_1_722' title='bbox 1259 627 1281 660; x_wconf 85' lang='lat'>5.</span> <span class='ocrx_word' id='word_1_723' title='bbox 1299 628 1323 653; x_wconf 84' lang='lat'>3.</span> <span class='ocrx_word' id='word_1_724' title='bbox 1349 626 1381 652; x_wconf 73' lang='lat' dir='ltr'>ile,</span> <span class='ocrx_word' id='word_1_725' title='bbox 1406 625 1458 652; x_wconf 84' lang='lat' dir='ltr'>div.</span> <span class='ocrx_word' id='word_1_726' title='bbox 1484 625 1554 652; x_wconf 84' lang='lat' dir='ltr'>offic.</span> <span class='ocrx_word' id='word_1_727' title='bbox 1578 625 1622 652; x_wconf 83' lang='lat' dir='ltr'>IX.</span> <span class='ocrx_word' id='word_1_728' title='bbox 1641 626 1683 651; x_wconf 86' lang='lat'>37.</span> <span class='ocrx_word' id='word_1_729' title='bbox 1708 634 1729 650; x_wconf 87' lang='lat' dir='ltr'>c.</span> <span class='ocrx_word' id='word_1_730' title='bbox 1748 626 1773 650; x_wconf 82' lang='lat'>2.</span> <span class='ocrx_word' id='word_1_731' title='bbox 1798 623 1830 651; x_wconf 84' lang='lat' dir='ltr'>de</span> <span class='ocrx_word' id='word_1_732' title='bbox 1855 623 1992 650; x_wconf 87' lang='lat' dir='ltr'>abolition.</span> 
     </span>
     <span class='ocr_line' id='line_1_75' title="bbox 1148 666 1992 706; baseline -0.006 -9"><span class='ocrx_word' id='word_1_733' title='bbox 1148 670 1177 697; x_wconf 91' lang='lat' dir='ltr'>In</span> <span class='ocrx_word' id='word_1_734' title='bbox 1198 669 1309 706; x_wconf 77' lang='lat' dir='ltr'>laqueos</span> <span class='ocrx_word' id='word_1_735' title='bbox 1332 679 1416 696; x_wconf 81' lang='lat' dir='ltr'>novae</span> <span class='ocrx_word' id='word_1_736' title='bbox 1440 668 1639 695; x_wconf 85' lang='lat' dir='ltr'>constitutionis</span> <span class='ocrx_word' id='word_1_737' title='bbox 1663 668 1806 694; x_wconf 80' lang='lat' dir='ltr'>incurrere.</span> <span class='ocrx_word' id='word_1_738' title='bbox 1838 666 1876 694; x_wconf 86' lang='lat' dir='ltr'>lb.</span> <span class='ocrx_word' id='word_1_739' title='bbox 1895 666 1928 693; x_wconf 79' lang='lat' dir='ltr'>X.</span> <span class='ocrx_word' id='word_1_740' title='bbox 1950 668 1992 692; x_wconf 88' lang='lat'>21.</span> 
     </span>
    </p>
   </div>
   <div class='ocr_carea' id='block_1_7' title="bbox 1126 711 1992 745">
    <p class='ocr_par' dir='ltr' id='par_1_10' title="bbox 1126 711 1992 745">
     <span class='ocr_line' id='line_1_76' title="bbox 1126 711 1992 745; baseline -0.006 -5"><span class='ocrx_word' id='word_1_741' title='bbox 1126 717 1127 723; x_wconf 67' lang='lat'>¹</span> <span class='ocrx_word' id='word_1_742' title='bbox 1149 724 1170 740; x_wconf 87' lang='lat' dir='ltr'>c.</span> <span class='ocrx_word' id='word_1_743' title='bbox 1189 714 1213 739; x_wconf 87' lang='lat'>3.</span> <span class='ocrx_word' id='word_1_744' title='bbox 1238 712 1271 739; x_wconf 81' lang='lat' dir='ltr'>de</span> <span class='ocrx_word' id='word_1_745' title='bbox 1295 717 1361 740; x_wconf 79' lang='lat' dir='ltr'>vest.</span> <span class='ocrx_word' id='word_1_746' title='bbox 1386 711 1475 739; x_wconf 86' lang='lat' dir='ltr'>holov.</span> <span class='ocrx_word' id='word_1_747' title='bbox 1496 727 1527 731; x_wconf 93' lang='lat'>——</span> <span class='ocrx_word' id='word_1_748' title='bbox 1560 712 1591 745; x_wconf 76' lang='lat'>§-</span> <span class='ocrx_word' id='word_1_749' title='bbox 1618 712 1657 737; x_wconf 67' lang='lat'>4.</span> <span class='ocrx_word' id='word_1_750' title='bbox 1685 712 1852 741; x_wconf 77' lang='lat' dir='ltr'>Insidiae,</span> <span class='ocrx_word' id='word_1_751' title='bbox 1877 711 1992 736; x_wconf 71' lang='lat' dir='ltr'>Fraus.</span> 
     </span>
    </p>
   </div>
   <div class='ocr_carea' id='block_1_8' title="bbox 1149 751 1994 792">
    <p class='ocr_par' dir='ltr' id='par_1_11' title="bbox 1149 751 1994 792">
     <span class='ocr_line' id='line_1_77' title="bbox 1149 751 1994 792; baseline -0.006 -9"><span class='ocrx_word' id='word_1_752' title='bbox 1149 756 1192 783; x_wconf 91' lang='lat' dir='ltr'>III.</span> <span class='ocrx_word' id='word_1_753' title='bbox 1211 757 1278 784; x_wconf 74' lang='lat' dir='ltr'>Cn.</span> <span class='ocrx_word' id='word_1_754' title='bbox 1301 755 1410 782; x_wconf 84' lang='lat' dir='ltr'>Etiamsi</span> <span class='ocrx_word' id='word_1_755' title='bbox 1430 755 1540 792; x_wconf 78' lang='lat' dir='ltr'>laqueos</span> <span class='ocrx_word' id='word_1_756' title='bbox 1560 754 1686 790; x_wconf 80' lang='lat' dir='ltr'>deceptae</span> <span class='ocrx_word' id='word_1_757' title='bbox 1705 754 1877 789; x_wconf 78' lang='lat' dir='ltr'>ignorationis</span> <span class='ocrx_word' id='word_1_758' title='bbox 1897 751 1994 779; x_wconf 83' lang='lat' dir='ltr'>incide—</span> 
     </span>
    </p>
   </div>
   <div class='ocr_carea' id='block_1_9' title="bbox 1127 795 1822 834">
    <p class='ocr_par' dir='ltr' id='par_1_12' title="bbox 1127 795 1822 834">
     <span class='ocr_line' id='line_1_78' title="bbox 1127 795 1822 834; baseline -0.007 -7"><span class='ocrx_word' id='word_1_759' title='bbox 1127 816 1134 824; x_wconf 53' lang='grc' dir='ltr'><em>κ</em></span> <span class='ocrx_word' id='word_1_760' title='bbox 1149 801 1191 827; x_wconf 84' lang='lat' dir='ltr'>rit.</span> <span class='ocrx_word' id='word_1_761' title='bbox 1212 799 1250 826; x_wconf 96' lang='lat' dir='ltr'>1b.</span> <span class='ocrx_word' id='word_1_762' title='bbox 1269 798 1303 825; x_wconf 88' lang='lat' dir='ltr'>X.</span> <span class='ocrx_word' id='word_1_763' title='bbox 1326 800 1364 825; x_wconf 85' lang='lat' dir='ltr'>lo.</span> <span class='ocrx_word' id='word_1_764' title='bbox 1385 809 1407 825; x_wconf 88' lang='lat' dir='ltr'>c.</span> <span class='ocrx_word' id='word_1_765' title='bbox 1428 800 1468 824; x_wconf 81' lang='lat'>16.</span> <span class='ocrx_word' id='word_1_766' title='bbox 1488 798 1521 824; x_wconf 89' lang='lat' dir='ltr'>de</span> <span class='ocrx_word' id='word_1_767' title='bbox 1540 798 1614 834; x_wconf 83' lang='lat' dir='ltr'>petit.</span> <span class='ocrx_word' id='word_1_768' title='bbox 1635 801 1661 822; x_wconf 80' lang='lat' dir='ltr'>et</span> <span class='ocrx_word' id='word_1_769' title='bbox 1681 795 1750 823; x_wconf 85' lang='lat' dir='ltr'>ultro</span> <span class='ocrx_word' id='word_1_770' title='bbox 1770 796 1822 823; x_wconf 86' lang='lat' dir='ltr'>dat.</span> 
     </span>
    </p>
   </div>
   <div class='ocr_carea' id='block_1_10' title="bbox 1150 840 2001 2550">
    <p class='ocr_par' dir='ltr' id='par_1_13' title="bbox 1150 840 1999 1527">
     <span class='ocr_line' id='line_1_79' title="bbox 1186 840 1993 875; baseline -0.006 -6"><span class='ocrx_word' id='word_1_771' title='bbox 1186 844 1274 869; x_wconf 69' lang='lat' dir='ltr'>laar-</span> <span class='ocrx_word' id='word_1_772' title='bbox 1313 843 1397 868; x_wconf 69' lang='lat' dir='ltr'>Deus</span> <span class='ocrx_word' id='word_1_773' title='bbox 1420 842 1580 868; x_wconf 65' lang='lat' dir='ltr'>tutelariae</span> <span class='ocrx_word' id='word_1_774' title='bbox 1605 841 1746 871; x_wconf 75' lang='lat' dir='ltr'>aedium,</span> <span class='ocrx_word' id='word_1_775' title='bbox 1771 849 1807 866; x_wconf 82' lang='lat' dir='ltr'>ac</span> <span class='ocrx_word' id='word_1_776' title='bbox 1825 840 1993 875; x_wconf 76' lang='lat' dir='ltr'>familiae.</span> 
     </span>
     <span class='ocr_line' id='line_1_80' title="bbox 1150 881 1994 920; baseline -0.005 -8"><span class='ocrx_word' id='word_1_777' title='bbox 1150 886 1168 913; x_wconf 89' lang='grc' dir='ltr'>Ι.</span> <span class='ocrx_word' id='word_1_778' title='bbox 1189 887 1250 920; x_wconf 79' lang='lat' dir='ltr'>Sy.</span> <span class='ocrx_word' id='word_1_779' title='bbox 1271 883 1441 911; x_wconf 80' lang='lat' dir='ltr'>Domicilium</span> <span class='ocrx_word' id='word_1_780' title='bbox 1461 883 1592 916; x_wconf 76' lang='lat' dir='ltr'>(habere.)</span> <span class='ocrx_word' id='word_1_781' title='bbox 1612 882 1706 909; x_wconf 74' lang='lat' dir='ltr'>Larem</span> <span class='ocrx_word' id='word_1_782' title='bbox 1725 881 1891 914; x_wconf 77' lang='lat' dir='ltr'>(collocare.)</span> <span class='ocrx_word' id='word_1_783' title='bbox 1911 881 1994 908; x_wconf 77' lang='lat' dir='ltr'>fr.30.</span> 
     </span>
     <span class='ocr_line' id='line_1_81' title="bbox 1151 923 1994 963; baseline -0.007 -7"><span class='ocrx_word' id='word_1_784' title='bbox 1151 930 1172 963; x_wconf 90' lang='lat'>5.</span> <span class='ocrx_word' id='word_1_785' title='bbox 1193 931 1214 956; x_wconf 94' lang='lat'>1.</span> <span class='ocrx_word' id='word_1_786' title='bbox 1240 928 1273 954; x_wconf 84' lang='lat' dir='ltr'>de</span> <span class='ocrx_word' id='word_1_787' title='bbox 1296 931 1424 954; x_wconf 82' lang='lat' dir='ltr'>excusatt.</span> <span class='ocrx_word' id='word_1_788' title='bbox 1443 929 1485 954; x_wconf 88' lang='lat'>27.</span> <span class='ocrx_word' id='word_1_789' title='bbox 1508 929 1530 953; x_wconf 92' lang='lat' dir='ltr'>l.</span> <span class='ocrx_word' id='word_1_790' title='bbox 1555 926 1584 953; x_wconf 85' lang='lat' dir='ltr'>fr.</span> <span class='ocrx_word' id='word_1_791' title='bbox 1606 928 1629 952; x_wconf 93' lang='lat'>7.</span> <span class='ocrx_word' id='word_1_792' title='bbox 1655 926 1755 959; x_wconf 90' lang='lat'>55.11.</span> <span class='ocrx_word' id='word_1_793' title='bbox 1780 935 1819 961; x_wconf 80' lang='lat' dir='ltr'>sq.</span> <span class='ocrx_word' id='word_1_794' title='bbox 1843 923 1994 959; x_wconf 33' lang='lat' dir='ltr'>dexinterd.</span> 
     </span>
     <span class='ocr_line' id='line_1_82' title="bbox 1151 966 1995 1007; baseline -0.006 -9"><span class='ocrx_word' id='word_1_795' title='bbox 1151 977 1177 998; x_wconf 86' lang='lat' dir='ltr'>et</span> <span class='ocrx_word' id='word_1_796' title='bbox 1195 971 1274 1007; x_wconf 78' lang='lat' dir='ltr'>releg.</span> <span class='ocrx_word' id='word_1_797' title='bbox 1294 973 1336 997; x_wconf 70' lang='lat'>48.</span> <span class='ocrx_word' id='word_1_798' title='bbox 1355 972 1397 996; x_wconf 89' lang='lat'>22.</span> <span class='ocrx_word' id='word_1_799' title='bbox 1434 969 1547 1006; x_wconf 75' lang='lat' dir='ltr'>Degere,</span> <span class='ocrx_word' id='word_1_800' title='bbox 1566 968 1659 995; x_wconf 78' lang='lat' dir='ltr'>Larem</span> <span class='ocrx_word' id='word_1_801' title='bbox 1679 968 1776 994; x_wconf 81' lang='lat' dir='ltr'>fovere.</span> <span class='ocrx_word' id='word_1_802' title='bbox 1797 967 1846 994; x_wconf 86' lang='lat' dir='ltr'>Th.</span> <span class='ocrx_word' id='word_1_803' title='bbox 1867 967 1898 994; x_wconf 89' lang='lat' dir='ltr'>C.</span> <span class='ocrx_word' id='word_1_804' title='bbox 1912 966 1956 993; x_wconf 60' lang='lat' dir='ltr'>VI.</span> <span class='ocrx_word' id='word_1_805' title='bbox 1969 969 1995 993; x_wconf 83' lang='lat'>2.</span> 
     </span>
     <span class='ocr_line' id='line_1_83' title="bbox 1151 1009 1996 1048; baseline -0.007 -6"><span class='ocrx_word' id='word_1_806' title='bbox 1151 1026 1173 1042; x_wconf 94' lang='lat' dir='ltr'>c.</span> <span class='ocrx_word' id='word_1_807' title='bbox 1192 1018 1217 1042; x_wconf 92' lang='lat'>5.</span> <span class='ocrx_word' id='word_1_808' title='bbox 1237 1025 1258 1041; x_wconf 92' lang='lat' dir='ltr'>c.</span> <span class='ocrx_word' id='word_1_809' title='bbox 1279 1015 1302 1040; x_wconf 88' lang='grc'>9.</span> <span class='ocrx_word' id='word_1_810' title='bbox 1323 1012 1356 1039; x_wconf 80' lang='lat' dir='ltr'>de</span> <span class='ocrx_word' id='word_1_811' title='bbox 1376 1012 1466 1039; x_wconf 72' lang='lat' dir='ltr'>Senot.</span> <span class='ocrx_word' id='word_1_812' title='bbox 1489 1017 1515 1039; x_wconf 85' lang='lat' dir='ltr'>et</span> <span class='ocrx_word' id='word_1_813' title='bbox 1538 1012 1571 1039; x_wconf 89' lang='lat' dir='ltr'>de</span> <span class='ocrx_word' id='word_1_814' title='bbox 1596 1012 1664 1048; x_wconf 73' lang='lat' dir='ltr'>gleb.</span> <span class='ocrx_word' id='word_1_815' title='bbox 1685 1010 1752 1038; x_wconf 62' lang='lat' dir='ltr'>Ylll.</span> <span class='ocrx_word' id='word_1_816' title='bbox 1773 1012 1796 1037; x_wconf 83' lang='lat'>8.</span> <span class='ocrx_word' id='word_1_817' title='bbox 1817 1021 1839 1037; x_wconf 89' lang='lat' dir='ltr'>c.</span> <span class='ocrx_word' id='word_1_818' title='bbox 1859 1013 1882 1037; x_wconf 87' lang='lat'>4.</span> <span class='ocrx_word' id='word_1_819' title='bbox 1903 1009 1936 1036; x_wconf 86' lang='lat' dir='ltr'>de</span> <span class='ocrx_word' id='word_1_820' title='bbox 1955 1019 1996 1036; x_wconf 85' lang='lat' dir='ltr'>ex-</span> 
     </span>
     <span class='ocr_line' id='line_1_84' title="bbox 1151 1054 1996 1091; baseline -0.007 -6"><span class='ocrx_word' id='word_1_821' title='bbox 1151 1063 1234 1085; x_wconf 81' lang='lat' dir='ltr'>secut.</span> <span class='ocrx_word' id='word_1_822' title='bbox 1275 1056 1319 1083; x_wconf 88' lang='lat' dir='ltr'>III.</span> <span class='ocrx_word' id='word_1_823' title='bbox 1345 1057 1411 1083; x_wconf 73' lang='lat' dir='ltr'>Cn.</span> <span class='ocrx_word' id='word_1_824' title='bbox 1435 1054 1529 1082; x_wconf 81' lang='lat' dir='ltr'>Larem</span> <span class='ocrx_word' id='word_1_825' title='bbox 1553 1056 1625 1091; x_wconf 78' lang='lat' dir='ltr'>igne,</span> <span class='ocrx_word' id='word_1_826' title='bbox 1650 1064 1721 1080; x_wconf 85' lang='lat' dir='ltr'>mero</span> <span class='ocrx_word' id='word_1_827' title='bbox 1745 1055 1861 1091; x_wconf 76' lang='lat' dir='ltr'>genium.</span> <span class='ocrx_word' id='word_1_828' title='bbox 1887 1058 1996 1091; x_wconf 80' lang='lat' dir='ltr'>penates</span> 
     </span>
     <span class='ocr_line' id='line_1_85' title="bbox 1151 1096 1996 1133; baseline -0.007 -5"><span class='ocrx_word' id='word_1_829' title='bbox 1151 1100 1244 1128; x_wconf 79' lang='lat' dir='ltr'>nidore</span> <span class='ocrx_word' id='word_1_830' title='bbox 1266 1103 1416 1126; x_wconf 76' lang='lat' dir='ltr'>veneratus.</span> <span class='ocrx_word' id='word_1_831' title='bbox 1453 1097 1490 1124; x_wconf 89' lang='lat' dir='ltr'>lb.</span> <span class='ocrx_word' id='word_1_832' title='bbox 1514 1097 1586 1124; x_wconf 77' lang='lat' dir='ltr'>XVI.</span> <span class='ocrx_word' id='word_1_833' title='bbox 1612 1099 1651 1124; x_wconf 88' lang='lat'>10.</span> <span class='ocrx_word' id='word_1_834' title='bbox 1676 1107 1697 1123; x_wconf 92' lang='lat' dir='ltr'>c.</span> <span class='ocrx_word' id='word_1_835' title='bbox 1721 1099 1759 1124; x_wconf 88' lang='lat'>12.</span> <span class='ocrx_word' id='word_1_836' title='bbox 1785 1107 1824 1133; x_wconf 84' lang='lat' dir='ltr'>pr.</span> <span class='ocrx_word' id='word_1_837' title='bbox 1849 1096 1881 1123; x_wconf 79' lang='lat' dir='ltr'>de</span> <span class='ocrx_word' id='word_1_838' title='bbox 1906 1105 1996 1133; x_wconf 76' lang='lat' dir='ltr'>pagan.</span> 
     </span>
     <span class='ocr_line' id='line_1_86' title="bbox 1150 1138 1996 1180; baseline -0.006 -10"><span class='ocrx_word' id='word_1_839' title='bbox 1150 1143 1277 1175; x_wconf 76' lang='lat' dir='ltr'>Laribus.</span> <span class='ocrx_word' id='word_1_840' title='bbox 1298 1141 1448 1180; x_wconf 82' lang='lat' dir='ltr'>sepulchris</span> <span class='ocrx_word' id='word_1_841' title='bbox 1467 1141 1545 1167; x_wconf 83' lang='lat' dir='ltr'>avitis</span> <span class='ocrx_word' id='word_1_842' title='bbox 1564 1139 1728 1173; x_wconf 85' lang='lat' dir='ltr'>(carendum</span> <span class='ocrx_word' id='word_1_843' title='bbox 1747 1139 1875 1172; x_wconf 84' lang='lat' dir='ltr'>habere.)</span> <span class='ocrx_word' id='word_1_844' title='bbox 1904 1138 1934 1165; x_wconf 88' lang='lat' dir='ltr'>fr.</span> <span class='ocrx_word' id='word_1_845' title='bbox 1954 1139 1996 1165; x_wconf 84' lang='lat'>38.</span> 
     </span>
     <span class='ocr_line' id='line_1_87' title="bbox 1153 1181 1993 1220; baseline -0.007 -6"><span class='ocrx_word' id='word_1_846' title='bbox 1153 1186 1185 1214; x_wconf 86' lang='lat' dir='ltr'>de</span> <span class='ocrx_word' id='word_1_847' title='bbox 1203 1185 1234 1213; x_wconf 85' lang='lat' dir='ltr'>R.</span> <span class='ocrx_word' id='word_1_848' title='bbox 1255 1185 1287 1212; x_wconf 90' lang='lat' dir='ltr'>V.</span> <span class='ocrx_word' id='word_1_849' title='bbox 1306 1187 1330 1212; x_wconf 88' lang='grc'>6.</span> <span class='ocrx_word' id='word_1_850' title='bbox 1352 1187 1374 1212; x_wconf 93' lang='lat' dir='ltr'>l.</span> <span class='ocrx_word' id='word_1_851' title='bbox 1412 1183 1464 1210; x_wconf 72' lang='lat' dir='ltr'>Vbi</span> <span class='ocrx_word' id='word_1_852' title='bbox 1483 1185 1543 1220; x_wconf 84' lang='lat' dir='ltr'>quis</span> <span class='ocrx_word' id='word_1_853' title='bbox 1563 1183 1655 1215; x_wconf 82' lang='lat' dir='ltr'>larem,</span> <span class='ocrx_word' id='word_1_854' title='bbox 1674 1192 1816 1218; x_wconf 81' lang='lat' dir='ltr'>rerumque</span> <span class='ocrx_word' id='word_1_855' title='bbox 1835 1192 1864 1208; x_wconf 83' lang='lat' dir='ltr'>ac</span> <span class='ocrx_word' id='word_1_856' title='bbox 1883 1181 1993 1208; x_wconf 75' lang='lat' dir='ltr'>fortuna-</span> 
     </span>
     <span class='ocr_line' id='line_1_88' title="bbox 1152 1225 1997 1257; baseline -0.006 -1"><span class='ocrx_word' id='word_1_857' title='bbox 1152 1240 1208 1257; x_wconf 88' lang='lat' dir='ltr'>rum</span> <span class='ocrx_word' id='word_1_858' title='bbox 1228 1238 1333 1255; x_wconf 84' lang='lat' dir='ltr'>suarum</span> <span class='ocrx_word' id='word_1_859' title='bbox 1351 1237 1478 1254; x_wconf 89' lang='lat' dir='ltr'>summam</span> <span class='ocrx_word' id='word_1_860' title='bbox 1499 1227 1644 1253; x_wconf 87' lang='lat' dir='ltr'>constituit.</span> <span class='ocrx_word' id='word_1_861' title='bbox 1665 1236 1687 1253; x_wconf 89' lang='lat' dir='ltr'>c.</span> <span class='ocrx_word' id='word_1_862' title='bbox 1708 1227 1731 1252; x_wconf 88' lang='lat'>7.</span> <span class='ocrx_word' id='word_1_863' title='bbox 1751 1225 1784 1253; x_wconf 76' lang='lat' dir='ltr'>de</span> <span class='ocrx_word' id='word_1_864' title='bbox 1802 1225 1880 1252; x_wconf 92' lang='lat' dir='ltr'>incol.</span> <span class='ocrx_word' id='word_1_865' title='bbox 1902 1225 1997 1251; x_wconf 80' lang='lat'>10.39.</span> 
     </span>
     <span class='ocr_line' id='line_1_89' title="bbox 1152 1267 1997 1303; baseline -0.008 -3"><span class='ocrx_word' id='word_1_866' title='bbox 1152 1272 1185 1300; x_wconf 84' lang='lat' dir='ltr'>cf.</span> <span class='ocrx_word' id='word_1_867' title='bbox 1214 1271 1265 1299; x_wconf 89' lang='lat' dir='ltr'>Th.</span> <span class='ocrx_word' id='word_1_868' title='bbox 1290 1271 1321 1298; x_wconf 88' lang='lat' dir='ltr'>C.</span> <span class='ocrx_word' id='word_1_869' title='bbox 1345 1270 1389 1297; x_wconf 71' lang='lat' dir='ltr'>Vl.</span> <span class='ocrx_word' id='word_1_870' title='bbox 1414 1272 1439 1297; x_wconf 88' lang='lat'>2.</span> <span class='ocrx_word' id='word_1_871' title='bbox 1464 1280 1485 1296; x_wconf 84' lang='lat' dir='ltr'>c.</span> <span class='ocrx_word' id='word_1_872' title='bbox 1511 1271 1534 1296; x_wconf 89' lang='lat'>2.</span> <span class='ocrx_word' id='word_1_873' title='bbox 1559 1270 1630 1303; x_wconf 91' lang='lat'>5.1.</span> <span class='ocrx_word' id='word_1_874' title='bbox 1653 1268 1686 1296; x_wconf 82' lang='lat' dir='ltr'>de</span> <span class='ocrx_word' id='word_1_875' title='bbox 1710 1268 1798 1295; x_wconf 79' lang='lat' dir='ltr'>Senat.</span> <span class='ocrx_word' id='word_1_876' title='bbox 1823 1273 1849 1294; x_wconf 80' lang='lat' dir='ltr'>et</span> <span class='ocrx_word' id='word_1_877' title='bbox 1872 1267 1905 1294; x_wconf 84' lang='lat' dir='ltr'>de</span> <span class='ocrx_word' id='word_1_878' title='bbox 1928 1267 1997 1303; x_wconf 77' lang='lat' dir='ltr'>glcb.</span> 
     </span>
     <span class='ocr_line' id='line_1_90' title="bbox 1152 1310 1996 1347; baseline -0.008 -4"><span class='ocrx_word' id='word_1_879' title='bbox 1152 1316 1204 1343; x_wconf 82' lang='lat' dir='ltr'>Vbi</span> <span class='ocrx_word' id='word_1_880' title='bbox 1215 1315 1297 1342; x_wconf 80' lang='lat' dir='ltr'>larem</span> <span class='ocrx_word' id='word_1_881' title='bbox 1310 1314 1476 1341; x_wconf 85' lang='lat' dir='ltr'>matrimonio</span> <span class='ocrx_word' id='word_1_882' title='bbox 1490 1312 1659 1339; x_wconf 80' lang='lat' dir='ltr'>collocarent.</span> <span class='ocrx_word' id='word_1_883' title='bbox 1674 1311 1704 1338; x_wconf 84' lang='lat' dir='ltr'>fr.</span> <span class='ocrx_word' id='word_1_884' title='bbox 1717 1313 1740 1338; x_wconf 96' lang='lat' dir='ltr'>l.</span> <span class='ocrx_word' id='word_1_885' title='bbox 1754 1311 1811 1345; x_wconf 88' lang='lat'>5.2.</span> <span class='ocrx_word' id='word_1_886' title='bbox 1826 1310 1858 1337; x_wconf 88' lang='lat' dir='ltr'>de</span> <span class='ocrx_word' id='word_1_887' title='bbox 1873 1310 1996 1347; x_wconf 76' lang='lat' dir='ltr'>adgnosc.</span> 
     </span>
     <span class='ocr_line' id='line_1_91' title="bbox 1153 1352 1998 1392; baseline -0.008 -6"><span class='ocrx_word' id='word_1_888' title='bbox 1153 1364 1179 1386; x_wconf 83' lang='lat' dir='ltr'>et</span> <span class='ocrx_word' id='word_1_889' title='bbox 1202 1357 1286 1385; x_wconf 84' lang='lat' dir='ltr'>aleud.</span> <span class='ocrx_word' id='word_1_890' title='bbox 1311 1359 1352 1384; x_wconf 85' lang='lat'>25.</span> <span class='ocrx_word' id='word_1_891' title='bbox 1376 1359 1401 1383; x_wconf 84' lang='lat'>3.</span> <span class='ocrx_word' id='word_1_892' title='bbox 1444 1355 1606 1392; x_wconf 79' lang='lat' dir='ltr'>Quam-sibi</span> <span class='ocrx_word' id='word_1_893' title='bbox 1630 1364 1740 1381; x_wconf 79' lang='lat' dir='ltr'>uxorem</span> <span class='ocrx_word' id='word_1_894' title='bbox 1764 1353 1932 1392; x_wconf 76' lang='lat' dir='ltr'>copulaverat</span> <span class='ocrx_word' id='word_1_895' title='bbox 1955 1352 1998 1379; x_wconf 85' lang='lat' dir='ltr'>ad-</span> 
     </span>
     <span class='ocr_line' id='line_1_92' title="bbox 1153 1395 1997 1437; baseline -0.009 -7"><span class='ocrx_word' id='word_1_896' title='bbox 1153 1402 1235 1434; x_wconf 80' lang='lat' dir='ltr'>fectu,</span> <span class='ocrx_word' id='word_1_897' title='bbox 1261 1406 1287 1428; x_wconf 82' lang='lat' dir='ltr'>et</span> <span class='ocrx_word' id='word_1_898' title='bbox 1305 1401 1331 1426; x_wconf 89' lang='lat' dir='ltr'>in</span> <span class='ocrx_word' id='word_1_899' title='bbox 1350 1401 1439 1437; x_wconf 86' lang='lat' dir='ltr'>priore</span> <span class='ocrx_word' id='word_1_900' title='bbox 1458 1399 1512 1425; x_wconf 86' lang='lat' dir='ltr'>lare</span> <span class='ocrx_word' id='word_1_901' title='bbox 1532 1397 1686 1424; x_wconf 78' lang='lat' dir='ltr'>derelictam</span> <span class='ocrx_word' id='word_1_902' title='bbox 1707 1397 1864 1424; x_wconf 85' lang='lat' dir='ltr'>memorarit.</span> <span class='ocrx_word' id='word_1_903' title='bbox 1895 1395 1945 1423; x_wconf 82' lang='lat' dir='ltr'>Th.</span> <span class='ocrx_word' id='word_1_904' title='bbox 1966 1395 1997 1422; x_wconf 88' lang='lat' dir='ltr'>C.</span> 
     </span>
     <span class='ocr_line' id='line_1_93' title="bbox 1153 1440 1999 1480; baseline -0.008 -8"><span class='ocrx_word' id='word_1_905' title='bbox 1153 1445 1208 1473; x_wconf 82' lang='lat' dir='ltr'>Vll.</span> <span class='ocrx_word' id='word_1_906' title='bbox 1231 1446 1270 1471; x_wconf 85' lang='lat'>13.</span> <span class='ocrx_word' id='word_1_907' title='bbox 1291 1454 1312 1470; x_wconf 89' lang='lat' dir='ltr'>c.</span> <span class='ocrx_word' id='word_1_908' title='bbox 1332 1444 1356 1469; x_wconf 87' lang='grc'>6.</span> <span class='ocrx_word' id='word_1_909' title='bbox 1376 1453 1415 1480; x_wconf 86' lang='lat' dir='ltr'>pr.</span> <span class='ocrx_word' id='word_1_910' title='bbox 1435 1442 1468 1469; x_wconf 82' lang='lat' dir='ltr'>de</span> <span class='ocrx_word' id='word_1_911' title='bbox 1486 1443 1564 1468; x_wconf 74' lang='lat' dir='ltr'>tiron.</span> <span class='ocrx_word' id='word_1_912' title='bbox 1602 1440 1645 1468; x_wconf 81' lang='lat' dir='ltr'>Ad</span> <span class='ocrx_word' id='word_1_913' title='bbox 1669 1441 1792 1478; x_wconf 82' lang='lat' dir='ltr'>propriae</span> <span class='ocrx_word' id='word_1_914' title='bbox 1812 1440 1920 1476; x_wconf 81' lang='lat' dir='ltr'>originis</span> <span class='ocrx_word' id='word_1_915' title='bbox 1940 1440 1999 1465; x_wconf 83' lang='lat' dir='ltr'>stir-</span> 
     </span>
     <span class='ocr_line' id='line_1_94' title="bbox 1152 1481 1980 1527; baseline -0.008 -12"><span class='ocrx_word' id='word_1_916' title='bbox 1152 1499 1212 1527; x_wconf 84' lang='lat' dir='ltr'>pem</span> <span class='ocrx_word' id='word_1_917' title='bbox 1232 1488 1366 1523; x_wconf 77' lang='lat' dir='ltr'>laremque</span> <span class='ocrx_word' id='word_1_918' title='bbox 1386 1485 1513 1513; x_wconf 77' lang='lat' dir='ltr'>revocari.</span> <span class='ocrx_word' id='word_1_919' title='bbox 1533 1484 1570 1510; x_wconf 91' lang='lat' dir='ltr'>lb.</span> <span class='ocrx_word' id='word_1_920' title='bbox 1584 1484 1617 1512; x_wconf 84' lang='lat' dir='ltr'>X.</span> <span class='ocrx_word' id='word_1_921' title='bbox 1633 1486 1673 1511; x_wconf 89' lang='lat'>19.</span> <span class='ocrx_word' id='word_1_922' title='bbox 1695 1494 1716 1510; x_wconf 89' lang='lat' dir='ltr'>c.</span> <span class='ocrx_word' id='word_1_923' title='bbox 1731 1485 1771 1510; x_wconf 85' lang='lat'>15.</span> <span class='ocrx_word' id='word_1_924' title='bbox 1785 1493 1824 1521; x_wconf 87' lang='lat' dir='ltr'>pr.</span> <span class='ocrx_word' id='word_1_925' title='bbox 1839 1482 1872 1509; x_wconf 80' lang='lat' dir='ltr'>de</span> <span class='ocrx_word' id='word_1_926' title='bbox 1884 1481 1980 1509; x_wconf 80' lang='lat' dir='ltr'>metali.</span> 
     </span>
    </p>

    <p class='ocr_par' dir='ltr' id='par_1_14' title="bbox 1188 1526 1649 1559">
     <span class='ocr_line' id='line_1_95' title="bbox 1188 1526 1649 1559; baseline -0.013 0"><span class='ocrx_word' id='word_1_927' title='bbox 1188 1532 1370 1559; x_wconf 73' lang='lat' dir='ltr'>Lan-dum.</span> <span class='ocrx_word' id='word_1_928' title='bbox 1408 1528 1450 1555; x_wconf 79' lang='lat' dir='ltr'>Cf.</span> <span class='ocrx_word' id='word_1_929' title='bbox 1472 1538 1496 1555; x_wconf 85' lang='lat' dir='ltr'>v.</span> <span class='ocrx_word' id='word_1_930' title='bbox 1516 1526 1649 1554; x_wconf 77' lang='lat' dir='ltr'>Laridum.</span> 
     </span>
    </p>

    <p class='ocr_par' dir='ltr' id='par_1_15' title="bbox 1154 1567 2000 1773">
     <span class='ocr_line' id='line_1_96' title="bbox 1189 1567 1997 1607; baseline -0.009 -5"><span class='ocrx_word' id='word_1_931' title='bbox 1189 1576 1328 1607; x_wconf 69' lang='lat' dir='ltr'>Imrge.</span> <span class='ocrx_word' id='word_1_932' title='bbox 1364 1571 1477 1605; x_wconf 82' lang='lat' dir='ltr'>(Advb.)</span> <span class='ocrx_word' id='word_1_933' title='bbox 1515 1572 1666 1606; x_wconf 63' lang='grc' dir='ltr'>(Συρίσκε,</span> <span class='ocrx_word' id='word_1_934' title='bbox 1688 1571 1824 1597; x_wconf 70' lang='lat' dir='ltr'>Abunde.</span> <span class='ocrx_word' id='word_1_935' title='bbox 1862 1567 1904 1595; x_wconf 91' lang='lat' dir='ltr'>III.</span> <span class='ocrx_word' id='word_1_936' title='bbox 1929 1569 1997 1596; x_wconf 75' lang='lat' dir='ltr'>Gn.</span> 
     </span>
     <span class='ocr_line' id='line_1_97' title="bbox 1154 1610 1998 1651; baseline -0.008 -7"><span class='ocrx_word' id='word_1_937' title='bbox 1154 1618 1210 1644; x_wconf 87' lang='lat' dir='ltr'>Hoc</span> <span class='ocrx_word' id='word_1_938' title='bbox 1234 1625 1342 1644; x_wconf 81' lang='lat' dir='ltr'>numero</span> <span class='ocrx_word' id='word_1_939' title='bbox 1367 1614 1437 1651; x_wconf 79' lang='lat' dir='ltr'>large</span> <span class='ocrx_word' id='word_1_940' title='bbox 1461 1613 1594 1640; x_wconf 83' lang='lat' dir='ltr'>abundare</span> <span class='ocrx_word' id='word_1_941' title='bbox 1617 1612 1791 1639; x_wconf 84' lang='lat' dir='ltr'>substantiam</span> <span class='ocrx_word' id='word_1_942' title='bbox 1813 1612 1928 1638; x_wconf 85' lang='lat' dir='ltr'>virtutis.</span> <span class='ocrx_word' id='word_1_943' title='bbox 1960 1610 1998 1637; x_wconf 88' lang='lat' dir='ltr'>lb.</span> 
     </span>
     <span class='ocr_line' id='line_1_98' title="bbox 1154 1653 2000 1692; baseline -0.009 -4"><span class='ocrx_word' id='word_1_944' title='bbox 1154 1660 1197 1688; x_wconf 88' lang='lat' dir='ltr'>Vl.</span> <span class='ocrx_word' id='word_1_945' title='bbox 1218 1662 1241 1686; x_wconf 87' lang='lat'>4.</span> <span class='ocrx_word' id='word_1_946' title='bbox 1262 1669 1283 1686; x_wconf 89' lang='lat' dir='ltr'>c.</span> <span class='ocrx_word' id='word_1_947' title='bbox 1303 1660 1327 1685; x_wconf 91' lang='lat'>9.</span> <span class='ocrx_word' id='word_1_948' title='bbox 1348 1657 1380 1684; x_wconf 80' lang='lat' dir='ltr'>de</span> <span class='ocrx_word' id='word_1_949' title='bbox 1394 1657 1479 1684; x_wconf 68' lang='lat' dir='ltr'>Praet.</span> <span class='ocrx_word' id='word_1_950' title='bbox 1500 1661 1525 1683; x_wconf 84' lang='lat' dir='ltr'>et</span> <span class='ocrx_word' id='word_1_951' title='bbox 1545 1656 1597 1692; x_wconf 81' lang='lat' dir='ltr'>Qu.</span> <span class='ocrx_word' id='word_1_952' title='bbox 1629 1655 1679 1682; x_wconf 76' lang='lat' dir='ltr'>Per</span> <span class='ocrx_word' id='word_1_953' title='bbox 1697 1655 1930 1682; x_wconf 76' lang='lat' dir='ltr'>fideicommissum</span> <span class='ocrx_word' id='word_1_954' title='bbox 1943 1653 2000 1680; x_wconf 83' lang='lat' dir='ltr'>dari</span> 
     </span>
     <span class='ocr_line' id='line_1_99' title="bbox 1154 1696 2000 1741; baseline -0.009 -11"><span class='ocrx_word' id='word_1_955' title='bbox 1154 1713 1242 1741; x_wconf 71' lang='lat' dir='ltr'>posse.</span> <span class='ocrx_word' id='word_1_956' title='bbox 1262 1706 1289 1728; x_wconf 83' lang='lat' dir='ltr'>et</span> <span class='ocrx_word' id='word_1_957' title='bbox 1308 1700 1414 1738; x_wconf 86' lang='lat' dir='ltr'>quidem</span> <span class='ocrx_word' id='word_1_958' title='bbox 1431 1699 1530 1736; x_wconf 78' lang='lat' dir='ltr'>largius</span> <span class='ocrx_word' id='word_1_959' title='bbox 1546 1708 1622 1736; x_wconf 82' lang='lat' dir='ltr'>quam</span> <span class='ocrx_word' id='word_1_960' title='bbox 1636 1697 1745 1725; x_wconf 83' lang='lat' dir='ltr'>directo.</span> <span class='ocrx_word' id='word_1_961' title='bbox 1765 1697 1796 1724; x_wconf 81' lang='lat' dir='ltr'>sr.</span> <span class='ocrx_word' id='word_1_962' title='bbox 1811 1698 1851 1723; x_wconf 80' lang='lat'>16.</span> <span class='ocrx_word' id='word_1_963' title='bbox 1865 1697 1899 1723; x_wconf 82' lang='lat' dir='ltr'>de</span> <span class='ocrx_word' id='word_1_964' title='bbox 1912 1696 2000 1724; x_wconf 74' lang='lat' dir='ltr'>fideic.</span> 
     </span>
     <span class='ocr_line' id='line_1_100' title="bbox 1155 1746 1346 1773; baseline -0.016 0"><span class='ocrx_word' id='word_1_965' title='bbox 1155 1746 1241 1773; x_wconf 77' lang='lat' dir='ltr'>libert.</span> <span class='ocrx_word' id='word_1_966' title='bbox 1261 1746 1302 1771; x_wconf 87' lang='lat'>40.</span> <span class='ocrx_word' id='word_1_967' title='bbox 1322 1746 1346 1770; x_wconf 87' lang='lat'>5.</span> 
     </span>
    </p>

    <p class='ocr_par' dir='ltr' id='par_1_16' title="bbox 1154 1785 2000 2073">
     <span class='ocr_line' id='line_1_101' title="bbox 1189 1785 2000 1822; baseline -0.007 -7"><span class='ocrx_word' id='word_1_968' title='bbox 1189 1788 1436 1822; x_wconf 73' lang='lat' dir='ltr'>Largianum.</span> <span class='ocrx_word' id='word_1_969' title='bbox 1480 1786 1597 1812; x_wconf 75' lang='lat' dir='ltr'>Nomen</span> <span class='ocrx_word' id='word_1_970' title='bbox 1624 1785 1716 1811; x_wconf 79' lang='lat' dir='ltr'>S.Cti</span> <span class='ocrx_word' id='word_1_971' title='bbox 1744 1785 1779 1810; x_wconf 80' lang='lat' dir='ltr'>de</span> <span class='ocrx_word' id='word_1_972' title='bbox 1807 1785 2000 1810; x_wconf 78' lang='lat' dir='ltr'>libertorum</span> 
     </span>
     <span class='ocr_line' id='line_1_102' title="bbox 1154 1825 2000 1864; baseline -0.008 -6"><span class='ocrx_word' id='word_1_973' title='bbox 1154 1832 1403 1859; x_wconf 76' lang='lat' dir='ltr'>hereditatibus.</span> <span class='ocrx_word' id='word_1_974' title='bbox 1442 1828 1461 1855; x_wconf 89' lang='lat' dir='ltr'>I.</span> <span class='ocrx_word' id='word_1_975' title='bbox 1481 1829 1543 1862; x_wconf 81' lang='lat' dir='ltr'>Sy.</span> <span class='ocrx_word' id='word_1_976' title='bbox 1567 1826 1644 1864; x_wconf 85' lang='lat' dir='ltr'>Lupo</span> <span class='ocrx_word' id='word_1_977' title='bbox 1669 1831 1694 1853; x_wconf 85' lang='lat' dir='ltr'>et</span> <span class='ocrx_word' id='word_1_978' title='bbox 1718 1825 1802 1862; x_wconf 82' lang='lat' dir='ltr'>Largo</span> <span class='ocrx_word' id='word_1_979' title='bbox 1822 1826 1900 1852; x_wconf 85' lang='lat' dir='ltr'>Coss.</span> <span class='ocrx_word' id='word_1_980' title='bbox 1921 1825 2000 1852; x_wconf 80' lang='lat' dir='ltr'>Sena-</span> 
     </span>
     <span class='ocr_line' id='line_1_103' title="bbox 1155 1867 2000 1908; baseline -0.008 -7"><span class='ocrx_word' id='word_1_981' title='bbox 1155 1880 1198 1901; x_wconf 90' lang='lat' dir='ltr'>tus</span> <span class='ocrx_word' id='word_1_982' title='bbox 1218 1874 1328 1900; x_wconf 83' lang='lat' dir='ltr'>censuit.</span> <span class='ocrx_word' id='word_1_983' title='bbox 1366 1871 1523 1908; x_wconf 79' lang='lat' dir='ltr'>Largianum</span> <span class='ocrx_word' id='word_1_984' title='bbox 1543 1870 1609 1897; x_wconf 91' lang='lat' dir='ltr'>S.C.</span> <span class='ocrx_word' id='word_1_985' title='bbox 1636 1870 1692 1896; x_wconf 83' lang='lat' dir='ltr'>Gai.</span> <span class='ocrx_word' id='word_1_986' title='bbox 1713 1868 1756 1895; x_wconf 86' lang='grc' dir='ltr'>ΙΙΙ.</span> <span class='ocrx_word' id='word_1_987' title='bbox 1775 1871 1817 1895; x_wconf 79' lang='grc'>63.</span> <span class='ocrx_word' id='word_1_988' title='bbox 1842 1869 1864 1903; x_wconf 91' lang='lat'>5.</span> <span class='ocrx_word' id='word_1_989' title='bbox 1883 1870 1907 1895; x_wconf 88' lang='lat'>4.</span> <span class='ocrx_word' id='word_1_990' title='bbox 1927 1867 1946 1895; x_wconf 87' lang='grc' dir='ltr'>Ι.</span> <span class='ocrx_word' id='word_1_991' title='bbox 1967 1867 2000 1894; x_wconf 83' lang='lat' dir='ltr'>de</span> 
     </span>
     <span class='ocr_line' id='line_1_104' title="bbox 1156 1911 2000 1950; baseline -0.009 -6"><span class='ocrx_word' id='word_1_992' title='bbox 1156 1928 1225 1944; x_wconf 84' lang='lat' dir='ltr'>succ.</span> <span class='ocrx_word' id='word_1_993' title='bbox 1244 1916 1332 1943; x_wconf 88' lang='lat' dir='ltr'>libert.</span> <span class='ocrx_word' id='word_1_994' title='bbox 1351 1917 1376 1942; x_wconf 86' lang='lat'>3.</span> <span class='ocrx_word' id='word_1_995' title='bbox 1396 1918 1420 1942; x_wconf 80' lang='lat'>8.</span> <span class='ocrx_word' id='word_1_996' title='bbox 1457 1914 1501 1941; x_wconf 90' lang='lat' dir='ltr'>Ill.</span> <span class='ocrx_word' id='word_1_997' title='bbox 1521 1915 1588 1941; x_wconf 75' lang='grc' dir='ltr'>οη.</span> <span class='ocrx_word' id='word_1_998' title='bbox 1611 1912 1679 1939; x_wconf 91' lang='lat' dir='ltr'>Cum</span> <span class='ocrx_word' id='word_1_999' title='bbox 1698 1913 1764 1950; x_wconf 87' lang='lat' dir='ltr'>ipsis</span> <span class='ocrx_word' id='word_1_1000' title='bbox 1784 1911 1899 1943; x_wconf 73' lang='lat' dir='ltr'>Latinis.</span> <span class='ocrx_word' id='word_1_1001' title='bbox 1923 1911 2000 1937; x_wconf 76' lang='lat' dir='ltr'>etiam</span> 
     </span>
     <span class='ocr_line' id='line_1_105' title="bbox 1155 1953 1999 1993; baseline -0.009 -6"><span class='ocrx_word' id='word_1_1002' title='bbox 1155 1960 1186 1988; x_wconf 83' lang='lat' dir='ltr'>I...</span> <span class='ocrx_word' id='word_1_1003' title='bbox 1205 1960 1316 1991; x_wconf 72' lang='lat' dir='ltr'>lunia-n.</span> <span class='ocrx_word' id='word_1_1004' title='bbox 1342 1963 1368 1985; x_wconf 82' lang='lat' dir='ltr'>et</span> <span class='ocrx_word' id='word_1_1005' title='bbox 1387 1957 1452 1985; x_wconf 81' lang='lat' dir='ltr'>S.C.</span> <span class='ocrx_word' id='word_1_1006' title='bbox 1472 1957 1642 1993; x_wconf 75' lang='lat' dir='ltr'>Largianum,</span> <span class='ocrx_word' id='word_1_1007' title='bbox 1663 1960 1688 1981; x_wconf 70' lang='lat' dir='ltr'>et</span> <span class='ocrx_word' id='word_1_1008' title='bbox 1707 1954 1822 1982; x_wconf 81' lang='lat' dir='ltr'>edictum</span> <span class='ocrx_word' id='word_1_1009' title='bbox 1840 1955 1873 1981; x_wconf 92' lang='lat' dir='ltr'>D.</span> <span class='ocrx_word' id='word_1_1010' title='bbox 1894 1953 1999 1980; x_wconf 86' lang='lat' dir='ltr'>Traiani</span> 
     </span>
     <span class='ocr_line' id='line_1_106' title="bbox 1156 1996 1999 2041; baseline -0.009 -11"><span class='ocrx_word' id='word_1_1011' title='bbox 1156 2005 1181 2030; x_wconf 92' lang='lat' dir='ltr'>in</span> <span class='ocrx_word' id='word_1_1012' title='bbox 1206 2007 1362 2041; x_wconf 83' lang='lat' dir='ltr'>perpetuum</span> <span class='ocrx_word' id='word_1_1013' title='bbox 1386 2000 1476 2028; x_wconf 82' lang='lat' dir='ltr'>deleri.</span> <span class='ocrx_word' id='word_1_1014' title='bbox 1502 2000 1524 2034; x_wconf 93' lang='lat'>5.</span> <span class='ocrx_word' id='word_1_1015' title='bbox 1544 2001 1568 2026; x_wconf 87' lang='lat'>4.</span> <span class='ocrx_word' id='word_1_1016' title='bbox 1592 1998 1611 2025; x_wconf 95' lang='lat'>1.</span> <span class='ocrx_word' id='word_1_1017' title='bbox 1637 1998 1652 2025; x_wconf 81' lang='lat' dir='ltr'>l.</span> <span class='ocrx_word' id='word_1_1018' title='bbox 1672 2000 1696 2025; x_wconf 84' lang='lat'>3.</span> <span class='ocrx_word' id='word_1_1019' title='bbox 1715 2001 1739 2024; x_wconf 74' lang='grc' dir='ltr'>ὅ.</span> <span class='ocrx_word' id='word_1_1020' title='bbox 1764 2008 1785 2024; x_wconf 94' lang='lat' dir='ltr'>c.</span> <span class='ocrx_word' id='word_1_1021' title='bbox 1807 1998 1828 2023; x_wconf 90' lang='lat' dir='ltr'>l.</span> <span class='ocrx_word' id='word_1_1022' title='bbox 1852 2006 1892 2033; x_wconf 83' lang='lat' dir='ltr'>pr.</span> <span class='ocrx_word' id='word_1_1023' title='bbox 1917 1996 1938 2030; x_wconf 97' lang='lat'>5.</span> <span class='ocrx_word' id='word_1_1024' title='bbox 1960 1997 1999 2022; x_wconf 80' lang='lat'>12.</span> 
     </span>
     <span class='ocr_line' id='line_1_107' title="bbox 1156 2044 1495 2073; baseline -0.009 0"><span class='ocrx_word' id='word_1_1025' title='bbox 1156 2046 1188 2073; x_wconf 69' lang='lat' dir='ltr'>«le.</span> <span class='ocrx_word' id='word_1_1026' title='bbox 1207 2045 1264 2072; x_wconf 88' lang='lat' dir='ltr'>Lat.</span> <span class='ocrx_word' id='word_1_1027' title='bbox 1284 2045 1330 2072; x_wconf 89' lang='lat' dir='ltr'>lib.</span> <span class='ocrx_word' id='word_1_1028' title='bbox 1350 2044 1407 2071; x_wconf 87' lang='lat' dir='ltr'>toll.</span> <span class='ocrx_word' id='word_1_1029' title='bbox 1428 2046 1450 2070; x_wconf 88' lang='lat'>7.</span> <span class='ocrx_word' id='word_1_1030' title='bbox 1471 2044 1495 2070; x_wconf 84' lang='grc'>6.</span> 
     </span>
    </p>

    <p class='ocr_par' dir='ltr' id='par_1_17' title="bbox 1157 2082 2001 2550">
     <span class='ocr_line' id='line_1_108' title="bbox 1191 2082 1999 2121; baseline -0.01 -6"><span class='ocrx_word' id='word_1_1031' title='bbox 1191 2087 1355 2121; x_wconf 73' lang='lat' dir='ltr'>Largiri.</span> <span class='ocrx_word' id='word_1_1032' title='bbox 1401 2087 1432 2120; x_wconf 72' lang='lat'>§0</span> <span class='ocrx_word' id='word_1_1033' title='bbox 1457 2087 1492 2112; x_wconf 89' lang='lat'>1.</span> <span class='ocrx_word' id='word_1_1034' title='bbox 1525 2086 1634 2119; x_wconf 85' lang='lat' dir='ltr'>Large</span> <span class='ocrx_word' id='word_1_1035' title='bbox 1659 2084 1827 2117; x_wconf 75' lang='lat' dir='ltr'>praebere,</span> <span class='ocrx_word' id='word_1_1036' title='bbox 1857 2082 1999 2113; x_wconf 78' lang='lat' dir='ltr'>Donare,</span> 
     </span>
     <span class='ocr_line' id='line_1_109' title="bbox 1157 2123 2000 2163; baseline -0.011 -5"><span class='ocrx_word' id='word_1_1037' title='bbox 1157 2134 1344 2159; x_wconf 75' lang='lat' dir='ltr'>Praestare.</span> <span class='ocrx_word' id='word_1_1038' title='bbox 1382 2129 1401 2156; x_wconf 93' lang='lat' dir='ltr'>l.</span> <span class='ocrx_word' id='word_1_1039' title='bbox 1422 2130 1484 2163; x_wconf 71' lang='lat' dir='ltr'>Sy.</span> <span class='ocrx_word' id='word_1_1040' title='bbox 1507 2128 1622 2154; x_wconf 79' lang='lat' dir='ltr'>Donare.</span> <span class='ocrx_word' id='word_1_1041' title='bbox 1643 2126 1684 2152; x_wconf 83' lang='lat' dir='ltr'>Ct&#39;.</span> <span class='ocrx_word' id='word_1_1042' title='bbox 1705 2125 1729 2152; x_wconf 85' lang='lat' dir='ltr'>b.</span> <span class='ocrx_word' id='word_1_1043' title='bbox 1749 2134 1772 2151; x_wconf 84' lang='lat' dir='ltr'>v.</span> <span class='ocrx_word' id='word_1_1044' title='bbox 1793 2124 1857 2158; x_wconf 89' lang='lat'>5.1.</span> <span class='ocrx_word' id='word_1_1045' title='bbox 1895 2123 2000 2161; x_wconf 80' lang='lat' dir='ltr'>Expen-</span> 
     </span>
     <span class='ocr_line' id='line_1_110' title="bbox 1157 2166 2000 2205; baseline -0.008 -5"><span class='ocrx_word' id='word_1_1046' title='bbox 1157 2174 1227 2200; x_wconf 85' lang='lat' dir='ltr'>dcre.</span> <span class='ocrx_word' id='word_1_1047' title='bbox 1252 2172 1294 2199; x_wconf 78' lang='lat' dir='ltr'>Cf.</span> <span class='ocrx_word' id='word_1_1048' title='bbox 1314 2172 1338 2198; x_wconf 88' lang='lat' dir='ltr'>h.</span> <span class='ocrx_word' id='word_1_1049' title='bbox 1359 2182 1382 2198; x_wconf 77' lang='lat' dir='ltr'>v.</span> <span class='ocrx_word' id='word_1_1050' title='bbox 1403 2172 1424 2205; x_wconf 87' lang='lat'>5.</span> <span class='ocrx_word' id='word_1_1051' title='bbox 1445 2173 1467 2197; x_wconf 95' lang='lat' dir='ltr'>l.</span> <span class='ocrx_word' id='word_1_1052' title='bbox 1505 2170 1548 2197; x_wconf 88' lang='lat' dir='ltr'>Ill.</span> <span class='ocrx_word' id='word_1_1053' title='bbox 1570 2171 1636 2198; x_wconf 77' lang='lat' dir='ltr'>Gn·</span> <span class='ocrx_word' id='word_1_1054' title='bbox 1665 2168 1813 2194; x_wconf 82' lang='lat' dir='ltr'>Ambitiosa</span> <span class='ocrx_word' id='word_1_1055' title='bbox 1832 2166 1937 2193; x_wconf 80' lang='lat' dir='ltr'>decreta</span> <span class='ocrx_word' id='word_1_1056' title='bbox 1958 2166 2000 2193; x_wconf 80' lang='lat' dir='ltr'>de·</span> 
     </span>
     <span class='ocr_line' id='line_1_111' title="bbox 1158 2209 2001 2250; baseline -0.012 -6"><span class='ocrx_word' id='word_1_1057' title='bbox 1158 2217 1307 2247; x_wconf 85' lang='lat' dir='ltr'>curionum,</span> <span class='ocrx_word' id='word_1_1058' title='bbox 1327 2231 1359 2235; x_wconf 91' lang='grc'><strong>-</strong></span> <span class='ocrx_word' id='word_1_1059' title='bbox 1380 2215 1436 2241; x_wconf 77' lang='lat' dir='ltr'>sive</span> <span class='ocrx_word' id='word_1_1060' title='bbox 1455 2213 1569 2250; x_wconf 84' lang='lat' dir='ltr'>aliquem</span> <span class='ocrx_word' id='word_1_1061' title='bbox 1588 2212 1734 2239; x_wconf 83' lang='lat' dir='ltr'>debitorem</span> <span class='ocrx_word' id='word_1_1062' title='bbox 1754 2209 1924 2240; x_wconf 71' lang='lat' dir='ltr'>dimiserunt,</span> <span class='ocrx_word' id='word_1_1063' title='bbox 1944 2209 2001 2235; x_wconf 81' lang='lat' dir='ltr'>sive</span> 
     </span>
     <span class='ocr_line' id='line_1_112' title="bbox 1158 2251 1999 2296; baseline -0.011 -10"><span class='ocrx_word' id='word_1_1064' title='bbox 1158 2260 1243 2296; x_wconf 81' lang='lat' dir='ltr'>largiti</span> <span class='ocrx_word' id='word_1_1065' title='bbox 1263 2263 1332 2285; x_wconf 85' lang='lat' dir='ltr'>sunt.</span> <span class='ocrx_word' id='word_1_1066' title='bbox 1352 2257 1383 2284; x_wconf 75' lang='lat' dir='ltr'>fr.</span> <span class='ocrx_word' id='word_1_1067' title='bbox 1396 2259 1420 2283; x_wconf 75' lang='lat'>4.</span> <span class='ocrx_word' id='word_1_1068' title='bbox 1435 2267 1474 2294; x_wconf 85' lang='lat' dir='ltr'>pr.</span> <span class='ocrx_word' id='word_1_1069' title='bbox 1495 2257 1527 2283; x_wconf 85' lang='lat' dir='ltr'>de</span> <span class='ocrx_word' id='word_1_1070' title='bbox 1546 2255 1615 2282; x_wconf 78' lang='lat' dir='ltr'>decr.</span> <span class='ocrx_word' id='word_1_1071' title='bbox 1629 2254 1661 2280; x_wconf 90' lang='lat' dir='ltr'>ab</span> <span class='ocrx_word' id='word_1_1072' title='bbox 1675 2253 1731 2280; x_wconf 86' lang='lat' dir='ltr'>ord.</span> <span class='ocrx_word' id='word_1_1073' title='bbox 1745 2255 1787 2279; x_wconf 83' lang='lat'>50.</span> <span class='ocrx_word' id='word_1_1074' title='bbox 1802 2254 1826 2279; x_wconf 88' lang='grc'>9.</span> <span class='ocrx_word' id='word_1_1075' title='bbox 1851 2252 1892 2278; x_wconf 80' lang='lat' dir='ltr'>Ex</span> <span class='ocrx_word' id='word_1_1076' title='bbox 1905 2251 1999 2283; x_wconf 76' lang='lat' dir='ltr'>alieno,</span> 
     </span>
     <span class='ocr_line' id='line_1_113' title="bbox 1160 2294 1999 2336; baseline -0.008 -7"><span class='ocrx_word' id='word_1_1077' title='bbox 1160 2320 1188 2323; x_wconf 92' lang='lat'><em>-</em></span> <span class='ocrx_word' id='word_1_1078' title='bbox 1210 2303 1251 2329; x_wconf 82' lang='lat' dir='ltr'>Dc</span> <span class='ocrx_word' id='word_1_1079' title='bbox 1270 2311 1328 2332; x_wconf 75' lang='lat' dir='ltr'>sno.</span> <span class='ocrx_word' id='word_1_1080' title='bbox 1347 2300 1442 2336; x_wconf 67' lang='lat' dir='ltr'>largiri.</span> <span class='ocrx_word' id='word_1_1081' title='bbox 1463 2299 1494 2325; x_wconf 77' lang='lat' dir='ltr'>I‘r.</span> <span class='ocrx_word' id='word_1_1082' title='bbox 1513 2300 1554 2324; x_wconf 89' lang='lat'>54.</span> <span class='ocrx_word' id='word_1_1083' title='bbox 1580 2298 1645 2331; x_wconf 93' lang='lat'>5.1.</span> <span class='ocrx_word' id='word_1_1084' title='bbox 1665 2296 1698 2323; x_wconf 80' lang='lat' dir='ltr'>dc</span> <span class='ocrx_word' id='word_1_1085' title='bbox 1718 2297 1777 2323; x_wconf 83' lang='lat' dir='ltr'>l&#39;urt.</span> <span class='ocrx_word' id='word_1_1086' title='bbox 1797 2297 1838 2322; x_wconf 71' lang='lat'>47.</span> <span class='ocrx_word' id='word_1_1087' title='bbox 1857 2298 1882 2321; x_wconf 91' lang='grc'>2.</span> <span class='ocrx_word' id='word_1_1088' title='bbox 1908 2294 1938 2322; x_wconf 77' lang='lat' dir='ltr'>fr.</span> <span class='ocrx_word' id='word_1_1089' title='bbox 1958 2296 1999 2322; x_wconf 78' lang='lat'>40.</span> 
     </span>
     <span class='ocr_line' id='line_1_114' title="bbox 1158 2338 2001 2380; baseline -0.009 -8"><span class='ocrx_word' id='word_1_1090' title='bbox 1158 2347 1179 2380; x_wconf 90' lang='lat'>5.</span> <span class='ocrx_word' id='word_1_1091' title='bbox 1202 2347 1223 2372; x_wconf 95' lang='lat' dir='ltr'>l.</span> <span class='ocrx_word' id='word_1_1092' title='bbox 1244 2344 1276 2371; x_wconf 86' lang='lat' dir='ltr'>dc</span> <span class='ocrx_word' id='word_1_1093' title='bbox 1296 2345 1351 2371; x_wconf 84' lang='lat' dir='ltr'>iure</span> <span class='ocrx_word' id='word_1_1094' title='bbox 1371 2344 1491 2369; x_wconf 85' lang='lat' dir='ltr'>Iisci.49.</span> <span class='ocrx_word' id='word_1_1095' title='bbox 1512 2342 1552 2367; x_wconf 88' lang='lat'>14.</span> <span class='ocrx_word' id='word_1_1096' title='bbox 1583 2340 1696 2366; x_wconf 79' lang='lat' dir='ltr'>Diversa</span> <span class='ocrx_word' id='word_1_1097' title='bbox 1716 2338 1842 2374; x_wconf 74' lang='lat' dir='ltr'>largiendi</span> <span class='ocrx_word' id='word_1_1098' title='bbox 1862 2338 2001 2364; x_wconf 83' lang='lat' dir='ltr'>occasione</span> 
     </span>
     <span class='ocr_line' id='line_1_115' title="bbox 1159 2381 2000 2426; baseline -0.011 -11"><span class='ocrx_word' id='word_1_1099' title='bbox 1159 2389 1297 2426; x_wconf 72' lang='lat' dir='ltr'>pervenire</span> <span class='ocrx_word' id='word_1_1100' title='bbox 1316 2386 1366 2420; x_wconf 81' lang='lat' dir='ltr'>(ad</span> <span class='ocrx_word' id='word_1_1101' title='bbox 1386 2384 1622 2421; x_wconf 74' lang='lat' dir='ltr'>unumquemque..)</span> <span class='ocrx_word' id='word_1_1102' title='bbox 1652 2382 1701 2408; x_wconf 77' lang='lat' dir='ltr'>Th.</span> <span class='ocrx_word' id='word_1_1103' title='bbox 1722 2382 1753 2409; x_wconf 74' lang='lat' dir='ltr'>C.</span> <span class='ocrx_word' id='word_1_1104' title='bbox 1773 2381 1830 2408; x_wconf 72' lang='lat' dir='ltr'>Ml.</span> <span class='ocrx_word' id='word_1_1105' title='bbox 1852 2383 1874 2407; x_wconf 91' lang='lat'>1.</span> <span class='ocrx_word' id='word_1_1106' title='bbox 1900 2391 1921 2407; x_wconf 93' lang='lat' dir='ltr'>c.</span> <span class='ocrx_word' id='word_1_1107' title='bbox 1942 2382 2000 2407; x_wconf 83' lang='lat'>123.</span> 
     </span>
     <span class='ocr_line' id='line_1_116' title="bbox 1158 2426 2000 2465; baseline -0.011 -7"><span class='ocrx_word' id='word_1_1108' title='bbox 1158 2432 1180 2465; x_wconf 87' lang='lat'>5.</span> <span class='ocrx_word' id='word_1_1109' title='bbox 1200 2434 1224 2457; x_wconf 88' lang='grc'>2.</span> <span class='ocrx_word' id='word_1_1110' title='bbox 1245 2430 1277 2457; x_wconf 78' lang='lat' dir='ltr'>de</span> <span class='ocrx_word' id='word_1_1111' title='bbox 1297 2429 1430 2456; x_wconf 79' lang='lat' dir='ltr'>decuriou.</span> <span class='ocrx_word' id='word_1_1112' title='bbox 1451 2443 1483 2447; x_wconf 82' lang='lat'>—-</span> <span class='ocrx_word' id='word_1_1113' title='bbox 1507 2427 1538 2460; x_wconf 74' lang='lat'>§0</span> <span class='ocrx_word' id='word_1_1114' title='bbox 1557 2427 1592 2452; x_wconf 67' lang='lat'>2.</span> <span class='ocrx_word' id='word_1_1115' title='bbox 1616 2427 1707 2456; x_wconf 73' lang='lat' dir='ltr'>Pati,</span> <span class='ocrx_word' id='word_1_1116' title='bbox 1732 2426 1918 2461; x_wconf 62' lang='lat' dir='ltr'>Suffstere,</span> <span class='ocrx_word' id='word_1_1117' title='bbox 1943 2426 2000 2450; x_wconf 80' lang='lat' dir='ltr'>Su-</span> 
     </span>
     <span class='ocr_line' id='line_1_117' title="bbox 1157 2466 2001 2509; baseline -0.011 -8"><span class='ocrx_word' id='word_1_1118' title='bbox 1157 2484 1293 2509; x_wconf 77' lang='lat' dir='ltr'>peresse.</span> <span class='ocrx_word' id='word_1_1119' title='bbox 1329 2472 1360 2498; x_wconf 89' lang='grc' dir='ltr'>ΙΙ.</span> <span class='ocrx_word' id='word_1_1120' title='bbox 1372 2473 1439 2505; x_wconf 76' lang='lat'>01).</span> <span class='ocrx_word' id='word_1_1121' title='bbox 1463 2470 1493 2496; x_wconf 86' lang='lat' dir='ltr'>Si</span> <span class='ocrx_word' id='word_1_1122' title='bbox 1512 2478 1595 2494; x_wconf 87' lang='lat' dir='ltr'>annus</span> <span class='ocrx_word' id='word_1_1123' title='bbox 1610 2467 1755 2504; x_wconf 78' lang='lat' dir='ltr'>largiretur.</span> <span class='ocrx_word' id='word_1_1124' title='bbox 1768 2483 1799 2487; x_wconf 88' lang='grc'>-</span> <span class='ocrx_word' id='word_1_1125' title='bbox 1820 2466 1883 2493; x_wconf 83' lang='lat' dir='ltr'>Post</span> <span class='ocrx_word' id='word_1_1126' title='bbox 1897 2475 2001 2493; x_wconf 80' lang='lat' dir='ltr'>annum.</span> 
     </span>
     <span class='ocr_line' id='line_1_118' title="bbox 1159 2510 2000 2550; baseline -0.011 -6"><span class='ocrx_word' id='word_1_1127' title='bbox 1159 2517 1189 2544; x_wconf 84' lang='lat' dir='ltr'>l&#39;r.</span> <span class='ocrx_word' id='word_1_1128' title='bbox 1211 2518 1250 2543; x_wconf 74' lang='lat'>14.</span> <span class='ocrx_word' id='word_1_1129' title='bbox 1271 2516 1292 2550; x_wconf 90' lang='lat'>5.</span> <span class='ocrx_word' id='word_1_1130' title='bbox 1311 2518 1336 2541; x_wconf 88' lang='grc'>2.</span> <span class='ocrx_word' id='word_1_1131' title='bbox 1357 2516 1408 2550; x_wconf 73' lang='lat' dir='ltr'>Qu.</span> <span class='ocrx_word' id='word_1_1132' title='bbox 1429 2517 1489 2540; x_wconf 77' lang='lat' dir='ltr'>mot.</span> <span class='ocrx_word' id='word_1_1133' title='bbox 1511 2522 1532 2537; x_wconf 88' lang='lat' dir='ltr'>c.</span> <span class='ocrx_word' id='word_1_1134' title='bbox 1552 2513 1575 2537; x_wconf 83' lang='lat'>4.</span> <span class='ocrx_word' id='word_1_1135' title='bbox 1595 2514 1619 2537; x_wconf 82' lang='lat'>2.</span> <span class='ocrx_word' id='word_1_1136' title='bbox 1656 2512 1711 2547; x_wconf 78' lang='lat' dir='ltr'>Qui</span> <span class='ocrx_word' id='word_1_1137' title='bbox 1736 2510 1860 2537; x_wconf 82' lang='lat' dir='ltr'>exclusus</span> <span class='ocrx_word' id='word_1_1138' title='bbox 1880 2514 1919 2536; x_wconf 86' lang='lat' dir='ltr'>est</span> <span class='ocrx_word' id='word_1_1139' title='bbox 1938 2514 2000 2535; x_wconf 76' lang='lat' dir='ltr'>tmu-</span> 
     </span>
    </p>
   </div>
   <div class='ocr_carea' id='block_1_11' title="bbox 1136 2552 1998 2596">
    <p class='ocr_par' dir='ltr' id='par_1_18' title="bbox 1136 2552 1998 2596">
     <span class='ocr_line' id='line_1_119' title="bbox 1136 2552 1998 2596; baseline -0.012 -10"><span class='ocrx_word' id='word_1_1140' title='bbox 1136 2564 1137 2568; x_wconf 76' lang='grc'>’</span> <span class='ocrx_word' id='word_1_1141' title='bbox 1159 2569 1232 2596; x_wconf 84' lang='lat' dir='ltr'>pore.</span> <span class='ocrx_word' id='word_1_1142' title='bbox 1253 2573 1285 2577; x_wconf 97' lang='lat'><strong>—</strong></span> <span class='ocrx_word' id='word_1_1143' title='bbox 1304 2557 1333 2584; x_wconf 91' lang='lat' dir='ltr'>Si</span> <span class='ocrx_word' id='word_1_1144' title='bbox 1352 2561 1469 2593; x_wconf 78' lang='lat' dir='ltr'>tempora</span> <span class='ocrx_word' id='word_1_1145' title='bbox 1490 2554 1639 2589; x_wconf 80' lang='lat' dir='ltr'>largiantur.</span> <span class='ocrx_word' id='word_1_1146' title='bbox 1659 2554 1690 2581; x_wconf 83' lang='lat' dir='ltr'>l&#39;r.</span> <span class='ocrx_word' id='word_1_1147' title='bbox 1709 2555 1751 2580; x_wconf 82' lang='lat'>3⁰.</span> <span class='ocrx_word' id='word_1_1148' title='bbox 1771 2553 1803 2580; x_wconf 84' lang='lat' dir='ltr'>de</span> <span class='ocrx_word' id='word_1_1149' title='bbox 1821 2554 1914 2580; x_wconf 88' lang='lat' dir='ltr'>minor.</span> <span class='ocrx_word' id='word_1_1150' title='bbox 1935 2553 1958 2578; x_wconf 85' lang='lat'>4.</span> <span class='ocrx_word' id='word_1_1151' title='bbox 1975 2552 1998 2576; x_wconf 69' lang='grc' dir='ltr'>«Ι.</span> 
     </span>
    </p>
   </div>
   <div class='ocr_carea' id='block_1_12' title="bbox 1160 2595 1998 2840">
    <p class='ocr_par' dir='ltr' id='par_1_19' title="bbox 1160 2595 1998 2840">
     <span class='ocr_line' id='line_1_120' title="bbox 1160 2595 1998 2635; baseline -0.011 -6"><span class='ocrx_word' id='word_1_1152' title='bbox 1160 2602 1190 2629; x_wconf 86' lang='lat' dir='ltr'>fr.</span> <span class='ocrx_word' id='word_1_1153' title='bbox 1212 2604 1234 2628; x_wconf 95' lang='lat' dir='ltr'>l.</span> <span class='ocrx_word' id='word_1_1154' title='bbox 1255 2602 1277 2635; x_wconf 88' lang='lat'>5.</span> <span class='ocrx_word' id='word_1_1155' title='bbox 1295 2602 1319 2627; x_wconf 84' lang='lat'>3.</span> <span class='ocrx_word' id='word_1_1156' title='bbox 1339 2600 1361 2625; x_wconf 89' lang='lat' dir='ltr'>si</span> <span class='ocrx_word' id='word_1_1157' title='bbox 1381 2598 1433 2624; x_wconf 82' lang='lat' dir='ltr'>tab.</span> <span class='ocrx_word' id='word_1_1158' title='bbox 1454 2603 1555 2624; x_wconf 82' lang='lat' dir='ltr'>testam.</span> <span class='ocrx_word' id='word_1_1159' title='bbox 1575 2596 1639 2624; x_wconf 87' lang='lat' dir='ltr'>null.</span> <span class='ocrx_word' id='word_1_1160' title='bbox 1658 2598 1700 2623; x_wconf 68' lang='lat'>35.</span> <span class='ocrx_word' id='word_1_1161' title='bbox 1719 2598 1744 2623; x_wconf 79' lang='lat' dir='ltr'>(i.</span> <span class='ocrx_word' id='word_1_1162' title='bbox 1763 2595 1794 2622; x_wconf 83' lang='lat' dir='ltr'>sr.</span> <span class='ocrx_word' id='word_1_1163' title='bbox 1816 2598 1838 2622; x_wconf 91' lang='lat' dir='ltr'>l.</span> <span class='ocrx_word' id='word_1_1164' title='bbox 1858 2595 1895 2629; x_wconf 87' lang='lat'>55.</span> <span class='ocrx_word' id='word_1_1165' title='bbox 1915 2596 1938 2620; x_wconf 75' lang='lat' dir='ltr'>ti.</span> <span class='ocrx_word' id='word_1_1166' title='bbox 1959 2595 1998 2619; x_wconf 83' lang='lat'>11.</span> 
     </span>
     <span class='ocr_line' id='line_1_121' title="bbox 1160 2637 1998 2675; baseline -0.012 -4"><span class='ocrx_word' id='word_1_1167' title='bbox 1160 2644 1192 2671; x_wconf 81' lang='lat' dir='ltr'>(lc</span> <span class='ocrx_word' id='word_1_1168' title='bbox 1216 2654 1286 2670; x_wconf 82' lang='lat' dir='ltr'>succ.</span> <span class='ocrx_word' id='word_1_1169' title='bbox 1312 2641 1389 2669; x_wconf 78' lang='lat' dir='ltr'>edict.</span> <span class='ocrx_word' id='word_1_1170' title='bbox 1408 2644 1450 2667; x_wconf 61' lang='lat'>35.</span> <span class='ocrx_word' id='word_1_1171' title='bbox 1471 2643 1493 2667; x_wconf 82' lang='lat'>9.</span> <span class='ocrx_word' id='word_1_1172' title='bbox 1536 2640 1579 2667; x_wconf 87' lang='grc' dir='ltr'>ΙΙΙ.</span> <span class='ocrx_word' id='word_1_1173' title='bbox 1605 2641 1671 2668; x_wconf 74' lang='lat' dir='ltr'>Gn.</span> <span class='ocrx_word' id='word_1_1174' title='bbox 1705 2639 1734 2665; x_wconf 86' lang='lat' dir='ltr'>Si</span> <span class='ocrx_word' id='word_1_1175' title='bbox 1758 2638 1882 2675; x_wconf 72' lang='lat' dir='ltr'>largiatur</span> <span class='ocrx_word' id='word_1_1176' title='bbox 1903 2637 1998 2674; x_wconf 79' lang='lat' dir='ltr'>portio.</span> 
     </span>
     <span class='ocr_line' id='line_1_122' title="bbox 1161 2678 1997 2723; baseline -0.01 -11"><span class='ocrx_word' id='word_1_1177' title='bbox 1161 2697 1238 2723; x_wconf 82' lang='lat' dir='ltr'>quam</span> <span class='ocrx_word' id='word_1_1178' title='bbox 1258 2685 1371 2722; x_wconf 81' lang='lat' dir='ltr'>accepit,</span> <span class='ocrx_word' id='word_1_1179' title='bbox 1395 2683 1427 2710; x_wconf 86' lang='lat' dir='ltr'>ad</span> <span class='ocrx_word' id='word_1_1180' title='bbox 1446 2684 1516 2710; x_wconf 76' lang='lat' dir='ltr'>servi</span> <span class='ocrx_word' id='word_1_1181' title='bbox 1536 2684 1656 2721; x_wconf 81' lang='lat' dir='ltr'>pretium.</span> <span class='ocrx_word' id='word_1_1182' title='bbox 1681 2682 1712 2709; x_wconf 84' lang='lat' dir='ltr'>fr.</span> <span class='ocrx_word' id='word_1_1183' title='bbox 1733 2684 1756 2708; x_wconf 89' lang='lat'>7.</span> <span class='ocrx_word' id='word_1_1184' title='bbox 1780 2681 1812 2708; x_wconf 84' lang='lat' dir='ltr'>de</span> <span class='ocrx_word' id='word_1_1185' title='bbox 1832 2680 1916 2707; x_wconf 82' lang='lat' dir='ltr'>tideic.</span> <span class='ocrx_word' id='word_1_1186' title='bbox 1936 2678 1997 2705; x_wconf 91' lang='lat' dir='ltr'>libb.</span> 
     </span>
     <span class='ocr_line' id='line_1_123' title="bbox 1160 2722 1998 2761; baseline -0.01 -6"><span class='ocrx_word' id='word_1_1187' title='bbox 1160 2731 1202 2756; x_wconf 88' lang='lat'>40.</span> <span class='ocrx_word' id='word_1_1188' title='bbox 1221 2730 1245 2755; x_wconf 85' lang='lat'>5.</span> <span class='ocrx_word' id='word_1_1189' title='bbox 1266 2727 1297 2754; x_wconf 87' lang='lat' dir='ltr'>cs.</span> <span class='ocrx_word' id='word_1_1190' title='bbox 1323 2727 1353 2753; x_wconf 82' lang='lat' dir='ltr'>st&#39;.</span> <span class='ocrx_word' id='word_1_1191' title='bbox 1376 2729 1414 2753; x_wconf 92' lang='lat'>11.</span> <span class='ocrx_word' id='word_1_1192' title='bbox 1435 2727 1456 2761; x_wconf 86' lang='lat'>5.</span> <span class='ocrx_word' id='word_1_1193' title='bbox 1476 2728 1500 2753; x_wconf 89' lang='grc'>6.</span> <span class='ocrx_word' id='word_1_1194' title='bbox 1525 2728 1555 2752; x_wconf 82' lang='grc' dir='ltr'>Ιί·.</span> <span class='ocrx_word' id='word_1_1195' title='bbox 1574 2728 1615 2752; x_wconf 81' lang='grc'>25.</span> <span class='ocrx_word' id='word_1_1196' title='bbox 1636 2725 1657 2759; x_wconf 92' lang='lat'>5.</span> <span class='ocrx_word' id='word_1_1197' title='bbox 1679 2727 1700 2751; x_wconf 86' lang='lat' dir='ltr'>l.</span> <span class='ocrx_word' id='word_1_1198' title='bbox 1724 2724 1756 2751; x_wconf 84' lang='lat' dir='ltr'>ad</span> <span class='ocrx_word' id='word_1_1199' title='bbox 1773 2724 1804 2751; x_wconf 81' lang='lat' dir='ltr'>L.</span> <span class='ocrx_word' id='word_1_1200' title='bbox 1825 2722 1893 2750; x_wconf 81' lang='lat' dir='ltr'>Falc.</span> <span class='ocrx_word' id='word_1_1201' title='bbox 1912 2724 1954 2748; x_wconf 78' lang='lat'>35.</span> <span class='ocrx_word' id='word_1_1202' title='bbox 1974 2724 1998 2747; x_wconf 88' lang='grc'>2.</span> 
     </span>
     <span class='ocr_line' id='line_1_124' title="bbox 1162 2764 1998 2807; baseline -0.01 -10"><span class='ocrx_word' id='word_1_1203' title='bbox 1162 2772 1191 2798; x_wconf 88' lang='lat' dir='ltr'>Si</span> <span class='ocrx_word' id='word_1_1204' title='bbox 1211 2780 1280 2797; x_wconf 89' lang='lat' dir='ltr'>nunc</span> <span class='ocrx_word' id='word_1_1205' title='bbox 1304 2780 1351 2807; x_wconf 86' lang='lat' dir='ltr'>per</span> <span class='ocrx_word' id='word_1_1206' title='bbox 1374 2774 1483 2796; x_wconf 80' lang='lat' dir='ltr'>aetatem</span> <span class='ocrx_word' id='word_1_1207' title='bbox 1507 2768 1663 2795; x_wconf 77' lang='lat' dir='ltr'>beneficiuul</span> <span class='ocrx_word' id='word_1_1208' title='bbox 1688 2766 1861 2794; x_wconf 83' lang='lat' dir='ltr'>restitutionis</span> <span class='ocrx_word' id='word_1_1209' title='bbox 1885 2764 1998 2799; x_wconf 71' lang='lat' dir='ltr'>largitur.</span> 
     </span>
     <span class='ocr_line' id='line_1_125' title="bbox 1162 2812 1505 2840; baseline -0.006 0"><span class='ocrx_word' id='word_1_1210' title='bbox 1162 2825 1184 2840; x_wconf 79' lang='lat' dir='ltr'>e.</span> <span class='ocrx_word' id='word_1_1211' title='bbox 1203 2816 1227 2839; x_wconf 88' lang='grc'>2.</span> <span class='ocrx_word' id='word_1_1212' title='bbox 1248 2812 1280 2839; x_wconf 76' lang='lat' dir='ltr'>(le</span> <span class='ocrx_word' id='word_1_1213' title='bbox 1300 2813 1316 2839; x_wconf 74' lang='lat' dir='ltr'>I.</span> <span class='ocrx_word' id='word_1_1214' title='bbox 1338 2812 1355 2839; x_wconf 92' lang='grc' dir='ltr'>Ι.</span> <span class='ocrx_word' id='word_1_1215' title='bbox 1375 2812 1406 2839; x_wconf 70' lang='lat' dir='ltr'>Ii.</span> <span class='ocrx_word' id='word_1_1216' title='bbox 1427 2816 1450 2839; x_wconf 74' lang='lat'>2.</span> <span class='ocrx_word' id='word_1_1217' title='bbox 1465 2814 1505 2838; x_wconf 84' lang='grc'>22.</span> 
     </span>
    </p>
   </div>
  </div>
 </body>
</html>
