<?xml version="1.0" encoding="UTF-8"?>
<!DOCTYPE html PUBLIC "-//W3C//DTD XHTML 1.0 Transitional//EN"
    "http://www.w3.org/TR/xhtml1/DTD/xhtml1-transitional.dtd">
<html xmlns="http://www.w3.org/1999/xhtml" xml:lang="en" lang="en">
 <head>
  <title>
</title>
<meta http-equiv="Content-Type" content="text/html;charset=utf-8" />
  <meta name='ocr-system' content='tesseract 3.04.00' />
  <meta name='ocr-capabilities' content='ocr_page ocr_carea ocr_par ocr_line ocrx_word'/>
</head>
<body>
  <div class='ocr_page' id='page_1' title='image "./manualelatinitat00dirk_0047.png"; bbox 0 0 2197 3121; ppageno 0'>
   <div class='ocr_carea' id='block_1_1' title="bbox 1005 163 1100 195">
    <p class='ocr_par' dir='ltr' id='par_1_1' title="bbox 1005 163 1100 195">
     <span class='ocr_line' id='line_1_1' title="bbox 1005 163 1100 195; baseline -0.011 0"><span class='ocrx_word' id='word_1_1' title='bbox 1005 163 1100 195; x_wconf 83' lang='lat' dir='ltr'>ADP.</span> 
     </span>
    </p>
   </div>
   <div class='ocr_carea' id='block_1_2' title="bbox 186 244 1031 1314">
    <p class='ocr_par' dir='ltr' id='par_1_2' title="bbox 186 244 1031 1011">
     <span class='ocr_line' id='line_1_2' title="bbox 188 244 1029 286; baseline -0.01 -8"><span class='ocrx_word' id='word_1_2' title='bbox 188 249 298 278; x_wconf 76' lang='lat' dir='ltr'>secundi</span> <span class='ocrx_word' id='word_1_3' title='bbox 325 248 431 276; x_wconf 82' lang='lat' dir='ltr'>heredis</span> <span class='ocrx_word' id='word_1_4' title='bbox 454 247 603 286; x_wconf 86' lang='lat' dir='ltr'>adpellatio.</span> <span class='ocrx_word' id='word_1_5' title='bbox 635 246 705 284; x_wconf 83' lang='lat' dir='ltr'>Epit.</span> <span class='ocrx_word' id='word_1_6' title='bbox 725 247 785 273; x_wconf 84' lang='lat' dir='ltr'>inst.</span> <span class='ocrx_word' id='word_1_7' title='bbox 805 244 871 272; x_wconf 88' lang='lat' dir='ltr'>Gaii.</span> <span class='ocrx_word' id='word_1_8' title='bbox 891 245 921 272; x_wconf 93' lang='lat' dir='ltr'>II.</span> <span class='ocrx_word' id='word_1_9' title='bbox 945 246 969 271; x_wconf 99' lang='lat'>4.</span> <span class='ocrx_word' id='word_1_10' title='bbox 989 255 1029 282; x_wconf 88' lang='lat' dir='ltr'>pr.</span> 
     </span>
     <span class='ocr_line' id='line_1_3' title="bbox 189 287 1029 327; baseline -0.008 -6"><span class='ocrx_word' id='word_1_11' title='bbox 189 309 222 314; x_wconf 93' lang='lat'>--</span> <span class='ocrx_word' id='word_1_12' title='bbox 240 294 271 327; x_wconf 64' lang='grc' dir='ltr'>ξ.</span> <span class='ocrx_word' id='word_1_13' title='bbox 291 294 328 320; x_wconf 79' lang='grc'>3.</span> <span class='ocrx_word' id='word_1_14' title='bbox 348 293 543 320; x_wconf 74' lang='lat' dir='ltr'>Provocatio</span> <span class='ocrx_word' id='word_1_15' title='bbox 562 301 579 317; x_wconf 82' lang='lat' dir='ltr'>a</span> <span class='ocrx_word' id='word_1_16' title='bbox 599 292 762 317; x_wconf 77' lang='lat' dir='ltr'>sententia</span> <span class='ocrx_word' id='word_1_17' title='bbox 781 290 913 316; x_wconf 80' lang='lat' dir='ltr'>iudicis.</span> <span class='ocrx_word' id='word_1_18' title='bbox 937 287 1029 322; x_wconf 79' lang='lat' dir='ltr'>LSy.</span> 
     </span>
     <span class='ocr_line' id='line_1_4' title="bbox 187 330 1029 373; baseline -0.008 -10"><span class='ocrx_word' id='word_1_19' title='bbox 187 335 349 373; x_wconf 85' lang='lat' dir='ltr'>Adpellandi</span> <span class='ocrx_word' id='word_1_20' title='bbox 368 336 416 362; x_wconf 87' lang='lat' dir='ltr'>ius.</span> <span class='ocrx_word' id='word_1_21' title='bbox 445 334 475 361; x_wconf 86' lang='lat' dir='ltr'>sr.</span> <span class='ocrx_word' id='word_1_22' title='bbox 496 335 519 360; x_wconf 94' lang='lat'>1.</span> <span class='ocrx_word' id='word_1_23' title='bbox 538 343 578 371; x_wconf 91' lang='lat' dir='ltr'>pr.</span> <span class='ocrx_word' id='word_1_24' title='bbox 597 333 678 367; x_wconf 77' lang='lat'>331.</span> <span class='ocrx_word' id='word_1_25' title='bbox 697 334 722 359; x_wconf 83' lang='lat'>3.</span> <span class='ocrx_word' id='word_1_26' title='bbox 743 332 775 359; x_wconf 84' lang='lat' dir='ltr'>de</span> <span class='ocrx_word' id='word_1_27' title='bbox 794 342 852 370; x_wconf 80' lang='lat' dir='ltr'>app.</span> <span class='ocrx_word' id='word_1_28' title='bbox 874 336 899 358; x_wconf 85' lang='lat' dir='ltr'>et</span> <span class='ocrx_word' id='word_1_29' title='bbox 917 330 963 357; x_wconf 89' lang='lat' dir='ltr'>rel.</span> <span class='ocrx_word' id='word_1_30' title='bbox 987 332 1029 356; x_wconf 81' lang='lat'>49.</span> 
     </span>
     <span class='ocr_line' id='line_1_5' title="bbox 190 375 1029 412; baseline -0.007 -7"><span class='ocrx_word' id='word_1_31' title='bbox 190 381 212 405; x_wconf 97' lang='lat' dir='ltr'>l.</span> <span class='ocrx_word' id='word_1_32' title='bbox 250 378 414 405; x_wconf 74' lang='lat' dir='ltr'>provocatio.</span> <span class='ocrx_word' id='word_1_33' title='bbox 449 376 480 403; x_wconf 85' lang='lat' dir='ltr'>fr.</span> <span class='ocrx_word' id='word_1_34' title='bbox 501 378 541 403; x_wconf 60' lang='lat'>18.</span> <span class='ocrx_word' id='word_1_35' title='bbox 566 375 600 402; x_wconf 83' lang='lat' dir='ltr'>ib.</span> <span class='ocrx_word' id='word_1_36' title='bbox 623 377 664 402; x_wconf 85' lang='grc'>49.</span> <span class='ocrx_word' id='word_1_37' title='bbox 686 377 707 402; x_wconf 95' lang='lat' dir='ltr'>l.</span> <span class='ocrx_word' id='word_1_38' title='bbox 739 386 760 402; x_wconf 91' lang='grc'>9.</span> <span class='ocrx_word' id='word_1_39' title='bbox 780 377 803 401; x_wconf 88' lang='grc'>6.</span> <span class='ocrx_word' id='word_1_40' title='bbox 823 385 862 412; x_wconf 87' lang='lat' dir='ltr'>pr.</span> <span class='ocrx_word' id='word_1_41' title='bbox 887 375 925 408; x_wconf 89' lang='lat'>33.</span> <span class='ocrx_word' id='word_1_42' title='bbox 945 375 969 400; x_wconf 87' lang='lat'>4.</span> <span class='ocrx_word' id='word_1_43' title='bbox 989 383 1029 409; x_wconf 84' lang='lat' dir='ltr'>sq.</span> 
     </span>
     <span class='ocr_line' id='line_1_6' title="bbox 189 416 1030 457; baseline -0.007 -9"><span class='ocrx_word' id='word_1_44' title='bbox 189 432 210 448; x_wconf 92' lang='lat' dir='ltr'>c.</span> <span class='ocrx_word' id='word_1_45' title='bbox 230 422 254 448; x_wconf 87' lang='grc'>8.</span> <span class='ocrx_word' id='word_1_46' title='bbox 275 432 296 448; x_wconf 87' lang='lat' dir='ltr'>c.</span> <span class='ocrx_word' id='word_1_47' title='bbox 316 423 356 447; x_wconf 87' lang='lat'>10.</span> <span class='ocrx_word' id='word_1_48' title='bbox 377 420 409 447; x_wconf 79' lang='lat' dir='ltr'>de</span> <span class='ocrx_word' id='word_1_49' title='bbox 429 430 487 457; x_wconf 89' lang='lat' dir='ltr'>app.</span> <span class='ocrx_word' id='word_1_50' title='bbox 507 424 532 446; x_wconf 84' lang='lat' dir='ltr'>et</span> <span class='ocrx_word' id='word_1_51' title='bbox 551 418 664 445; x_wconf 75' lang='lat' dir='ltr'>consult.</span> <span class='ocrx_word' id='word_1_52' title='bbox 686 420 709 445; x_wconf 81' lang='lat'>7.</span> <span class='ocrx_word' id='word_1_53' title='bbox 729 419 770 444; x_wconf 77' lang='lat'>62.</span> <span class='ocrx_word' id='word_1_54' title='bbox 808 417 850 443; x_wconf 91' lang='lat' dir='ltr'>III.</span> <span class='ocrx_word' id='word_1_55' title='bbox 871 418 938 444; x_wconf 75' lang='grc' dir='ltr'>(7η.</span> <span class='ocrx_word' id='word_1_56' title='bbox 967 416 1030 442; x_wconf 80' lang='lat' dir='ltr'>Sive</span> 
     </span>
     <span class='ocr_line' id='line_1_7' title="bbox 189 459 1030 501; baseline -0.006 -11"><span class='ocrx_word' id='word_1_57' title='bbox 189 474 222 490; x_wconf 79' lang='lat' dir='ltr'>ex</span> <span class='ocrx_word' id='word_1_58' title='bbox 241 463 429 501; x_wconf 77' lang='lat' dir='ltr'>adpellatione.</span> <span class='ocrx_word' id='word_1_59' title='bbox 454 464 510 489; x_wconf 81' lang='lat' dir='ltr'>sive.</span> <span class='ocrx_word' id='word_1_60' title='bbox 534 472 566 488; x_wconf 86' lang='lat' dir='ltr'>ex</span> <span class='ocrx_word' id='word_1_61' title='bbox 590 461 722 497; x_wconf 65' lang='lat' dir='ltr'>delegato.</span> <span class='ocrx_word' id='word_1_62' title='bbox 746 461 803 486; x_wconf 77' lang='lat' dir='ltr'>sive</span> <span class='ocrx_word' id='word_1_63' title='bbox 828 470 860 486; x_wconf 80' lang='lat' dir='ltr'>ex</span> <span class='ocrx_word' id='word_1_64' title='bbox 884 459 1030 486; x_wconf 72' lang='grc'>0111111910-</span> 
     </span>
     <span class='ocr_line' id='line_1_8' title="bbox 189 502 1028 539; baseline -0.006 -7"><span class='ocrx_word' id='word_1_65' title='bbox 189 506 342 533; x_wconf 83' lang='lat' dir='ltr'>dicaverint.</span> <span class='ocrx_word' id='word_1_66' title='bbox 379 506 428 532; x_wconf 81' lang='lat' dir='ltr'>Th.</span> <span class='ocrx_word' id='word_1_67' title='bbox 453 504 484 532; x_wconf 88' lang='lat' dir='ltr'>C.</span> <span class='ocrx_word' id='word_1_68' title='bbox 507 504 552 531; x_wconf 83' lang='lat' dir='ltr'>XI.</span> <span class='ocrx_word' id='word_1_69' title='bbox 576 506 618 531; x_wconf 98' lang='lat'>30.</span> <span class='ocrx_word' id='word_1_70' title='bbox 643 513 664 530; x_wconf 89' lang='lat' dir='ltr'>c.</span> <span class='ocrx_word' id='word_1_71' title='bbox 690 504 729 529; x_wconf 89' lang='lat'>16.</span> <span class='ocrx_word' id='word_1_72' title='bbox 759 502 791 528; x_wconf 87' lang='lat' dir='ltr'>de</span> <span class='ocrx_word' id='word_1_73' title='bbox 815 512 874 539; x_wconf 88' lang='lat' dir='ltr'>app.</span> <span class='ocrx_word' id='word_1_74' title='bbox 900 507 926 528; x_wconf 81' lang='lat' dir='ltr'>et</span> <span class='ocrx_word' id='word_1_75' title='bbox 952 512 1028 539; x_wconf 80' lang='lat' dir='ltr'>poen.</span> 
     </span>
     <span class='ocr_line' id='line_1_9' title="bbox 188 544 1031 586; baseline -0.006 -11"><span class='ocrx_word' id='word_1_76' title='bbox 188 549 249 575; x_wconf 61' lang='lat' dir='ltr'>Non</span> <span class='ocrx_word' id='word_1_77' title='bbox 268 549 423 586; x_wconf 79' lang='lat' dir='ltr'>adpellatio,</span> <span class='ocrx_word' id='word_1_78' title='bbox 443 548 490 574; x_wconf 88' lang='lat' dir='ltr'>sed</span> <span class='ocrx_word' id='word_1_79' title='bbox 509 548 683 584; x_wconf 81' lang='lat' dir='ltr'>querimonia,</span> <span class='ocrx_word' id='word_1_80' title='bbox 706 555 731 572; x_wconf 92' lang='lat' dir='ltr'>v.</span> <span class='ocrx_word' id='word_1_81' title='bbox 751 545 857 582; x_wconf 84' lang='lat' dir='ltr'>querela</span> <span class='ocrx_word' id='word_1_82' title='bbox 881 545 944 577; x_wconf 87' lang='lat' dir='ltr'>(hoc</span> <span class='ocrx_word' id='word_1_83' title='bbox 963 544 1031 571; x_wconf 83' lang='lat' dir='ltr'>diee-</span> 
     </span>
     <span class='ocr_line' id='line_1_10' title="bbox 188 588 1030 625; baseline -0.006 -7"><span class='ocrx_word' id='word_1_84' title='bbox 188 592 251 624; x_wconf 84' lang='lat' dir='ltr'>tur).</span> <span class='ocrx_word' id='word_1_85' title='bbox 281 592 318 618; x_wconf 89' lang='lat' dir='ltr'>lb.</span> <span class='ocrx_word' id='word_1_86' title='bbox 339 602 360 618; x_wconf 91' lang='lat' dir='ltr'>c.</span> <span class='ocrx_word' id='word_1_87' title='bbox 381 594 420 618; x_wconf 78' lang='lat'>12.</span> <span class='ocrx_word' id='word_1_88' title='bbox 444 591 460 618; x_wconf 81' lang='lat' dir='ltr'>l.</span> <span class='ocrx_word' id='word_1_89' title='bbox 481 591 498 618; x_wconf 90' lang='lat' dir='ltr'>l.</span> <span class='ocrx_word' id='word_1_90' title='bbox 536 591 572 617; x_wconf 90' lang='lat' dir='ltr'>Ita</span> <span class='ocrx_word' id='word_1_91' title='bbox 592 591 668 616; x_wconf 87' lang='lat' dir='ltr'>etiam</span> <span class='ocrx_word' id='word_1_92' title='bbox 687 588 776 615; x_wconf 78' lang='lat' dir='ltr'>Aurel.</span> <span class='ocrx_word' id='word_1_93' title='bbox 796 588 860 625; x_wconf 89' lang='lat' dir='ltr'>Imp.</span> <span class='ocrx_word' id='word_1_94' title='bbox 879 588 1030 614; x_wconf 83' lang='lat' dir='ltr'><strong>Antoninus</strong></span> 
     </span>
     <span class='ocr_line' id='line_1_11' title="bbox 188 630 1031 672; baseline -0.006 -11"><span class='ocrx_word' id='word_1_95' title='bbox 188 634 221 661; x_wconf 87' lang='lat' dir='ltr'>ad</span> <span class='ocrx_word' id='word_1_96' title='bbox 245 634 447 672; x_wconf 84' lang='lat' dir='ltr'>adpellationem</span> <span class='ocrx_word' id='word_1_97' title='bbox 479 644 511 660; x_wconf 78' lang='lat' dir='ltr'>ex</span> <span class='ocrx_word' id='word_1_98' title='bbox 535 633 674 659; x_wconf 76' lang='lat' dir='ltr'><strong>Germania</strong></span> <span class='ocrx_word' id='word_1_99' title='bbox 702 631 834 658; x_wconf 79' lang='lat' dir='ltr'>iudicavit.</span> <span class='ocrx_word' id='word_1_100' title='bbox 873 630 903 657; x_wconf 80' lang='lat' dir='ltr'>fr.</span> <span class='ocrx_word' id='word_1_101' title='bbox 928 631 968 656; x_wconf 70' lang='lat'>48.</span> <span class='ocrx_word' id='word_1_102' title='bbox 999 630 1031 656; x_wconf 84' lang='lat' dir='ltr'>de</span> 
     </span>
     <span class='ocr_line' id='line_1_12' title="bbox 189 674 1031 712; baseline -0.007 -8"><span class='ocrx_word' id='word_1_103' title='bbox 189 677 265 704; x_wconf 85' lang='lat' dir='ltr'>cond.</span> <span class='ocrx_word' id='word_1_104' title='bbox 286 682 311 703; x_wconf 85' lang='lat' dir='ltr'>et</span> <span class='ocrx_word' id='word_1_105' title='bbox 330 677 396 704; x_wconf 91' lang='lat' dir='ltr'>dem.</span> <span class='ocrx_word' id='word_1_106' title='bbox 416 679 457 703; x_wconf 81' lang='lat'>35.</span> <span class='ocrx_word' id='word_1_107' title='bbox 480 679 501 703; x_wconf 98' lang='lat' dir='ltr'>l.</span> <span class='ocrx_word' id='word_1_108' title='bbox 539 676 579 707; x_wconf 76' lang='lat' dir='ltr'>Is,</span> <span class='ocrx_word' id='word_1_109' title='bbox 604 676 647 712; x_wconf 89' lang='lat' dir='ltr'>qui</span> <span class='ocrx_word' id='word_1_110' title='bbox 667 674 699 701; x_wconf 84' lang='lat' dir='ltr'>de</span> <span class='ocrx_word' id='word_1_111' title='bbox 719 674 895 711; x_wconf 84' lang='lat' dir='ltr'>adpellatione</span> <span class='ocrx_word' id='word_1_112' title='bbox 915 674 1031 709; x_wconf 70' lang='lat' dir='ltr'>cognitu-</span> 
     </span>
     <span class='ocr_line' id='line_1_13' title="bbox 188 716 1029 754; baseline -0.006 -8"><span class='ocrx_word' id='word_1_113' title='bbox 188 730 234 747; x_wconf 89' lang='lat' dir='ltr'>rus</span> <span class='ocrx_word' id='word_1_114' title='bbox 255 725 302 746; x_wconf 88' lang='lat' dir='ltr'>est.</span> <span class='ocrx_word' id='word_1_115' title='bbox 334 719 405 746; x_wconf 81' lang='lat' dir='ltr'>Paul.</span> <span class='ocrx_word' id='word_1_116' title='bbox 426 719 456 746; x_wconf 62' lang='lat' dir='ltr'>Y.</span> <span class='ocrx_word' id='word_1_117' title='bbox 476 721 518 746; x_wconf 70' lang='lat'>34.</span> <span class='ocrx_word' id='word_1_118' title='bbox 538 720 559 753; x_wconf 86' lang='lat'>3.</span> <span class='ocrx_word' id='word_1_119' title='bbox 582 721 603 745; x_wconf 87' lang='lat' dir='ltr'>l.</span> <span class='ocrx_word' id='word_1_120' title='bbox 624 728 645 744; x_wconf 90' lang='grc'>9.</span> <span class='ocrx_word' id='word_1_121' title='bbox 661 719 685 743; x_wconf 84' lang='grc'>6.</span> <span class='ocrx_word' id='word_1_122' title='bbox 705 727 744 754; x_wconf 90' lang='lat' dir='ltr'>pr.</span> <span class='ocrx_word' id='word_1_123' title='bbox 765 717 801 750; x_wconf 88' lang='lat'>33.</span> <span class='ocrx_word' id='word_1_124' title='bbox 817 718 838 743; x_wconf 96' lang='lat' dir='ltr'>l.</span> <span class='ocrx_word' id='word_1_125' title='bbox 859 726 899 752; x_wconf 82' lang='lat' dir='ltr'>sq.</span> <span class='ocrx_word' id='word_1_126' title='bbox 919 716 951 742; x_wconf 86' lang='lat' dir='ltr'>de</span> <span class='ocrx_word' id='word_1_127' title='bbox 970 727 1029 753; x_wconf 86' lang='lat' dir='ltr'>app.</span> 
     </span>
     <span class='ocr_line' id='line_1_14' title="bbox 189 759 1030 797; baseline -0.006 -8"><span class='ocrx_word' id='word_1_128' title='bbox 189 768 216 789; x_wconf 78' lang='lat' dir='ltr'>et</span> <span class='ocrx_word' id='word_1_129' title='bbox 235 762 347 789; x_wconf 86' lang='lat' dir='ltr'><strong>consult.</strong></span> <span class='ocrx_word' id='word_1_130' title='bbox 367 765 390 789; x_wconf 85' lang='lat'>7.</span> <span class='ocrx_word' id='word_1_131' title='bbox 410 764 451 789; x_wconf 72' lang='lat'>62.</span> <span class='ocrx_word' id='word_1_132' title='bbox 488 762 570 789; x_wconf 81' lang='lat' dir='ltr'>Iudex</span> <span class='ocrx_word' id='word_1_133' title='bbox 590 760 783 797; x_wconf 86' lang='lat' dir='ltr'>adpellationis.</span> <span class='ocrx_word' id='word_1_134' title='bbox 807 759 837 786; x_wconf 81' lang='lat' dir='ltr'>fr.</span> <span class='ocrx_word' id='word_1_135' title='bbox 857 761 898 785; x_wconf 85' lang='lat'>40.</span> <span class='ocrx_word' id='word_1_136' title='bbox 918 760 977 793; x_wconf 88' lang='lat'>3.1.</span> <span class='ocrx_word' id='word_1_137' title='bbox 999 759 1030 785; x_wconf 90' lang='lat' dir='ltr'>de</span> 
     </span>
     <span class='ocr_line' id='line_1_15' title="bbox 188 802 1029 843; baseline -0.005 -11"><span class='ocrx_word' id='word_1_138' title='bbox 188 810 257 843; x_wconf 81' lang='lat' dir='ltr'>pact.</span> <span class='ocrx_word' id='word_1_139' title='bbox 277 807 301 832; x_wconf 79' lang='grc'>2.</span> <span class='ocrx_word' id='word_1_140' title='bbox 323 807 363 832; x_wconf 89' lang='lat' dir='ltr'>l4.</span> <span class='ocrx_word' id='word_1_141' title='bbox 400 805 508 831; x_wconf 83' lang='lat' dir='ltr'>Auxilio</span> <span class='ocrx_word' id='word_1_142' title='bbox 527 803 712 841; x_wconf 87' lang='lat' dir='ltr'>adpellatiouis</span> <span class='ocrx_word' id='word_1_143' title='bbox 732 803 778 828; x_wconf 88' lang='lat' dir='ltr'>uti.</span> <span class='ocrx_word' id='word_1_144' title='bbox 808 802 837 828; x_wconf 88' lang='lat' dir='ltr'>sr.</span> <span class='ocrx_word' id='word_1_145' title='bbox 859 804 899 828; x_wconf 87' lang='lat'>15.</span> <span class='ocrx_word' id='word_1_146' title='bbox 919 802 952 829; x_wconf 83' lang='lat' dir='ltr'>de</span> <span class='ocrx_word' id='word_1_147' title='bbox 971 812 1029 839; x_wconf 85' lang='lat' dir='ltr'>app.</span> 
     </span>
     <span class='ocr_line' id='line_1_16' title="bbox 188 845 1031 884; baseline -0.005 -10"><span class='ocrx_word' id='word_1_148' title='bbox 188 853 215 874; x_wconf 63' lang='grc' dir='ltr'>εἰ</span> <span class='ocrx_word' id='word_1_149' title='bbox 238 847 284 874; x_wconf 84' lang='grc'>191.</span> <span class='ocrx_word' id='word_1_150' title='bbox 309 850 351 875; x_wconf 92' lang='lat'>49.</span> <span class='ocrx_word' id='word_1_151' title='bbox 377 850 399 874; x_wconf 95' lang='lat' dir='ltr'>l.</span> <span class='ocrx_word' id='word_1_152' title='bbox 441 847 514 874; x_wconf 84' lang='lat' dir='ltr'>Citra</span> <span class='ocrx_word' id='word_1_153' title='bbox 540 846 743 884; x_wconf 84' lang='lat' dir='ltr'>adpellationem</span> <span class='ocrx_word' id='word_1_154' title='bbox 774 845 901 871; x_wconf 81' lang='lat' dir='ltr'>infirmari</span> <span class='ocrx_word' id='word_1_155' title='bbox 928 850 1031 871; x_wconf 80' lang='lat' dir='ltr'>senten-</span> 
     </span>
     <span class='ocr_line' id='line_1_17' title="bbox 188 888 1028 925; baseline -0.005 -8"><span class='ocrx_word' id='word_1_156' title='bbox 188 892 258 918; x_wconf 85' lang='lat' dir='ltr'>tiam.</span> <span class='ocrx_word' id='word_1_157' title='bbox 286 890 317 917; x_wconf 85' lang='lat' dir='ltr'>sr.</span> <span class='ocrx_word' id='word_1_158' title='bbox 339 893 360 917; x_wconf 93' lang='lat'>1.</span> <span class='ocrx_word' id='word_1_159' title='bbox 381 892 402 925; x_wconf 87' lang='lat'>3.</span> <span class='ocrx_word' id='word_1_160' title='bbox 424 893 446 917; x_wconf 90' lang='lat'>1.</span> <span class='ocrx_word' id='word_1_161' title='bbox 466 890 498 917; x_wconf 84' lang='lat' dir='ltr'>de</span> <span class='ocrx_word' id='word_1_162' title='bbox 517 890 596 916; x_wconf 84' lang='lat' dir='ltr'>seriis.</span> <span class='ocrx_word' id='word_1_163' title='bbox 616 891 640 916; x_wconf 77' lang='lat'>2.</span> <span class='ocrx_word' id='word_1_164' title='bbox 662 891 701 915; x_wconf 75' lang='lat'>12.</span> <span class='ocrx_word' id='word_1_165' title='bbox 722 888 753 915; x_wconf 78' lang='lat' dir='ltr'>cf.</span> <span class='ocrx_word' id='word_1_166' title='bbox 774 888 805 915; x_wconf 85' lang='lat' dir='ltr'>fr.</span> <span class='ocrx_word' id='word_1_167' title='bbox 825 890 849 914; x_wconf 83' lang='grc'>2.</span> <span class='ocrx_word' id='word_1_168' title='bbox 874 899 888 914; x_wconf 83' lang='grc'>11</span> <span class='ocrx_word' id='word_1_169' title='bbox 907 898 949 925; x_wconf 92' lang='lat' dir='ltr'>qu.</span> <span class='ocrx_word' id='word_1_170' title='bbox 970 898 1028 925; x_wconf 87' lang='lat' dir='ltr'>app.</span> 
     </span>
     <span class='ocr_line' id='line_1_18' title="bbox 186 930 1029 969; baseline -0.005 -9"><span class='ocrx_word' id='word_1_171' title='bbox 186 944 212 960; x_wconf 88' lang='lat' dir='ltr'>n.</span> <span class='ocrx_word' id='word_1_172' title='bbox 232 933 275 960; x_wconf 85' lang='lat' dir='ltr'>lic.</span> <span class='ocrx_word' id='word_1_173' title='bbox 306 936 348 961; x_wconf 86' lang='lat'>49.</span> <span class='ocrx_word' id='word_1_174' title='bbox 371 936 395 960; x_wconf 76' lang='lat'>2.</span> <span class='ocrx_word' id='word_1_175' title='bbox 432 933 560 969; x_wconf 86' lang='lat' dir='ltr'>Prosequi</span> <span class='ocrx_word' id='word_1_176' title='bbox 584 933 704 959; x_wconf 87' lang='lat' dir='ltr'>meritum</span> <span class='ocrx_word' id='word_1_177' title='bbox 728 931 920 969; x_wconf 78' lang='lat' dir='ltr'>adpellationIS.</span> <span class='ocrx_word' id='word_1_178' title='bbox 957 930 1029 957; x_wconf 75' lang='lat' dir='ltr'>Paul.</span> 
     </span>
     <span class='ocr_line' id='line_1_19' title="bbox 187 976 367 1011; baseline -0.006 -7"><span class='ocrx_word' id='word_1_179' title='bbox 187 976 220 1004; x_wconf 90' lang='lat' dir='ltr'>V.</span> <span class='ocrx_word' id='word_1_180' title='bbox 239 979 282 1003; x_wconf 85' lang='lat'>35.</span> <span class='ocrx_word' id='word_1_181' title='bbox 302 978 324 1011; x_wconf 59' lang='grc' dir='ltr'>ξ.</span> <span class='ocrx_word' id='word_1_182' title='bbox 345 979 367 1003; x_wconf 90' lang='grc'>1.</span> 
     </span>
    </p>

    <p class='ocr_par' dir='ltr' id='par_1_3' title="bbox 186 1016 1030 1314">
     <span class='ocr_line' id='line_1_20' title="bbox 222 1016 1029 1053; baseline -0.005 -6"><span class='ocrx_word' id='word_1_183' title='bbox 222 1020 455 1053; x_wconf 75' lang='lat' dir='ltr'>Adpellator.</span> <span class='ocrx_word' id='word_1_184' title='bbox 477 1020 540 1052; x_wconf 76' lang='lat' dir='ltr'>Qui</span> <span class='ocrx_word' id='word_1_185' title='bbox 556 1019 789 1052; x_wconf 77' lang='lat' dir='ltr'>provocatione</span> <span class='ocrx_word' id='word_1_186' title='bbox 804 1019 918 1044; x_wconf 77' lang='lat' dir='ltr'>utitur.</span> <span class='ocrx_word' id='word_1_187' title='bbox 938 1016 1029 1051; x_wconf 70' lang='lat' dir='ltr'>[Sy.</span> 
     </span>
     <span class='ocr_line' id='line_1_21' title="bbox 186 1059 1028 1099; baseline -0.002 -11"><span class='ocrx_word' id='word_1_188' title='bbox 186 1062 227 1094; x_wconf 76' lang='lat' dir='ltr'>Is.</span> <span class='ocrx_word' id='word_1_189' title='bbox 248 1063 292 1098; x_wconf 84' lang='lat' dir='ltr'>qui</span> <span class='ocrx_word' id='word_1_190' title='bbox 311 1061 438 1098; x_wconf 85' lang='lat' dir='ltr'>adpellat.</span> <span class='ocrx_word' id='word_1_191' title='bbox 458 1072 482 1088; x_wconf 89' lang='lat' dir='ltr'>v.</span> <span class='ocrx_word' id='word_1_192' title='bbox 502 1066 636 1099; x_wconf 84' lang='lat' dir='ltr'>provocat.</span> <span class='ocrx_word' id='word_1_193' title='bbox 674 1060 829 1098; x_wconf 81' lang='lat' dir='ltr'>Adpellans.</span> <span class='ocrx_word' id='word_1_194' title='bbox 861 1060 933 1087; x_wconf 93' lang='lat' dir='ltr'>Paul.</span> <span class='ocrx_word' id='word_1_195' title='bbox 953 1059 984 1086; x_wconf 67' lang='lat' dir='ltr'>Y.</span> <span class='ocrx_word' id='word_1_196' title='bbox 1005 1062 1028 1086; x_wconf 90' lang='lat'>4.</span> 
     </span>
     <span class='ocr_line' id='line_1_22' title="bbox 187 1102 1028 1139; baseline -0.002 -8"><span class='ocrx_word' id='word_1_197' title='bbox 187 1106 210 1139; x_wconf 68' lang='grc' dir='ltr'>ς.</span> <span class='ocrx_word' id='word_1_198' title='bbox 231 1107 271 1131; x_wconf 70' lang='lat'>18.</span> <span class='ocrx_word' id='word_1_199' title='bbox 292 1104 323 1131; x_wconf 83' lang='lat' dir='ltr'>v.</span> <span class='ocrx_word' id='word_1_200' title='bbox 343 1106 384 1131; x_wconf 59' lang='lat'>33.</span> <span class='ocrx_word' id='word_1_201' title='bbox 404 1105 441 1138; x_wconf 46' lang='grc' dir='ltr'>ἓξ.</span> <span class='ocrx_word' id='word_1_202' title='bbox 463 1106 485 1131; x_wconf 91' lang='lat'>1.</span> <span class='ocrx_word' id='word_1_203' title='bbox 505 1106 528 1130; x_wconf 74' lang='lat'>4.</span> <span class='ocrx_word' id='word_1_204' title='bbox 549 1107 572 1131; x_wconf 80' lang='lat'>5.</span> <span class='ocrx_word' id='word_1_205' title='bbox 593 1103 625 1130; x_wconf 79' lang='lat' dir='ltr'>v.</span> <span class='ocrx_word' id='word_1_206' title='bbox 644 1105 685 1130; x_wconf 85' lang='lat'>35.</span> <span class='ocrx_word' id='word_1_207' title='bbox 706 1105 726 1138; x_wconf 64' lang='grc' dir='ltr'>ς.</span> <span class='ocrx_word' id='word_1_208' title='bbox 740 1106 764 1130; x_wconf 87' lang='lat'>3.</span> <span class='ocrx_word' id='word_1_209' title='bbox 785 1103 815 1130; x_wconf 70' lang='lat' dir='ltr'>fr.</span> <span class='ocrx_word' id='word_1_210' title='bbox 831 1105 853 1130; x_wconf 91' lang='grc'>1.</span> <span class='ocrx_word' id='word_1_211' title='bbox 873 1104 894 1137; x_wconf 59' lang='grc' dir='ltr'>ξ.</span> <span class='ocrx_word' id='word_1_212' title='bbox 908 1105 932 1129; x_wconf 75' lang='lat'>4.</span> <span class='ocrx_word' id='word_1_213' title='bbox 946 1102 976 1129; x_wconf 71' lang='lat' dir='ltr'>sr.</span> <span class='ocrx_word' id='word_1_214' title='bbox 989 1104 1028 1129; x_wconf 80' lang='lat'>13.</span> 
     </span>
     <span class='ocr_line' id='line_1_23' title="bbox 186 1146 1030 1186; baseline -0.002 -12"><span class='ocrx_word' id='word_1_215' title='bbox 186 1158 226 1186; x_wconf 85' lang='lat' dir='ltr'>pr.</span> <span class='ocrx_word' id='word_1_216' title='bbox 247 1147 279 1174; x_wconf 84' lang='lat' dir='ltr'>de</span> <span class='ocrx_word' id='word_1_217' title='bbox 299 1158 357 1184; x_wconf 83' lang='lat' dir='ltr'>app.</span> <span class='ocrx_word' id='word_1_218' title='bbox 379 1153 404 1174; x_wconf 84' lang='lat' dir='ltr'>et</span> <span class='ocrx_word' id='word_1_219' title='bbox 423 1147 468 1174; x_wconf 85' lang='lat' dir='ltr'>rel.</span> <span class='ocrx_word' id='word_1_220' title='bbox 488 1149 529 1174; x_wconf 82' lang='lat'>49.</span> <span class='ocrx_word' id='word_1_221' title='bbox 550 1149 573 1173; x_wconf 94' lang='grc'>1.</span> <span class='ocrx_word' id='word_1_222' title='bbox 617 1146 659 1173; x_wconf 89' lang='grc' dir='ltr'>ΙΠ.</span> <span class='ocrx_word' id='word_1_223' title='bbox 680 1148 746 1174; x_wconf 76' lang='lat' dir='ltr'>Cn.</span> <span class='ocrx_word' id='word_1_224' title='bbox 775 1146 931 1173; x_wconf 74' lang='lat' dir='ltr'>Com-icium</span> <span class='ocrx_word' id='word_1_225' title='bbox 950 1146 1030 1173; x_wconf 83' lang='lat' dir='ltr'>iudici</span> 
     </span>
     <span class='ocr_line' id='line_1_24' title="bbox 187 1189 1028 1228; baseline -0.001 -11"><span class='ocrx_word' id='word_1_226' title='bbox 187 1191 219 1217; x_wconf 83' lang='lat' dir='ltr'>ab</span> <span class='ocrx_word' id='word_1_227' title='bbox 239 1191 447 1228; x_wconf 83' lang='lat' dir='ltr'>adpellatoribus</span> <span class='ocrx_word' id='word_1_228' title='bbox 466 1191 523 1217; x_wconf 78' lang='lat' dir='ltr'>fieri</span> <span class='ocrx_word' id='word_1_229' title='bbox 542 1200 595 1216; x_wconf 93' lang='lat' dir='ltr'>non</span> <span class='ocrx_word' id='word_1_230' title='bbox 615 1195 728 1227; x_wconf 72' lang='lat' dir='ltr'>opontet.</span> <span class='ocrx_word' id='word_1_231' title='bbox 760 1189 831 1216; x_wconf 87' lang='lat' dir='ltr'>Paul.</span> <span class='ocrx_word' id='word_1_232' title='bbox 851 1189 883 1216; x_wconf 89' lang='lat' dir='ltr'>V.</span> <span class='ocrx_word' id='word_1_233' title='bbox 902 1191 926 1216; x_wconf 86' lang='lat'>4.</span> <span class='ocrx_word' id='word_1_234' title='bbox 946 1190 967 1223; x_wconf 84' lang='lat'>3.</span> <span class='ocrx_word' id='word_1_235' title='bbox 989 1190 1028 1216; x_wconf 87' lang='lat'>18.</span> 
     </span>
     <span class='ocr_line' id='line_1_25' title="bbox 188 1232 1030 1271; baseline -0.002 -11"><span class='ocrx_word' id='word_1_236' title='bbox 188 1233 220 1260; x_wconf 81' lang='lat' dir='ltr'>cf.</span> <span class='ocrx_word' id='word_1_237' title='bbox 241 1233 290 1260; x_wconf 88' lang='lat' dir='ltr'>Th.</span> <span class='ocrx_word' id='word_1_238' title='bbox 312 1233 342 1260; x_wconf 91' lang='lat' dir='ltr'>C.</span> <span class='ocrx_word' id='word_1_239' title='bbox 362 1233 407 1260; x_wconf 86' lang='lat' dir='ltr'>XI.</span> <span class='ocrx_word' id='word_1_240' title='bbox 427 1236 468 1259; x_wconf 70' lang='lat'>530.</span> <span class='ocrx_word' id='word_1_241' title='bbox 489 1244 509 1260; x_wconf 86' lang='lat' dir='ltr'>c.</span> <span class='ocrx_word' id='word_1_242' title='bbox 529 1236 553 1260; x_wconf 77' lang='lat'>2.</span> <span class='ocrx_word' id='word_1_243' title='bbox 574 1244 594 1260; x_wconf 87' lang='lat' dir='ltr'>c.</span> <span class='ocrx_word' id='word_1_244' title='bbox 616 1236 655 1260; x_wconf 95' lang='lat'>15.</span> <span class='ocrx_word' id='word_1_245' title='bbox 677 1233 708 1259; x_wconf 91' lang='lat' dir='ltr'>de</span> <span class='ocrx_word' id='word_1_246' title='bbox 728 1244 786 1271; x_wconf 89' lang='lat' dir='ltr'>app.</span> <span class='ocrx_word' id='word_1_247' title='bbox 807 1238 831 1259; x_wconf 88' lang='lat' dir='ltr'>et</span> <span class='ocrx_word' id='word_1_248' title='bbox 852 1243 928 1270; x_wconf 84' lang='lat' dir='ltr'>poen.</span> <span class='ocrx_word' id='word_1_249' title='bbox 965 1232 1030 1259; x_wconf 82' lang='lat' dir='ltr'>Sen-</span> 
     </span>
     <span class='ocr_line' id='line_1_26' title="bbox 186 1275 1028 1314; baseline -0.001 -11"><span class='ocrx_word' id='word_1_250' title='bbox 186 1278 282 1308; x_wconf 78' lang='lat' dir='ltr'>tentia,</span> <span class='ocrx_word' id='word_1_251' title='bbox 303 1287 379 1313; x_wconf 86' lang='lat' dir='ltr'>quam</span> <span class='ocrx_word' id='word_1_252' title='bbox 399 1276 544 1314; x_wconf 84' lang='lat' dir='ltr'>adpellator</span> <span class='ocrx_word' id='word_1_253' title='bbox 562 1278 749 1314; x_wconf 74' lang='lat' dir='ltr'>provocatione</span> <span class='ocrx_word' id='word_1_254' title='bbox 772 1276 954 1314; x_wconf 69' lang='lat' dir='ltr'>suspenderat.</span> <span class='ocrx_word' id='word_1_255' title='bbox 991 1275 1028 1302; x_wconf 84' lang='lat' dir='ltr'>lb.</span> 
     </span>
    </p>
   </div>
   <div class='ocr_carea' id='block_1_3' title="bbox 186 1319 1030 1885">
    <p class='ocr_par' dir='ltr' id='par_1_4' title="bbox 186 1319 649 1357">
     <span class='ocr_line' id='line_1_27' title="bbox 186 1319 649 1357; baseline -0.002 -10"><span class='ocrx_word' id='word_1_256' title='bbox 186 1319 232 1347; x_wconf 82' lang='lat' dir='ltr'>XI.</span> <span class='ocrx_word' id='word_1_257' title='bbox 251 1321 292 1346; x_wconf 88' lang='lat'>31.</span> <span class='ocrx_word' id='word_1_258' title='bbox 314 1330 335 1346; x_wconf 82' lang='lat' dir='ltr'>c.</span> <span class='ocrx_word' id='word_1_259' title='bbox 354 1321 378 1346; x_wconf 85' lang='lat'>3.</span> <span class='ocrx_word' id='word_1_260' title='bbox 399 1319 431 1345; x_wconf 88' lang='lat' dir='ltr'>de</span> <span class='ocrx_word' id='word_1_261' title='bbox 451 1330 532 1357; x_wconf 86' lang='lat' dir='ltr'>repar.</span> <span class='ocrx_word' id='word_1_262' title='bbox 554 1319 649 1357; x_wconf 77' lang='lat' dir='ltr'>appell.</span> 
     </span>
    </p>

    <p class='ocr_par' dir='ltr' id='par_1_5' title="bbox 187 1366 1029 1650">
     <span class='ocr_line' id='line_1_28' title="bbox 222 1366 1027 1401; baseline -0.002 -8"><span class='ocrx_word' id='word_1_263' title='bbox 222 1367 504 1400; x_wconf 72' lang='lat' dir='ltr'>Adpellatorius</span> <span class='ocrx_word' id='word_1_264' title='bbox 523 1366 660 1400; x_wconf 53' lang='lat' dir='ltr'>(Adiect.)</span> <span class='ocrx_word' id='word_1_265' title='bbox 698 1369 746 1394; x_wconf 80' lang='lat' dir='ltr'>Ad</span> <span class='ocrx_word' id='word_1_266' title='bbox 761 1368 1027 1401; x_wconf 81' lang='lat' dir='ltr'>provocationem</span> 
     </span>
     <span class='ocr_line' id='line_1_29' title="bbox 187 1409 1028 1447; baseline -0.002 -10"><span class='ocrx_word' id='word_1_267' title='bbox 187 1416 348 1444; x_wconf 73' lang='lat' dir='ltr'>spectans.</span> <span class='ocrx_word' id='word_1_268' title='bbox 385 1409 427 1435; x_wconf 94' lang='lat' dir='ltr'>III.</span> <span class='ocrx_word' id='word_1_269' title='bbox 453 1410 518 1436; x_wconf 73' lang='lat' dir='ltr'>Gn.</span> <span class='ocrx_word' id='word_1_270' title='bbox 546 1409 657 1441; x_wconf 65' lang='lat' dir='ltr'>Libelli,</span> <span class='ocrx_word' id='word_1_271' title='bbox 678 1411 722 1446; x_wconf 87' lang='lat' dir='ltr'>qui</span> <span class='ocrx_word' id='word_1_272' title='bbox 742 1410 836 1437; x_wconf 87' lang='lat' dir='ltr'>dantur</span> <span class='ocrx_word' id='word_1_273' title='bbox 855 1409 1028 1447; x_wconf 82' lang='lat' dir='ltr'>adpellatorii.</span> 
     </span>
     <span class='ocr_line' id='line_1_30' title="bbox 187 1451 1028 1490; baseline -0.001 -11"><span class='ocrx_word' id='word_1_274' title='bbox 187 1452 219 1479; x_wconf 81' lang='lat' dir='ltr'>fr.</span> <span class='ocrx_word' id='word_1_275' title='bbox 240 1454 263 1479; x_wconf 94' lang='grc'>1.</span> <span class='ocrx_word' id='word_1_276' title='bbox 282 1453 304 1487; x_wconf 82' lang='lat'>3.</span> <span class='ocrx_word' id='word_1_277' title='bbox 324 1454 348 1478; x_wconf 79' lang='lat'>4.</span> <span class='ocrx_word' id='word_1_278' title='bbox 368 1451 398 1478; x_wconf 84' lang='lat' dir='ltr'>sr.</span> <span class='ocrx_word' id='word_1_279' title='bbox 418 1454 441 1478; x_wconf 86' lang='lat'>5.</span> <span class='ocrx_word' id='word_1_280' title='bbox 466 1452 487 1486; x_wconf 87' lang='lat'>3.</span> <span class='ocrx_word' id='word_1_281' title='bbox 507 1454 531 1479; x_wconf 96' lang='lat'>4.</span> <span class='ocrx_word' id='word_1_282' title='bbox 558 1452 590 1479; x_wconf 91' lang='lat' dir='ltr'>de</span> <span class='ocrx_word' id='word_1_283' title='bbox 610 1463 668 1490; x_wconf 83' lang='lat' dir='ltr'>app.</span> <span class='ocrx_word' id='word_1_284' title='bbox 690 1458 715 1479; x_wconf 84' lang='lat' dir='ltr'>et</span> <span class='ocrx_word' id='word_1_285' title='bbox 733 1453 779 1480; x_wconf 87' lang='lat' dir='ltr'>rel.</span> <span class='ocrx_word' id='word_1_286' title='bbox 805 1455 846 1480; x_wconf 90' lang='lat'>49.</span> <span class='ocrx_word' id='word_1_287' title='bbox 867 1455 889 1479; x_wconf 96' lang='lat'>1.</span> <span class='ocrx_word' id='word_1_288' title='bbox 927 1452 976 1479; x_wconf 90' lang='lat' dir='ltr'>Th.</span> <span class='ocrx_word' id='word_1_289' title='bbox 997 1451 1028 1478; x_wconf 89' lang='lat' dir='ltr'>C.</span> 
     </span>
     <span class='ocr_line' id='line_1_31' title="bbox 187 1495 1029 1533; baseline -0.001 -11"><span class='ocrx_word' id='word_1_290' title='bbox 187 1495 233 1522; x_wconf 79' lang='lat' dir='ltr'>XI.</span> <span class='ocrx_word' id='word_1_291' title='bbox 252 1496 294 1521; x_wconf 88' lang='grc'>30.</span> <span class='ocrx_word' id='word_1_292' title='bbox 315 1506 336 1521; x_wconf 89' lang='lat' dir='ltr'>c.</span> <span class='ocrx_word' id='word_1_293' title='bbox 355 1497 379 1521; x_wconf 86' lang='grc'>2.</span> <span class='ocrx_word' id='word_1_294' title='bbox 400 1505 421 1521; x_wconf 87' lang='lat' dir='ltr'>c.</span> <span class='ocrx_word' id='word_1_295' title='bbox 440 1496 481 1521; x_wconf 86' lang='lat'>56.</span> <span class='ocrx_word' id='word_1_296' title='bbox 502 1495 534 1521; x_wconf 87' lang='lat' dir='ltr'>de</span> <span class='ocrx_word' id='word_1_297' title='bbox 554 1506 612 1532; x_wconf 89' lang='lat' dir='ltr'>app.</span> <span class='ocrx_word' id='word_1_298' title='bbox 633 1501 658 1522; x_wconf 88' lang='lat' dir='ltr'>et</span> <span class='ocrx_word' id='word_1_299' title='bbox 676 1507 754 1533; x_wconf 85' lang='lat' dir='ltr'>poen.</span> <span class='ocrx_word' id='word_1_300' title='bbox 798 1496 867 1522; x_wconf 87' lang='lat' dir='ltr'>Intra</span> <span class='ocrx_word' id='word_1_301' title='bbox 888 1497 1029 1522; x_wconf 85' lang='lat' dir='ltr'>constituta</span> 
     </span>
     <span class='ocr_line' id='line_1_32' title="bbox 188 1537 1028 1577; baseline 0 -13"><span class='ocrx_word' id='word_1_302' title='bbox 188 1537 359 1575; x_wconf 87' lang='lat' dir='ltr'>adpellatoria</span> <span class='ocrx_word' id='word_1_303' title='bbox 379 1543 504 1575; x_wconf 83' lang='lat' dir='ltr'>tempora.</span> <span class='ocrx_word' id='word_1_304' title='bbox 527 1538 557 1564; x_wconf 85' lang='lat' dir='ltr'>fr.</span> <span class='ocrx_word' id='word_1_305' title='bbox 577 1540 601 1565; x_wconf 87' lang='lat'>5.</span> <span class='ocrx_word' id='word_1_306' title='bbox 621 1539 642 1572; x_wconf 87' lang='lat'>3.</span> <span class='ocrx_word' id='word_1_307' title='bbox 662 1541 685 1565; x_wconf 87' lang='lat'>5.</span> <span class='ocrx_word' id='word_1_308' title='bbox 711 1539 743 1566; x_wconf 82' lang='lat' dir='ltr'>de</span> <span class='ocrx_word' id='word_1_309' title='bbox 763 1550 822 1577; x_wconf 88' lang='lat' dir='ltr'>app.</span> <span class='ocrx_word' id='word_1_310' title='bbox 843 1540 922 1576; x_wconf 88' lang='lat' dir='ltr'>recip.</span> <span class='ocrx_word' id='word_1_311' title='bbox 943 1540 984 1565; x_wconf 89' lang='lat'>49.</span> <span class='ocrx_word' id='word_1_312' title='bbox 1004 1540 1028 1564; x_wconf 88' lang='grc'>5.</span> 
     </span>
     <span class='ocr_line' id='line_1_33' title="bbox 188 1580 1028 1619; baseline 0 -12"><span class='ocrx_word' id='word_1_313' title='bbox 188 1580 228 1607; x_wconf 77' lang='lat' dir='ltr'>Ne.</span> <span class='ocrx_word' id='word_1_314' title='bbox 256 1582 350 1607; x_wconf 88' lang='lat' dir='ltr'>timore</span> <span class='ocrx_word' id='word_1_315' title='bbox 378 1582 493 1608; x_wconf 75' lang='lat' dir='ltr'><strong>instante</strong></span> <span class='ocrx_word' id='word_1_316' title='bbox 520 1592 587 1619; x_wconf 85' lang='lat' dir='ltr'>opus</span> <span class='ocrx_word' id='word_1_317' title='bbox 613 1581 813 1619; x_wconf 80' lang='lat' dir='ltr'>adpellatorium</span> <span class='ocrx_word' id='word_1_318' title='bbox 841 1582 1028 1619; x_wconf 63' lang='lat' dir='ltr'>frequentetur.</span> 
     </span>
     <span class='ocr_line' id='line_1_34' title="bbox 187 1622 400 1650; baseline 0 0"><span class='ocrx_word' id='word_1_319' title='bbox 187 1622 255 1650; x_wconf 63' lang='lat' dir='ltr'>Nov.</span> <span class='ocrx_word' id='word_1_320' title='bbox 273 1626 315 1650; x_wconf 84' lang='grc'>23.</span> <span class='ocrx_word' id='word_1_321' title='bbox 335 1634 356 1650; x_wconf 91' lang='grc'>9.</span> <span class='ocrx_word' id='word_1_322' title='bbox 378 1626 400 1650; x_wconf 96' lang='grc'>1.</span> 
     </span>
    </p>

    <p class='ocr_par' dir='ltr' id='par_1_6' title="bbox 189 1675 1030 1885">
     <span class='ocr_line' id='line_1_35' title="bbox 222 1675 1028 1712; baseline 0 -11"><span class='ocrx_word' id='word_1_323' title='bbox 222 1676 438 1708; x_wconf 75' lang='lat' dir='ltr'>Adpellere.</span> <span class='ocrx_word' id='word_1_324' title='bbox 468 1676 645 1708; x_wconf 68' lang='lat' dir='ltr'>Addat-ere,</span> <span class='ocrx_word' id='word_1_325' title='bbox 665 1677 822 1712; x_wconf 79' lang='lat' dir='ltr'>Dirigere</span> <span class='ocrx_word' id='word_1_326' title='bbox 840 1678 880 1703; x_wconf 78' lang='lat' dir='ltr'>in.</span> <span class='ocrx_word' id='word_1_327' title='bbox 908 1675 949 1702; x_wconf 93' lang='lat' dir='ltr'>III.</span> <span class='ocrx_word' id='word_1_328' title='bbox 964 1677 1028 1703; x_wconf 72' lang='grc' dir='ltr'>(7η.</span> 
     </span>
     <span class='ocr_line' id='line_1_36' title="bbox 189 1716 1030 1756; baseline 0.001 -13"><span class='ocrx_word' id='word_1_329' title='bbox 189 1716 232 1743; x_wconf 86' lang='lat' dir='ltr'>Ad</span> <span class='ocrx_word' id='word_1_330' title='bbox 250 1719 335 1754; x_wconf 59' lang='grc'>1111115,</span> <span class='ocrx_word' id='word_1_331' title='bbox 359 1728 383 1744; x_wconf 91' lang='lat' dir='ltr'>v.</span> <span class='ocrx_word' id='word_1_332' title='bbox 404 1717 435 1744; x_wconf 81' lang='lat' dir='ltr'>ad</span> <span class='ocrx_word' id='word_1_333' title='bbox 454 1723 571 1755; x_wconf 74' lang='lat' dir='ltr'>portum.</span> <span class='ocrx_word' id='word_1_334' title='bbox 597 1719 656 1756; x_wconf 88' lang='lat' dir='ltr'>adp.</span> <span class='ocrx_word' id='word_1_335' title='bbox 676 1720 809 1752; x_wconf 82' lang='lat' dir='ltr'>(navem).</span> <span class='ocrx_word' id='word_1_336' title='bbox 839 1719 869 1745; x_wconf 82' lang='lat' dir='ltr'>fr.</span> <span class='ocrx_word' id='word_1_337' title='bbox 890 1720 913 1745; x_wconf 84' lang='lat'>5.</span> <span class='ocrx_word' id='word_1_338' title='bbox 933 1729 972 1755; x_wconf 88' lang='lat' dir='ltr'>pr.</span> <span class='ocrx_word' id='word_1_339' title='bbox 997 1718 1030 1744; x_wconf 84' lang='lat' dir='ltr'>de</span> 
     </span>
     <span class='ocr_line' id='line_1_37' title="bbox 189 1760 1030 1788; baseline 0.001 -2"><span class='ocrx_word' id='word_1_340' title='bbox 189 1760 220 1786; x_wconf 82' lang='lat' dir='ltr'>R.</span> <span class='ocrx_word' id='word_1_341' title='bbox 239 1760 272 1786; x_wconf 92' lang='lat' dir='ltr'>D.</span> <span class='ocrx_word' id='word_1_342' title='bbox 300 1762 322 1786; x_wconf 95' lang='lat' dir='ltr'>l.</span> <span class='ocrx_word' id='word_1_343' title='bbox 343 1764 366 1786; x_wconf 76' lang='grc' dir='ltr'>δ.</span> <span class='ocrx_word' id='word_1_344' title='bbox 397 1771 417 1787; x_wconf 91' lang='grc'>9.</span> <span class='ocrx_word' id='word_1_345' title='bbox 440 1763 461 1787; x_wconf 94' lang='lat' dir='ltr'>l.</span> <span class='ocrx_word' id='word_1_346' title='bbox 491 1761 523 1787; x_wconf 88' lang='lat' dir='ltr'>de</span> <span class='ocrx_word' id='word_1_347' title='bbox 547 1767 615 1787; x_wconf 87' lang='lat' dir='ltr'>naut.</span> <span class='ocrx_word' id='word_1_348' title='bbox 636 1761 703 1788; x_wconf 84' lang='lat' dir='ltr'>foen.</span> <span class='ocrx_word' id='word_1_349' title='bbox 728 1763 752 1788; x_wconf 89' lang='lat'>4.</span> <span class='ocrx_word' id='word_1_350' title='bbox 771 1764 812 1788; x_wconf 80' lang='lat'>33.</span> <span class='ocrx_word' id='word_1_351' title='bbox 855 1761 1030 1788; x_wconf 79' lang='lat' dir='ltr'>Commodum</span> 
     </span>
     <span class='ocr_line' id='line_1_38' title="bbox 189 1802 1029 1840; baseline 0.002 -11"><span class='ocrx_word' id='word_1_352' title='bbox 189 1802 338 1840; x_wconf 77' lang='lat' dir='ltr'>adpellendi</span> <span class='ocrx_word' id='word_1_353' title='bbox 357 1813 451 1839; x_wconf 72' lang='lat' dir='ltr'>pecus.</span> <span class='ocrx_word' id='word_1_354' title='bbox 471 1803 513 1830; x_wconf 76' lang='lat' dir='ltr'>vel</span> <span class='ocrx_word' id='word_1_355' title='bbox 533 1804 669 1830; x_wconf 84' lang='lat' dir='ltr'>hauriendi</span> <span class='ocrx_word' id='word_1_356' title='bbox 689 1815 788 1840; x_wconf 82' lang='lat' dir='ltr'>aquam.</span> <span class='ocrx_word' id='word_1_357' title='bbox 819 1804 848 1831; x_wconf 81' lang='lat' dir='ltr'>fr.</span> <span class='ocrx_word' id='word_1_358' title='bbox 862 1807 886 1831; x_wconf 80' lang='lat'>2.</span> <span class='ocrx_word' id='word_1_359' title='bbox 907 1805 939 1831; x_wconf 82' lang='lat' dir='ltr'>de</span> <span class='ocrx_word' id='word_1_360' title='bbox 958 1806 1029 1831; x_wconf 79' lang='lat' dir='ltr'>riviS.</span> 
     </span>
     <span class='ocr_line' id='line_1_39' title="bbox 189 1845 1030 1885; baseline 0.002 -14"><span class='ocrx_word' id='word_1_361' title='bbox 189 1847 231 1873; x_wconf 80' lang='lat'>43.</span> <span class='ocrx_word' id='word_1_362' title='bbox 249 1848 291 1872; x_wconf 74' lang='lat'>21.</span> <span class='ocrx_word' id='word_1_363' title='bbox 329 1845 436 1872; x_wconf 80' lang='lat' dir='ltr'>Pecoris</span> <span class='ocrx_word' id='word_1_364' title='bbox 460 1847 585 1882; x_wconf 82' lang='lat' dir='ltr'>pascendi</span> <span class='ocrx_word' id='word_1_365' title='bbox 609 1848 764 1879; x_wconf 74' lang='lat' dir='ltr'>servitutes.</span> <span class='ocrx_word' id='word_1_366' title='bbox 794 1849 856 1874; x_wconf 86' lang='lat' dir='ltr'>item</span> <span class='ocrx_word' id='word_1_367' title='bbox 881 1847 914 1874; x_wconf 87' lang='lat' dir='ltr'>ad</span> <span class='ocrx_word' id='word_1_368' title='bbox 938 1857 1030 1885; x_wconf 83' lang='lat' dir='ltr'>aquam</span> 
     </span>
    </p>
   </div>
   <div class='ocr_carea' id='block_1_4' title="bbox 189 1888 913 1926">
    <p class='ocr_par' dir='ltr' id='par_1_7' title="bbox 189 1888 913 1926">
     <span class='ocr_line' id='line_1_40' title="bbox 189 1888 913 1926; baseline 0.003 -12"><span class='ocrx_word' id='word_1_369' title='bbox 189 1888 348 1926; x_wconf 83' lang='lat' dir='ltr'>adpellendi.</span> <span class='ocrx_word' id='word_1_370' title='bbox 373 1888 402 1914; x_wconf 84' lang='lat' dir='ltr'>sr.</span> <span class='ocrx_word' id='word_1_371' title='bbox 423 1890 446 1914; x_wconf 78' lang='lat'>4.</span> <span class='ocrx_word' id='word_1_372' title='bbox 467 1888 498 1915; x_wconf 79' lang='lat' dir='ltr'>fr.</span> <span class='ocrx_word' id='word_1_373' title='bbox 518 1890 541 1915; x_wconf 85' lang='grc'>6.</span> <span class='ocrx_word' id='word_1_374' title='bbox 562 1890 627 1923; x_wconf 94' lang='lat'>3.1.</span> <span class='ocrx_word' id='word_1_375' title='bbox 648 1889 680 1915; x_wconf 89' lang='lat' dir='ltr'>de</span> <span class='ocrx_word' id='word_1_376' title='bbox 700 1889 726 1915; x_wconf 90' lang='lat' dir='ltr'>S.</span> <span class='ocrx_word' id='word_1_377' title='bbox 747 1889 774 1916; x_wconf 90' lang='lat' dir='ltr'>P.</span> <span class='ocrx_word' id='word_1_378' title='bbox 794 1889 825 1916; x_wconf 81' lang='lat' dir='ltr'>R.</span> <span class='ocrx_word' id='word_1_379' title='bbox 846 1891 870 1916; x_wconf 79' lang='grc'>8.</span> <span class='ocrx_word' id='word_1_380' title='bbox 889 1891 913 1916; x_wconf 86' lang='grc'>3.</span> 
     </span>
    </p>
   </div>
   <div class='ocr_carea' id='block_1_5' title="bbox 189 1933 1029 2016">
    <p class='ocr_par' dir='ltr' id='par_1_8' title="bbox 189 1933 1029 2016">
     <span class='ocr_line' id='line_1_41' title="bbox 222 1933 1029 1977; baseline 0.002 -12"><span class='ocrx_word' id='word_1_381' title='bbox 222 1933 461 1972; x_wconf 62' lang='lat' dir='ltr'>Adpendere.</span> <span class='ocrx_word' id='word_1_382' title='bbox 492 1942 642 1967; x_wconf 57' lang='lat' dir='ltr'>PendFre.</span> <span class='ocrx_word' id='word_1_383' title='bbox 671 1940 689 1966; x_wconf 94' lang='lat' dir='ltr'>I.</span> <span class='ocrx_word' id='word_1_384' title='bbox 702 1941 763 1974; x_wconf 78' lang='lat' dir='ltr'>Sy.</span> <span class='ocrx_word' id='word_1_385' title='bbox 782 1939 811 1966; x_wconf 93' lang='lat' dir='ltr'>In</span> <span class='ocrx_word' id='word_1_386' title='bbox 824 1940 949 1977; x_wconf 83' lang='lat' dir='ltr'>pendenti</span> <span class='ocrx_word' id='word_1_387' title='bbox 963 1951 1029 1967; x_wconf 83' lang='lat' dir='ltr'>esse.</span> 
     </span>
     <span class='ocr_line' id='line_1_42' title="bbox 189 1981 771 2016; baseline 0 -8"><span class='ocrx_word' id='word_1_388' title='bbox 189 1981 220 2008; x_wconf 80' lang='lat' dir='ltr'>fr.</span> <span class='ocrx_word' id='word_1_389' title='bbox 241 1984 280 2008; x_wconf 89' lang='grc'>10.</span> <span class='ocrx_word' id='word_1_390' title='bbox 301 1983 322 2016; x_wconf 92' lang='lat'>3.</span> <span class='ocrx_word' id='word_1_391' title='bbox 345 1983 366 2008; x_wconf 97' lang='lat' dir='ltr'>l.</span> <span class='ocrx_word' id='word_1_392' title='bbox 387 1982 419 2008; x_wconf 88' lang='lat' dir='ltr'>ad</span> <span class='ocrx_word' id='word_1_393' title='bbox 439 1982 465 2008; x_wconf 90' lang='lat' dir='ltr'>S.</span> <span class='ocrx_word' id='word_1_394' title='bbox 487 1981 518 2009; x_wconf 88' lang='lat' dir='ltr'>C.</span> <span class='ocrx_word' id='word_1_395' title='bbox 539 1982 649 2009; x_wconf 75' lang='lat' dir='ltr'>Tei-tull.</span> <span class='ocrx_word' id='word_1_396' title='bbox 669 1984 711 2009; x_wconf 76' lang='lat'>38.</span> <span class='ocrx_word' id='word_1_397' title='bbox 732 1984 771 2008; x_wconf 74' lang='lat'>17.</span> 
     </span>
    </p>
   </div>
   <div class='ocr_carea' id='block_1_6' title="bbox 188 2035 1029 2372">
    <p class='ocr_par' dir='ltr' id='par_1_9' title="bbox 188 2035 1029 2372">
     <span class='ocr_line' id='line_1_43' title="bbox 222 2035 1029 2069; baseline 0 -8"><span class='ocrx_word' id='word_1_398' title='bbox 222 2035 462 2068; x_wconf 80' lang='lat' dir='ltr'>Adpendere.</span> <span class='ocrx_word' id='word_1_399' title='bbox 499 2036 598 2061; x_wconf 80' lang='lat' dir='ltr'>Libra</span> <span class='ocrx_word' id='word_1_400' title='bbox 617 2036 767 2061; x_wconf 71' lang='lat' dir='ltr'>adhibita</span> <span class='ocrx_word' id='word_1_401' title='bbox 784 2037 906 2069; x_wconf 75' lang='lat' dir='ltr'>pondus</span> <span class='ocrx_word' id='word_1_402' title='bbox 925 2045 1029 2061; x_wconf 76' lang='lat' dir='ltr'>rerum</span> 
     </span>
     <span class='ocr_line' id='line_1_44' title="bbox 188 2077 1028 2112; baseline 0.001 -9"><span class='ocrx_word' id='word_1_403' title='bbox 188 2079 386 2104; x_wconf 76' lang='lat' dir='ltr'>examinare.</span> <span class='ocrx_word' id='word_1_404' title='bbox 424 2077 442 2103; x_wconf 93' lang='lat' dir='ltr'>I.</span> <span class='ocrx_word' id='word_1_405' title='bbox 463 2078 524 2112; x_wconf 73' lang='lat' dir='ltr'>Sy.</span> <span class='ocrx_word' id='word_1_406' title='bbox 557 2077 684 2104; x_wconf 68' lang='lat' dir='ltr'>Pendere.</span> <span class='ocrx_word' id='word_1_407' title='bbox 719 2077 775 2104; x_wconf 78' lang='lat' dir='ltr'>Gai.</span> <span class='ocrx_word' id='word_1_408' title='bbox 801 2077 843 2104; x_wconf 88' lang='lat'>111.</span> <span class='ocrx_word' id='word_1_409' title='bbox 867 2079 908 2104; x_wconf 86' lang='lat'>90.</span> <span class='ocrx_word' id='word_1_410' title='bbox 933 2078 963 2104; x_wconf 84' lang='lat' dir='ltr'>sr.</span> <span class='ocrx_word' id='word_1_411' title='bbox 986 2080 1028 2105; x_wconf 87' lang='lat'>35.</span> 
     </span>
     <span class='ocr_line' id='line_1_45' title="bbox 189 2120 1029 2156; baseline 0.001 -10"><span class='ocrx_word' id='word_1_412' title='bbox 189 2121 212 2154; x_wconf 88' lang='lat'>3.</span> <span class='ocrx_word' id='word_1_413' title='bbox 232 2122 256 2146; x_wconf 95' lang='lat'>5.</span> <span class='ocrx_word' id='word_1_414' title='bbox 276 2120 308 2146; x_wconf 89' lang='grc'>(19</span> <span class='ocrx_word' id='word_1_415' title='bbox 328 2125 410 2146; x_wconf 86' lang='lat' dir='ltr'>contr.</span> <span class='ocrx_word' id='word_1_416' title='bbox 431 2125 490 2146; x_wconf 85' lang='lat' dir='ltr'>emt.</span> <span class='ocrx_word' id='word_1_417' title='bbox 512 2122 552 2146; x_wconf 63' lang='lat'>13.</span> <span class='ocrx_word' id='word_1_418' title='bbox 574 2122 596 2146; x_wconf 96' lang='lat' dir='ltr'>l.</span> <span class='ocrx_word' id='word_1_419' title='bbox 633 2120 675 2146; x_wconf 90' lang='lat' dir='ltr'>Ill.</span> <span class='ocrx_word' id='word_1_420' title='bbox 689 2122 754 2148; x_wconf 74' lang='lat' dir='ltr'>Gn.</span> <span class='ocrx_word' id='word_1_421' title='bbox 782 2120 835 2156; x_wconf 79' lang='lat' dir='ltr'>Qui</span> <span class='ocrx_word' id='word_1_422' title='bbox 855 2121 941 2147; x_wconf 85' lang='lat' dir='ltr'>sciens</span> <span class='ocrx_word' id='word_1_423' title='bbox 962 2131 1029 2147; x_wconf 88' lang='lat' dir='ltr'>eom-</span> 
     </span>
     <span class='ocr_line' id='line_1_46' title="bbox 189 2162 1029 2201; baseline 0.001 -12"><span class='ocrx_word' id='word_1_424' title='bbox 189 2162 323 2189; x_wconf 86' lang='lat' dir='ltr'>modasset</span> <span class='ocrx_word' id='word_1_425' title='bbox 340 2163 470 2200; x_wconf 65' lang='lat' dir='ltr'>pondera.</span> <span class='ocrx_word' id='word_1_426' title='bbox 490 2168 518 2189; x_wconf 89' lang='lat' dir='ltr'>ut</span> <span class='ocrx_word' id='word_1_427' title='bbox 536 2163 658 2190; x_wconf 81' lang='lat' dir='ltr'>venditor</span> <span class='ocrx_word' id='word_1_428' title='bbox 677 2164 769 2190; x_wconf 89' lang='lat' dir='ltr'>emtori</span> <span class='ocrx_word' id='word_1_429' title='bbox 787 2173 886 2190; x_wconf 81' lang='lat' dir='ltr'>merces</span> <span class='ocrx_word' id='word_1_430' title='bbox 901 2164 1029 2201; x_wconf 80' lang='lat' dir='ltr'>adpende-</span> 
     </span>
     <span class='ocr_line' id='line_1_47' title="bbox 190 2205 1027 2244; baseline 0.002 -12"><span class='ocrx_word' id='word_1_431' title='bbox 190 2211 237 2232; x_wconf 78' lang='lat' dir='ltr'>ret.</span> <span class='ocrx_word' id='word_1_432' title='bbox 266 2206 297 2232; x_wconf 85' lang='lat' dir='ltr'>fr.</span> <span class='ocrx_word' id='word_1_433' title='bbox 318 2208 358 2232; x_wconf 65' lang='lat'>18.</span> <span class='ocrx_word' id='word_1_434' title='bbox 378 2206 399 2240; x_wconf 88' lang='lat'>3.</span> <span class='ocrx_word' id='word_1_435' title='bbox 419 2207 443 2232; x_wconf 84' lang='lat'>3.</span> <span class='ocrx_word' id='word_1_436' title='bbox 473 2205 505 2232; x_wconf 79' lang='lat' dir='ltr'>de</span> <span class='ocrx_word' id='word_1_437' title='bbox 525 2205 549 2232; x_wconf 81' lang='grc'>(1.</span> <span class='ocrx_word' id='word_1_438' title='bbox 569 2216 601 2232; x_wconf 88' lang='lat' dir='ltr'>m.</span> <span class='ocrx_word' id='word_1_439' title='bbox 626 2208 650 2232; x_wconf 83' lang='lat'>4.</span> <span class='ocrx_word' id='word_1_440' title='bbox 669 2208 693 2233; x_wconf 87' lang='lat'>3.</span> <span class='ocrx_word' id='word_1_441' title='bbox 730 2206 875 2239; x_wconf 66' lang='lat' dir='ltr'>Admvnsa,</span> <span class='ocrx_word' id='word_1_442' title='bbox 899 2207 1027 2244; x_wconf 71' lang='lat' dir='ltr'>adpensa.</span> 
     </span>
     <span class='ocr_line' id='line_1_48' title="bbox 191 2248 1028 2282; baseline 0.004 -8"><span class='ocrx_word' id='word_1_443' title='bbox 191 2248 398 2275; x_wconf 82' lang='lat' dir='ltr'>adnumeratave.</span> <span class='ocrx_word' id='word_1_444' title='bbox 427 2248 457 2275; x_wconf 90' lang='lat' dir='ltr'>fr.</span> <span class='ocrx_word' id='word_1_445' title='bbox 477 2250 519 2275; x_wconf 83' lang='lat'>35.</span> <span class='ocrx_word' id='word_1_446' title='bbox 545 2249 566 2282; x_wconf 97' lang='lat'>3.</span> <span class='ocrx_word' id='word_1_447' title='bbox 586 2251 610 2275; x_wconf 84' lang='lat'>5.</span> <span class='ocrx_word' id='word_1_448' title='bbox 636 2249 668 2275; x_wconf 85' lang='lat' dir='ltr'>de</span> <span class='ocrx_word' id='word_1_449' title='bbox 688 2255 770 2276; x_wconf 80' lang='lat' dir='ltr'>contr.</span> <span class='ocrx_word' id='word_1_450' title='bbox 792 2255 851 2276; x_wconf 89' lang='lat' dir='ltr'>emt.</span> <span class='ocrx_word' id='word_1_451' title='bbox 878 2252 917 2277; x_wconf 84' lang='lat'>18.</span> <span class='ocrx_word' id='word_1_452' title='bbox 938 2253 960 2277; x_wconf 94' lang='lat' dir='ltr'>l.</span> <span class='ocrx_word' id='word_1_453' title='bbox 998 2251 1028 2277; x_wconf 92' lang='lat' dir='ltr'>Si</span> 
     </span>
     <span class='ocr_line' id='line_1_49' title="bbox 191 2291 1026 2329; baseline 0.005 -12"><span class='ocrx_word' id='word_1_454' title='bbox 191 2292 251 2327; x_wconf 85' lang='lat' dir='ltr'>quis</span> <span class='ocrx_word' id='word_1_455' title='bbox 270 2292 372 2318; x_wconf 88' lang='lat' dir='ltr'>solidos</span> <span class='ocrx_word' id='word_1_456' title='bbox 391 2291 540 2329; x_wconf 72' lang='lat' dir='ltr'>adpendere</span> <span class='ocrx_word' id='word_1_457' title='bbox 552 2292 666 2319; x_wconf 72' lang='lat' dir='ltr'>voluerit</span> <span class='ocrx_word' id='word_1_458' title='bbox 679 2294 733 2319; x_wconf 91' lang='lat' dir='ltr'>auri</span> <span class='ocrx_word' id='word_1_459' title='bbox 753 2294 827 2320; x_wconf 85' lang='lat' dir='ltr'>cocti.</span> <span class='ocrx_word' id='word_1_460' title='bbox 861 2293 910 2320; x_wconf 89' lang='lat' dir='ltr'>Th.</span> <span class='ocrx_word' id='word_1_461' title='bbox 925 2293 955 2321; x_wconf 92' lang='lat' dir='ltr'>C.</span> <span class='ocrx_word' id='word_1_462' title='bbox 969 2294 1026 2321; x_wconf 81' lang='lat' dir='ltr'>XII.</span> 
     </span>
     <span class='ocr_line' id='line_1_50' title="bbox 192 2334 539 2372; baseline 0.003 -12"><span class='ocrx_word' id='word_1_463' title='bbox 192 2336 215 2360; x_wconf 80' lang='lat'>7.</span> <span class='ocrx_word' id='word_1_464' title='bbox 237 2344 258 2360; x_wconf 87' lang='grc'>9.</span> <span class='ocrx_word' id='word_1_465' title='bbox 278 2336 301 2360; x_wconf 93' lang='lat' dir='ltr'>l.</span> <span class='ocrx_word' id='word_1_466' title='bbox 320 2334 353 2361; x_wconf 85' lang='lat' dir='ltr'>de</span> <span class='ocrx_word' id='word_1_467' title='bbox 372 2335 539 2372; x_wconf 68' lang='lat' dir='ltr'>ponderator.</span> 
     </span>
    </p>
   </div>
   <div class='ocr_carea' id='block_1_7' title="bbox 193 2386 1028 2466">
    <p class='ocr_par' dir='ltr' id='par_1_10' title="bbox 193 2386 1028 2466">
     <span class='ocr_line' id='line_1_51' title="bbox 225 2386 1027 2421; baseline 0.004 -9"><span class='ocrx_word' id='word_1_468' title='bbox 225 2386 435 2418; x_wconf 73' lang='lat' dir='ltr'>Adpendix.</span> <span class='ocrx_word' id='word_1_469' title='bbox 472 2387 636 2418; x_wconf 73' lang='lat' dir='ltr'>Accessio,</span> <span class='ocrx_word' id='word_1_470' title='bbox 658 2388 800 2421; x_wconf 79' lang='lat' dir='ltr'>Sequela.</span> <span class='ocrx_word' id='word_1_471' title='bbox 836 2386 878 2413; x_wconf 91' lang='lat' dir='ltr'>III.</span> <span class='ocrx_word' id='word_1_472' title='bbox 898 2388 962 2415; x_wconf 72' lang='lat' dir='ltr'>Gn.</span> <span class='ocrx_word' id='word_1_473' title='bbox 986 2388 1027 2415; x_wconf 83' lang='lat' dir='ltr'>Ex</span> 
     </span>
     <span class='ocr_line' id='line_1_52' title="bbox 193 2428 1028 2466; baseline 0.005 -13"><span class='ocrx_word' id='word_1_474' title='bbox 193 2438 269 2454; x_wconf 82' lang='lat' dir='ltr'>causa</span> <span class='ocrx_word' id='word_1_475' title='bbox 283 2428 479 2455; x_wconf 76' lang='lat' dir='ltr'>substitutionis</span> <span class='ocrx_word' id='word_1_476' title='bbox 493 2428 594 2459; x_wconf 76' lang='lat' dir='ltr'>adeant,</span> <span class='ocrx_word' id='word_1_477' title='bbox 613 2434 689 2455; x_wconf 89' lang='lat' dir='ltr'>erunt</span> <span class='ocrx_word' id='word_1_478' title='bbox 701 2439 811 2466; x_wconf 83' lang='lat' dir='ltr'>namque</span> <span class='ocrx_word' id='word_1_479' title='bbox 824 2429 947 2457; x_wconf 79' lang='lat' dir='ltr'>heredes:</span> <span class='ocrx_word' id='word_1_480' title='bbox 967 2436 1028 2457; x_wconf 81' lang='lat' dir='ltr'>sunt</span> 
     </span>
    </p>
   </div>
   <div class='ocr_carea' id='block_1_8' title="bbox 192 2471 1026 2540">
    <p class='ocr_par' dir='ltr' id='par_1_11' title="bbox 192 2471 1026 2540">
     <span class='ocr_line' id='line_1_53' title="bbox 192 2471 1026 2511; baseline 0.005 -15"><span class='ocrx_word' id='word_1_481' title='bbox 192 2472 261 2497; x_wconf 80' lang='lat' dir='ltr'>enim</span> <span class='ocrx_word' id='word_1_482' title='bbox 279 2471 436 2508; x_wconf 74' lang='lat' dir='ltr'>adpendices</span> <span class='ocrx_word' id='word_1_483' title='bbox 456 2471 637 2508; x_wconf 84' lang='lat' dir='ltr'>praecedentis</span> <span class='ocrx_word' id='word_1_484' title='bbox 661 2473 841 2500; x_wconf 85' lang='lat' dir='ltr'>institutionis.</span> <span class='ocrx_word' id='word_1_485' title='bbox 872 2473 903 2500; x_wconf 77' lang='lat' dir='ltr'>fr.</span> <span class='ocrx_word' id='word_1_486' title='bbox 921 2475 963 2500; x_wconf 87' lang='lat'>35.</span> <span class='ocrx_word' id='word_1_487' title='bbox 987 2484 1026 2511; x_wconf 87' lang='lat' dir='ltr'>pr.</span> 
     </span>
     <span class='ocr_line' id='line_1_54' title="bbox 192 2513 526 2540; baseline 0 0"><span class='ocrx_word' id='word_1_488' title='bbox 192 2513 225 2540; x_wconf 84' lang='lat' dir='ltr'>de</span> <span class='ocrx_word' id='word_1_489' title='bbox 244 2514 275 2539; x_wconf 88' lang='lat' dir='ltr'>A.</span> <span class='ocrx_word' id='word_1_490' title='bbox 295 2524 318 2540; x_wconf 77' lang='lat' dir='ltr'>v.</span> <span class='ocrx_word' id='word_1_491' title='bbox 340 2513 372 2539; x_wconf 88' lang='lat' dir='ltr'>O.</span> <span class='ocrx_word' id='word_1_492' title='bbox 392 2513 423 2539; x_wconf 90' lang='lat' dir='ltr'>H.</span> <span class='ocrx_word' id='word_1_493' title='bbox 441 2516 482 2540; x_wconf 84' lang='grc'>29.</span> <span class='ocrx_word' id='word_1_494' title='bbox 502 2516 526 2540; x_wconf 83' lang='grc'>2.</span> 
     </span>
    </p>
   </div>
   <div class='ocr_carea' id='block_1_9' title="bbox 192 2564 1027 2863">
    <p class='ocr_par' dir='ltr' id='par_1_12' title="bbox 192 2564 1027 2863">
     <span class='ocr_line' id='line_1_55' title="bbox 226 2564 1026 2600; baseline 0.006 -10"><span class='ocrx_word' id='word_1_495' title='bbox 226 2564 427 2596; x_wconf 79' lang='lat' dir='ltr'>Adpetere.</span> <span class='ocrx_word' id='word_1_496' title='bbox 457 2565 488 2598; x_wconf 61' lang='grc' dir='ltr'>δ.</span> <span class='ocrx_word' id='word_1_497' title='bbox 502 2566 537 2592; x_wconf 80' lang='lat' dir='ltr'>l.</span> <span class='ocrx_word' id='word_1_498' title='bbox 556 2567 732 2600; x_wconf 75' lang='lat' dir='ltr'>Expetere,</span> <span class='ocrx_word' id='word_1_499' title='bbox 752 2568 886 2594; x_wconf 77' lang='lat' dir='ltr'>Ambire.</span> <span class='ocrx_word' id='word_1_500' title='bbox 905 2567 948 2594; x_wconf 87' lang='grc'>111.</span> <span class='ocrx_word' id='word_1_501' title='bbox 960 2569 1026 2595; x_wconf 74' lang='lat' dir='ltr'>Gn.</span> 
     </span>
     <span class='ocr_line' id='line_1_56' title="bbox 192 2605 1026 2644; baseline 0.007 -13"><span class='ocrx_word' id='word_1_502' title='bbox 192 2605 222 2632; x_wconf 91' lang='lat' dir='ltr'>Si</span> <span class='ocrx_word' id='word_1_503' title='bbox 245 2610 371 2643; x_wconf 86' lang='lat' dir='ltr'>patronus</span> <span class='ocrx_word' id='word_1_504' title='bbox 395 2607 445 2633; x_wconf 88' lang='lat' dir='ltr'>sibi</span> <span class='ocrx_word' id='word_1_505' title='bbox 470 2607 641 2644; x_wconf 84' lang='lat' dir='ltr'>desponderit</span> <span class='ocrx_word' id='word_1_506' title='bbox 664 2609 751 2642; x_wconf 78' lang='lat' dir='ltr'>aliam⁷</span> <span class='ocrx_word' id='word_1_507' title='bbox 781 2610 824 2637; x_wconf 84' lang='lat' dir='ltr'>vel</span> <span class='ocrx_word' id='word_1_508' title='bbox 848 2610 1026 2641; x_wconf 75' lang='lat' dir='ltr'>destinaverit.</span> 
     </span>
     <span class='ocr_line' id='line_1_57' title="bbox 192 2648 1027 2689; baseline 0.005 -13"><span class='ocrx_word' id='word_1_509' title='bbox 192 2648 235 2676; x_wconf 80' lang='lat' dir='ltr'>vel</span> <span class='ocrx_word' id='word_1_510' title='bbox 258 2650 450 2676; x_wconf 81' lang='lat' dir='ltr'>matrimonium</span> <span class='ocrx_word' id='word_1_511' title='bbox 474 2649 580 2677; x_wconf 86' lang='lat' dir='ltr'>alterius</span> <span class='ocrx_word' id='word_1_512' title='bbox 605 2652 751 2689; x_wconf 75' lang='lat' dir='ltr'>adpetierit.</span> <span class='ocrx_word' id='word_1_513' title='bbox 782 2652 812 2679; x_wconf 80' lang='lat' dir='ltr'>fr.</span> <span class='ocrx_word' id='word_1_514' title='bbox 837 2655 877 2680; x_wconf 90' lang='lat'>11.</span> <span class='ocrx_word' id='word_1_515' title='bbox 901 2654 922 2687; x_wconf 88' lang='lat'>3.</span> <span class='ocrx_word' id='word_1_516' title='bbox 941 2655 965 2679; x_wconf 78' lang='grc'>2.</span> <span class='ocrx_word' id='word_1_517' title='bbox 995 2653 1027 2680; x_wconf 84' lang='grc'>(19</span> 
     </span>
     <span class='ocr_line' id='line_1_58' title="bbox 193 2692 1026 2734; baseline 0.006 -16"><span class='ocrx_word' id='word_1_518' title='bbox 193 2692 288 2719; x_wconf 89' lang='lat' dir='ltr'>divort.</span> <span class='ocrx_word' id='word_1_519' title='bbox 308 2693 350 2718; x_wconf 78' lang='grc'>24.</span> <span class='ocrx_word' id='word_1_520' title='bbox 363 2694 387 2718; x_wconf 83' lang='lat'>2.</span> <span class='ocrx_word' id='word_1_521' title='bbox 424 2693 588 2720; x_wconf 66' lang='lat' dir='ltr'>Adl‘ectatam</span> <span class='ocrx_word' id='word_1_522' title='bbox 606 2695 655 2727; x_wconf 91' lang='lat' dir='ltr'>(sc.</span> <span class='ocrx_word' id='word_1_523' title='bbox 670 2695 789 2729; x_wconf 79' lang='lat' dir='ltr'>tutelam)</span> <span class='ocrx_word' id='word_1_524' title='bbox 809 2697 847 2722; x_wconf 88' lang='lat' dir='ltr'>sic</span> <span class='ocrx_word' id='word_1_525' title='bbox 860 2697 1026 2734; x_wconf 76' lang='lat' dir='ltr'>accipiemus,</span> 
     </span>
     <span class='ocr_line' id='line_1_59' title="bbox 193 2735 1027 2775; baseline 0.007 -15"><span class='ocrx_word' id='word_1_526' title='bbox 193 2736 217 2761; x_wconf 86' lang='lat' dir='ltr'>si</span> <span class='ocrx_word' id='word_1_527' title='bbox 235 2735 278 2761; x_wconf 84' lang='lat' dir='ltr'>vel</span> <span class='ocrx_word' id='word_1_528' title='bbox 297 2735 411 2772; x_wconf 82' lang='lat' dir='ltr'>adpetita</span> <span class='ocrx_word' id='word_1_529' title='bbox 430 2736 560 2767; x_wconf 77' lang='lat' dir='ltr'>videatur,</span> <span class='ocrx_word' id='word_1_530' title='bbox 584 2737 639 2769; x_wconf 75' lang='lat' dir='ltr'>vel,</span> <span class='ocrx_word' id='word_1_531' title='bbox 664 2748 721 2764; x_wconf 89' lang='lat' dir='ltr'>cum</span> <span class='ocrx_word' id='word_1_532' title='bbox 744 2743 837 2775; x_wconf 83' lang='lat' dir='ltr'>posset</span> <span class='ocrx_word' id='word_1_533' title='bbox 860 2740 918 2775; x_wconf 85' lang='lat' dir='ltr'>quis</span> <span class='ocrx_word' id='word_1_534' title='bbox 937 2749 966 2765; x_wconf 78' lang='lat' dir='ltr'>se</span> <span class='ocrx_word' id='word_1_535' title='bbox 985 2750 1027 2766; x_wconf 83' lang='lat' dir='ltr'>ex-</span> 
     </span>
     <span class='ocr_line' id='line_1_60' title="bbox 195 2778 1027 2815; baseline 0.007 -12"><span class='ocrx_word' id='word_1_536' title='bbox 195 2787 297 2804; x_wconf 83' lang='lat' dir='ltr'>cusare.</span> <span class='ocrx_word' id='word_1_537' title='bbox 318 2778 349 2804; x_wconf 85' lang='lat' dir='ltr'>ab</span> <span class='ocrx_word' id='word_1_538' title='bbox 369 2788 397 2804; x_wconf 85' lang='lat' dir='ltr'>ea</span> <span class='ocrx_word' id='word_1_539' title='bbox 417 2788 445 2804; x_wconf 89' lang='lat' dir='ltr'>se</span> <span class='ocrx_word' id='word_1_540' title='bbox 464 2788 516 2805; x_wconf 87' lang='lat' dir='ltr'>nou</span> <span class='ocrx_word' id='word_1_541' title='bbox 536 2781 676 2807; x_wconf 72' lang='lat' dir='ltr'>excusavit.</span> <span class='ocrx_word' id='word_1_542' title='bbox 706 2780 791 2808; x_wconf 70' lang='lat' dir='ltr'>Vatic.</span> <span class='ocrx_word' id='word_1_543' title='bbox 810 2782 903 2815; x_wconf 78' lang='lat'>3188.</span> <span class='ocrx_word' id='word_1_544' title='bbox 932 2782 968 2809; x_wconf 66' lang='lat' dir='ltr'>Yt</span> <span class='ocrx_word' id='word_1_545' title='bbox 981 2792 1027 2808; x_wconf 86' lang='lat' dir='ltr'>sua</span> 
     </span>
     <span class='ocr_line' id='line_1_61' title="bbox 194 2821 1026 2863; baseline 0.006 -16"><span class='ocrx_word' id='word_1_546' title='bbox 194 2830 299 2858; x_wconf 78' lang='lat' dir='ltr'>quoque</span> <span class='ocrx_word' id='word_1_547' title='bbox 314 2821 381 2847; x_wconf 87' lang='lat' dir='ltr'>bona</span> <span class='ocrx_word' id='word_1_548' title='bbox 394 2822 420 2848; x_wconf 91' lang='lat' dir='ltr'>in</span> <span class='ocrx_word' id='word_1_549' title='bbox 433 2822 545 2848; x_wconf 85' lang='lat' dir='ltr'>medium</span> <span class='ocrx_word' id='word_1_550' title='bbox 559 2822 700 2855; x_wconf 74' lang='lat' dir='ltr'>conferant,</span> <span class='ocrx_word' id='word_1_551' title='bbox 720 2825 764 2860; x_wconf 91' lang='lat' dir='ltr'>qui</span> <span class='ocrx_word' id='word_1_552' title='bbox 777 2824 900 2862; x_wconf 78' lang='lat' dir='ltr'>adpetant</span> <span class='ocrx_word' id='word_1_553' title='bbox 912 2830 1026 2863; x_wconf 86' lang='lat' dir='ltr'>paterna.</span> 
     </span>
    </p>
   </div>
   <div class='ocr_carea' id='block_1_10' title="bbox 1048 246 1056 2885">
    <p class='ocr_par' dir='ltr' id='par_1_13' title="bbox 1048 246 1056 2885">
     <span class='ocr_line' id='line_1_62' title="bbox 1048 246 1056 2885; baseline 0 0"><span class='ocrx_word' id='word_1_554' title='bbox 1048 246 1056 2885; x_wconf 95' lang='lat' dir='ltr'> </span> 
     </span>
    </p>
   </div>
   <div class='ocr_carea' id='block_1_11' title="bbox 1872 163 1914 193">
    <p class='ocr_par' dir='ltr' id='par_1_14' title="bbox 1872 163 1914 193">
     <span class='ocr_line' id='line_1_63' title="bbox 1872 163 1914 193; baseline 0 0"><span class='ocrx_word' id='word_1_555' title='bbox 1872 163 1914 193; x_wconf 87' lang='grc'>33</span> 
     </span>
    </p>
   </div>
   <div class='ocr_carea' id='block_1_12' title="bbox 1070 243 1915 2639">
    <p class='ocr_par' dir='ltr' id='par_1_15' title="bbox 1074 243 1914 925">
     <span class='ocr_line' id='line_1_64' title="bbox 1075 243 1913 282; baseline -0.002 -10"><span class='ocrx_word' id='word_1_556' title='bbox 1075 245 1105 272; x_wconf 87' lang='lat' dir='ltr'>sr.</span> <span class='ocrx_word' id='word_1_557' title='bbox 1126 246 1149 272; x_wconf 92' lang='lat'>1.</span> <span class='ocrx_word' id='word_1_558' title='bbox 1168 255 1207 282; x_wconf 86' lang='lat' dir='ltr'>pr.</span> <span class='ocrx_word' id='word_1_559' title='bbox 1229 243 1261 271; x_wconf 85' lang='grc'>(19</span> <span class='ocrx_word' id='word_1_560' title='bbox 1281 244 1368 272; x_wconf 84' lang='lat' dir='ltr'>collat.</span> <span class='ocrx_word' id='word_1_561' title='bbox 1388 244 1450 272; x_wconf 88' lang='lat' dir='ltr'>bon.</span> <span class='ocrx_word' id='word_1_562' title='bbox 1469 245 1511 271; x_wconf 82' lang='lat'>37.</span> <span class='ocrx_word' id='word_1_563' title='bbox 1531 244 1555 271; x_wconf 91' lang='grc'>6.</span> <span class='ocrx_word' id='word_1_564' title='bbox 1579 259 1612 264; x_wconf 91' lang='lat'>--</span> <span class='ocrx_word' id='word_1_565' title='bbox 1635 243 1667 278; x_wconf 81' lang='lat'>§·</span> <span class='ocrx_word' id='word_1_566' title='bbox 1687 244 1723 271; x_wconf 61' lang='grc' dir='ltr'>Β.</span> <span class='ocrx_word' id='word_1_567' title='bbox 1752 245 1913 279; x_wconf 79' lang='lat' dir='ltr'>Adgredi,</span> 
     </span>
     <span class='ocr_line' id='line_1_65' title="bbox 1075 287 1913 324; baseline -0.002 -9"><span class='ocrx_word' id='word_1_568' title='bbox 1075 290 1239 315; x_wconf 83' lang='lat' dir='ltr'>Invadere.</span> <span class='ocrx_word' id='word_1_569' title='bbox 1282 288 1324 314; x_wconf 87' lang='lat'>111.</span> <span class='ocrx_word' id='word_1_570' title='bbox 1350 289 1416 316; x_wconf 62' lang='lat'>(711.</span> <span class='ocrx_word' id='word_1_571' title='bbox 1449 288 1478 314; x_wconf 91' lang='lat' dir='ltr'>Si</span> <span class='ocrx_word' id='word_1_572' title='bbox 1503 287 1635 324; x_wconf 81' lang='lat' dir='ltr'>adpetitus</span> <span class='ocrx_word' id='word_1_573' title='bbox 1659 288 1709 315; x_wconf 80' lang='lat' dir='ltr'>sit,</span> <span class='ocrx_word' id='word_1_574' title='bbox 1737 297 1786 313; x_wconf 80' lang='lat' dir='ltr'>nec</span> <span class='ocrx_word' id='word_1_575' title='bbox 1809 288 1913 313; x_wconf 77' lang='lat' dir='ltr'>occisus</span> 
     </span>
     <span class='ocr_line' id='line_1_66' title="bbox 1076 329 1914 364; baseline -0.002 -7"><span class='ocrx_word' id='word_1_576' title='bbox 1076 331 1233 364; x_wconf 85' lang='lat' dir='ltr'>(dominus).</span> <span class='ocrx_word' id='word_1_577' title='bbox 1264 331 1295 357; x_wconf 84' lang='lat' dir='ltr'>fr.</span> <span class='ocrx_word' id='word_1_578' title='bbox 1315 332 1338 357; x_wconf 88' lang='lat'>6.</span> <span class='ocrx_word' id='word_1_579' title='bbox 1360 331 1381 364; x_wconf 86' lang='lat'>3.</span> <span class='ocrx_word' id='word_1_580' title='bbox 1401 332 1425 357; x_wconf 87' lang='grc'>3.</span> <span class='ocrx_word' id='word_1_581' title='bbox 1446 331 1477 357; x_wconf 87' lang='grc'>(19</span> <span class='ocrx_word' id='word_1_582' title='bbox 1497 330 1524 357; x_wconf 84' lang='lat' dir='ltr'>S.</span> <span class='ocrx_word' id='word_1_583' title='bbox 1545 330 1576 357; x_wconf 88' lang='lat' dir='ltr'>C.</span> <span class='ocrx_word' id='word_1_584' title='bbox 1596 330 1678 356; x_wconf 90' lang='lat' dir='ltr'>Silan.</span> <span class='ocrx_word' id='word_1_585' title='bbox 1696 331 1738 356; x_wconf 84' lang='grc'>29.</span> <span class='ocrx_word' id='word_1_586' title='bbox 1758 331 1782 356; x_wconf 83' lang='lat'>5.</span> <span class='ocrx_word' id='word_1_587' title='bbox 1811 329 1841 356; x_wconf 86' lang='lat' dir='ltr'>Si</span> <span class='ocrx_word' id='word_1_588' title='bbox 1859 329 1914 356; x_wconf 79' lang='lat' dir='ltr'>filia</span> 
     </span>
     <span class='ocr_line' id='line_1_67' title="bbox 1074 372 1914 411; baseline -0.002 -11"><span class='ocrx_word' id='word_1_589' title='bbox 1074 375 1165 406; x_wconf 82' lang='lat' dir='ltr'>iactet,</span> <span class='ocrx_word' id='word_1_590' title='bbox 1185 389 1217 393; x_wconf 90' lang='lat'>—</span> <span class='ocrx_word' id='word_1_591' title='bbox 1235 378 1337 411; x_wconf 81' lang='lat' dir='ltr'>patrem</span> <span class='ocrx_word' id='word_1_592' title='bbox 1356 384 1431 400; x_wconf 87' lang='lat' dir='ltr'>suum</span> <span class='ocrx_word' id='word_1_593' title='bbox 1450 390 1482 393; x_wconf 97' lang='lat'><strong>—</strong></span> <span class='ocrx_word' id='word_1_594' title='bbox 1502 383 1548 411; x_wconf 85' lang='lat' dir='ltr'>per</span> <span class='ocrx_word' id='word_1_595' title='bbox 1567 373 1677 399; x_wconf 82' lang='lat' dir='ltr'>libertos</span> <span class='ocrx_word' id='word_1_596' title='bbox 1696 383 1759 399; x_wconf 82' lang='grc'>51105</span> <span class='ocrx_word' id='word_1_597' title='bbox 1777 372 1914 399; x_wconf 79' lang='lat' dir='ltr'>maleficiis</span> 
     </span>
     <span class='ocr_line' id='line_1_68' title="bbox 1075 415 1913 454; baseline -0.002 -11"><span class='ocrx_word' id='word_1_598' title='bbox 1075 417 1226 454; x_wconf 82' lang='lat' dir='ltr'>adpetitum.</span> <span class='ocrx_word' id='word_1_599' title='bbox 1251 417 1281 443; x_wconf 78' lang='lat' dir='ltr'>fr.</span> <span class='ocrx_word' id='word_1_600' title='bbox 1302 418 1343 443; x_wconf 79' lang='lat'>47.</span> <span class='ocrx_word' id='word_1_601' title='bbox 1364 417 1429 450; x_wconf 75' lang='lat'>31.</span> <span class='ocrx_word' id='word_1_602' title='bbox 1454 416 1486 443; x_wconf 84' lang='lat' dir='ltr'>(le.</span> <span class='ocrx_word' id='word_1_603' title='bbox 1505 417 1565 442; x_wconf 91' lang='lat' dir='ltr'>bon.</span> <span class='ocrx_word' id='word_1_604' title='bbox 1586 415 1672 442; x_wconf 85' lang='lat' dir='ltr'>libert.</span> <span class='ocrx_word' id='word_1_605' title='bbox 1695 417 1737 442; x_wconf 73' lang='grc'>38.</span> <span class='ocrx_word' id='word_1_606' title='bbox 1756 418 1780 442; x_wconf 85' lang='grc'>2.</span> <span class='ocrx_word' id='word_1_607' title='bbox 1816 415 1913 442; x_wconf 83' lang='lat' dir='ltr'>Filium</span> 
     </span>
     <span class='ocr_line' id='line_1_69' title="bbox 1075 458 1912 496; baseline 0 -10"><span class='ocrx_word' id='word_1_608' title='bbox 1075 460 1141 486; x_wconf 80' lang='lat' dir='ltr'>forte</span> <span class='ocrx_word' id='word_1_609' title='bbox 1161 460 1280 489; x_wconf 79' lang='lat' dir='ltr'>obsedit..</span> <span class='ocrx_word' id='word_1_610' title='bbox 1305 459 1461 496; x_wconf 74' lang='lat' dir='ltr'>insidiisque</span> <span class='ocrx_word' id='word_1_611' title='bbox 1481 470 1538 486; x_wconf 80' lang='lat' dir='ltr'>eum</span> <span class='ocrx_word' id='word_1_612' title='bbox 1558 476 1590 479; x_wconf 91' lang='lat'>——</span> <span class='ocrx_word' id='word_1_613' title='bbox 1610 459 1727 496; x_wconf 80' lang='lat' dir='ltr'>adpetiit.</span> <span class='ocrx_word' id='word_1_614' title='bbox 1761 458 1811 485; x_wconf 89' lang='lat' dir='ltr'>Th.</span> <span class='ocrx_word' id='word_1_615' title='bbox 1832 458 1862 485; x_wconf 92' lang='lat' dir='ltr'>C.</span> <span class='ocrx_word' id='word_1_616' title='bbox 1882 458 1912 486; x_wconf 88' lang='grc' dir='ltr'>Π.</span> 
     </span>
     <span class='ocr_line' id='line_1_70' title="bbox 1076 501 1913 539; baseline -0.001 -11"><span class='ocrx_word' id='word_1_617' title='bbox 1076 505 1114 529; x_wconf 97' lang='grc'>19.</span> <span class='ocrx_word' id='word_1_618' title='bbox 1135 514 1156 529; x_wconf 84' lang='grc'>9.</span> <span class='ocrx_word' id='word_1_619' title='bbox 1176 505 1200 530; x_wconf 86' lang='grc'>2.</span> <span class='ocrx_word' id='word_1_620' title='bbox 1220 503 1253 529; x_wconf 76' lang='grc'>(19</span> <span class='ocrx_word' id='word_1_621' title='bbox 1271 502 1343 528; x_wconf 78' lang='lat' dir='ltr'>inoff.</span> <span class='ocrx_word' id='word_1_622' title='bbox 1364 507 1423 529; x_wconf 86' lang='lat' dir='ltr'>test.</span> <span class='ocrx_word' id='word_1_623' title='bbox 1465 502 1494 529; x_wconf 87' lang='lat' dir='ltr'>Si</span> <span class='ocrx_word' id='word_1_624' title='bbox 1517 503 1620 538; x_wconf 77' lang='lat' dir='ltr'>gravior</span> <span class='ocrx_word' id='word_1_625' title='bbox 1638 501 1735 539; x_wconf 79' lang='lat' dir='ltr'>praeda</span> <span class='ocrx_word' id='word_1_626' title='bbox 1753 503 1779 528; x_wconf 85' lang='lat' dir='ltr'>vi</span> <span class='ocrx_word' id='word_1_627' title='bbox 1799 501 1913 538; x_wconf 79' lang='lat' dir='ltr'>adpetita</span> 
     </span>
     <span class='ocr_line' id='line_1_71' title="bbox 1074 544 1914 581; baseline -0.001 -10"><span class='ocrx_word' id='word_1_628' title='bbox 1074 546 1213 572; x_wconf 80' lang='lat' dir='ltr'>videbitur.</span> <span class='ocrx_word' id='word_1_629' title='bbox 1243 545 1273 572; x_wconf 84' lang='lat' dir='ltr'>fr.</span> <span class='ocrx_word' id='word_1_630' title='bbox 1293 546 1317 571; x_wconf 90' lang='lat'>4.</span> <span class='ocrx_word' id='word_1_631' title='bbox 1338 545 1359 578; x_wconf 91' lang='lat'>3.</span> <span class='ocrx_word' id='word_1_632' title='bbox 1382 547 1403 571; x_wconf 96' lang='lat' dir='ltr'>l.</span> <span class='ocrx_word' id='word_1_633' title='bbox 1424 545 1456 572; x_wconf 87' lang='lat' dir='ltr'>de</span> <span class='ocrx_word' id='word_1_634' title='bbox 1475 545 1577 572; x_wconf 80' lang='lat' dir='ltr'>incend.</span> <span class='ocrx_word' id='word_1_635' title='bbox 1598 546 1679 572; x_wconf 87' lang='lat' dir='ltr'>ruina.</span> <span class='ocrx_word' id='word_1_636' title='bbox 1704 546 1744 571; x_wconf 84' lang='lat'>47.</span> <span class='ocrx_word' id='word_1_637' title='bbox 1764 546 1788 572; x_wconf 93' lang='lat'>9.</span> <span class='ocrx_word' id='word_1_638' title='bbox 1826 544 1914 581; x_wconf 82' lang='lat' dir='ltr'>Adpe-</span> 
     </span>
     <span class='ocr_line' id='line_1_72' title="bbox 1074 588 1912 624; baseline -0.001 -10"><span class='ocrx_word' id='word_1_639' title='bbox 1074 590 1136 614; x_wconf 79' lang='lat' dir='ltr'>titae</span> <span class='ocrx_word' id='word_1_640' title='bbox 1155 589 1300 615; x_wconf 82' lang='lat' dir='ltr'>maiestatis</span> <span class='ocrx_word' id='word_1_641' title='bbox 1320 589 1425 614; x_wconf 84' lang='lat' dir='ltr'>crimen.</span> <span class='ocrx_word' id='word_1_642' title='bbox 1460 588 1509 615; x_wconf 91' lang='lat' dir='ltr'>Th.</span> <span class='ocrx_word' id='word_1_643' title='bbox 1530 588 1560 614; x_wconf 73' lang='lat' dir='ltr'>C.</span> <span class='ocrx_word' id='word_1_644' title='bbox 1582 588 1625 614; x_wconf 82' lang='lat' dir='ltr'>lx.</span> <span class='ocrx_word' id='word_1_645' title='bbox 1645 589 1668 614; x_wconf 87' lang='lat'>6.</span> <span class='ocrx_word' id='word_1_646' title='bbox 1690 598 1711 614; x_wconf 90' lang='grc'>9.</span> <span class='ocrx_word' id='word_1_647' title='bbox 1730 590 1755 614; x_wconf 80' lang='lat'>2.</span> <span class='ocrx_word' id='word_1_648' title='bbox 1779 598 1811 614; x_wconf 89' lang='grc'>119</span> <span class='ocrx_word' id='word_1_649' title='bbox 1831 592 1912 624; x_wconf 87' lang='lat' dir='ltr'>praet.</span> 
     </span>
     <span class='ocr_line' id='line_1_73' title="bbox 1075 632 1914 664; baseline 0 -7"><span class='ocrx_word' id='word_1_650' title='bbox 1075 633 1145 658; x_wconf 83' lang='lat' dir='ltr'>crim.</span> <span class='ocrx_word' id='word_1_651' title='bbox 1165 633 1222 658; x_wconf 90' lang='lat' dir='ltr'>mai.</span> <span class='ocrx_word' id='word_1_652' title='bbox 1255 648 1287 651; x_wconf 90' lang='lat'>—</span> <span class='ocrx_word' id='word_1_653' title='bbox 1320 632 1350 664; x_wconf 76' lang='lat'>§-</span> <span class='ocrx_word' id='word_1_654' title='bbox 1372 632 1408 658; x_wconf 78' lang='lat'>3.</span> <span class='ocrx_word' id='word_1_655' title='bbox 1437 632 1582 658; x_wconf 79' lang='lat' dir='ltr'>Evocare</span> <span class='ocrx_word' id='word_1_656' title='bbox 1602 633 1633 657; x_wconf 83' lang='lat' dir='ltr'>in</span> <span class='ocrx_word' id='word_1_657' title='bbox 1652 633 1715 663; x_wconf 74' lang='lat' dir='ltr'>ius,</span> <span class='ocrx_word' id='word_1_658' title='bbox 1737 632 1914 657; x_wconf 76' lang='lat' dir='ltr'>convenire</span> 
     </span>
     <span class='ocr_line' id='line_1_74' title="bbox 1075 673 1914 710; baseline -0.002 -9"><span class='ocrx_word' id='word_1_659' title='bbox 1075 677 1208 701; x_wconf 75' lang='lat' dir='ltr'>iudicio.</span> <span class='ocrx_word' id='word_1_660' title='bbox 1253 674 1296 701; x_wconf 90' lang='lat' dir='ltr'>III.</span> <span class='ocrx_word' id='word_1_661' title='bbox 1322 675 1387 702; x_wconf 68' lang='grc' dir='ltr'><strong>(Ἶι.</strong></span> <span class='ocrx_word' id='word_1_662' title='bbox 1417 674 1470 709; x_wconf 82' lang='lat' dir='ltr'>Qui</span> <span class='ocrx_word' id='word_1_663' title='bbox 1499 673 1543 699; x_wconf 83' lang='lat' dir='ltr'>tali</span> <span class='ocrx_word' id='word_1_664' title='bbox 1572 674 1668 700; x_wconf 75' lang='lat' dir='ltr'>iudicio</span> <span class='ocrx_word' id='word_1_665' title='bbox 1694 673 1806 710; x_wconf 72' lang='lat' dir='ltr'>adpetit.</span> <span class='ocrx_word' id='word_1_666' title='bbox 1840 674 1914 700; x_wconf 77' lang='lat' dir='ltr'>cuius</span> 
     </span>
     <span class='ocr_line' id='line_1_75' title="bbox 1074 716 1912 755; baseline -0.002 -11"><span class='ocrx_word' id='word_1_667' title='bbox 1074 728 1158 755; x_wconf 81' lang='lat' dir='ltr'>poena</span> <span class='ocrx_word' id='word_1_668' title='bbox 1177 722 1219 744; x_wconf 89' lang='lat' dir='ltr'>aut</span> <span class='ocrx_word' id='word_1_669' title='bbox 1240 717 1399 754; x_wconf 72' lang='lat' dir='ltr'>supplicium</span> <span class='ocrx_word' id='word_1_670' title='bbox 1418 717 1522 745; x_wconf 82' lang='lat' dir='ltr'>habuit.</span> <span class='ocrx_word' id='word_1_671' title='bbox 1542 721 1585 742; x_wconf 81' lang='lat' dir='ltr'>aut</span> <span class='ocrx_word' id='word_1_672' title='bbox 1605 716 1733 743; x_wconf 76' lang='lat' dir='ltr'>exsilium.</span> <span class='ocrx_word' id='word_1_673' title='bbox 1754 716 1784 742; x_wconf 84' lang='lat' dir='ltr'>fr.</span> <span class='ocrx_word' id='word_1_674' title='bbox 1799 717 1839 742; x_wconf 87' lang='lat'>14.</span> <span class='ocrx_word' id='word_1_675' title='bbox 1853 716 1875 750; x_wconf 84' lang='lat'>3.</span> <span class='ocrx_word' id='word_1_676' title='bbox 1888 717 1912 742; x_wconf 83' lang='lat'>3.</span> 
     </span>
     <span class='ocr_line' id='line_1_76' title="bbox 1075 759 1912 796; baseline -0.002 -9"><span class='ocrx_word' id='word_1_677' title='bbox 1075 761 1106 787; x_wconf 87' lang='lat' dir='ltr'>de</span> <span class='ocrx_word' id='word_1_678' title='bbox 1132 761 1192 787; x_wconf 87' lang='lat' dir='ltr'>bon.</span> <span class='ocrx_word' id='word_1_679' title='bbox 1218 760 1303 787; x_wconf 78' lang='lat' dir='ltr'>libert.</span> <span class='ocrx_word' id='word_1_680' title='bbox 1332 762 1373 786; x_wconf 71' lang='grc'>38.</span> <span class='ocrx_word' id='word_1_681' title='bbox 1399 762 1423 786; x_wconf 85' lang='grc'>2.</span> <span class='ocrx_word' id='word_1_682' title='bbox 1466 759 1519 795; x_wconf 77' lang='lat' dir='ltr'>Qui</span> <span class='ocrx_word' id='word_1_683' title='bbox 1548 770 1595 796; x_wconf 80' lang='lat' dir='ltr'>per</span> <span class='ocrx_word' id='word_1_684' title='bbox 1624 759 1778 785; x_wconf 78' lang='lat' dir='ltr'>calumniam</span> <span class='ocrx_word' id='word_1_685' title='bbox 1805 759 1912 796; x_wconf 76' lang='lat' dir='ltr'>adpetit.</span> 
     </span>
     <span class='ocr_line' id='line_1_77' title="bbox 1075 801 1913 838; baseline -0.002 -8"><span class='ocrx_word' id='word_1_686' title='bbox 1075 804 1104 830; x_wconf 88' lang='lat' dir='ltr'>sr.</span> <span class='ocrx_word' id='word_1_687' title='bbox 1125 806 1166 830; x_wconf 77' lang='lat'>27.</span> <span class='ocrx_word' id='word_1_688' title='bbox 1187 805 1207 838; x_wconf 88' lang='lat'>3.</span> <span class='ocrx_word' id='word_1_689' title='bbox 1228 807 1251 830; x_wconf 82' lang='lat'>5.</span> <span class='ocrx_word' id='word_1_690' title='bbox 1272 803 1304 829; x_wconf 84' lang='lat' dir='ltr'>ad</span> <span class='ocrx_word' id='word_1_691' title='bbox 1323 803 1352 830; x_wconf 70' lang='lat' dir='ltr'>L.</span> <span class='ocrx_word' id='word_1_692' title='bbox 1372 802 1463 829; x_wconf 82' lang='lat' dir='ltr'>Iuliam</span> <span class='ocrx_word' id='word_1_693' title='bbox 1482 802 1514 829; x_wconf 85' lang='lat' dir='ltr'>de</span> <span class='ocrx_word' id='word_1_694' title='bbox 1534 802 1573 828; x_wconf 83' lang='lat' dir='ltr'>ad.</span> <span class='ocrx_word' id='word_1_695' title='bbox 1594 803 1635 829; x_wconf 77' lang='lat'>48.</span> <span class='ocrx_word' id='word_1_696' title='bbox 1649 805 1673 828; x_wconf 82' lang='lat'>5.</span> <span class='ocrx_word' id='word_1_697' title='bbox 1711 801 1773 828; x_wconf 69' lang='lat' dir='ltr'>Sive</span> <span class='ocrx_word' id='word_1_698' title='bbox 1793 802 1913 834; x_wconf 76' lang='lat' dir='ltr'>civiliter,</span> 
     </span>
     <span class='ocr_line' id='line_1_78' title="bbox 1075 844 1913 883; baseline -0.001 -11"><span class='ocrx_word' id='word_1_699' title='bbox 1075 848 1130 873; x_wconf 76' lang='lat' dir='ltr'>sive</span> <span class='ocrx_word' id='word_1_700' title='bbox 1151 846 1319 873; x_wconf 81' lang='lat' dir='ltr'>criminaliter</span> <span class='ocrx_word' id='word_1_701' title='bbox 1338 846 1501 883; x_wconf 76' lang='lat' dir='ltr'>adpetantur.</span> <span class='ocrx_word' id='word_1_702' title='bbox 1523 845 1581 878; x_wconf 87' lang='lat' dir='ltr'>(eos</span> <span class='ocrx_word' id='word_1_703' title='bbox 1602 844 1703 881; x_wconf 77' lang='lat' dir='ltr'>litigare</span> <span class='ocrx_word' id='word_1_704' title='bbox 1715 845 1832 879; x_wconf 84' lang='lat' dir='ltr'>debere).</span> <span class='ocrx_word' id='word_1_705' title='bbox 1863 845 1913 872; x_wconf 88' lang='lat' dir='ltr'>Th.</span> 
     </span>
     <span class='ocr_line' id='line_1_79' title="bbox 1075 887 1677 925; baseline -0.003 -9"><span class='ocrx_word' id='word_1_706' title='bbox 1075 889 1105 916; x_wconf 88' lang='lat' dir='ltr'>C.</span> <span class='ocrx_word' id='word_1_707' title='bbox 1125 889 1143 916; x_wconf 96' lang='lat' dir='ltr'>I.</span> <span class='ocrx_word' id='word_1_708' title='bbox 1165 891 1187 916; x_wconf 81' lang='lat'>7.</span> <span class='ocrx_word' id='word_1_709' title='bbox 1208 900 1229 915; x_wconf 92' lang='grc'>9.</span> <span class='ocrx_word' id='word_1_710' title='bbox 1250 891 1273 915; x_wconf 90' lang='lat'>4.</span> <span class='ocrx_word' id='word_1_711' title='bbox 1294 888 1402 922; x_wconf 58' lang='lat' dir='ltr'>(wok.)</span> <span class='ocrx_word' id='word_1_712' title='bbox 1422 888 1456 915; x_wconf 87' lang='lat' dir='ltr'>de</span> <span class='ocrx_word' id='word_1_713' title='bbox 1476 889 1518 915; x_wconf 78' lang='lat' dir='ltr'>oss&#39;.</span> <span class='ocrx_word' id='word_1_714' title='bbox 1538 898 1603 925; x_wconf 78' lang='lat' dir='ltr'>mag.</span> <span class='ocrx_word' id='word_1_715' title='bbox 1623 887 1677 914; x_wconf 83' lang='lat' dir='ltr'>mil.</span> 
     </span>
    </p>

    <p class='ocr_par' dir='ltr' id='par_1_16' title="bbox 1073 930 1914 1175">
     <span class='ocr_line' id='line_1_80' title="bbox 1108 930 1914 966; baseline -0.002 -7"><span class='ocrx_word' id='word_1_716' title='bbox 1108 932 1312 966; x_wconf 55' lang='lat' dir='ltr'>.ffi(lpefitio.</span> <span class='ocrx_word' id='word_1_717' title='bbox 1344 933 1474 963; x_wconf 78' lang='lat' dir='ltr'>Libido,</span> <span class='ocrx_word' id='word_1_718' title='bbox 1494 932 1697 958; x_wconf 71' lang='lat' dir='ltr'>Adteutatio.</span> <span class='ocrx_word' id='word_1_719' title='bbox 1728 930 1770 957; x_wconf 88' lang='grc' dir='ltr'>ῙΠ.</span> <span class='ocrx_word' id='word_1_720' title='bbox 1785 931 1850 958; x_wconf 70' lang='lat' dir='ltr'>Cn.</span> <span class='ocrx_word' id='word_1_721' title='bbox 1870 930 1914 957; x_wconf 71' lang='lat' dir='ltr'>Vi-</span> 
     </span>
     <span class='ocr_line' id='line_1_81' title="bbox 1074 973 1914 1010; baseline -0.002 -9"><span class='ocrx_word' id='word_1_722' title='bbox 1074 975 1178 1002; x_wconf 87' lang='lat' dir='ltr'>debitur</span> <span class='ocrx_word' id='word_1_723' title='bbox 1197 976 1237 1001; x_wconf 86' lang='lat' dir='ltr'>sui</span> <span class='ocrx_word' id='word_1_724' title='bbox 1257 976 1337 1010; x_wconf 64' lang='lat' dir='ltr'>magis</span> <span class='ocrx_word' id='word_1_725' title='bbox 1357 975 1406 1000; x_wconf 77' lang='lat' dir='ltr'>viri</span> <span class='ocrx_word' id='word_1_726' title='bbox 1426 974 1452 1000; x_wconf 87' lang='lat' dir='ltr'>id</span> <span class='ocrx_word' id='word_1_727' title='bbox 1471 975 1659 1005; x_wconf 76' lang='lat' dir='ltr'>exsecratione,</span> <span class='ocrx_word' id='word_1_728' title='bbox 1680 984 1756 1010; x_wconf 86' lang='lat' dir='ltr'>quam</span> <span class='ocrx_word' id='word_1_729' title='bbox 1775 973 1853 999; x_wconf 90' lang='lat' dir='ltr'>alieni</span> <span class='ocrx_word' id='word_1_730' title='bbox 1872 973 1914 999; x_wconf 88' lang='lat' dir='ltr'>ad-</span> 
     </span>
     <span class='ocr_line' id='line_1_82' title="bbox 1073 1016 1914 1056; baseline -0.002 -12"><span class='ocrx_word' id='word_1_731' title='bbox 1073 1020 1208 1056; x_wconf 74' lang='lat' dir='ltr'>petitione.</span> <span class='ocrx_word' id='word_1_732' title='bbox 1228 1018 1330 1044; x_wconf 80' lang='lat' dir='ltr'>fecisse.</span> <span class='ocrx_word' id='word_1_733' title='bbox 1358 1017 1395 1043; x_wconf 92' lang='lat' dir='ltr'>Ib.</span> <span class='ocrx_word' id='word_1_734' title='bbox 1415 1017 1456 1043; x_wconf 89' lang='lat' dir='ltr'>Ill.</span> <span class='ocrx_word' id='word_1_735' title='bbox 1478 1019 1518 1043; x_wconf 84' lang='lat'>16.</span> <span class='ocrx_word' id='word_1_736' title='bbox 1539 1027 1559 1043; x_wconf 89' lang='grc'>9.</span> <span class='ocrx_word' id='word_1_737' title='bbox 1573 1019 1597 1043; x_wconf 84' lang='grc'>2.</span> <span class='ocrx_word' id='word_1_738' title='bbox 1613 1027 1651 1053; x_wconf 86' lang='lat' dir='ltr'>pr.</span> <span class='ocrx_word' id='word_1_739' title='bbox 1672 1017 1704 1043; x_wconf 79' lang='lat' dir='ltr'>de</span> <span class='ocrx_word' id='word_1_740' title='bbox 1723 1016 1815 1053; x_wconf 81' lang='lat' dir='ltr'>repud.</span> <span class='ocrx_word' id='word_1_741' title='bbox 1844 1016 1914 1043; x_wconf 70' lang='lat' dir='ltr'>Alie-</span> 
     </span>
     <span class='ocr_line' id='line_1_83' title="bbox 1073 1059 1914 1095; baseline -0.001 -8"><span class='ocrx_word' id='word_1_742' title='bbox 1073 1072 1132 1088; x_wconf 91' lang='lat' dir='ltr'>nam</span> <span class='ocrx_word' id='word_1_743' title='bbox 1151 1062 1326 1087; x_wconf 67' lang='lat' dir='ltr'>innocontiam</span> <span class='ocrx_word' id='word_1_744' title='bbox 1346 1061 1578 1095; x_wconf 82' lang='lat' dir='ltr'>securitatemque.</span> <span class='ocrx_word' id='word_1_745' title='bbox 1604 1061 1661 1086; x_wconf 87' lang='lat' dir='ltr'>sine</span> <span class='ocrx_word' id='word_1_746' title='bbox 1686 1060 1792 1086; x_wconf 87' lang='lat' dir='ltr'>erimine</span> <span class='ocrx_word' id='word_1_747' title='bbox 1812 1059 1914 1086; x_wconf 80' lang='lat' dir='ltr'>damna-</span> 
     </span>
     <span class='ocr_line' id='line_1_84' title="bbox 1074 1102 1912 1141; baseline -0.002 -10"><span class='ocrx_word' id='word_1_748' title='bbox 1074 1105 1120 1131; x_wconf 87' lang='lat' dir='ltr'>bili</span> <span class='ocrx_word' id='word_1_749' title='bbox 1140 1104 1302 1141; x_wconf 75' lang='lat' dir='ltr'>adpetitione</span> <span class='ocrx_word' id='word_1_750' title='bbox 1323 1103 1366 1137; x_wconf 91' lang='lat' dir='ltr'>[al.</span> <span class='ocrx_word' id='word_1_751' title='bbox 1386 1103 1525 1140; x_wconf 82' lang='lat' dir='ltr'>petitione]</span> <span class='ocrx_word' id='word_1_752' title='bbox 1546 1103 1646 1129; x_wconf 84' lang='lat' dir='ltr'>terreri.</span> <span class='ocrx_word' id='word_1_753' title='bbox 1683 1103 1719 1129; x_wconf 92' lang='lat' dir='ltr'>Ib.</span> <span class='ocrx_word' id='word_1_754' title='bbox 1734 1102 1778 1129; x_wconf 85' lang='lat' dir='ltr'>IX.</span> <span class='ocrx_word' id='word_1_755' title='bbox 1791 1104 1833 1130; x_wconf 84' lang='lat'>39.</span> <span class='ocrx_word' id='word_1_756' title='bbox 1853 1113 1875 1130; x_wconf 86' lang='lat' dir='ltr'>c.</span> <span class='ocrx_word' id='word_1_757' title='bbox 1890 1105 1912 1129; x_wconf 96' lang='lat' dir='ltr'>l.</span> 
     </span>
     <span class='ocr_line' id='line_1_85' title="bbox 1073 1148 1234 1175; baseline -0.012 0"><span class='ocrx_word' id='word_1_758' title='bbox 1073 1148 1105 1175; x_wconf 88' lang='lat' dir='ltr'>de</span> <span class='ocrx_word' id='word_1_759' title='bbox 1125 1148 1234 1174; x_wconf 87' lang='lat' dir='ltr'>calumn.</span> 
     </span>
    </p>

    <p class='ocr_par' dir='ltr' id='par_1_17' title="bbox 1073 1188 1914 1355">
     <span class='ocr_line' id='line_1_86' title="bbox 1107 1188 1914 1224; baseline -0.004 -6"><span class='ocrx_word' id='word_1_760' title='bbox 1107 1191 1317 1224; x_wconf 72' lang='lat' dir='ltr'>Adpetitor.</span> <span class='ocrx_word' id='word_1_761' title='bbox 1339 1191 1538 1224; x_wconf 78' lang='lat' dir='ltr'>Corruptor,</span> <span class='ocrx_word' id='word_1_762' title='bbox 1554 1190 1778 1215; x_wconf 69' lang='lat' dir='ltr'>Adulteraror.</span> <span class='ocrx_word' id='word_1_763' title='bbox 1798 1188 1914 1216; x_wconf 64' lang='lat' dir='ltr'>mvn.</span> 
     </span>
     <span class='ocr_line' id='line_1_87' title="bbox 1074 1230 1914 1270; baseline -0.004 -10"><span class='ocrx_word' id='word_1_764' title='bbox 1074 1235 1127 1270; x_wconf 83' lang='lat' dir='ltr'>Qui</span> <span class='ocrx_word' id='word_1_765' title='bbox 1147 1235 1214 1260; x_wconf 77' lang='lat' dir='ltr'>sacri</span> <span class='ocrx_word' id='word_1_766' title='bbox 1234 1235 1288 1259; x_wconf 84' lang='lat' dir='ltr'>oris</span> <span class='ocrx_word' id='word_1_767' title='bbox 1308 1234 1436 1264; x_wconf 71' lang='lat' dir='ltr'>imitator.</span> <span class='ocrx_word' id='word_1_768' title='bbox 1462 1237 1487 1258; x_wconf 84' lang='lat' dir='ltr'>et</span> <span class='ocrx_word' id='word_1_769' title='bbox 1511 1232 1659 1257; x_wconf 79' lang='lat' dir='ltr'>divinorum</span> <span class='ocrx_word' id='word_1_770' title='bbox 1678 1230 1798 1257; x_wconf 74' lang='lat' dir='ltr'>vultuum</span> <span class='ocrx_word' id='word_1_771' title='bbox 1816 1231 1914 1268; x_wconf 86' lang='lat' dir='ltr'>adpeti-</span> 
     </span>
     <span class='ocr_line' id='line_1_88' title="bbox 1074 1273 1912 1312; baseline -0.005 -8"><span class='ocrx_word' id='word_1_772' title='bbox 1074 1283 1127 1309; x_wconf 72' lang='lat' dir='ltr'>tor.</span> <span class='ocrx_word' id='word_1_773' title='bbox 1152 1276 1316 1303; x_wconf 86' lang='lat' dir='ltr'>venerabiles</span> <span class='ocrx_word' id='word_1_774' title='bbox 1342 1276 1438 1302; x_wconf 82' lang='lat' dir='ltr'>formas</span> <span class='ocrx_word' id='word_1_775' title='bbox 1464 1274 1600 1311; x_wconf 73' lang='lat' dir='ltr'>sacrilegio</span> <span class='ocrx_word' id='word_1_776' title='bbox 1627 1273 1745 1300; x_wconf 87' lang='lat' dir='ltr'>eruditus</span> <span class='ocrx_word' id='word_1_777' title='bbox 1771 1275 1912 1312; x_wconf 84' lang='lat' dir='ltr'>impressit.</span> 
     </span>
     <span class='ocr_line' id='line_1_89' title="bbox 1073 1318 1582 1355; baseline -0.006 -8"><span class='ocrx_word' id='word_1_778' title='bbox 1073 1320 1110 1347; x_wconf 84' lang='grc' dir='ltr'>ΙΙ).</span> <span class='ocrx_word' id='word_1_779' title='bbox 1129 1320 1174 1346; x_wconf 77' lang='lat' dir='ltr'>IX.</span> <span class='ocrx_word' id='word_1_780' title='bbox 1193 1321 1234 1346; x_wconf 75' lang='lat'>38.</span> <span class='ocrx_word' id='word_1_781' title='bbox 1255 1330 1276 1346; x_wconf 88' lang='lat' dir='ltr'>c.</span> <span class='ocrx_word' id='word_1_782' title='bbox 1296 1321 1318 1345; x_wconf 87' lang='lat'>6.</span> <span class='ocrx_word' id='word_1_783' title='bbox 1340 1319 1371 1345; x_wconf 88' lang='lat' dir='ltr'>de</span> <span class='ocrx_word' id='word_1_784' title='bbox 1392 1318 1490 1355; x_wconf 81' lang='lat' dir='ltr'>indulg.</span> <span class='ocrx_word' id='word_1_785' title='bbox 1511 1319 1582 1344; x_wconf 86' lang='lat' dir='ltr'>crim.</span> 
     </span>
    </p>

    <p class='ocr_par' dir='ltr' id='par_1_18' title="bbox 1074 1360 1914 1527">
     <span class='ocr_line' id='line_1_90' title="bbox 1108 1360 1914 1396; baseline -0.004 -6"><span class='ocrx_word' id='word_1_786' title='bbox 1108 1364 1363 1396; x_wconf 74' lang='lat' dir='ltr'>Adplaudere.</span> <span class='ocrx_word' id='word_1_787' title='bbox 1389 1364 1577 1389; x_wconf 66' lang='lat' dir='ltr'>Plaude-ndo</span> <span class='ocrx_word' id='word_1_788' title='bbox 1597 1362 1771 1387; x_wconf 76' lang='lat' dir='ltr'>adsentire.</span> <span class='ocrx_word' id='word_1_789' title='bbox 1792 1360 1834 1387; x_wconf 88' lang='grc' dir='ltr'>ΠΙ.</span> <span class='ocrx_word' id='word_1_790' title='bbox 1848 1361 1914 1388; x_wconf 72' lang='lat' dir='ltr'>Cn.</span> 
     </span>
     <span class='ocr_line' id='line_1_91' title="bbox 1074 1403 1914 1442; baseline -0.005 -9"><span class='ocrx_word' id='word_1_791' title='bbox 1074 1407 1179 1442; x_wconf 81' lang='lat' dir='ltr'>Quibus</span> <span class='ocrx_word' id='word_1_792' title='bbox 1193 1406 1225 1432; x_wconf 89' lang='lat' dir='ltr'>ad</span> <span class='ocrx_word' id='word_1_793' title='bbox 1238 1415 1341 1431; x_wconf 82' lang='lat' dir='ltr'>omnem</span> <span class='ocrx_word' id='word_1_794' title='bbox 1353 1405 1474 1431; x_wconf 78' lang='lat' dir='ltr'>licentiae</span> <span class='ocrx_word' id='word_1_795' title='bbox 1489 1414 1564 1430; x_wconf 89' lang='lat' dir='ltr'>usum</span> <span class='ocrx_word' id='word_1_796' title='bbox 1577 1420 1609 1423; x_wconf 98' lang='lat'><strong>—</strong></span> <span class='ocrx_word' id='word_1_797' title='bbox 1624 1403 1712 1430; x_wconf 77' lang='lat' dir='ltr'>favore</span> <span class='ocrx_word' id='word_1_798' title='bbox 1725 1403 1814 1430; x_wconf 79' lang='lat' dir='ltr'>callidi</span> <span class='ocrx_word' id='word_1_799' title='bbox 1829 1408 1914 1441; x_wconf 82' lang='lat' dir='ltr'>capta-</span> 
     </span>
     <span class='ocr_line' id='line_1_92' title="bbox 1074 1446 1913 1486; baseline -0.005 -9"><span class='ocrx_word' id='word_1_800' title='bbox 1074 1456 1144 1477; x_wconf 80' lang='lat' dir='ltr'>tores</span> <span class='ocrx_word' id='word_1_801' title='bbox 1165 1448 1335 1486; x_wconf 83' lang='lat' dir='ltr'>adplaudunt.</span> <span class='ocrx_word' id='word_1_802' title='bbox 1372 1448 1439 1475; x_wconf 72' lang='lat' dir='ltr'>Nov.</span> <span class='ocrx_word' id='word_1_803' title='bbox 1454 1447 1587 1474; x_wconf 83' lang='lat' dir='ltr'>Maiorian.</span> <span class='ocrx_word' id='word_1_804' title='bbox 1608 1446 1640 1473; x_wconf 88' lang='lat' dir='ltr'>de</span> <span class='ocrx_word' id='word_1_805' title='bbox 1659 1447 1812 1473; x_wconf 81' lang='lat' dir='ltr'>sanctimon.</span> <span class='ocrx_word' id='word_1_806' title='bbox 1832 1446 1876 1473; x_wconf 86' lang='lat' dir='ltr'>IV.</span> <span class='ocrx_word' id='word_1_807' title='bbox 1890 1448 1913 1474; x_wconf 83' lang='lat'>6.</span> 
     </span>
     <span class='ocr_line' id='line_1_93' title="bbox 1074 1494 1224 1527; baseline -0.007 -7"><span class='ocrx_word' id='word_1_808' title='bbox 1074 1504 1094 1520; x_wconf 84' lang='grc'>9.</span> <span class='ocrx_word' id='word_1_809' title='bbox 1116 1496 1138 1519; x_wconf 97' lang='lat'>1.</span> <span class='ocrx_word' id='word_1_810' title='bbox 1159 1494 1180 1527; x_wconf 91' lang='lat'>3.</span> <span class='ocrx_word' id='word_1_811' title='bbox 1201 1495 1224 1519; x_wconf 97' lang='lat'>5.</span> 
     </span>
    </p>

    <p class='ocr_par' dir='ltr' id='par_1_19' title="bbox 1070 1534 1915 2639">
     <span class='ocr_line' id='line_1_94' title="bbox 1109 1534 1915 1570; baseline -0.005 -7"><span class='ocrx_word' id='word_1_812' title='bbox 1109 1536 1325 1570; x_wconf 72' lang='lat' dir='ltr'>Adplieare.</span> <span class='ocrx_word' id='word_1_813' title='bbox 1354 1534 1385 1568; x_wconf 59' lang='grc' dir='ltr'>ἕ.</span> <span class='ocrx_word' id='word_1_814' title='bbox 1399 1535 1433 1560; x_wconf 88' lang='lat' dir='ltr'>l.</span> <span class='ocrx_word' id='word_1_815' title='bbox 1454 1535 1636 1568; x_wconf 68' lang='lat' dir='ltr'>Adoptare,</span> <span class='ocrx_word' id='word_1_816' title='bbox 1656 1534 1833 1569; x_wconf 77' lang='lat' dir='ltr'>Adfigere,</span> <span class='ocrx_word' id='word_1_817' title='bbox 1854 1534 1915 1560; x_wconf 77' lang='lat' dir='ltr'>Ad-</span> 
     </span>
     <span class='ocr_line' id='line_1_95' title="bbox 1071 1575 1913 1615; baseline -0.006 -8"><span class='ocrx_word' id='word_1_818' title='bbox 1071 1583 1198 1615; x_wconf 76' lang='lat' dir='ltr'>pellere.</span> <span class='ocrx_word' id='word_1_819' title='bbox 1236 1578 1278 1605; x_wconf 87' lang='lat' dir='ltr'>Ill.</span> <span class='ocrx_word' id='word_1_820' title='bbox 1294 1579 1359 1606; x_wconf 77' lang='lat' dir='ltr'>Cn.</span> <span class='ocrx_word' id='word_1_821' title='bbox 1387 1577 1416 1603; x_wconf 92' lang='lat' dir='ltr'>In</span> <span class='ocrx_word' id='word_1_822' title='bbox 1436 1577 1567 1603; x_wconf 76' lang='lat' dir='ltr'>civitatem</span> <span class='ocrx_word' id='word_1_823' title='bbox 1586 1577 1688 1604; x_wconf 77' lang='lat' dir='ltr'>venire.</span> <span class='ocrx_word' id='word_1_824' title='bbox 1712 1575 1754 1602; x_wconf 85' lang='lat' dir='ltr'>vel</span> <span class='ocrx_word' id='word_1_825' title='bbox 1774 1575 1913 1612; x_wconf 81' lang='lat' dir='ltr'>adplicare.</span> 
     </span>
     <span class='ocr_line' id='line_1_96' title="bbox 1074 1618 1914 1656; baseline -0.006 -6"><span class='ocrx_word' id='word_1_826' title='bbox 1074 1624 1103 1650; x_wconf 80' lang='lat' dir='ltr'>fr.</span> <span class='ocrx_word' id='word_1_827' title='bbox 1124 1625 1147 1649; x_wconf 89' lang='lat'>4.</span> <span class='ocrx_word' id='word_1_828' title='bbox 1168 1623 1189 1656; x_wconf 90' lang='lat'>3.</span> <span class='ocrx_word' id='word_1_829' title='bbox 1210 1624 1234 1648; x_wconf 91' lang='lat'>5.</span> <span class='ocrx_word' id='word_1_830' title='bbox 1255 1621 1286 1647; x_wconf 82' lang='grc'>119</span> <span class='ocrx_word' id='word_1_831' title='bbox 1306 1621 1350 1647; x_wconf 77' lang='lat' dir='ltr'>oss.</span> <span class='ocrx_word' id='word_1_832' title='bbox 1369 1620 1444 1646; x_wconf 83' lang='lat' dir='ltr'>Proc.</span> <span class='ocrx_word' id='word_1_833' title='bbox 1465 1625 1490 1646; x_wconf 86' lang='lat' dir='ltr'>et</span> <span class='ocrx_word' id='word_1_834' title='bbox 1508 1619 1570 1656; x_wconf 79' lang='lat' dir='ltr'>Leg.</span> <span class='ocrx_word' id='word_1_835' title='bbox 1592 1621 1613 1645; x_wconf 97' lang='lat' dir='ltr'>l.</span> <span class='ocrx_word' id='word_1_836' title='bbox 1629 1620 1668 1645; x_wconf 87' lang='lat'>16.</span> <span class='ocrx_word' id='word_1_837' title='bbox 1700 1618 1755 1645; x_wconf 72' lang='lat' dir='ltr'>Nec</span> <span class='ocrx_word' id='word_1_838' title='bbox 1774 1619 1914 1656; x_wconf 75' lang='lat' dir='ltr'>adplicare,</span> 
     </span>
     <span class='ocr_line' id='line_1_97' title="bbox 1074 1661 1912 1702; baseline -0.007 -9"><span class='ocrx_word' id='word_1_839' title='bbox 1074 1677 1121 1693; x_wconf 85' lang='grc'>1199</span> <span class='ocrx_word' id='word_1_840' title='bbox 1142 1675 1233 1702; x_wconf 82' lang='lat' dir='ltr'>aquam</span> <span class='ocrx_word' id='word_1_841' title='bbox 1260 1664 1363 1690; x_wconf 86' lang='lat' dir='ltr'>haurire</span> <span class='ocrx_word' id='word_1_842' title='bbox 1387 1664 1546 1700; x_wconf 71' lang='lat' dir='ltr'>permittere.</span> <span class='ocrx_word' id='word_1_843' title='bbox 1574 1662 1604 1688; x_wconf 85' lang='lat' dir='ltr'>sr.</span> <span class='ocrx_word' id='word_1_844' title='bbox 1623 1664 1648 1688; x_wconf 83' lang='grc'>2.</span> <span class='ocrx_word' id='word_1_845' title='bbox 1673 1662 1694 1696; x_wconf 81' lang='lat'>3.</span> <span class='ocrx_word' id='word_1_846' title='bbox 1714 1663 1755 1688; x_wconf 86' lang='lat'>46.</span> <span class='ocrx_word' id='word_1_847' title='bbox 1785 1662 1817 1688; x_wconf 84' lang='lat' dir='ltr'>de</span> <span class='ocrx_word' id='word_1_848' title='bbox 1841 1662 1874 1688; x_wconf 91' lang='lat' dir='ltr'>O.</span> <span class='ocrx_word' id='word_1_849' title='bbox 1894 1661 1912 1688; x_wconf 93' lang='lat' dir='ltr'>I.</span> 
     </span>
     <span class='ocr_line' id='line_1_98' title="bbox 1075 1704 1914 1743; baseline -0.006 -8"><span class='ocrx_word' id='word_1_850' title='bbox 1075 1712 1097 1736; x_wconf 96' lang='lat' dir='ltr'>l.</span> <span class='ocrx_word' id='word_1_851' title='bbox 1117 1711 1141 1735; x_wconf 87' lang='grc'>2,</span> <span class='ocrx_word' id='word_1_852' title='bbox 1180 1707 1285 1743; x_wconf 77' lang='lat' dir='ltr'>Quodsi</span> <span class='ocrx_word' id='word_1_853' title='bbox 1303 1706 1438 1743; x_wconf 87' lang='lat' dir='ltr'>paullatim</span> <span class='ocrx_word' id='word_1_854' title='bbox 1458 1707 1492 1732; x_wconf 87' lang='lat' dir='ltr'>ita</span> <span class='ocrx_word' id='word_1_855' title='bbox 1512 1706 1584 1732; x_wconf 81' lang='lat' dir='ltr'>ferat.</span> <span class='ocrx_word' id='word_1_856' title='bbox 1604 1710 1633 1731; x_wconf 85' lang='lat' dir='ltr'>ut</span> <span class='ocrx_word' id='word_1_857' title='bbox 1651 1704 1726 1730; x_wconf 81' lang='lat' dir='ltr'>alteri</span> <span class='ocrx_word' id='word_1_858' title='bbox 1745 1706 1813 1741; x_wconf 85' lang='lat' dir='ltr'>parti</span> <span class='ocrx_word' id='word_1_859' title='bbox 1832 1704 1914 1742; x_wconf 86' lang='lat' dir='ltr'>adpli-</span> 
     </span>
     <span class='ocr_line' id='line_1_99' title="bbox 1075 1747 1913 1785; baseline -0.007 -6"><span class='ocrx_word' id='word_1_860' title='bbox 1075 1757 1115 1779; x_wconf 83' lang='lat' dir='ltr'>cet</span> <span class='ocrx_word' id='word_1_861' title='bbox 1135 1752 1249 1785; x_wconf 77' lang='lat' dir='ltr'>(fluvius</span> <span class='ocrx_word' id='word_1_862' title='bbox 1263 1751 1281 1783; x_wconf 91' lang='lat'>).</span> <span class='ocrx_word' id='word_1_863' title='bbox 1307 1760 1328 1775; x_wconf 93' lang='grc'>9.</span> <span class='ocrx_word' id='word_1_864' title='bbox 1350 1751 1371 1775; x_wconf 94' lang='lat' dir='ltr'>l.</span> <span class='ocrx_word' id='word_1_865' title='bbox 1392 1748 1425 1774; x_wconf 86' lang='grc'>(19</span> <span class='ocrx_word' id='word_1_866' title='bbox 1443 1748 1567 1775; x_wconf 78' lang='lat' dir='ltr'>alluvion.</span> <span class='ocrx_word' id='word_1_867' title='bbox 1592 1749 1614 1774; x_wconf 83' lang='grc'>7.</span> <span class='ocrx_word' id='word_1_868' title='bbox 1633 1749 1675 1774; x_wconf 85' lang='lat'>41.</span> <span class='ocrx_word' id='word_1_869' title='bbox 1712 1747 1913 1779; x_wconf 80' lang='lat' dir='ltr'>Adiunctiones,</span> 
     </span>
     <span class='ocr_line' id='line_1_100' title="bbox 1076 1790 1914 1832; baseline -0.005 -11"><span class='ocrx_word' id='word_1_870' title='bbox 1076 1805 1139 1832; x_wconf 83' lang='lat' dir='ltr'>quas</span> <span class='ocrx_word' id='word_1_871' title='bbox 1160 1793 1239 1821; x_wconf 83' lang='lat' dir='ltr'>fundo</span> <span class='ocrx_word' id='word_1_872' title='bbox 1260 1792 1344 1828; x_wconf 78' lang='lat' dir='ltr'>legato</span> <span class='ocrx_word' id='word_1_873' title='bbox 1364 1796 1474 1817; x_wconf 83' lang='lat' dir='ltr'>testator</span> <span class='ocrx_word' id='word_1_874' title='bbox 1499 1801 1530 1817; x_wconf 82' lang='lat' dir='ltr'>ex</span> <span class='ocrx_word' id='word_1_875' title='bbox 1555 1790 1668 1817; x_wconf 78' lang='lat' dir='ltr'>diversis</span> <span class='ocrx_word' id='word_1_876' title='bbox 1693 1790 1851 1816; x_wconf 86' lang='lat' dir='ltr'>emtionibus</span> <span class='ocrx_word' id='word_1_877' title='bbox 1871 1790 1914 1817; x_wconf 83' lang='lat' dir='ltr'>ad-</span> 
     </span>
     <span class='ocr_line' id='line_1_101' title="bbox 1074 1832 1914 1875; baseline -0.005 -12"><span class='ocrx_word' id='word_1_878' title='bbox 1074 1838 1224 1875; x_wconf 77' lang='lat' dir='ltr'>plicaverat.</span> <span class='ocrx_word' id='word_1_879' title='bbox 1262 1834 1334 1861; x_wconf 89' lang='lat' dir='ltr'>Paul.</span> <span class='ocrx_word' id='word_1_880' title='bbox 1354 1834 1395 1860; x_wconf 91' lang='lat' dir='ltr'>III.</span> <span class='ocrx_word' id='word_1_881' title='bbox 1415 1836 1439 1860; x_wconf 82' lang='lat' dir='ltr'>ss.</span> <span class='ocrx_word' id='word_1_882' title='bbox 1460 1835 1481 1868; x_wconf 90' lang='lat'>3.</span> <span class='ocrx_word' id='word_1_883' title='bbox 1500 1835 1542 1860; x_wconf 88' lang='lat'>49.</span> <span class='ocrx_word' id='word_1_884' title='bbox 1568 1832 1598 1859; x_wconf 82' lang='lat' dir='ltr'>ef.</span> <span class='ocrx_word' id='word_1_885' title='bbox 1624 1833 1653 1859; x_wconf 89' lang='lat' dir='ltr'>fr.</span> <span class='ocrx_word' id='word_1_886' title='bbox 1674 1834 1713 1859; x_wconf 88' lang='lat'>19.</span> <span class='ocrx_word' id='word_1_887' title='bbox 1740 1832 1772 1859; x_wconf 81' lang='lat' dir='ltr'>de</span> <span class='ocrx_word' id='word_1_888' title='bbox 1794 1834 1821 1859; x_wconf 92' lang='lat' dir='ltr'>in</span> <span class='ocrx_word' id='word_1_889' title='bbox 1844 1833 1914 1860; x_wconf 87' lang='lat' dir='ltr'>diem</span> 
     </span>
     <span class='ocr_line' id='line_1_102' title="bbox 1075 1876 1913 1913; baseline -0.005 -6"><span class='ocrx_word' id='word_1_890' title='bbox 1075 1880 1169 1907; x_wconf 82' lang='lat' dir='ltr'>addict.</span> <span class='ocrx_word' id='word_1_891' title='bbox 1191 1881 1230 1905; x_wconf 69' lang='lat'>18.</span> <span class='ocrx_word' id='word_1_892' title='bbox 1245 1880 1269 1904; x_wconf 84' lang='grc'>2.</span> <span class='ocrx_word' id='word_1_893' title='bbox 1306 1877 1408 1903; x_wconf 81' lang='lat' dir='ltr'>Domus</span> <span class='ocrx_word' id='word_1_894' title='bbox 1428 1887 1486 1903; x_wconf 84' lang='grc'>911111</span> <span class='ocrx_word' id='word_1_895' title='bbox 1505 1876 1582 1902; x_wconf 89' lang='lat' dir='ltr'>horto</span> <span class='ocrx_word' id='word_1_896' title='bbox 1601 1876 1734 1913; x_wconf 82' lang='lat' dir='ltr'>adplicito.</span> <span class='ocrx_word' id='word_1_897' title='bbox 1754 1876 1784 1902; x_wconf 82' lang='lat' dir='ltr'>fr.</span> <span class='ocrx_word' id='word_1_898' title='bbox 1798 1878 1839 1903; x_wconf 85' lang='lat'>41.</span> <span class='ocrx_word' id='word_1_899' title='bbox 1853 1877 1875 1910; x_wconf 85' lang='lat'>3.</span> <span class='ocrx_word' id='word_1_900' title='bbox 1890 1879 1913 1903; x_wconf 94' lang='lat' dir='ltr'>l.</span> 
     </span>
     <span class='ocr_line' id='line_1_103' title="bbox 1075 1919 1914 1959; baseline -0.004 -10"><span class='ocrx_word' id='word_1_901' title='bbox 1075 1924 1106 1950; x_wconf 83' lang='lat' dir='ltr'>de</span> <span class='ocrx_word' id='word_1_902' title='bbox 1125 1923 1200 1959; x_wconf 79' lang='lat' dir='ltr'>legat.</span> <span class='ocrx_word' id='word_1_903' title='bbox 1221 1921 1263 1948; x_wconf 88' lang='grc' dir='ltr'>ΙΙΙ.</span> <span class='ocrx_word' id='word_1_904' title='bbox 1288 1921 1365 1954; x_wconf 84' lang='grc'>(32)</span> <span class='ocrx_word' id='word_1_905' title='bbox 1402 1919 1480 1946; x_wconf 71' lang='lat' dir='ltr'>Nulla</span> <span class='ocrx_word' id='word_1_906' title='bbox 1507 1921 1591 1956; x_wconf 85' lang='lat' dir='ltr'>ipsius</span> <span class='ocrx_word' id='word_1_907' title='bbox 1616 1920 1759 1946; x_wconf 79' lang='lat' dir='ltr'>mutatione</span> <span class='ocrx_word' id='word_1_908' title='bbox 1782 1919 1914 1957; x_wconf 72' lang='lat' dir='ltr'>adplicare-</span> 
     </span>
     <span class='ocr_line' id='line_1_104' title="bbox 1074 1962 1912 1999; baseline -0.006 -6"><span class='ocrx_word' id='word_1_909' title='bbox 1074 1966 1158 1997; x_wconf 74' lang='lat' dir='ltr'>aliud.</span> <span class='ocrx_word' id='word_1_910' title='bbox 1179 1966 1253 1991; x_wconf 84' lang='lat' dir='ltr'>euius</span> <span class='ocrx_word' id='word_1_911' title='bbox 1272 1963 1383 1990; x_wconf 84' lang='lat' dir='ltr'>molesta</span> <span class='ocrx_word' id='word_1_912' title='bbox 1403 1964 1533 1999; x_wconf 82' lang='lat' dir='ltr'>separatio</span> <span class='ocrx_word' id='word_1_913' title='bbox 1553 1963 1594 1988; x_wconf 88' lang='lat' dir='ltr'>sit.</span> <span class='ocrx_word' id='word_1_914' title='bbox 1619 1962 1649 1988; x_wconf 87' lang='lat' dir='ltr'>fr.</span> <span class='ocrx_word' id='word_1_915' title='bbox 1668 1964 1710 1988; x_wconf 75' lang='lat'>27.</span> <span class='ocrx_word' id='word_1_916' title='bbox 1729 1963 1812 1996; x_wconf 90' lang='lat'>§.14.</span> <span class='ocrx_word' id='word_1_917' title='bbox 1831 1962 1863 1988; x_wconf 86' lang='lat' dir='ltr'>ad</span> <span class='ocrx_word' id='word_1_918' title='bbox 1882 1962 1912 1989; x_wconf 82' lang='lat' dir='ltr'>L.</span> 
     </span>
     <span class='ocr_line' id='line_1_105' title="bbox 1074 2007 1912 2046; baseline -0.005 -11"><span class='ocrx_word' id='word_1_919' title='bbox 1074 2010 1142 2046; x_wconf 79' lang='lat' dir='ltr'>Aqu.</span> <span class='ocrx_word' id='word_1_920' title='bbox 1163 2010 1186 2035; x_wconf 89' lang='lat'>9.</span> <span class='ocrx_word' id='word_1_921' title='bbox 1206 2010 1230 2034; x_wconf 79' lang='lat'>2.</span> <span class='ocrx_word' id='word_1_922' title='bbox 1262 2023 1295 2027; x_wconf 84' lang='lat'>——</span> <span class='ocrx_word' id='word_1_923' title='bbox 1329 2008 1360 2040; x_wconf 74' lang='lat'>§0</span> <span class='ocrx_word' id='word_1_924' title='bbox 1381 2008 1416 2033; x_wconf 69' lang='lat'>2.</span> <span class='ocrx_word' id='word_1_925' title='bbox 1450 2007 1621 2037; x_wconf 64' lang='lat' dir='ltr'>Adlaibere,</span> <span class='ocrx_word' id='word_1_926' title='bbox 1646 2007 1912 2038; x_wconf 76' lang='lat' dir='ltr'>Aeeommodare,</span> 
     </span>
     <span class='ocr_line' id='line_1_106' title="bbox 1075 2048 1911 2086; baseline -0.006 -7"><span class='ocrx_word' id='word_1_927' title='bbox 1075 2054 1262 2086; x_wconf 78' lang='lat' dir='ltr'>lmplicare.</span> <span class='ocrx_word' id='word_1_928' title='bbox 1303 2050 1320 2076; x_wconf 88' lang='lat'>1.</span> <span class='ocrx_word' id='word_1_929' title='bbox 1342 2051 1402 2084; x_wconf 76' lang='lat' dir='ltr'>Sy.</span> <span class='ocrx_word' id='word_1_930' title='bbox 1437 2048 1562 2084; x_wconf 76' lang='lat' dir='ltr'>Obligare</span> <span class='ocrx_word' id='word_1_931' title='bbox 1585 2059 1621 2075; x_wconf 89' lang='lat' dir='ltr'>se.</span> <span class='ocrx_word' id='word_1_932' title='bbox 1654 2048 1683 2075; x_wconf 81' lang='lat' dir='ltr'>fr.</span> <span class='ocrx_word' id='word_1_933' title='bbox 1706 2050 1748 2074; x_wconf 87' lang='lat'>54.</span> <span class='ocrx_word' id='word_1_934' title='bbox 1772 2058 1811 2085; x_wconf 91' lang='lat' dir='ltr'>pr.</span> <span class='ocrx_word' id='word_1_935' title='bbox 1835 2048 1911 2075; x_wconf 80' lang='lat' dir='ltr'>locat.</span> 
     </span>
     <span class='ocr_line' id='line_1_107' title="bbox 1075 2091 1912 2129; baseline -0.006 -7"><span class='ocrx_word' id='word_1_936' title='bbox 1075 2097 1114 2122; x_wconf 85' lang='lat'>19.</span> <span class='ocrx_word' id='word_1_937' title='bbox 1134 2097 1159 2121; x_wconf 79' lang='lat'>2.</span> <span class='ocrx_word' id='word_1_938' title='bbox 1198 2094 1369 2129; x_wconf 75' lang='lat' dir='ltr'>Adstringere</span> <span class='ocrx_word' id='word_1_939' title='bbox 1389 2102 1417 2118; x_wconf 90' lang='lat' dir='ltr'>se</span> <span class='ocrx_word' id='word_1_940' title='bbox 1437 2092 1622 2124; x_wconf 81' lang='lat' dir='ltr'>(muneribus).</span> <span class='ocrx_word' id='word_1_941' title='bbox 1649 2091 1679 2118; x_wconf 75' lang='lat' dir='ltr'>fr.</span> <span class='ocrx_word' id='word_1_942' title='bbox 1699 2093 1723 2117; x_wconf 80' lang='lat'>2.</span> <span class='ocrx_word' id='word_1_943' title='bbox 1742 2101 1781 2128; x_wconf 89' lang='lat' dir='ltr'>pr.</span> <span class='ocrx_word' id='word_1_944' title='bbox 1807 2091 1839 2118; x_wconf 87' lang='lat' dir='ltr'>de</span> <span class='ocrx_word' id='word_1_945' title='bbox 1857 2092 1912 2117; x_wconf 84' lang='lat' dir='ltr'>iure</span> 
     </span>
     <span class='ocr_line' id='line_1_108' title="bbox 1074 2133 1911 2170; baseline -0.005 -6"><span class='ocrx_word' id='word_1_946' title='bbox 1074 2140 1142 2164; x_wconf 90' lang='lat' dir='ltr'>imm.</span> <span class='ocrx_word' id='word_1_947' title='bbox 1162 2140 1203 2164; x_wconf 83' lang='lat'>50.</span> <span class='ocrx_word' id='word_1_948' title='bbox 1224 2138 1247 2163; x_wconf 88' lang='lat'>6.</span> <span class='ocrx_word' id='word_1_949' title='bbox 1285 2135 1491 2162; x_wconf 72' lang='lat' dir='ltr'>Accommodare</span> <span class='ocrx_word' id='word_1_950' title='bbox 1509 2135 1739 2170; x_wconf 72' lang='lat' dir='ltr'>(significationem</span> <span class='ocrx_word' id='word_1_951' title='bbox 1759 2134 1820 2167; x_wconf 85' lang='lat' dir='ltr'>etc.)</span> <span class='ocrx_word' id='word_1_952' title='bbox 1844 2133 1873 2160; x_wconf 83' lang='lat' dir='ltr'>fr.</span> <span class='ocrx_word' id='word_1_953' title='bbox 1887 2135 1911 2160; x_wconf 83' lang='lat'>8.</span> 
     </span>
     <span class='ocr_line' id='line_1_109' title="bbox 1073 2176 1912 2216; baseline -0.007 -8"><span class='ocrx_word' id='word_1_954' title='bbox 1073 2182 1105 2208; x_wconf 81' lang='grc'>(19</span> <span class='ocrx_word' id='word_1_955' title='bbox 1125 2191 1187 2207; x_wconf 83' lang='lat' dir='ltr'>auro</span> <span class='ocrx_word' id='word_1_956' title='bbox 1207 2190 1257 2216; x_wconf 75' lang='lat' dir='ltr'>arg.</span> <span class='ocrx_word' id='word_1_957' title='bbox 1277 2181 1318 2205; x_wconf 75' lang='lat'>34.</span> <span class='ocrx_word' id='word_1_958' title='bbox 1338 2181 1362 2205; x_wconf 87' lang='grc'>2.</span> <span class='ocrx_word' id='word_1_959' title='bbox 1399 2178 1441 2204; x_wconf 91' lang='grc' dir='ltr'>ΙΙΙ.</span> <span class='ocrx_word' id='word_1_960' title='bbox 1462 2179 1528 2205; x_wconf 72' lang='lat' dir='ltr'>Cn.</span> <span class='ocrx_word' id='word_1_961' title='bbox 1560 2178 1617 2204; x_wconf 80' lang='lat' dir='ltr'>Etsi</span> <span class='ocrx_word' id='word_1_962' title='bbox 1642 2187 1694 2203; x_wconf 91' lang='lat' dir='ltr'>uon</span> <span class='ocrx_word' id='word_1_963' title='bbox 1718 2182 1769 2203; x_wconf 85' lang='lat' dir='ltr'>tam</span> <span class='ocrx_word' id='word_1_964' title='bbox 1792 2187 1824 2204; x_wconf 81' lang='lat' dir='ltr'>ex</span> <span class='ocrx_word' id='word_1_965' title='bbox 1848 2176 1912 2203; x_wconf 88' lang='lat' dir='ltr'>obli-</span> 
     </span>
     <span class='ocr_line' id='line_1_110' title="bbox 1073 2219 1911 2261; baseline -0.007 -10"><span class='ocrx_word' id='word_1_966' title='bbox 1073 2226 1176 2260; x_wconf 64' lang='lat' dir='ltr'>gatione</span> <span class='ocrx_word' id='word_1_967' title='bbox 1195 2223 1398 2261; x_wconf 75' lang='lat' dir='ltr'>proficiscantur</span> <span class='ocrx_word' id='word_1_968' title='bbox 1417 2222 1467 2255; x_wconf 88' lang='lat' dir='ltr'>(se.</span> <span class='ocrx_word' id='word_1_969' title='bbox 1487 2222 1603 2253; x_wconf 81' lang='lat' dir='ltr'>usurae).</span> <span class='ocrx_word' id='word_1_970' title='bbox 1623 2230 1699 2256; x_wconf 86' lang='lat' dir='ltr'>quam</span> <span class='ocrx_word' id='word_1_971' title='bbox 1718 2230 1750 2246; x_wconf 81' lang='lat' dir='ltr'>ex</span> <span class='ocrx_word' id='word_1_972' title='bbox 1769 2219 1856 2246; x_wconf 86' lang='lat' dir='ltr'>officio</span> <span class='ocrx_word' id='word_1_973' title='bbox 1875 2220 1911 2245; x_wconf 76' lang='lat' dir='ltr'>iu=</span> 
     </span>
     <span class='ocr_line' id='line_1_111' title="bbox 1073 2263 1910 2303; baseline -0.006 -9"><span class='ocrx_word' id='word_1_974' title='bbox 1073 2268 1138 2294; x_wconf 83' lang='lat' dir='ltr'>dieis</span> <span class='ocrx_word' id='word_1_975' title='bbox 1159 2266 1331 2303; x_wconf 77' lang='lat' dir='ltr'>adplicentur.</span> <span class='ocrx_word' id='word_1_976' title='bbox 1358 2264 1388 2291; x_wconf 82' lang='lat' dir='ltr'>fr.</span> <span class='ocrx_word' id='word_1_977' title='bbox 1408 2267 1448 2291; x_wconf 88' lang='lat'>54.</span> <span class='ocrx_word' id='word_1_978' title='bbox 1468 2274 1507 2301; x_wconf 91' lang='lat' dir='ltr'>pr.</span> <span class='ocrx_word' id='word_1_979' title='bbox 1528 2263 1603 2290; x_wconf 82' lang='lat' dir='ltr'>locat.</span> <span class='ocrx_word' id='word_1_980' title='bbox 1629 2265 1668 2289; x_wconf 88' lang='lat'>19.</span> <span class='ocrx_word' id='word_1_981' title='bbox 1687 2265 1711 2289; x_wconf 86' lang='grc'>2.</span> <span class='ocrx_word' id='word_1_982' title='bbox 1749 2263 1910 2298; x_wconf 71' lang='lat' dir='ltr'>Obligationi</span> 
     </span>
     <span class='ocr_line' id='line_1_112' title="bbox 1071 2305 1909 2347; baseline -0.007 -10"><span class='ocrx_word' id='word_1_983' title='bbox 1071 2312 1166 2347; x_wconf 73' lang='lat' dir='ltr'>magis.</span> <span class='ocrx_word' id='word_1_984' title='bbox 1186 2319 1263 2346; x_wconf 81' lang='lat' dir='ltr'>quam</span> <span class='ocrx_word' id='word_1_985' title='bbox 1282 2308 1407 2334; x_wconf 87' lang='lat' dir='ltr'>solutioni</span> <span class='ocrx_word' id='word_1_986' title='bbox 1427 2307 1573 2343; x_wconf 82' lang='lat' dir='ltr'>adplicatur</span> <span class='ocrx_word' id='word_1_987' title='bbox 1592 2307 1716 2343; x_wconf 79' lang='lat' dir='ltr'>(persona</span> <span class='ocrx_word' id='word_1_988' title='bbox 1735 2305 1806 2338; x_wconf 85' lang='lat' dir='ltr'>filii).</span> <span class='ocrx_word' id='word_1_989' title='bbox 1823 2305 1853 2331; x_wconf 84' lang='lat' dir='ltr'>fr.</span> <span class='ocrx_word' id='word_1_990' title='bbox 1867 2306 1909 2331; x_wconf 89' lang='lat'>56.</span> 
     </span>
     <span class='ocr_line' id='line_1_113' title="bbox 1072 2347 1909 2388; baseline -0.006 -8"><span class='ocrx_word' id='word_1_991' title='bbox 1072 2355 1093 2388; x_wconf 89' lang='lat'>3.</span> <span class='ocrx_word' id='word_1_992' title='bbox 1113 2356 1137 2380; x_wconf 87' lang='grc'>3</span> <span class='ocrx_word' id='word_1_993' title='bbox 1158 2353 1190 2379; x_wconf 83' lang='grc'>(19</span> <span class='ocrx_word' id='word_1_994' title='bbox 1210 2352 1241 2378; x_wconf 88' lang='lat' dir='ltr'>V.</span> <span class='ocrx_word' id='word_1_995' title='bbox 1262 2351 1295 2377; x_wconf 90' lang='grc' dir='ltr'>Ο.</span> <span class='ocrx_word' id='word_1_996' title='bbox 1316 2352 1357 2377; x_wconf 83' lang='grc'>45,</span> <span class='ocrx_word' id='word_1_997' title='bbox 1379 2352 1401 2376; x_wconf 96' lang='lat'>1.</span> <span class='ocrx_word' id='word_1_998' title='bbox 1439 2350 1572 2386; x_wconf 68' lang='lat' dir='ltr'>obligatio</span> <span class='ocrx_word' id='word_1_999' title='bbox 1593 2349 1691 2381; x_wconf 70' lang='lat' dir='ltr'>civilis,</span> <span class='ocrx_word' id='word_1_1000' title='bbox 1714 2348 1756 2375; x_wconf 76' lang='lat' dir='ltr'>vel</span> <span class='ocrx_word' id='word_1_1001' title='bbox 1775 2347 1909 2375; x_wconf 85' lang='lat' dir='ltr'>naturalis.</span> 
     </span>
     <span class='ocr_line' id='line_1_114' title="bbox 1073 2390 1908 2433; baseline -0.007 -10"><span class='ocrx_word' id='word_1_1002' title='bbox 1073 2398 1113 2423; x_wconf 85' lang='grc'>9111</span> <span class='ocrx_word' id='word_1_1003' title='bbox 1140 2395 1287 2433; x_wconf 80' lang='lat' dir='ltr'>adplicetur</span> <span class='ocrx_word' id='word_1_1004' title='bbox 1313 2393 1495 2427; x_wconf 79' lang='lat' dir='ltr'>(fideiussor).</span> <span class='ocrx_word' id='word_1_1005' title='bbox 1525 2392 1555 2419; x_wconf 84' lang='lat' dir='ltr'>sr.</span> <span class='ocrx_word' id='word_1_1006' title='bbox 1576 2394 1616 2419; x_wconf 84' lang='lat'>16.</span> <span class='ocrx_word' id='word_1_1007' title='bbox 1641 2393 1662 2426; x_wconf 88' lang='lat'>3.</span> <span class='ocrx_word' id='word_1_1008' title='bbox 1681 2393 1705 2418; x_wconf 84' lang='lat'>3.</span> <span class='ocrx_word' id='word_1_1009' title='bbox 1735 2391 1767 2417; x_wconf 86' lang='lat' dir='ltr'>de</span> <span class='ocrx_word' id='word_1_1010' title='bbox 1791 2390 1908 2417; x_wconf 70' lang='lat' dir='ltr'>fideiuss.</span> 
     </span>
     <span class='ocr_line' id='line_1_115' title="bbox 1070 2433 1908 2475; baseline -0.008 -9"><span class='ocrx_word' id='word_1_1011' title='bbox 1070 2442 1112 2466; x_wconf 84' lang='lat'>46.</span> <span class='ocrx_word' id='word_1_1012' title='bbox 1133 2441 1155 2465; x_wconf 96' lang='grc'>1.</span> <span class='ocrx_word' id='word_1_1013' title='bbox 1193 2437 1383 2475; x_wconf 86' lang='lat' dir='ltr'>Stipulationes</span> <span class='ocrx_word' id='word_1_1014' title='bbox 1406 2435 1565 2473; x_wconf 87' lang='lat' dir='ltr'>impossibili</span> <span class='ocrx_word' id='word_1_1015' title='bbox 1584 2435 1734 2461; x_wconf 81' lang='lat' dir='ltr'>conditione</span> <span class='ocrx_word' id='word_1_1016' title='bbox 1755 2433 1908 2471; x_wconf 83' lang='lat' dir='ltr'>adplicatae.</span> 
     </span>
     <span class='ocr_line' id='line_1_116' title="bbox 1072 2478 1908 2509; baseline -0.008 0"><span class='ocrx_word' id='word_1_1017' title='bbox 1072 2483 1101 2509; x_wconf 86' lang='lat' dir='ltr'>sr.</span> <span class='ocrx_word' id='word_1_1018' title='bbox 1120 2484 1162 2509; x_wconf 88' lang='lat'>31.</span> <span class='ocrx_word' id='word_1_1019' title='bbox 1192 2481 1224 2507; x_wconf 89' lang='lat' dir='ltr'>de</span> <span class='ocrx_word' id='word_1_1020' title='bbox 1244 2480 1277 2506; x_wconf 91' lang='grc' dir='ltr'>Ο.</span> <span class='ocrx_word' id='word_1_1021' title='bbox 1299 2484 1323 2506; x_wconf 90' lang='lat' dir='ltr'>et</span> <span class='ocrx_word' id='word_1_1022' title='bbox 1342 2479 1373 2505; x_wconf 91' lang='lat' dir='ltr'>A.</span> <span class='ocrx_word' id='word_1_1023' title='bbox 1397 2481 1438 2505; x_wconf 85' lang='lat'>44.</span> <span class='ocrx_word' id='word_1_1024' title='bbox 1460 2481 1483 2506; x_wconf 82' lang='lat'>7.</span> <span class='ocrx_word' id='word_1_1025' title='bbox 1520 2478 1579 2505; x_wconf 76' lang='lat' dir='ltr'>Non</span> <span class='ocrx_word' id='word_1_1026' title='bbox 1604 2478 1725 2504; x_wconf 84' lang='lat' dir='ltr'>idoneum</span> <span class='ocrx_word' id='word_1_1027' title='bbox 1748 2486 1853 2503; x_wconf 84' lang='lat' dir='ltr'>servum</span> <span class='ocrx_word' id='word_1_1028' title='bbox 1872 2478 1908 2503; x_wconf 81' lang='lat' dir='ltr'>rei</span> 
     </span>
     <span class='ocr_line' id='line_1_117' title="bbox 1072 2519 1909 2560; baseline -0.006 -9"><span class='ocrx_word' id='word_1_1029' title='bbox 1072 2525 1202 2551; x_wconf 78' lang='lat' dir='ltr'>communi</span> <span class='ocrx_word' id='word_1_1030' title='bbox 1222 2522 1361 2560; x_wconf 84' lang='lat' dir='ltr'>adplicare.</span> <span class='ocrx_word' id='word_1_1031' title='bbox 1392 2522 1422 2548; x_wconf 84' lang='lat' dir='ltr'>fr.</span> <span class='ocrx_word' id='word_1_1032' title='bbox 1442 2524 1484 2549; x_wconf 80' lang='lat'>45,</span> <span class='ocrx_word' id='word_1_1033' title='bbox 1504 2523 1568 2556; x_wconf 87' lang='lat'>3.1.</span> <span class='ocrx_word' id='word_1_1034' title='bbox 1589 2521 1646 2547; x_wconf 67' lang='grc'>111111.</span> <span class='ocrx_word' id='word_1_1035' title='bbox 1667 2530 1716 2546; x_wconf 83' lang='grc'>919.</span> <span class='ocrx_word' id='word_1_1036' title='bbox 1738 2521 1778 2546; x_wconf 89' lang='grc'>10.</span> <span class='ocrx_word' id='word_1_1037' title='bbox 1797 2521 1821 2546; x_wconf 88' lang='grc'>2.</span> <span class='ocrx_word' id='word_1_1038' title='bbox 1849 2519 1909 2546; x_wconf 73' lang='lat' dir='ltr'>Non</span> 
     </span>
     <span class='ocr_line' id='line_1_118' title="bbox 1071 2562 1909 2602; baseline -0.007 -8"><span class='ocrx_word' id='word_1_1039' title='bbox 1071 2568 1147 2594; x_wconf 82' lang='lat' dir='ltr'>aliter</span> <span class='ocrx_word' id='word_1_1040' title='bbox 1166 2572 1194 2594; x_wconf 80' lang='lat' dir='ltr'>ut</span> <span class='ocrx_word' id='word_1_1041' title='bbox 1213 2577 1304 2593; x_wconf 84' lang='lat' dir='ltr'>servus</span> <span class='ocrx_word' id='word_1_1042' title='bbox 1324 2567 1472 2602; x_wconf 85' lang='lat' dir='ltr'>quaestioni</span> <span class='ocrx_word' id='word_1_1043' title='bbox 1492 2564 1644 2601; x_wconf 85' lang='lat' dir='ltr'>adplicetur.</span> <span class='ocrx_word' id='word_1_1044' title='bbox 1668 2562 1699 2589; x_wconf 80' lang='lat' dir='ltr'>fr.</span> <span class='ocrx_word' id='word_1_1045' title='bbox 1720 2564 1760 2589; x_wconf 85' lang='lat'>19.</span> <span class='ocrx_word' id='word_1_1046' title='bbox 1780 2562 1813 2589; x_wconf 83' lang='lat' dir='ltr'>de</span> <span class='ocrx_word' id='word_1_1047' title='bbox 1833 2573 1909 2599; x_wconf 78' lang='lat' dir='ltr'>quae-</span> 
     </span>
     <span class='ocr_line' id='line_1_119' title="bbox 1071 2605 1907 2639; baseline -0.007 -2"><span class='ocrx_word' id='word_1_1048' title='bbox 1071 2612 1149 2637; x_wconf 80' lang='lat' dir='ltr'>stion,</span> <span class='ocrx_word' id='word_1_1049' title='bbox 1173 2611 1214 2636; x_wconf 84' lang='lat'>48.</span> <span class='ocrx_word' id='word_1_1050' title='bbox 1231 2610 1270 2635; x_wconf 77' lang='lat'>18.</span> <span class='ocrx_word' id='word_1_1051' title='bbox 1307 2609 1370 2639; x_wconf 79' lang='lat' dir='ltr'>Alii,</span> <span class='ocrx_word' id='word_1_1052' title='bbox 1389 2608 1430 2635; x_wconf 81' lang='lat' dir='ltr'>vel</span> <span class='ocrx_word' id='word_1_1053' title='bbox 1451 2613 1581 2635; x_wconf 73' lang='lat' dir='ltr'>extranee.</span> <span class='ocrx_word' id='word_1_1054' title='bbox 1601 2605 1706 2635; x_wconf 84' lang='lat' dir='ltr'>donare.</span> <span class='ocrx_word' id='word_1_1055' title='bbox 1725 2605 1767 2631; x_wconf 76' lang='lat' dir='ltr'>vel</span> <span class='ocrx_word' id='word_1_1056' title='bbox 1786 2606 1907 2637; x_wconf 71' lang='lat' dir='ltr'>vendere.</span> 
     </span>
    </p>
   </div>
   <div class='ocr_carea' id='block_1_13' title="bbox 1070 2648 1908 2733">
    <p class='ocr_par' dir='ltr' id='par_1_20' title="bbox 1070 2648 1908 2733">
     <span class='ocr_line' id='line_1_120' title="bbox 1070 2648 1908 2689; baseline -0.007 -9"><span class='ocrx_word' id='word_1_1057' title='bbox 1070 2653 1125 2685; x_wconf 81' lang='lat' dir='ltr'>vel,</span> <span class='ocrx_word' id='word_1_1058' title='bbox 1145 2662 1303 2689; x_wconf 84' lang='lat' dir='ltr'>quocunque</span> <span class='ocrx_word' id='word_1_1059' title='bbox 1321 2652 1399 2678; x_wconf 85' lang='lat' dir='ltr'>modo</span> <span class='ocrx_word' id='word_1_1060' title='bbox 1417 2651 1561 2677; x_wconf 70' lang='lat' dir='ltr'>voluerant.</span> <span class='ocrx_word' id='word_1_1061' title='bbox 1581 2648 1720 2687; x_wconf 83' lang='lat' dir='ltr'>adplicare.</span> <span class='ocrx_word' id='word_1_1062' title='bbox 1744 2649 1809 2682; x_wconf 91' lang='lat'>3.1.</span> <span class='ocrx_word' id='word_1_1063' title='bbox 1829 2648 1847 2674; x_wconf 93' lang='lat' dir='ltr'>l.</span> <span class='ocrx_word' id='word_1_1064' title='bbox 1861 2658 1908 2685; x_wconf 86' lang='lat' dir='ltr'>per</span> 
     </span>
     <span class='ocr_line' id='line_1_121' title="bbox 1071 2692 1906 2733; baseline -0.008 -10"><span class='ocrx_word' id='word_1_1065' title='bbox 1071 2707 1113 2733; x_wconf 88' lang='lat' dir='ltr'>qu.</span> <span class='ocrx_word' id='word_1_1066' title='bbox 1139 2706 1244 2733; x_wconf 88' lang='lat' dir='ltr'>person.</span> <span class='ocrx_word' id='word_1_1067' title='bbox 1273 2697 1297 2721; x_wconf 85' lang='grc'>2.</span> <span class='ocrx_word' id='word_1_1068' title='bbox 1322 2696 1345 2721; x_wconf 92' lang='grc'>9.</span> <span class='ocrx_word' id='word_1_1069' title='bbox 1389 2693 1458 2720; x_wconf 77' lang='lat' dir='ltr'>Fisci</span> <span class='ocrx_word' id='word_1_1070' title='bbox 1486 2692 1600 2724; x_wconf 72' lang='lat' dir='ltr'>viribus,</span> <span class='ocrx_word' id='word_1_1071' title='bbox 1629 2702 1653 2718; x_wconf 89' lang='lat' dir='ltr'>v.</span> <span class='ocrx_word' id='word_1_1072' title='bbox 1679 2696 1771 2718; x_wconf 88' lang='lat' dir='ltr'>nostro</span> <span class='ocrx_word' id='word_1_1073' title='bbox 1799 2692 1906 2721; x_wconf 82' lang='lat' dir='ltr'>aerario.</span> 
     </span>
    </p>
   </div>
   <div class='ocr_carea' id='block_1_14' title="bbox 1071 2734 1905 2817">
    <p class='ocr_par' dir='ltr' id='par_1_21' title="bbox 1071 2734 1905 2817">
     <span class='ocr_line' id='line_1_122' title="bbox 1071 2734 1905 2776; baseline -0.007 -11"><span class='ocrx_word' id='word_1_1074' title='bbox 1071 2738 1140 2776; x_wconf 88' lang='lat' dir='ltr'>adpl.</span> <span class='ocrx_word' id='word_1_1075' title='bbox 1179 2738 1228 2765; x_wconf 92' lang='lat' dir='ltr'>Th.</span> <span class='ocrx_word' id='word_1_1076' title='bbox 1249 2737 1279 2764; x_wconf 91' lang='lat' dir='ltr'>C.</span> <span class='ocrx_word' id='word_1_1077' title='bbox 1299 2737 1369 2764; x_wconf 77' lang='lat' dir='ltr'>XVI.</span> <span class='ocrx_word' id='word_1_1078' title='bbox 1390 2738 1413 2762; x_wconf 74' lang='lat'>6.</span> <span class='ocrx_word' id='word_1_1079' title='bbox 1434 2746 1454 2761; x_wconf 79' lang='lat' dir='ltr'>c.</span> <span class='ocrx_word' id='word_1_1080' title='bbox 1474 2737 1498 2761; x_wconf 87' lang='lat'>4.</span> <span class='ocrx_word' id='word_1_1081' title='bbox 1518 2735 1539 2769; x_wconf 87' lang='lat'>3.</span> <span class='ocrx_word' id='word_1_1082' title='bbox 1554 2736 1576 2760; x_wconf 91' lang='grc'>1.</span> <span class='ocrx_word' id='word_1_1083' title='bbox 1597 2745 1629 2761; x_wconf 86' lang='grc'>119</span> <span class='ocrx_word' id='word_1_1084' title='bbox 1648 2744 1669 2761; x_wconf 91' lang='lat' dir='ltr'>s.</span> <span class='ocrx_word' id='word_1_1085' title='bbox 1689 2734 1810 2771; x_wconf 86' lang='lat' dir='ltr'>baptism.</span> <span class='ocrx_word' id='word_1_1086' title='bbox 1831 2735 1905 2760; x_wconf 58' lang='lat'>«213.</span> 
     </span>
     <span class='ocr_line' id='line_1_123' title="bbox 1071 2781 1372 2817; baseline -0.013 -8"><span class='ocrx_word' id='word_1_1087' title='bbox 1071 2783 1092 2817; x_wconf 88' lang='lat'>3.</span> <span class='ocrx_word' id='word_1_1088' title='bbox 1113 2783 1136 2808; x_wconf 87' lang='lat'>8.</span> <span class='ocrx_word' id='word_1_1089' title='bbox 1157 2781 1189 2808; x_wconf 86' lang='lat' dir='ltr'>de</span> <span class='ocrx_word' id='word_1_1090' title='bbox 1208 2781 1286 2807; x_wconf 88' lang='lat' dir='ltr'>iudic.</span> <span class='ocrx_word' id='word_1_1091' title='bbox 1305 2782 1328 2806; x_wconf 85' lang='lat'>3.</span> <span class='ocrx_word' id='word_1_1092' title='bbox 1350 2782 1372 2805; x_wconf 94' lang='lat' dir='ltr'>l.</span> 
     </span>
    </p>
   </div>
   <div class='ocr_carea' id='block_1_15' title="bbox 1106 2820 1565 2890">
    <p class='ocr_par' dir='ltr' id='par_1_22' title="bbox 1106 2820 1565 2890">
     <span class='ocr_line' id='line_1_124' title="bbox 1106 2820 1565 2858; baseline -0.011 -6"><span class='ocrx_word' id='word_1_1093' title='bbox 1106 2824 1400 2858; x_wconf 75' lang='lat' dir='ltr'>Adplumbatum</span> <span class='ocrx_word' id='word_1_1094' title='bbox 1431 2820 1565 2855; x_wconf 65' lang='lat' dir='ltr'>(partic).</span> 
     </span>
     <span class='ocr_line' id='line_1_125' title="bbox 1446 2866 1462 2890; baseline 0 0"><span class='ocrx_word' id='word_1_1095' title='bbox 1446 2866 1462 2890; x_wconf 89' lang='lat'>5</span> 
     </span>
    </p>
   </div>
   <div class='ocr_carea' id='block_1_16' title="bbox 1611 2820 1905 2848">
    <p class='ocr_par' dir='ltr' id='par_1_23' title="bbox 1611 2820 1905 2848">
     <span class='ocr_line' id='line_1_126' title="bbox 1611 2820 1905 2848; baseline -0.017 0"><span class='ocrx_word' id='word_1_1096' title='bbox 1611 2822 1743 2848; x_wconf 79' lang='lat' dir='ltr'>Plumbo</span> <span class='ocrx_word' id='word_1_1097' title='bbox 1774 2820 1905 2846; x_wconf 78' lang='lat' dir='ltr'>coniun-</span> 
     </span>
    </p>
   </div>
  </div>
 </body>
</html>
