2197 3121
1003 170 1102 202 CER.

196 258 235 283 17.
254 257 296 282 44.
318 256 375 282 138.
397 257 455 282 140.
491 254 551 292 le.
572 253 590 280 1.
610 254 634 280 6.
668 252 758 280 Censu
781 252 1032 280 manumittebantur
1054 272 1055 278 .

194 298 269 331 olim.
289 299 334 334 qui
353 298 456 324 lustrali
476 308 556 324 censu
574 296 673 323 Romae
692 298 766 323 iussu
785 296 950 323 dominorum
965 297 1032 322 inter

195 341 266 368 cives
285 340 316 367 R.
336 351 443 367 censum
461 340 660 377 profitebantur.
689 340 726 366 lb.
746 339 764 366 I.
778 341 802 365 ὅ.
822 355 855 359 -—
874 340 904 373 ξ.
920 341 954 366 2.
976 342 1032 366 Re·
1054 344 1055 351 ¹

194 386 302 411 censio
326 390 354 410 et
382 384 561 417 descriptio
590 385 807 414 tribulorum,
833 384 1031 417 praesertim
1054 402 1055 407 1

193 428 288 461 agris
308 428 542 461 impositorum.
579 425 598 452 I.
613 427 674 460 Sy.
704 425 845 452 Professio.
876 425 926 451 Th.
941 424 972 451 C.
986 424 1031 451 XI.

193 470 236 495 22.
256 479 277 496 c.
296 471 320 495 2.
340 479 373 495 ne
393 468 479 495 collat.
499 467 617 494 translat.
642 468 687 495 XJ.
707 469 747 494 28.
774 477 794 494 c.
816 469 856 494 12.
882 468 914 494 dc
934 467 1031 504 indulg.

194 511 307 538 debitor.
344 511 441 538 Norma
461 521 545 537 censa.
573 522 593 538 c.
610 513 649 537 10.
670 511 703 538 de.
721 509 826 547 agricol.
848 512 888 536 11.
903 512 944 537 47.
972 510 1034 537 Col-

194 554 266 581 latio.
301 554 351 581 Th.
372 553 402 581 C.
423 553 467 580 XI.
487 555 511 580 3.
537 564 558 580 c.
581 556 603 580 1.
629 565 650 580 c.
669 556 693 580 3.
719 555 775 579 sine
794 563 874 579 censu
894 564 918 580 v.
938 553 1032 590 reliqu.
1054 568 1055 573 =

194 596 314 623 Fiscalia.
340 596 423 623 Vatic.
438 596 514 630 335.
551 596 593 623 III.
610 598 675 624 Gn.
695 596 799 623 Census
820 601 845 622 et
865 601 1032 623 monumenta

194 639 300 677 publica
319 640 439 676 (potiora
458 639 572 665 testibus
593 640 676 672 esse).
706 638 736 665 fr.
757 641 796 665 10.
817 638 849 665 de
868 639 971 676 probat.
990 642 1032 665 22.
1054 661 1055 671 ,

193 684 217 709 3.
254 682 406 709 Personalia
430 682 516 708 civilia
542 687 603 708 sunt
625 692 742 708 munera:
768 698 800 701 —
827 682 859 708 ad
879 692 974 709 census
994 692 1034 708 ac·
1054 686 1056 707 1

195 726 344 763 cipiendoS‚
371 725 419 759 [al.
439 724 644 761 accipiendum}
676 724 706 751 fr.
728 726 750 750 1.
772 725 793 758 3.
813 726 837 751 2.
864 724 895 751 de
919 735 988 751 mun.
1008 729 1034 751 ct

193 769 255 795 hon.
283 770 324 794 50.
349 770 372 794 4.
415 767 519 794 Census
544 772 569 794 et
594 767 675 793 falsae
699 772 819 793 monetae
843 768 959 794 criminis
987 768 1032 793 rei.

193 811 225 838 fr.
238 813 280 838 53.
301 811 333 838 de
352 811 430 837 iudic.
450 813 473 836 5.
490 813 511 837 1.
549 811 624 846 Quae
642 814 702 847 post
717 820 824 836 censum
838 810 952 837 edictum
965 815 1032 836 nata.

193 859 237 881 aut
255 859 348 892 postea
367 855 485 890 quaesita
505 858 572 879 sunt.
593 852 622 879 sr.
638 855 662 879 4.
683 853 705 886 3.
719 854 742 880 9.
763 853 795 879 de
815 853 913 880 censib.
934 855 975 879 50.
992 855 1031 879 15.

194 896 264 923 Vitia
300 898 417 934 priorum
455 906 591 924 censuum.
632 895 709 922 editis
747 897 824 922 novis
862 896 1033 933 professioni·
1053 911 1055 917 x

192 939 256 968 bus.
285 944 451 966 evanescunt.
485 938 515 965 fr.
539 941 563 965 2.
593 938 624 965 cf.
649 938 679 965 fr.
699 940 722 965 4.
747 939 768 973 3.
794 941 834 965 10.
865 939 900 965 ib.
924 941 965 966 50.
992 941 1031 966 15.
1053 959 1054 962 ,

193 982 286 1009 Forma
306 982 422 1009 censuali
441 986 555 1010 cavetur.
576 987 604 1008 111
623 983 677 1018 agri
696 983 734 1008 sic
754 983 780 1008 in
800 992 907 1009 censum
921 982 1033 1008 referan-

178 1030 236 1052 vtur
254 1031 302 1052 etc.
331 1026 360 1052 sr.
381 1027 404 1051 4.
424 1035 464 1062 pr.
489 1025 520 1051 ci'.
541 1025 572 1051 fr.
592 1027 616 1051 3.
635 1035 674 1062 pr.
700 1025 734 1051 ib.
754 1027 796 1051 50.
817 1027 857 1051 15.
898 1025 1033 1061 Exacqua-

191 1069 279 1094 tiones
299 1078 436 1099 censuum.
462 1078 526 1104 quas
551 1084 583 1087 --
608 1078 746 1094 censorum
770 1073 796 1094 et
814 1073 1032 1106 peraequatorum

192 1110 278 1137 officia
297 1127 330 1130 ——
349 1111 533 1148 probaverant.
563 1110 614 1136 Th.
629 1110 660 1137 C.
673 1111 743 1137 XIII.
766 1113 804 1137 10.
825 1122 846 1138 c.
862 1112 885 1138 8.
906 1111 938 1137 de
952 1121 1033 1137 censu
1053 1141 1054 1144 Ἴ

191 1163 214 1180 s.
233 1153 317 1181 adscr.
354 1153 494 1180 Decliuare
514 1153 593 1180 fidem
612 1164 750 1186 censuum,
771 1159 796 1181 et
815 1155 919 1180 mentiri
938 1154 1032 1181 callide

190 1198 354 1234 paupertatis
374 1198 514 1233 ingenium.
542 1196 579 1222 lb.
598 1196 668 1222 XIII.
690 1199 730 1223 ll.
759 1208 779 1223 c.
802 1199 822 1224 1.
850 1197 882 1223 de
907 1198 1031 1223 censitor.
1053 1200 1054 1203 ’

192 1239 247 1275 Qui
265 1240 414 1277 indigenas.
435 1245 512 1276 atque
532 1240 615 1276 ipsius
635 1240 787 1276 provinciae
806 1240 903 1266 finibus
923 1241 1033 1266 innutri-

191 1287 246 1311 tos.
266 1282 308 1309 vel
328 1283 430 1309 adfixos
451 1283 587 1310 censibus.
612 1282 654 1308 vel
679 1282 893 1309 adcrescentibus
913 1284 968 1309 suis
987 1282 1033 1309 ob·
1053 1302 1054 1307 1

191 1325 300 1352 tulerint
323 1327 448 1352 iuniores.
481 1326 518 1352 111.
546 1325 602 1351 Vll.
627 1326 667 1351 13.
698 1336 718 1351 c.
739 1327 763 1352 6.
793 1327 814 1360 3.
837 1328 858 1352 1.
889 1326 920 1352 ct'.
940 1336 979 1363 pr.
1000 1325 1032 1352 de

191 1369 268 1395 tiron.
306 1368 379 1395 Nulli
399 1369 507 1395 subacta
525 1369 735 1405 peraequationi.
764 1369 806 1395 vel
831 1369 921 1395 censui
946 1368 1032 1394 subia-
1053 1379 1054 1387 ¹

191 1416 273 1437 ceant.
302 1411 339 1438 Ib.
360 1411 391 1438 V.
411 1414 435 1438 4.
456 1422 477 1438 c,
496 1413 520 1437 3.
542 1410 645 1444 (ch.)
670 1411 702 1437 de
725 1411 786 1438 bon.
807 1412 882 1438 milit.
925 1410 959 1438 Vt
980 1421 1032 1437 om-

191 1455 266 1486 nino.
292 1456 337 1491 qui
361 1460 507 1492 comparat.
531 1455 568 1480 rei
593 1459 756 1491 comparatae
781 1456 821 1481 ius
846 1460 987 1491 cognoscat
1007 1459 1031 1481 et
1053 1478 1054 1483 ,

191 1507 305 1524 censum.
336 1497 420 1524 Vatic.
445 1498 466 1531 3.
490 1499 532 1523 35.
575 1496 667 1533 Neque
692 1497 770 1523 liceat
794 1497 871 1524 alicui
895 1508 949 1524 rem
975 1499 1031 1524 sine
1053 1507 1054 1510 ¹

191 1550 272 1567 censu
291 1550 455 1578 comparare,
474 1540 517 1566 vel
536 1540 657 1566 rendere.
686 1540 723 1567 lb.
744 1540 760 1566 l.
780 1540 797 1567 1.
835 1541 1031 1578 Descriptionis
1053 1559 1054 1570 1

191 1592 257 1609 onus
277 1583 431 1620 siliquarum
450 1582 508 1609 IV..
533 1593 597 1619 quas
622 1582 758 1609 lucrativis
782 1584 958 1620 iugationibus
978 1588 1033 1609 tan·
1052 1586 1054 1595 '

191 1631 258 1653 tum.
278 1636 330 1652 non
350 1626 478 1652 humanis.
498 1625 540 1651 vel
560 1625 708 1652 animalium
728 1626 860 1657 censibus.
880 1637 966 1663 neque
979 1637 1032 1652 mo-
1053 1617 1054 1657 l

191 1668 290 1695 bilibus
309 1669 388 1695 rebus
408 1669 528 1695 iubemus
548 1668 636 1694 indici.
674 1668 742 1695 Nov.
765 1669 814 1695 Th.
834 1669 864 1695 11.
890 1669 922 1696 (1(-
942 1669 966 1696 11,
987 1679 1030 1706 qu.

192 1716 287 1747 sponte
304 1722 374 1737 mun.
398 1712 416 1738 Ι,
435 1714 476 1737 22.
502 1721 523 1737 c.
542 1713 566 1737 2.
592 1712 674 1745 3.12.

193 1754 247 1779 rius
269 1754 328 1790 iuga
352 1759 394 1780 aut
419 1755 503 1791 capita
522 1753 679 1781 Senatorum
704 1755 826 1781 censibus
851 1755 1031 1792 adgregentur.
1052 1754 1054 1791 l

193 1795 242 1822 Tb.
263 1795 294 1822 C.
314 1796 358 1822 XI.
378 1798 420 1823 253.
441 1808 461 1823 c.
483 1799 505 1823 1.
526 1797 558 1823 de
577 1803 719 1834 protostas.
745 1814 777 1817 —
801 1799 832 1831 ξ.
853 1799 890 1824 3.
919 1799 1031 1825 ssIoclus
1053 1811 1054 1829 1

187 1841 403 1875 facultatum.
440 1839 458 1865 1.
473 1840 533 1873 Sy.
563 1840 739 1866 Substantiae.
766 1851 786 1866 c.
800 1842 842 1866 27.
862 1840 894 1867 de
914 1841 1030 1877 episcop.
1053 1846 1054 1850 ¹

193 1881 250 1908 aud.
273 1884 294 1907 1.
315 1884 338 1907 4.
359 1892 379 1907 c.
401 1883 423 1907 7.
445 1881 496 1916 Qu.
513 1882 570 1908 bon.
587 1882 642 1908 ced.
662 1893 735 1919 poss
757 1884 778 1909 7.
795 1885 835 1909 71.
873 1883 1031 1914 Facultates.
1052 1901 1054 1918 4

192 1924 330 1951 Fortunae.
351 1924 400 1950 Tb.
416 1924 446 1950 C.
460 1924 492 1951 X.
510 1927 549 1950 10.
564 1935 585 1951 c.
599 1927 640 1951 29.
655 1935 737 1962 pr.—
748 1926 768 1959 3.
782 1927 806 1951 2.
827 1925 859 1952 de
872 1927 991 1962 petition.
1007 1930 1032 1951 et
1053 1938 1054 1967 1

192 1967 261 1994 ultro
276 1967 327 1994 dat.
356 1967 421 1993 Sors
436 1967 574 1993 censualis.
594 1967 630 1993 Ib.
645 1967 690 1994 XI.
704 1970 745 1994 23.
761 1979 782 1994 c.
799 1970 820 1994 l.
841 1968 873 1995 de
886 1974 1030 2006 protostas.
1052 1970 1054 1996 t

192 2010 234 2037 III.
249 2012 315 2038 (ΥΠ.
343 2010 450 2036 Addicti
471 2020 551 2035 censu
571 2010 791 2047 facultatibusque
810 2012 933 2048 potiatur.
963 2011 1029 2038 Nov.
1052 2014 1054 2048 j

191 2053 325 2080 IIIaioriau.
347 2053 378 2079 dc
399 2052 588 2079 sanctiiuonial.
609 2052 652 2079 IV.
667 2054 691 2079 6.
706 2056 764 2080 c.1.
785 2054 806 2087 3
821 2056 844 2080 4.
882 2054 933 2080 Pro
954 2059 1031 2091 captu
1052 2066 1053 2081 1

191 2097 294 2123 virium.
315 2101 339 2122 et
358 2096 538 2122 mediocritate
557 2105 689 2122 censuum.
719 2096 768 2123 Th.
789 2096 819 2123 C.
840 2096 906 2123 UH.
927 2099 950 2123 4.
971 2108 992 2123 c.
1007 2100 1030 2124 δ.
1052 2112 1053 2134 3

193 2139 214 2172 3.
237 2142 261 2165 2.
286 2139 318 2165 de
343 2138 469 2165 cohortal.
516 2137 547 2163 Vt
573 2139 641 2164 inter
664 2149 723 2165 reos
748 2139 871 2166 adnotato
900 2151 952 2167 11011
980 2146 1031 2166 tam

193 2191 299 2208 censum
319 2181 413 2207 debeat
432 2181 581 2208 transferre.
602 2181 649 2207 scd
668 2181 768 2208 famam.
788 2183 824 2209 lb.
839 2184 872 2209 X.
893 2185 933 2209 10.
950 2194 970 2210 c.
988 2185 1030 2210 29.

193 2224 215 2257 3.
228 2225 252 2250 2.
271 2224 303 2250 (le
315 2226 390 2262 petit.
410 2229 436 2250 et
455 2224 523 2251 ultro
543 2224 593 2250 dat.
632 2224 741 2253 Omnes.
761 2226 857 2262 quibus
877 2231 916 2252 est
936 2236 1031 2253 census

194 2268 318 2301 angustia.
349 2267 385 2293 lb.
406 2266 450 2293 VI.
474 2269 498 2293 2.
524 2278 544 2293 c.
566 2269 588 2293 4.
609 2267 642 2293 (lc
661 2267 780 2294 Senator.
820 2268 849 2295 Si
869 2270 977 2303 exiguus
997 2270 1031 2295 sit

195 2319 289 2335 census
308 2309 470 2336 hereditatis.
495 2321 516 2336 c.
536 2313 577 2336 22.
597 2310 619 2343 3.
641 2312 680 2335 14.
701 2310 733 2337 de
753 2312 808 2338 iure
828 2304 951 2338 ‹lelibst‘t
971 2314 1012 2338 30.

231 2353 412 2380 Centena.
450 2356 577 2380 Gradus
600 2360 629 2379 e!
653 2355 835 2389 dignitatis
854 2365 962 2382 rtotneu
983 2357 1030 2388 (in

195 2396 306 2421 schola
326 2399 490 2427 agentium
511 2398 541 2422 in
561 2398 677 2427 rebus).
716 2397 733 2423 Ι.
748 2398 809 2431 Sy.
833 2397 954 2434 Dignitas
974 2409 1032 2424 ccu-

195 2443 262 2463 tena.
291 2437 327 2463 lb.
343 2436 387 2463 VI.
400 2440 441 2464 27.
462 2449 482 2465 c.
499 2440 521 2464 7.
541 2439 573 2465 de
593 2445 675 2475 agent.
695 2441 722 2466 iu
736 2440 790 2466 reb.
827 2440 870 2466 111.
887 2442 952 2468 Gn.
972 2441 1032 2467 Per-

196 2480 394 2507 fectissimatuS.
414 2480 457 2507 vel
475 2481 603 2513 ducenae,
628 2482 671 2508 vol
695 2488 830 2515 centenae.
855 2483 898 2509 vel
921 2486 1032 2520 egregia-

196 2529 238 2549 tus
258 2523 405 2558 dignitates.
438 2523 475 2549 lb.
493 2525 526 2550 X.
552 2526 573 2550 7.
595 2535 615 2551 c.
637 2527 659 2551 1.
684 2526 716 2552 de
739 2526 888 2552 Caesarina.
920 2526 987 2553 VIII.
1006 2529 1030 2553 4.

196 2576 217 2592 c.
237 2568 260 2592 3.
281 2566 313 2592 de
333 2565 459 2591 cohortal.
495 2567 616 2600 Ducena.
637 2574 752 2599 centena.
772 2570 895 2596 biarchia.
925 2570 961 2596 lb.
975 2570 992 2596 1.
1006 2572 1030 2597 9.

197 2619 218 2635 c.
240 2611 260 2634 1.
281 2608 384 2641 (Wek.)
405 2608 436 2634 de
456 2608 499 2634 off.
520 2609 583 2646 Mag.
604 2611 673 2638 offic.
699 2612 747 2645 [al.
767 2613 926 2645 Ducenaria.
947 2618 1031 2639 cente-

196 2653 278 2679 naria.
298 2651 420 2677 marchia.
450 2651 512 2678 lust.
533 2652 564 2680 C.
583 2664 604 2679 e.
625 2656 648 2680 1.
668 2655 725 2681 eod.
746 2657 768 2681 l.
788 2657 847 2689 31.]

230 2695 474 2722 centenaria.
513 2697 660 2723 Centena.
698 2697 738 2724 Cf.
759 2698 784 2724 h.
804 2709 827 2725 v.
847 2700 873 2725 in
892 2700 908 2726 f.

230 2737 494 2765 centenarius·
525 2738 650 2771 (Stlei.)
687 2741 718 2774 §e
739 2742 773 2768 1,
805 2744 867 2775 Qui
890 2753 951 2769 non
975 2745 1032 2769 7111*-

196 2789 253 2806 ητις
273 2781 385 2814 100,000
404 2782 464 2807 HS.
483 2783 513 2807 in
533 2783 621 2807 bonis
639 2783 738 2809 habet.
776 2784 793 2810 1.
811 2786 872 2819 Sy.
901 2786 955 2821 Qui
974 2785 1031 2812 HS.

718 1711 773 1738 Nec
797 1713 951 1749 cuiusquam
970 1712 1032 1738 alte·
1052 1706 1054 1749 j

198 2827 302 2848 centum
321 2822 431 2849 millium
451 2825 635 2860 patrimonium
654 2824 801 2862 reliquerat.
845 2828 898 2863 Qui
917 2838 969 2854 non
988 2829 1033 2854 mi-

1858 175 1914 205 131

1077 263 1126 279 nus
1147 252 1177 280 C.
1198 254 1283 279 aurcis
1303 253 1396 280 babeat
1411 253 1592 280 substantiam.
1613 256 1650 289 33.
1664 257 1687 281 2.
1703 265 1742 291 sq.
1762 255 1781 281 Ι.
1801 255 1833 281 de
1847 265 1916 282 succ.

1077 296 1194 322 libertor.
1214 297 1238 322 3.
1259 297 1282 322 8.
1325 296 1367 322 III.
1389 298 1454 324 Cn.
1485 296 1513 323 Si
1534 296 1645 324 libertus
1665 299 1791 324 minorem
1811 308 1840 324 se
1860 308 1917 324 cen-

1078 340 1178 365 tenario
1197 340 1223 365 iu
1243 338 1361 365 fraudem
1381 339 1445 375 legis
1466 340 1564 366 feccrit.
1590 357 1622 360 -
1647 340 1675 366 Si
1696 351 1745 377 qua
1765 341 1917 367 alienaverit

1078 382 1103 407 iu
1130 381 1247 408 fraudem
1274 383 1391 418 patroni.
1421 382 1505 409 adhuc
1533 388 1618 409 tamen
1645 389 1707 420 post
1735 383 1917 410 alienationem

1077 425 1159 450 maior
1184 425 1333 451 centenario
1358 431 1496 452 remanent,
1529 426 1559 452 fr.
1580 427 1620 452 16.
1644 436 1683 463 pr.
1712 427 1777 460 3.1.
1806 426 1838 453 tle
1862 427 1917 453 iure

1077 472 1181 503 patron.
1201 469 1243 493 37.
1264 469 1304 493 14.
1326 484 1355 487 —
1383 467 1413 500 §-
1435 469 1470 494 ².
1502 470 1564 502 Qui
1580 475 1732 496 centenae
1750 471 1917 505 dignitate

1075 512 1251 543 praeditus
1270 517 1323 536 est.
1362 509 1379 535 Ι.
1401 511 1463 544 Sy.
1492 511 1541 537 Cui
1562 517 1671 538 centena
1689 511 1802 548 dignitas
1822 511 1915 538 delata.

1078 551 1127 578 Th.
1148 553 1179 579 (J.
1199 552 1242 579 ΥΙ.
1262 554 1304 578 27.
1325 563 1346 579 c.
1367 554 1390 578 7.
1416 552 1448 579 dc
1467 558 1550 589 agent.
1570 555 1596 580 111
1616 555 1670 581 reb.
1697 554 1728 581 cs.
1749 565 1770 581 c.
1789 557 1813 581 2.
1833 556 1854 589 3.
1875 556 1914 581 19.

1078 594 1110 621 dc
1130 596 1172 621 off.
1193 595 1245 622 Prt'.
1266 595 1307 622 Pr.
1327 595 1382 622 Afr.
1409 597 1431 622 1.
1451 598 1493 622 27.
1536 596 1578 623 111.
1607 598 1671 624 sn·
1704 597 1858 625 Duccnarii.
1891 602 1916 624 et

1078 640 1232 670 centenarii.
1257 640 1314 665 sive
1338 640 1508 674 sexagenarii.
1545 639 1594 666 Th.
1615 640 1645 666 C.
1665 639 1710 666 XI.
1736 642 1758 666 7.
1784 651 1805 667 c.
1832 643 1853 667 1.
1883 640 1915 666 de

1078 682 1205 707 exaction.
1230 681 1297 707 VIII.
1320 683 1359 707 10.
1381 692 1401 708 c..
1423 683 1445 708 1.
1466 682 1499 708 (le
1519 692 1639 708 concuss.

1113 725 1376 751 centenarius.
1397 724 1526 757 (Adiect.)
1548 727 1718 752 Numerum
1738 733 1914 757 centorum.

1078 769 1125 793 vel
1148 769 1253 793 libras
1279 769 1306 794 C.
1327 769 1507 794 continens.
1544 767 1586 794 III.
1612 769 1677 796 Gn.
1703 769 1764 804 Qui.
1785 770 1851 795 intra
1870 779 1916 795 nu-

1076 819 1176 835 merum
1196 811 1333 835 constituti
1358 812 1548 838 centenarium.
1572 812 1713 848 pistrinum
1733 827 1765 830 —
1785 816 1914 838 exercent.

1076 851 1160 878 Vatic.
1187 853 1207 886 3.
1227 854 1285 878 233.
1329 852 1364 878 Yt
1388 854 1468 889 magis
1493 858 1537 879 aut
1560 855 1644 891 ipsam
1668 855 1796 891 speciem,
1821 871 1853 873 —
1872 859 1916 880 aut

1076 904 1174 922 aurum.
1189 911 1221 914 —-
1235 905 1283 932 pro
1298 897 1446 922 centenario
1460 897 1527 922 aeris
1547 913 1579 916 —
1599 896 1727 923 exsolvat.
1756 896 1806 923 Th.
1825 897 1856 923 C.
1870 897 1914 923 XI.

1077 939 1118 964 21.
1141 948 1162 964 c.
1182 939 1206 964 3.
1228 938 1259 964 de
1280 938 1366 964 collat.
1387 949 1437 965 aer.

1112 981 1408 1008 Centenionalis.
1429 983 1631 1008 Nummorum
1644 985 1774 1017 species.
1795 982 1837 1008 III.
1850 983 1915 1009 Cn·

1053 1023 1054 1028 ¹
1076 1023 1183 1050 Praeter
1201 1025 1340 1061 pecunias.
1361 1034 1425 1060 quas
1445 1034 1517 1050 more
1536 1024 1615 1051 solito
1635 1026 1783 1053 maiorinaS.
1802 1024 1844 1051 vel
1858 1035 1916 1051 cen-

1076 1067 1223 1093 tenionales
1242 1077 1392 1093 communes
1412 1066 1553 1104 adpellant.
1573 1067 1615 1093 vel
1635 1073 1749 1094 caeteras
1769 1078 1833 1104 quas
1852 1069 1916 1094 veti-

1076 1115 1116 1136 tas
1136 1120 1195 1136 esse
1215 1115 1384 1146 cognoscunt.
1405 1109 1441 1136 lb.
1462 1109 1506 1136 IX.
1526 1112 1567 1135 23.
1588 1120 1609 1136 c.
1628 1113 1650 1136 1.
1670 1111 1691 1144 3.
1711 1113 1735 1137 3.
1756 1111 1787 1137 cf.
1807 1121 1828 1137 c.
1848 1113 1872 1137 2.
1893 1112 1915 1137 si

1077 1163 1119 1190 qu.
1139 1164 1232 1190 perun.
1253 1153 1362 1180 contlav.

1113 1197 1316 1223 seldenus.
1332 1196 1460 1229 (Adieci.)
1481 1197 1653 1222 Numerum
1674 1204 1837 1222 centorum
1851 1198 1915 1223 HS.

1076 1241 1215 1273 explens.
1258 1239 1300 1265 III.
1320 1240 1387 1266 Cn.
1421 1239 1462 1265 Dc
1490 1239 1556 1264 fisco
1584 1238 1643 1264 ideo
1671 1240 1800 1265 numerari
1828 1239 1915 1266 decies

1077 1286 1185 1308 centena
1204 1281 1274 1308 dotis
1294 1283 1398 1308 nomine
1412 1282 1497 1307 iussit.
1518 1280 1548 1307 fr.
1563 1282 1586 1307 6.
1601 1282 1623 1314 3.
1639 1283 1661 1307 l.
1682 1281 1714 1308 dc
1728 1292 1798 1308 usur.
1817 1284 1859 1308 22.
1876 1284 1897 1308 l.

1113 1325 1341 1352 centesima.
1371 1324 1497 1358 (Subst.)
1535 1324 1565 1357 §.
1586 1325 1621 1350 1.
1653 1326 1831 1352 Vsurarum
1854 1335 1915 1352 mo-

1076 1370 1131 1394 dus
1153 1370 1392 1403 grat-issimus,
1420 1369 1639 1393 duodecimum
1667 1371 1769 1394 sortis
1789 1375 1915 1402 partem

1076 1412 1350 1445 comprehendens.
1387 1410 1431 1436 Ill.
1447 1411 1512 1438 (711.
1533 1409 1635 1436 Ysurne
1655 1420 1733 1447 supra
1748 1413 1916 1438 centesimam

1076 1454 1186 1483 solutae.
1205 1465 1229 1480 v.
1250 1464 1315 1490 quae
1335 1455 1503 1480 centesimam
1523 1453 1661 1480 excedunt.
1691 1453 1763 1480 Paul.
1778 1454 1807 1480 II.
1824 1456 1863 1480 14.
1878 1454 1914 1488 33.

1075 1500 1098 1523 2.
1113 1499 1137 1523 4.
1166 1497 1208 1523 Ad
1221 1497 1300 1523 finem
1321 1497 1485 1524 centesimae.
1506 1506 1558 1522 nou
1578 1496 1645 1522 ultra
1659 1496 1776 1534 duplum.
1796 1497 1914 1523 debetur.

1076 1540 1106 1566 fr.
1123 1542 1146 1566 4.
1167 1541 1230 1574 3.1.
1252 1540 1284 1566 de
1304 1544 1371 1565 naut.
1393 1539 1460 1565 soen.
1480 1541 1513 1556 θ’)
1540 1541 1555 1557 ”)

1602 1538 1747 1566 Ysurarum
1766 1541 1914 1574 centesima.

1076 1583 1161 1610 Vsura
1175 1584 1325 1609 centesima.
1340 1593 1362 1608 ν.
1378 1583 1543 1608 centesimae.
1564 1581 1647 1608 Varie.
1661 1583 1734 1616 3.11.
1751 1587 1802 1610 cas.
1815 1585 1838 1610 si
1852 1589 1914 1610 cert.
1953 1613 1957 1618 ⁸

1075 1632 1155 1665 petat.
1176 1628 1199 1652 4.
1220 1629 1243 1652 2.
1269 1637 1289 1652 c.
1306 1628 1333 1651 -l.
1354 1635 1393 1661 sq.
1419 1625 1451 1651 de
1471 1635 1540 1651 usur.
1561 1626 1597 1650 rei
1617 1625 1669 1651 iud.
1695 1627 1717 1651 7.
1738 1628 1779 1652 54.
1822 1626 1851 1652 In
1871 1626 1916 1653 du-

1053 1682 1054 1699 1
1075 1670 1183 1708 plicium
1203 1671 1404 1696 centesimarum
1424 1678 1515 1694 usuras
1536 1669 1678 1694 conveniri.
1703 1668 1752 1694 Th.
1769 1668 1799 1695 C.
1815 1668 1859 1695 IV.
1875 1671 1914 1695 19.

1077 1724 1098 1740 c.
1115 1716 1136 1739 1.
1150 1723 1189 1750 pr.
1210 1712 1267 1739 eod.
1306 1711 1373 1738 Cum
1394 1711 1546 1737 centesimis
1566 1720 1686 1736 nummus
1707 1716 1835 1747 erogatus.
1856 1722 1876 1738 c.
1890 1713 1914 1738 4.

1077 1756 1109 1782 de
1129 1756 1204 1782 aedif.
1224 1756 1291 1792 priv.
1311 1758 1334 1780 8,
1356 1756 1395 1780 10.

1076 1801 1156 1826 simae
1175 1798 1297 1835 pendere.
1318 1813 1350 1816 -—
1370 1796 1437 1822 Data
1457 1797 1567 1833 pecunia
1587 1806 1645 1822 cum
1664 1798 1759 1828 usuris.
1779 1808 1811 1823 ex
1825 1802 1916 1834 quarta

1077 1843 1233 1868 centesimae
1251 1845 1325 1877 parte
1344 1839 1518 1865 currentibus.
1538 1855 1571 1858 —
1590 1839 1681 1876 Vsque
1695 1839 1727 1866 ad
1740 1840 1844 1867 bessem
1859 1851 1915 1867 ccu—

1077 1886 1185 1911 tesimae
1204 1882 1413 1920 (stipulationem
1432 1882 1583 1913 moderari).
1604 1882 1634 1909 fr.
1653 1884 1691 1908 17.
1711 1883 1733 1916 3
1750 1885 1771 1909 l.
1792 1883 1824 1910 de
1844 1893 1914 1910 usur.

1076 1930 1117 1954 2⁴2.
1139 1929 1160 1953 1.
1182 1937 1202 1953 c.
1224 1928 1263 1952 12.
1284 1936 1322 1963 pr.
1343 1925 1374 1951 de
1393 1927 1467 1962 petit.
1488 1925 1576 1952 bereti.
1595 1927 1620 1952 3.
1639 1927 1681 1952 31.
1701 1936 1722 1952 c.
1736 1928 1777 1952 26.
1798 1926 1830 1953 (lc
1844 1937 1914 1953 usur.

1076 1973 1099 1997 4.
1126 1972 1167 1996 32.
1200 1985 1232 1989 —
1264 1970 1294 2003 §.
1320 1971 1354 1995 2.
1394 1971 1655 1996 Additamentum
1684 1971 1716 1995 iu
1743 1971 1914 2001 metiendo,

1076 2015 1287 2047 Epimelrum.
1335 2012 1376 2038 III.
1402 2014 1467 2039 Cn.
1497 2011 1618 2047 Singulas
1643 2016 1742 2038 tantum
1767 2012 1915 2049 dependant

1076 2056 1125 2089 (sc.
1147 2055 1245 2087 coloni)
1267 2057 1436 2082 centesimas.
1457 2056 1501 2091 qui
1521 2054 1621 2081 reditus
1641 2054 1729 2081 domui
1748 2060 1854 2081 nostrae
1873 2055 1915 2081 (Ie-

1075 2100 1146 2126 bitos
1171 2099 1311 2135 quotannis
1337 2099 1407 2124 iuxta
1433 2097 1649 2124 consuetudinem
1672 2099 1777 2124 arcariis
1802 2098 1914 2124 tradunt.

1076 2142 1126 2169 Th.
1147 2141 1177 2168 C
1196 2142 1230 2167 X.
1253 2143 1273 2167 Ι.
1295 2152 1315 2167 c..
1338 2143 1377 2167 11.
1397 2141 1429 2167 de
1449 2142 1504 2167 iure
1523 2141 1589 2167 fisci.

1112 2185 1360 2212 centesimus.
1390 2184 1518 2217 (Adiect.)
1560 2185 1704 2210 Vltimus
1728 2194 1765 2210 ea·
1784 2190 1914 2210 centum.

1075 2228 1117 2254 III.
1143 2229 1208 2255 Cn.
1236 2227 1297 2264 Ipso
1323 2227 1365 2253 die
1385 2228 1536 2253 centesimo.
1565 2242 1598 2246 —
1625 2225 1690 2252 Post
1714 2226 1782 2252 diem
1806 2226 1913 2251 centesi-

1434 1753 1533 1779 Ysuras
1554 1763 1638 1789 usque
1657 1753 1689 1779 ad
1708 1755 1811 1780 tertiam
1831 1759 1916 1781 cente-

1052 2287 1053 2290 =
1075 2281 1158 2299 mum.
1178 2271 1220 2304 (11.
1241 2270 1321 2297 Puem
1340 2271 1451 2307 petere).
1472 2269 1501 2295 11.
1523 2271 1544 2295 l.
1565 2269 1586 2302 3.
1607 2271 1631 2295 9.
1651 2269 1683 2295 (le
1701 2279 1816 2296 success.
1836 2267 1912 2294 edict.

1052 2313 1054 2321 '
1075 2316 1117 2341 38.
1137 2316 1160 2341 9.
1197 2314 1258 2351 ΠΙ».
1278 2313 1360 2340 xvll.
1382 2315 1404 2339 1.
1424 2312 1544 2339 xxxin.
1571 2315 1610 2339 10.
1639 2312 1681 2338 Fr.
1702 2312 1734 2338 de
1753 2312 1769 2338 1.
1792 2311 1817 2337 F.
1848 2311 1869 2344 3.
1888 2311 1912 2335 3.

1076 2358 1106 2384 sr.
1126 2360 1149 2383 3.
1172 2357 1239 2383 unde
1259 2367 1332 2393 cogn.
1351 2358 1393 2382 35.
1413 2359 1436 2382 ὃ.
1475 2355 1635 2382 Centesimis
1655 2354 1779 2381 Calendis
1799 2353 1862 2378 dari.
1881 2352 1911 2378 l'r.

1076 2403 1117 2426 46.
1137 2410 1176 2437 pr.
1197 2400 1230 2426 dc
1249 2399 1280 2425 V.
1302 2399 1333 2425 Ο.
1354 2401 1395 2425 45,
1418 2401 1439 2425 1.
1460 2398 1490 2425 fr.
1508 2401 1550 2425 21.
1570 2409 1609 2436 pr.
1630 2398 1680 2434 Qu.
1702 2398 1756 2424 (lies
1776 2396 1851 2431 legat.
1870 2396 1912 2421 36.

1076 2446 1099 2470 2.
1137 2443 1212 2469 Vltra
1237 2444 1406 2469 centesimum
1430 2442 1569 2468 miliarium
1592 2441 1623 2467 ab
1649 2441 1724 2466 urbe.
1750 2449 1773 2464 v.
1800 2437 1912 2475 lapidem

1077 2487 1155 2512 urbis,
1175 2485 1206 2512 fr.
1225 2488 1267 2511 21.
1288 2486 1324 2519 33.
1338 2488 1361 2511 2.
1381 2496 1421 2522 sq.
1441 2485 1472 2512 fr.
1486 2487 1526 2511 42.
1548 2485 1580 2511 de
1600 2487 1725 2510 excusatt.
1747 2483 1788 2507 27.
1805 2483 1826 2507 l.
1859 2480 1912 2516 Qui

1076 2528 1187 2559 Romae,
1207 2528 1248 2554 vel
1269 2529 1335 2554 intra
1356 2529 1538 2554 centesimum.
1564 2528 1666 2553 frwrint.
1701 2524 1785 2550 Vatic.
1811 2524 1911 2557 §.155.

1076 2571 1106 2597 fr.
1129 2573 1150 2597 1.
1171 2572 1192 2605 3.
1213 2573 1236 2597 4.
1257 2571 1289 2597 dc
1309 2571 1352 2596 off.
1372 2570 1424 2597 Prf.
1445 2570 1490 2597 11.
1512 2573 1533 2596 1.
1555 2572 1593 2595 12.

1112 2615 1276 2641 Centies.
1315 2615 1446 2640 Centum
1477 2615 1606 2640 visibus.
1644 2610 1688 2636 III.
1710 2610 1775 2637 Cn.
1804 2609 1912 2635 Centies

1078 2667 1215 2684 aureorum
1235 2657 1352 2689 (habere.
1371 2667 1395 2683 v.
1416 2658 1441 2683 in
1461 2655 1566 2682 condito
1586 2653 1666 2686 esse).
1685 2652 1716 2679 fr.
1729 2654 1770 2679 97.
1791 2652 1910 2688 delegat.

1076 2700 1118 2727 ΠΙ.
1138 2700 1204 2733 (32.)
1224 2699 1254 2726 fr.
1274 2701 1316 2726 88.
1336 2700 1368 2726 de
1387 2699 1418 2725 V.
1439 2698 1465 2725 S.
1485 2700 1525 2723 50.
1548 2697 1586 2722 16.

1112 2743 1241 2770 Cento.
1291 2744 1431 2769 Consuti
1457 2742 1591 2774 species,
1620 2741 1661 2765 ad
1686 2740 1835 2765 incendia
1867 2747 1911 2763 re-

1076 2789 1279 2819 stinguenda
1308 2790 1467 2819 paratum.
1510 2782 1551 2808 III.
1575 2782 1641 2810 Cn.
1668 2781 1779 2808 Acetum
1799 2789 1910 2817 quoque.

1079 2829 1151 2865 quod
1177 2827 1360 2864 exstinguendi
1383 2824 1497 2852 incendii
1521 2835 1597 2851 causa
1620 2829 1739 2862 paratur.
1769 2825 1831 2850 item
1855 2832 1911 2848 cen-

1414 2869 1469 2894 17⁴²
