2197 3121
1030 158 1123 188 PER.

200 244 234 270 Et
253 243 373 275 serviles,
393 247 419 269 et
437 241 535 269 liberae
554 250 690 278 personae.
710 240 746 266 Id.
767 239 784 266 1.
802 241 858 266 120.
879 250 918 276 sq.
957 239 1039 266 Filius

200 287 226 312 in
246 290 385 323 potestate.
412 301 443 304 —
469 284 595 311 Caeterae
619 283 761 310 liberorum
786 293 923 321 personae.
952 282 989 309 Id.
1009 282 1039 308 II.

201 331 258 355 124.
280 328 311 354 cf.
332 328 350 354 1.
372 330 428 354 117.
450 329 506 354 134.
526 326 587 364 le.
607 326 690 352 XXII.
709 328 747 352 16.
767 336 807 362 sq.
844 326 977 362 Exceptae
997 324 1040 358 (L.

199 371 290 403 Furia,
315 381 339 397 v.
359 370 467 401 Cincin)
492 380 627 407 personae.
653 368 693 395 Cf.
714 379 736 395 v.
757 369 900 405 Exceptus.
924 369 946 401 ξ,
968 370 989 394 1.
1014 368 1039 394 X

198 424 326 451 personas
346 417 514 449 cognatorum
534 411 670 449 (praetulit
689 422 725 437 sc.
746 411 874 441 Praetor.)
895 409 965 436 Colt.
984 409 1037 436 LL.

198 456 232 483 M.
251 456 321 483 XVI.
342 458 365 482 9.
403 454 573 481 Necessariae
592 465 727 491 personae.
753 454 795 480 Cf.
813 463 837 479 v.
857 452 1037 479 Necessarius.
1059 467 1061 475 ι

198 499 220 532 ς’.
240 501 264 525 3.
301 498 352 525 Pro
372 499 450 525 certis
470 498 592 535 personis
612 497 761 534 (postulare
780 495 937 533 prohiberi.)
964 495 993 521 fr.
1016 497 1035 522 1.

199 543 221 576 ξ.
241 543 264 568 8.
285 541 315 567 cf.
336 541 373 574 ἓξ,
394 543 416 567 l.
438 543 460 567 7.
482 542 522 566 11.
541 539 573 566 de
594 540 690 577 postul.
710 542 734 566 3.
756 541 778 565 1.
816 538 879 564 Sive
898 537 1037 574 singularis

198 586 234 611 sit
252 594 373 622 persona,
391 598 425 602 —
444 583 486 609 vel
507 582 637 620 populus,
657 583 698 609 vel
719 583 788 609 curia
807 586 856 608 etc.
876 580 906 606 fr.
927 582 950 607 9.
971 581 992 615 ξ.
1015 583 1037 607 1.

198 628 250 663 Qu.
270 632 330 654 met.
351 637 372 653 0.
392 628 414 653 4.
434 628 457 653 2.
495 625 604 652 Publica
627 636 696 663 pers.
725 625 747 658 ξ.
766 625 789 650 3.
815 623 833 649 I.
854 623 886 650 de
905 623 992 660 adopt.
1015 626 1036 650 1.

198 672 238 697 11.
276 669 359 701 Nova,
380 686 408 689 —
430 669 536 697 Eadem.
556 679 625 706 pers.
646 670 672 702 (a
692 678 741 704 qua
760 666 895 703 stipulor.)
919 666 975 693 Gai.
995 666 1037 693 III.
1058 674 1060 696 1,

198 713 256 739 176.
276 722 316 748 sq.
353 711 435 748 Sequi
454 722 594 749 personam
613 711 736 741 alicuius,
756 714 785 735 ut
803 709 930 736 idoneam.
955 720 976 736 c.
998 712 1036 735 10.

196 755 230 781 ad
249 754 314 782 S.C.
335 754 403 781 Vell.
424 756 447 781 4.
467 757 509 781 29.
547 754 676 783 Censere,
700 752 808 781 Putare,
831 752 918 788 Loqui
938 757 986 778 etc.
1011 753 1037 778 in

196 807 309 835 persona
328 797 446 823 alicuius.
467 797 523 824 Gai.
544 797 562 822 I.
583 798 639 822 132.
660 796 718 821 177.
737 794 767 821 11.
787 796 828 821 94.
856 794 886 821 fr.
905 797 930 820 2.
954 795 975 828 §.
995 796 1037 821 24.

197 840 230 867 de
249 840 281 866 0.
301 840 320 866 1.
340 842 363 866 1.
382 842 406 866 2.
431 839 462 866 fr.
484 841 523 866 13.
546 839 568 872 §.
590 840 611 864 l.
631 837 664 864 de
683 837 727 863 off.
747 836 835 864 Praes.
856 839 878 863 1.
900 839 939 864 18.
976 836 1038 863 Pro-

197 882 299 915 cedere,
319 893 343 909 v.
364 882 406 909 lus
426 892 494 914 esse,
514 883 540 908 in
560 882 615 907 eius
634 890 756 917 persona.
776 879 833 906 Gai.
847 879 877 906 ll.
893 882 1020 906 142217.

236 926 467 953 Pomonalis.
487 924 615 957 (Adiect.)
635 925 864 957 Λάρον-30111111(
878 929 1038 957 spectans,

196 970 359 996 Personae
377 970 555 995 cohaerens.
592 966 611 992 I.
627 967 689 1001 Sy.
713 965 742 992 In
766 975 905 1003 personam
925 966 1036 998 (actio.)

197 1010 254 1037 Gai.
274 1010 317 1038 lV.
339 1013 362 1037 l.
386 1021 444 1047 sqq.
472 1011 511 1036 16.
536 1019 575 1046 sq.
603 1011 660 1035 100.
688 1008 720 1035 fr.
738 1010 780 1035 38.
806 1008 838 1035 (10
861 1008 940 1035 101110.
964 1011 987 1034 5.
1014 1010 1036 1034 1.

196 1053 227 1080 fr.
247 1056 288 1080 25.
309 1064 347 1091 pr.
372 1053 403 1080 fr.
422 1054 464 1078 28.
484 1051 517 1078 de
536 1051 570 1078 O.
591 1056 616 1077 et
635 1051 666 1078 A.
686 1054 727 1078 44.
748 1053 770 1078 7.
809 1051 889 1087 Quod
909 1061 1037 1088 personae

196 1095 332 1128 cohaeret,
352 1105 372 1122 s.
400 1095 451 1130 Qu.
476 1104 616 1132 personam
639 1104 691 1121 non
710 1093 850 1130 egreditur.
886 1093 1036 1121 Persouale.

196 1138 226 1165 fr.
248 1140 270 1164 l.
294 1139 315 1172 ᾗ.
335 1140 359 1164 2.
384 1137 416 1164 de
441 1143 525 1164 coust.
545 1137 587 1164 Pr.
608 1139 630 1163 1.
650 1139 674 1163 4.
700 1136 729 1163 fr.
750 1138 774 1163 8.
798 1137 820 1171 §.
839 1138 864 1163 3.
883 1137 916 1163 (10
935 1136 1037 1163 liberat.

196 1181 244 1217 leg.
263 1182 304 1207 34.
324 1182 348 1207 3.
384 1180 568 1212 Personarum,
588 1179 739 1206 Personalia
753 1183 894 1213 (munera.)
914 1180 944 1207 fr.
960 1182 982 1207 l.
998 1190 1029 1217 pr

195 1224 232 1258 ἕξ.
253 1225 274 1249 1.
294 1233 353 1260 sqq.
374 1223 404 1250 fr.
426 1225 465 1249 18.
486 1233 523 1260 pr.
550 1223 587 1257 §§.
609 1225 631 1249 1.
651 1233 710 1259 sqq.
730 1222 762 1249 de
781 1233 851 1250 mun.
871 1228 896 1249 et
916 1223 976 1250 hon.
995 1225 1037 1249 50.
1059 1232 1060 1242 ¹

194 1269 218 1293 4.
243 1265 292 1293 Th.
313 1266 344 1292 C.
365 1265 421 1292 Vll.
443 1267 482 1292 13.
508 1276 529 1292 0.
550 1268 573 1292 7.
598 1276 637 1303 pr.
662 1265 695 1292 de
721 1267 799 1292 111011.
818 1265 889 1292 XVI.
909 1268 933 1292 2.
955 1276 975 1292 c.
994 1267 1036 1291 24.

195 1309 227 1336 de
247 1310 326 1346 episc.
347 1308 411 1335 eccl.
448 1308 478 1335 ll.
496 1310 564 1342 ⁰1¹·
585 1308 723 1335 Generalis
744 1310 934 1342 (constitutio.)
954 1308 995 1335 Cf.
1012 1309 1036 1335 h.

193 1362 218 1378 v.
238 1352 259 1385 ξ.
281 1353 304 1377 1.
341 1351 370 1377 In
394 1362 448 1378 rem
472 1353 634 1388 (concepta,
654 1361 690 1378 sc.
711 1353 778 1378 actio
798 1353 865 1383 etc.)
894 1352 924 1378 fr.
943 1354 984 1378 38.
1005 1351 1037 1378 de

193 1394 272 1421 iudic.
292 1396 316 1420 5.
338 1396 360 1420 1.
380 1393 411 1420 fr.
427 1396 449 1420 1.
470 1395 491 1428 ξ.
511 1396 535 1420 3.
556 1394 589 1420 de
608 1394 702 1421 interd.
721 1396 761 1421 43.
778 1397 799 1421 l.
837 1395 879 1421 An
898 1394 1037 1432 personale

193 1437 350 1464 beneficium
364 1437 415 1462 sit?
435 1452 466 1456 -—
487 1437 528 1463 An
543 1441 568 1463 et
581 1437 733 1463 fideiussori
746 1437 772 1463 id
786 1439 913 1474 praestari
927 1437 1037 1464 debeat?

193 1479 224 1506 fr.
243 1481 284 1507 63.
305 1480 326 1513 ξ.
348 1481 370 1506 l.
390 1489 439 1516 pro
458 1490 512 1505 soc.
535 1482 574 1506 17.
593 1482 618 1506 2.

194 1523 343 1556 (munera.)
369 1522 399 1548 fr.
421 1524 443 1548 1.
467 1523 504 1556 ἐξ.
524 1524 548 1548 2.
569 1532 626 1558 sqq.
652 1522 682 1548 fr.
704 1525 743 1549 le.
764 1534 803 1560 pr.
826 1524 862 1557 ἒξ.
884 1525 906 1550 1.
926 1533 984 1560 sqq.
1005 1523 1037 1549 de

193 1575 262 1592 mun.
283 1569 308 1591 et
327 1564 388 1591 hon.
408 1567 449 1590 50.
469 1567 493 1591 4.
530 1564 574 1591 111.
588 1567 654 1593 Gn.
674 1565 817 1592 Personale
837 1571 877 1592 est
897 1567 1037 1599 (50110110-

193 1608 312 1640 ficium.)
332 1613 357 1633 et
377 1618 434 1634 cum
454 1618 567 1645 persona
591 1610 773 1645 exstinguitur.
802 1608 832 1635 fr.
854 1611 893 1636 13.
918 1609 967 1636 sol.
987 1620 1037 1635 ma-

194 1651 263 1676 trim.
286 1652 328 1676 24.
352 1653 377 1677 3.
415 1649 566 1677 Personalis
590 1656 643 1682 est,
669 1656 695 1677 et
714 1651 773 1678 ideo
793 1662 884 1684 servo,
903 1652 946 1679 vel
972 1652 1036 1684 filio,

194 1692 254 1719 talis
273 1692 367 1719 electio
387 1693 517 1720 cohaeret.
538 1693 568 1720 fr.
589 1695 626 1720 76.
650 1704 689 1731 pr.
710 1694 742 1721 de
762 1694 792 1721 V.
813 1695 846 1721 Ο.
866 1697 906 1722 45.
929 1698 950 1722 l.
983 1696 1036 1731 Qui

194 1735 379 1773 personalibus
404 1735 500 1762 debitis
520 1736 547 1764 S.
572 1738 671 1763 aerario
696 1742 818 1764 tenentur
838 1738 965 1765 adstricti.
985 1738 1035 1764 Th.

194 1778 225 1805 C.
245 1778 290 1805 XI.
309 1780 350 1805 28.
372 1789 393 1805 c.
412 1780 437 1805 3.
457 1778 490 1805 de
508 1779 606 1816 indulg.
627 1779 707 1806 debit.

231 1822 467 1854 perspicere.
491 1822 522 1855 ἓ.
537 1823 571 1848 l.
593 1824 799 1856 Conspirere,
820 1825 955 1850 Intueri.
992 1823 1034 1850 111.

194 1865 261 1892 011.
289 1864 349 1890 Non
374 1864 499 1900 intelligi,
527 1864 574 1890 sed
598 1865 683 1891 oculis
707 1867 836 1902 perspici,
866 1867 951 1903 (quae
974 1871 1036 1893 sunt
1056 1892 1057 1900 ,

193 1908 316 1944 scripta.)
341 1906 371 1933 fr.
394 1909 416 1933 1.
436 1917 475 1944 pr.
499 1907 532 1933 (10
551 1907 575 1933 11.
596 1918 637 1943 qu.
658 1909 684 1934 in
704 1913 805 1935 testam.
826 1909 877 1935 del.
896 1913 938 1936 25.
958 1912 982 1936 4.
1003 1926 1034 1929 -

192 1950 224 1983 §0
239 1952 275 1977 ἓ.
292 1952 473 1984 Inspicere,
489 1951 703 1985 Cognoscere,
718 1953 922 1987 Intelligere.
942 1952 960 1978 1.
972 1954 1034 1987 Sy.

193 1992 335 2030 Inspicere,
355 1993 518 2018 Examinare.
539 2003 560 2019 c.
582 1995 604 2019 1.
624 2003 682 2030 sqq.
703 1993 738 2031 pl.
759 1993 808 2020 val.
830 2004 872 2031 qu.
892 2005 930 2030 ag.
950 1996 973 2020 4.
993 1997 1034 2021 22.

192 2035 342 2061 Pervidere.
369 2034 418 2061 Th.
438 2035 468 2062 C.
488 2035 546 2061 XII.
567 2037 606 2061 11.
632 2046 652 2062 c.
674 2038 696 2063 1.
717 2047 756 2073 pr.
781 2038 802 2070 ξ.
825 2039 846 2063 l.
871 2037 903 2063 (10
923 2048 975 2064 cur.
996 2048 1035 2064 ca-

193 2077 262 2104 lend.
299 2077 342 2104 lIt.
368 2079 434 2105 Gn.
459 2077 674 2115 Perspiciendum
699 2085 739 2105 est
762 2080 901 2112 iudicanti,
929 2091 962 2107 ne
986 2086 1033 2107 etc.

193 2120 224 2146 fr.
245 2122 284 2146 ll.
304 2130 343 2157 pr.
364 2120 396 2147 de
415 2130 491 2158 poen.
512 2124 553 2147 48,
575 2123 614 2147 19.
652 2121 761 2149 Praeses
782 2122 823 2149 Pr.
845 2140 875 2143 —
896 2123 1035 2160 diligenter
1055 2118 1057 2135 7

194 2163 359 2195 examinabit,
377 2168 403 2189 et
416 2165 439 2190 si
455 2180 482 2183 —
499 2165 665 2200 perspexerit
678 2170 725 2192 etc.
747 2165 869 2192 Consult.
884 2172 935 2193 vet.
955 2166 1033 2194 [Cti.

195 2215 216 2230 0.
236 2206 260 2230 2.
280 2205 311 2231 cf.
332 2216 353 2232 c.
368 2208 407 2233 19.
428 2206 460 2232 de
479 2217 583 2243 procur.
597 2209 621 2232 2.
638 2209 676 2234 13.
698 2211 773 2235 0.10.
795 2209 827 2235 de
847 2211 936 2236 servit.
956 2211 980 2236 3.
991 2212 1033 2237 34.

194 2246 233 2273 Re
252 2253 404 2284 perspecta,
424 2249 572 2276 consulitur
589 2249 653 2287 Imp.
671 2250 701 2277 fr.
721 2254 744 2278 2.
765 2252 796 2278 cf.
822 2251 852 2278 fr.
874 2254 896 2278 l.
916 2253 937 2286 §.
957 2255 981 2279 2.
1001 2253 1033 2279 de

194 2290 238 2316 off.
259 2289 333 2316 Proe.
354 2290 430 2318 Caes.
451 2294 473 2318 l.
495 2294 535 2319 19.
573 2293 653 2328 Quod
678 2293 780 2330 legibus
804 2300 874 2321 stare
900 2305 953 2322 non
976 2301 1033 2333 pot-

195 2337 243 2363 est,
263 2333 323 2368 quia
344 2348 374 2352 —
394 2335 553 2371 perspicitur
572 2336 704 2369 (obtinere
724 2338 786 2369 etc.)
807 2337 856 2364 Th.
877 2337 908 2364 C.
928 2338 971 2365 III.
993 2341 1032 2366 13.
1054 2348 1056 2373 ξ

1055 2386 1056 2411 J
1078 2394 1100 2409 c.
1119 2385 1160 2409 27.
1184 2384 1205 2416 ς.
1228 2385 1250 2408 1.
1269 2382 1301 2408 (10
1322 2384 1402 2419 episc.
1423 2382 1486 2408 eccl.

195 2386 216 2401 e.
235 2376 259 2401 3.
280 2375 301 2408 §.
324 2376 346 2400 l.
366 2374 398 2400 de
417 2375 497 2403 dottb.
534 2379 661 2416 Apertius
685 2379 783 2405 indica!
804 2396 835 2399 —
854 2380 915 2417 Ipse
934 2383 1034 2418 perspi-

195 2419 233 2444 cis
253 2417 366 2444 scilicet!
386 2417 546 2447 1b.V11.20.
568 2432 587 2448 e.
607 2425 631 2448 2.
651 2433 690 2459 pr.
711 2423 743 2449 de
762 2428 876 2449 veteran.
898 2424 928 2450 cf.
948 2423 1032 2451 Vatic.

194 2461 215 2494 ᾗ,
236 2461 294 2486 326.
333 2459 483 2486 Sanctionis
502 2464 636 2491 maiestate
657 2471 812 2502 perspecta,
832 2482 862 2485 —
882 2467 1034 2503 providebit

194 2503 319 2539 (gravitas
339 2504 405 2536 tua.)
426 2502 462 2529 lb.
482 2503 539 2530 XII.
561 2507 582 2531 l.
602 2517 623 2533 c.
636 2509 676 2534 80.
697 2508 729 2534 de
749 2508 883 2535 (1001111011.

231 2546 450 2578 Perspicue.
479 2546 591 2580 (Advb.)
620 2552 749 2584 Aperte.
769 2553 952 2579 Evidenter.
990 2553 1031 2580 III.

194 2589 260 2616 Gn.
284 2587 375 2625 Persp.
400 2589 510 2615 sancire.
535 2588 585 2616 Th.
605 2590 635 2617 C.
655 2591 722 2620 VIII.
742 2596 766 2620 5.
791 2604 811 2620 0.
832 2596 872 2621 30.
898 2595 930 2621 (10
954 2606 1032 2623 cursu

194 2631 247 2668 pub
293 2630 328 2656 Vt
355 2641 442 2668 persp.
471 2631 624 2658 consulatur
652 2635 822 2667 (colonorum
846 2638 1030 2671 utilitatibus.)

193 2674 230 2700 Ib.
250 2673 282 2699 X.
304 2675 325 2699 1.
347 2683 367 2699 0.
386 2675 424 2700 ll.
445 2674 478 2700 (10
497 2676 552 2701 1010
571 2675 637 2701 fisci.

231 2716 474 2749 Perspicuae.
494 2717 623 2750 (Adiect.)
643 2719 673 2751 ξ.
685 2721 719 2746 1.
734 2723 859 2755 Clarus,
874 2725 1029 2758 Insignis.

194 2758 236 2785 ΠΙ.
258 2760 323 2786 011.
354 2758 482 2794 lngenuae
505 2759 635 2786 libertatis
663 2760 763 2798 fulgore
789 2758 957 2803 perspicuum
982 2767 1029 2801 [al.

193 2802 392 2839 praespicuum]
417 2812 506 2838 genus.
537 2802 604 2830 Nov.
624 2804 745 2831 Anthem.
764 2805 797 2833 de
819 2808 919 2836 mulier.
940 2820 982 2846 qu.
1002 2821 1030 2837 se

656 1479 815 1512 Personalia,
833 1497 864 1500 —
885 1480 1037 1507 Patrimonii
1058 1490 1059 1494 ¹

1053 2683 1055 2698 t

1864 158 1925 188 709

1085 250 1152 266 serv.
1173 249 1262 276 propr.
1283 238 1326 265 ῩΙ.
1350 241 1370 266 l.
1392 250 1412 266 c.
1434 242 1456 266 l.
1477 240 1498 274 ξ.
1518 241 1542 266 2.
1556 255 1587 258 —
1607 239 1685 273 §.2-
1708 239 1922 273 Manifestus,

1086 283 1209 308 Certus.
1246 281 1288 308 ΙΙΙ.
1310 283 1375 309 (ἠ.
1405 282 1433 309 81
1458 283 1606 320 perspicuis
1630 280 1775 307 rationibus
1800 280 1863 306 haec
1882 290 1923 306 su-

1084 326 1168 361 spicio
1188 326 1302 351 amoveri
1323 330 1418 361 potest.
1439 325 1468 351 fr.
1487 327 1528 351 27.
1549 335 1587 362 pr.
1610 324 1643 351 de
1662 324 1737 350 cond.
1758 324 1817 349 inst.
1836 324 1882 349 28.
1899 325 1922 349 7.

1084 367 1244 394 Calliditatis
1268 367 1364 394 auxilio
1389 369 1522 405 perspicui
1551 368 1684 394 debitores
1709 382 1741 386 —-
1764 366 1923 392 solutionem

1084 411 1192 447 cupiunt
1211 411 1315 436 evitare.
1337 409 1385 435 Th.
1401 410 1431 436 C.
1445 410 1489 436 XI.
1504 412 1545 436 36.
1566 421 1586 437 c.
1601 413 1624 437 9.
1646 410 1728 445 Quor.
1748 419 1806 445 app.
1827 418 1850 434 n.
1871 417 1922 434 rec.

1120 454 1313 480 Perstare.
1338 455 1540 485 Permanere,
1561 455 1779 480 Perseverare.
1799 450 1841 477 III.
1857 451 1922 478 Cn·

1083 495 1136 531 Qui
1156 510 1187 515 -·
1208 496 1380 533 pervicaciter
1402 501 1522 532 perstant
1546 497 1698 532 (pecuniam
1718 494 1837 521 conferre
1857 493 1923 525 etc.)

1083 538 1111 564 fr.
1131 540 1155 564 3.
1175 539 1197 572 §.
1220 540 1258 565 16.
1280 538 1312 565 de
1335 548 1407 575 susp.
1432 543 1478 564 tut.
1498 540 1540 564 26.
1561 540 1600 565 10.
1643 538 1672 565 Si
1696 537 1818 564 voluntas
1842 535 1924 562 conti·

1082 586 1158 607 uuata
1182 582 1336 619 perstiterit.
1365 580 1414 608 Th.
1439 581 1470 608 C.
1495 580 1538 608 IV.
1562 583 1586 607 4.
1619 591 1640 607 c.
1661 583 1684 608 6.
1713 580 1746 607 (10
1769 584 1871 606 testam.
1898 582 1924 604 et

1083 624 1166 650 codic.

1119 668 1380 700 Perstrepere·
1411 668 1608 701 obstrepere.
1645 665 1687 691 III.
1709 666 1774 692 Gn.
1793 663 1924 690 Praescri-

1082 711 1201 746 ptioneS,
1221 726 1251 729 —
1278 721 1344 746 quae
1368 720 1507 737 occurrere
1532 715 1609 746 atque
1628 713 1794 745 perstrepere
1813 706 1924 733 examini

1082 758 1251 779 consuerunt.
1272 753 1321 780 Th.
1336 753 1366 779 C.
1381 753 1426 779 IX.
1447 755 1470 779 7.
1491 764 1511 779 0.
1532 755 1555 779 7.
1575 751 1608 778 ad
1626 751 1654 777 L.
1674 750 1721 777 Iul.
1741 750 1773 776 de
1793 749 1873 776 adult.
1891 748 1922 775 cf.

1081 795 1114 821 X.
1136 797 1175 821 10.
1196 806 1217 821 c.
1234 797 1275 822 33.
1297 795 1328 822 (10
1347 797 1420 833 petit.
1441 801 1467 822 et
1486 795 1555 822 ultro
1576 795 1628 822 dat.

1119 839 1398 872 Perstringere.
1435 839 1466 872 ξ.
1484 841 1518 865 1.
1541 839 1762 872 Obstringere.
1799 834 1923 861 111011.

1082 880 1208 906 Officium
1228 886 1298 907 tuum
1320 881 1382 908 haec
1402 892 1461 908 cura
1477 883 1644 918 perstringat,
1664 885 1692 906 ut
1704 884 1752 905 etc.
1772 876 1868 903 1b.XI.
1881 877 1923 901 27.

1082 934 1102 950 0.
1125 925 1146 949 l.
1167 922 1199 949 de
1219 923 1286 950 alim.
1308 934 1348 960 qu.
1370 925 1440 962 inop.
1460 935 1514 961 par.
1535 940 1567 944 —
1587 925 1619 957 §0
1638 925 1674 950 2.
1694 924 1865 949 Hebetare.
1903 918 1921 944 I.

1082 967 1144 1000 Sy.
1172 965 1298 992 Oblicere
1328 968 1439 993 veritati.
1484 967 1574 993 Fidem
1598 967 1654 993 veri
1675 965 1854 1003 perstringere
1872 961 1923 995 [al.

1082 1008 1263 1045 perfringere]
1284 1019 1303 1035 c.
1324 1011 1347 1035 4.
1369 1020 1390 1036 c.
1410 1011 1433 1035 6.
1454 1009 1486 1035 de
1505 1014 1607 1035 testam.
1627 1011 1651 1035 6.
1670 1010 1712 1034 23.

1120 1053 1374 1079 Persuadere.
1418 1055 1573 1083 Suadere,
1603 1053 1840 1081 Commendare,
1869 1050 1925 1075 Fi-

1082 1097 1144 1121 dem
1159 1097 1201 1131 fa
1209 1105 1284 1121 cere.
1313 1094 1331 1121 I.
1344 1097 1406 1129 ,Sy-
1421 1095 1546 1127 Suadere,
1561 1095 1718 1121 Sollicitare.
1739 1093 1795 1119 Gai.
1810 1091 1851 1118 III.
1864 1092 1924 1117 219.

1082 1137 1112 1163 fr.
1135 1139 1156 1163 1.
1177 1138 1198 1171 ξ.
1218 1139 1241 1163 3.
1262 1137 1293 1163 fr.
1312 1139 1336 1163 3.
1357 1138 1378 1171 ξ,
1400 1139 1421 1164 1.
1442 1138 1475 1164 de
1494 1148 1572 1164 servo
1592 1148 1657 1164 corr.
1680 1139 1720 1163 ll.
1738 1138 1762 1162 3.
1800 1134 1842 1161 111.
1858 1135 1924 1169 Gry.

1083 1180 1167 1216 Quasi
1187 1180 1377 1217 persuadentes
1396 1183 1486 1217 magis,
1506 1191 1582 1217 quam
1601 1180 1666 1217 legis
1680 1180 1863 1206 necessitatem
1879 1177 1925 1202 im-

1082 1228 1225 1260 ponentes,
1250 1223 1385 1250 edicimus.
1410 1223 1457 1250 Iul.
1477 1235 1518 1261 ep.
1538 1234 1598 1250 nov.
1619 1234 1639 1250 c.
1658 1224 1700 1250 36.
1720 1223 1742 1256 ξ.
1764 1224 1820 1248 162.
1857 1219 1925 1246 Cum

1082 1267 1148 1292 ratio
1173 1265 1275 1297 tulerit,
1295 1282 1326 1286 —
1351 1268 1374 1293 si
1398 1268 1497 1293 institia
1524 1267 1693 1304 persuaserit.
1722 1265 1772 1291 Th.
1792 1263 1823 1290 C.
1843 1263 1862 1289 I.
1883 1264 1923 1288 10.

1083 1319 1104 1335 0.
1124 1310 1148 1334 3.
1169 1308 1274 1341 OVck.)
1294 1309 1327 1335 de
1346 1310 1389 1336 off.
1410 1321 1474 1336 com.
1496 1309 1522 1336 S.
1537 1310 1616 1346 largg.
1652 1309 1795 1344 Religiosis
1814 1305 1924 1333 vocibus

1082 1352 1196 1378 Senatus
1215 1351 1292 1389 ampl.
1312 1354 1441 1389 persuasi,
1461 1353 1633 1380 decernimus.
1654 1352 1691 1378 111.
1710 1351 1754 1377 VI.
1768 1353 1791 1376 4.
1812 1360 1833 1375 0.
1855 1351 1877 1375 1.
1892 1347 1925 1374 de

1081 1395 1166 1421 Praet.
1192 1400 1218 1421 01
1242 1396 1293 1430 Qu.
1331 1395 1368 1422 Vt
1390 1397 1458 1433 patri
1482 1395 1686 1433 persuadeantur,
1714 1404 1747 1420 ne
1773 1398 1821 1419 etc.
1850 1391 1880 1418 fr.
1902 1393 1924 1416 l.

1081 1439 1103 1472 ᾗ.
1124 1440 1146 1464 5.
1167 1438 1200 1464 de
1218 1438 1294 1464 liber.
1314 1438 1402 1465 exhib.
1421 1440 1462 1465 43.
1481 1441 1523 1465 30.
1560 1438 1638 1465 Vltro
1657 1437 1783 1467 iurando,
1804 1435 1845 1462 vel
1865 1444 1925 1471 qua—

1082 1481 1140 1507 dam
1160 1480 1208 1507 alia
1223 1480 1323 1507 fallacia
1337 1481 1504 1518 persuadere,
1524 1487 1654 1518 tamquam
1668 1486 1716 1507 ete.
1737 1480 1766 1506 fr.
1777 1482 1818 1506 23.
1839 1478 1868 1504 fr.
1882 1480 1924 1503 25.

1082 1524 1114 1550 de
1139 1524 1162 1550 d.
1188 1534 1220 1550 m.
1241 1526 1264 1550 4.
1284 1526 1309 1551 3.
1347 1524 1425 1551 Falso
1449 1524 1500 1550 sibi
1526 1523 1648 1561 persuad.
1676 1523 1706 1550 fr.
1731 1524 1772 1549 65.
1801 1523 1823 1555 ξ.
1843 1524 1867 1548 2.
1893 1520 1925 1547 (10

1082 1567 1158 1594 cond.
1178 1566 1266 1593 indcb.
1284 1569 1323 1593 12.
1343 1570 1366 1593 6.
1405 1567 1458 1603 Qui
1478 1577 1591 1599 servum,
1611 1576 1722 1595 servam.
1737 1583 1766 1586 —
1782 1565 1924 1602 recepisse,

1058 1635 1059 1640 ,
1081 1612 1281 1647 persuasisseve
1306 1610 1369 1646 quid
1393 1611 1416 1636 ei
1441 1610 1544 1636 dicetur
1563 1610 1588 1636 d.
1608 1620 1655 1640 m.,
1679 1619 1731 1645 quo
1756 1619 1828 1640 eum,
1854 1617 1923 1639 eam,

1081 1653 1239 1680 deteriorem
1260 1653 1363 1679 faceret.
1384 1653 1413 1679 sr.
1435 1655 1456 1679 1.
1477 1664 1515 1690 pr.
1536 1654 1557 1686 ξ.
1578 1655 1601 1679 3.
1623 1653 1653 1679 fr.
1667 1655 1691 1678 ὃ.
1711 1653 1732 1685 ξ.
1752 1654 1772 1677 1.
1793 1650 1826 1677 de
1845 1659 1923 1676 servo

1082 1707 1148 1723 corr.
1170 1698 1210 1722 11.
1234 1698 1258 1722 3.
1286 1696 1355 1722 Coll.
1379 1696 1431 1723 LL.
1455 1696 1488 1722 111.
1510 1695 1579 1722 XIV.
1598 1698 1622 1722 3.
1666 1695 1719 1730 Qui
1743 1704 1825 1732 puero
1850 1703 1923 1730 prae—

1081 1744 1182 1765 textato
1202 1743 1334 1775 stuprum,
1357 1738 1461 1765 aliudve
1480 1739 1619 1775 flagitium,
1641 1755 1671 1758 —
1691 1738 1854 1775 persuaserit
1873 1741 1922 1762 etc.

1081 1781 1153 1808 Paul.
1174 1781 1205 1807 V.
1225 1783 1248 1807 4.
1269 1782 1290 1815 ς.
1313 1783 1352 1808 14.

1119 1824 1334 1851 Persuasit).
1376 1825 1407 1857 ἕ.
1430 1825 1464 1850 1.
1493 1826 1594 1851 Actus
1617 1825 1841 1859 persuadendi.
1879 1822 1922 1848 111.

1081 1869 1147 1895 Gn.
1172 1866 1415 1893 mathematicorum
1443 1866 1536 1893 callida
1565 1868 1709 1904 impostura
1738 1872 1763 1893 et
1791 1866 1923 1892 obstinata

1079 1911 1225 1947 persuasio.
1245 1909 1314 1936 Coll.
1334 1909 1387 1936 LL.
1406 1910 1438 1936 Μ.
1453 1910 1511 1936 XV.
1531 1912 1555 1936 2.
1592 1912 1723 1937 Auctores
1742 1910 1922 1947 persuasionis

1080 1953 1166 1979 huius.
1188 1952 1237 1979 Th.
1259 1952 1289 1979 C.
1310 1953 1381 1979 XVI.
1397 1955 1420 1979 7.
1441 1964 1462 1979 c.
1477 1955 1501 1980 3.
1522 1953 1554 1979 de
1575 1959 1731 1990 (11015101.-
1753 1954 1831 1987 §.2.
1853 1954 1922 1979 Cre-

1079 1998 1219 2028 «inlitas,
1241 1997 1370 2030 Opinio.
1407 1996 1450 2022 III.
1472 1998 1538 2024 011.
1562 1997 1673 2023 Emendi
1694 1997 1826 2023 licentiam
1846 1995 1922 2021 deue—

1079 2044 1181 2075 gatam.
1206 2039 1338 2076 superflua
1363 2039 1549 2066 nonnullorum
1573 2040 1669 2066 dicitur
1693 2050 1751 2066 esse
1775 2038 1920 2076 persuasio.

1080 2082 1146 2108 Nov.
1168 2082 1225 2108 val.
1246 2082 1288 2108 III.
1309 2082 1341 2108 de
1360 2083 1477 2109 confirm.
1498 2083 1522 2110 h.
1543 2093 1585 2120 qu.
1606 2083 1672 2109 adm.
1692 2082 1721 2108 ΙΙ.
1740 2084 1781 2108 32.
1803 2092 1824 2107 c.
1845 2083 1866 2107 l.
1881 2090 1920 2118 pr.

1080 2125 1132 2161 Qui
1153 2125 1274 2151 omnihus
1294 2125 1432 2152 haereticis
1452 2126 1500 2152 hac
1520 2137 1570 2153 una
1588 2132 1649 2153 sunt
1666 2126 1837 2163 persuasione
1850 2125 1921 2160 peio-

1079 2179 1130 2199 105,
1150 2168 1221 2204 quod
1241 2173 1290 2195 etc.
1310 2168 1360 2195 Th.
1381 2168 1411 2195 C.
1432 2168 1502 2195 XVI.
1524 2171 1563 2195 lo.
1584 2180 1605 2196 0.
1623 2172 1664 2195 24.
1684 2179 1723 2205 pr.
1743 2167 1775 2194 de
1794 2177 1884 2205 pagan.

1116 2213 1340 2238 Persuasus.
1361 2211 1478 2244 (Subst.)
1499 2215 1624 2238 Suasio.
1656 2211 1673 2238 Ι.
1690 2213 1752 2246 Sy.
1772 2210 1919 2237 Consilium

1078 2254 1221 2288 (alterius.)
1240 2254 1271 2280 fr.
1291 2256 1332 2280 43.
1353 2255 1373 2288 ξ
1394 2256 1417 2280 2.
1439 2254 1471 2281 de
1490 2254 1575 2281 Aedil.
1596 2255 1672 2281 edict.
1685 2256 1727 2281 21.
1749 2257 1770 2281 1.

1116 2299 1339 2324 Persuasus.
1362 2297 1483 2330 (Partic.)
1508 2300 1569 2324 Pro
1589 2304 1675 2324 certo
1694 2300 1836 2324 habitas.
1873 2296 1914 2322 III.

1078 2342 1144 2368 οη.
1165 2340 1294 2366 Instinctu
1312 2350 1454 2377 persuasae
1476 2340 1658 2377 professionis.
1684 2340 1732 2366 Th.
1753 2339 1783 2366 C.
1804 2339 1872 2366 XVI.
1892 2342 1916 2365 2.

1114 2425 1433 2453 Pertelnerarius.
1453 2425 1582 2459 (Adiect.)
1606 2428 1914 2453 l‘aldetemerarius.

1054 2483 1056 2505 5
1077 2469 1119 2495 III.
1132 2471 1197 2496 Cn.
1218 2468 1285 2494 Cum
1299 2467 1489 2504 perabsurdum
1503 2479 1602 2505 perque
1618 2469 1780 2494 temerarium
1794 2469 1834 2494 sit.
1856 2479 1877 2494 0.
1891 2471 1915 2495 2.

1054 2508 1056 2536 l
1077 2512 1109 2538 de.
1129 2521 1249 2549 praepos.
1270 2515 1353 2546 agent.
1374 2511 1400 2536 in
1420 2511 1473 2537 rel).
1496 2514 1534 2537 12.
1553 2514 1595 2537 21.

1115 2554 1363 2581 Perlendere.
1401 2553 1442 2579 Cf.
1462 2564 1485 2580 v.
1507 2553 1688 2580 Praetendere.

1114 2598 1356 2623 Pertentare.
1394 2598 1546 2627 Tentare,
1568 2598 1696 2623 Conari.
1734 2597 1752 2623 1.
1766 2599 1827 2631 Sy.
1848 2597 1915 2624 Ten>

1078 2644 1138 2665 tare.
1168 2638 1217 2664 Th.
1239 2638 1269 2665 C.
1289 2639 1319 2665 II.
1340 2640 1379 2665 14.
1405 2650 1426 2665 0.
1448 2641 1468 2664 l.
1494 2639 1525 2665 de
1545 2639 1568 2665 h.
1590 2649 1632 2675 qu.
1658 2645 1756 2676 potent.
1781 2650 1849 2666 nom.
1870 2640 1912 2666 VI.

1053 2701 1054 2704 ¹
1075 2683 1115 2707 23.
1137 2692 1158 2707 0.
1179 2683 1201 2708 4.
1222 2681 1254 2707 de
1273 2683 1355 2719 princ.
1376 2687 1458 2717 agent.
1480 2683 1505 2707 in
1525 2682 1577 2708 reb.
1616 2682 1656 2708 111.
1678 2684 1744 2710 Cn.
1772 2683 1856 2710 Nemo
1877 2695 1912 2710 ea.

1076 2735 1141 2760 quae
1161 2726 1266 2761 saepius
1282 2741 1311 2744 —
1326 2724 1463 2750 interdicta
1478 2729 1547 2755 sunt,
1567 2724 1660 2752 audeat
1677 2731 1835 2763 pertentare.
1855 2738 1874 2753 0.
1889 2730 1911 2753 δ’.

1075 2767 1107 2793 (10
1127 2777 1217 2804 pagan.
1241 2770 1260 2793 l.
1282 2769 1321 2793 ll.
1347 2777 1367 2792 0.
1388 2768 1410 2793 9.
1431 2777 1470 2803 sq.
1492 2767 1524 2793 de
1543 2769 1649 2804 aquaed.
1671 2771 1711 2796 11.
1731 2773 1772 2796 42.
1810 2771 1850 2797 Ad
1871 2781 1911 2797 oc-

1075 2810 1173 2837 cultum
1193 2809 1376 2846 compendium
1395 2819 1470 2836 suum
1490 2810 1593 2838 trahere
1614 2818 1680 2849 pert.
1705 2824 1725 2840 0.
1746 2816 1768 2840 4.
1789 2814 1821 2840 (10
1841 2816 1909 2841 crint.
