2197 3121
926 174 1018 215 AQU
1038 192 1077 198 -
1098 175 1194 206 ΑΒΕ.

1889 177 1927 207 77

200 260 243 287 111.
268 261 333 288 (ἠ.
366 258 395 285 81
420 259 461 286 cni
485 259 612 285 escarium
637 262 770 293 argeutum
793 256 906 293 legatum
931 261 984 287 ost,
1013 256 1040 282 id
1061 257 1063 283 Ϊ
1083 256 1102 283 1.
1122 258 1183 291 Sy.
1212 256 1293 283 Iudex
1313 257 1456 290 (communi
1477 257 1566 289 divid..
1586 257 1831 289 v.samit.e1·cisc.).
1852 257 1923 284 Paul.

200 303 285 330 solnm
305 302 452 333 debebitur,
473 301 543 338 qnod
563 300 595 326 ad
614 300 772 337 epulandum
792 301 817 326 in
831 300 977 325 ministerio
997 298 1040 325 ha-
1061 316 1062 336 1
1084 299 1102 326 Ι.
1124 301 1163 326 18.
1187 299 1225 333 33.
1247 302 1268 326 l.
1289 310 1329 336 sq.
1355 300 1384 326 [ι’.
1407 302 1446 326 14.
1472 301 1509 334 33.
1530 302 1553 327 4.
1574 310 1613 337 sq.
1647 301 1698 336 Qu.
1723 305 1783 326 utet.
1804 311 1825 326 c.
1855 302 1878 326 4.
1899 302 1923 326 2.

200 346 264 372 buit.
294 361 326 365 —
355 345 432 371 Ynde
455 344 487 371 de
507 344 678 380 aquiminario
703 343 849 369 dubitatum
869 346 918 368 est.
947 341 978 367 fr.
999 343 1039 368 19.
1061 347 1062 366 1
1083 342 1114 368 fr.
1135 344 1175 369 19.
1200 343 1230 376 33
1260 345 1283 369 l.
1301 345 1326 369 3.
1351 343 1381 369 fr.
1400 346 1442 370 21.
1466 344 1497 370 t'r.
1517 345 1559 370 26.
1585 354 1676 370 comm.
1698 343 1750 370 div.
1771 345 1810 369 10.
1830 344 1855 369 3.
1892 343 1923 369 11.

1060 370 1063 412 l
1085 387 1152 419 Op.
1180 385 1262 412 Iudex
1287 386 1484 423 (competens).
1515 386 1545 413 fr.
1565 388 1589 413 9.
1613 397 1652 423 sq.
1683 387 1735 422 Qu.
1756 385 1847 412 satisd.
1868 395 1922 422 cog.

234 430 453 465 Aquitania.
475 431 617 464 Singula
632 429 1038 463 IV.provinciarumaal-
1060 420 1062 470 1
1083 430 1107 454 2.
1127 430 1150 454 8.
1171 427 1201 455 fr.
1222 430 1245 455 7,
1265 439 1304 466 pr.
1325 428 1357 455 de
1376 428 1405 455 L.
1426 429 1473 455 Iul.
1492 434 1575 466 repet.
1595 431 1636 456 48.
1659 432 1698 455 ll.
1735 429 1777 455 Ill.
1798 430 1863 456 (Ἦ.
1895 428 1924 455 In

199 476 267 501 liae
282 484 369 508 pars.
399 473 441 499 ΠΙ.
458 473 522 500 Gn.
542 471 681 498 Provincia
694 471 762 507 Aqu.
783 485 815 489 ——
834 469 948 506 Legatus
959 470 1040 506 Aqui·
1060 474 1062 512 1
1083 470 1108 497 b.
1129 471 1145 497 f.
1170 471 1275 498 iudiciis
1294 487 1326 491 —
1347 477 1375 498 ut
1398 472 1549 499 tantundem
1573 474 1660 510 possit
1683 473 1799 499 officium
1822 472 1924 504 arbitri,

200 518 292 543 taniae.
312 526 333 542 c.
352 518 376 542 2.
397 515 429 542 de
448 515 543 541 munic.
563 519 589 541 et
608 515 672 550 orig.
699 516 739 540 10.
758 514 800 539 38.
824 512 856 539 11.
878 515 918 539 12.
938 523 977 550 pr.
1007 512 1039 539 de
1060 522 1062 526 ’
1084 518 1210 549 quantum
1229 514 1372 552 stipulatio.
1397 514 1426 541 sr.
1445 516 1487 540 24.
1512 515 1603 552 depos.
1625 517 1665 542 16.
1685 517 1709 542 3.
1738 515 1769 541 fr.
1790 516 1813 541 7.
1838 515 1870 541 de.
1891 514 1923 540 N.

200 388 222 422 ξ.
244 390 283 414 12.
305 388 336 414 cf.
357 388 387 414 fr.
407 389 448 413 21.
469 387 490 420 3.
510 389 534 412 2.
554 386 587 413 de
605 396 668 412 auro
688 396 739 422 arg.
759 387 800 411 34.
819 387 844 411 2.

201 558 302 586 custod.
323 563 348 585 et
368 558 454 585 exliib.
474 559 515 583 48.
535 558 559 583 3.

1084 556 1116 583 G.
1141 558 1165 583 3.
1185 560 1209 584 5.
1247 558 1374 594 Aequitas
1402 557 1506 587 arbitri,
1535 563 1613 594 atque
1638 559 1754 585 officium
1778 559 1827 584 viri
1851 557 1923 589 boni,

234 603 322 629 Ara.
352 604 474 627 Altare.
512 599 554 626 ΙΙΙ.
570 601 635 627 οη.
655 599 697 626 Ad
709 608 766 625 aras
780 603 806 625 ct
825 598 921 635 templa
942 599 1039 631 (trans-
1060 589 1062 637 1
1083 599 1188 626 videtur
1213 611 1267 626 eam
1293 600 1401 627 formam
1425 601 1490 626 iuris
1514 600 1686 628 desiderasse.
1716 601 1747 628 fr.
1768 603 1807 627 12.
1828 602 1850 627 si
1869 610 1925 627 rem

200 646 250 672 ire.
270 654 290 671 5.
311 644 445 680 migrare).
475 642 525 669 Th.
541 642 571 669 C.
585 642 656 668 XVI.
671 643 694 668 .7
709 652 730 667 c.
744 643 768 667 2.
783 641 804 674 3
821 643 843 667 1.
863 652 884 667 c.
904 644 928 668 -3.
947 652 987 678 pr.
1007 641 1039 668 de
1061 660 1062 673 .
1083 653 1146 680 pup.
1166 643 1231 669 salv.
1251 643 1314 670 fore.
1334 645 1375 670 46.
1396 644 1420 669 6.
1457 643 1558 675 Petere,
1578 655 1602 670 v.
1622 644 1768 675 Postulare,
1789 643 1923 670 arbitrum.

1061 682 1062 708 1
1084 701 1117 705 -
1136 686 1266 723 Accipere
1284 686 1338 713 arb.
1368 685 1417 712 Gai
1436 685 1479 712 IV.
1502 688 1558 713 141.
1581 689 1637 714 163.
1657 697 1715 723 sqq.
1741 687 1770 713 l'r.
1792 689 1832 713 11.
1857 687 1923 720 3.1.

200 692 311 724 apostat.
337 686 368 713 cf.
388 696 409 712 c.
424 688 447 712 7.
473 685 536 712 lust.
551 685 582 712 C.
602 685 634 712 de
653 695 744 722 pagan.
765 686 787 710 1.
804 685 843 710 11.
882 683 1040 720 Confugien-

200 730 270 756 tibus
291 740 359 756 aram
378 729 471 755 salutis
491 739 557 755 esse.
586 727 635 755 Th.
650 728 681 755 C.
695 727 741 754 IX.
760 729 802 754 45.
822 738 843 754 c.
858 729 882 753 4.
901 737 941 764 pr.
961 727 993 753 de
1007 728 1039 754 iis

200 783 243 809 qn.
264 772 295 799 ad
315 772 378 799 eccl.

234 814 486 842 Arabarchia.
523 812 564 840 Cf.
584 812 749 839 Alaban-chia.

233 858 388 884 Arabia.
426 859 527 884 Asiae
556 857 661 891 regio,
693 858 725 882 in
751 857 948 890 provinciae
965 857 1039 892 for-

199 910 277 927 mam
301 903 441 927 reducta.
481 899 525 926 III.
546 900 612 926 (7η.
644 898 755 925 Prneses
779 899 900 925 Arabiae.
936 898 973 924 lb.
994 898 1038 925 ΙΧ,

198 945 240 969 40.
261 953 282 969 c.
302 945 326 969 4.
346 942 378 969 tle
397 952 473 979 poen.
493 941 584 968 Iulian.
604 942 666 978 epit.
687 952 746 967 nov.
767 952 789 968 c.
812 943 853 968 95.
874 942 896 975 3.
915 943 974 968 356.

233 986 431 1012 Arabicus.
461 984 590 1017 (Adiect.)
628 987 675 1011 Ad
693 986 846 1011 Arabiam
862 987 1038 1018 pertinens.

199 1028 241 1055 111.
261 1030 326 1056 Cn.
354 1027 463 1064 Species
483 1028 645 1064 pertinentes
659 1027 691 1054 ad
704 1026 830 1063 vectigal:
851 1043 883 1046 —
903 1027 1039 1053 (1101113111-

199 1071 299 1099 dicum.
320 1086 351 1090 -
372 1080 443 1106 onyx
462 1070 605 1103 Arabicus,
624 1070 709 1107 pelles
729 1069 916 1106 Babylonicae.
944 1070 976 1096 fr.
998 1071 1037 1096 16.

199 1115 221 1148 3.
242 1116 264 1140 7.
284 1113 316 1139 de.
334 1113 468 1150 publican.
488 1115 530 1140 39.
550 1115 574 1139 4.

232 1158 438 1187 Araneum,
459 1166 484 1182 v.
503 1157 669 1183 Aranea.
690 1155 806 1189 (Subst.)
834 1157 944 1183 Telum
963 1166 1038 1183 ara-

198 1209 337 1226 neorum.
374 1198 415 1225 111.
431 1200 496 1226 Gn.
515 1198 641 1230 Perticae,
662 1199 758 1235 quibus
778 1209 885 1225 araneae
904 1198 1038 1236 detergan-

198 1247 248 1269 tur.
274 1242 305 1268 fr.
325 1243 365 1268 12.
386 1241 408 1275 3.
427 1243 469 1268 22.
489 1241 521 1268 de
541 1242 615 1268 instr.
637 1241 684 1278 leg.
704 1243 746 1268 33.
767 1243 789 1268 7.

232 1287 367 1312 Arare.
408 1286 537 1311 Vertere
556 1291 678 1312 aratro.
717 1285 760 1311 ΙΙΙ.
781 1286 846 1312 Gn·
871 1285 933 1312 81ve
952 1287 978 1312 in
999 1296 1037 1312 se-

198 1329 293 1357 rendo.
318 1329 374 1354 sive
398 1326 535 1355 fodiendo.
563 1328 620 1353 sive
644 1327 754 1359 arando,
782 1329 838 1354 sive
863 1329 926 1365 quid
950 1329 1037 1355 aediti·
1059 1343 1060 1354 1

199 1371 290 1398 cando.
311 1372 380 1403 (non
400 1371 486 1396 sinere
504 1370 687 1407 possidentem
711 1372 774 1403 uti).
799 1372 829 1398 fr.
851 1374 890 1398 11.
916 1371 948 1398 de
966 1373 992 1398 vi
1012 1377 1037 1398 et
1059 1391 1060 1404 3

198 1416 224 1441 vi
244 1424 305 1440 arm.
324 1415 365 1440 43.
387 1414 426 1439 16.
464 1413 503 1439 Ne
522 1414 581 1450 quis
601 1424 646 1440 eos
666 1414 763 1441 limites
783 1415 942 1441 decumanos
962 1415 1037 1441 obse<

197 1459 262 1494 pito.
282 1467 348 1483 neve
367 1456 430 1493 quid
449 1457 475 1482 in
496 1457 534 1483 eis
553 1456 723 1489 immolitum,
744 1468 810 1485 neve
830 1458 893 1495 quid
913 1458 949 1484 ibi
967 1459 1038 1495 posi-

199 1505 253 1527 tum
272 1500 380 1531 habeto,
400 1509 465 1525 neve
485 1509 530 1525 eos
550 1504 621 1525 arato
641 1505 690 1527 ete.
726 1500 768 1528 Fr.
789 1501 851 1537 Leg.
871 1501 967 1528 Mamil.
994 1503 1036 1538 (p.

197 1545 256 1570 339.
277 1543 375 1575 Gocs.)
411 1542 507 1574 Arare,
532 1547 576 1568 aut.
600 1543 694 1570 colere.
722 1544 753 1571 sr.
775 1546 797 1571 7.
822 1545 844 1578 3.
863 1546 887 1571 3.
913 1545 945 1571 de
970 1544 1037 1571 usut'.

198 1588 222 1612 7.
244 1588 266 1612 l.
298 1585 327 1612 Si
346 1585 426 1611 boum
445 1586 553 1611 armenti
573 1596 636 1612 usus
657 1586 827 1624 relinquatur,
847 1598 949 1614 omnem
964 1598 1038 1614 nsum

198 1629 317 1661 habebit,
337 1633 362 1655 et
381 1628 414 1654 ad
433 1628 570 1661 arandum,
597 1634 623 1656 et
647 1629 679 1656 ad
699 1636 799 1657 caetera
818 1631 851 1657 ad
870 1642 936 1667 qnae
955 1631 1037 1657 boves

199 1673 252 1708 apti
271 1676 339 1698 sunt.
370 1670 400 1698 sr.
425 1673 464 1698 12.
489 1672 510 1705 3.
530 1673 554 1698 3.
579 1672 612 1699 de
630 1683 680 1699 usu
699 1678 724 1700 et
748 1673 829 1700 habit.
855 1676 877 1701 7.
897 1675 921 1701 8.
951 1674 982 1701 cf.
1007 1674 1037 1701 fr.
1060 1669 1062 1677 ’

201 1716 240 1740 18.
260 1715 281 1748 3.
301 1716 325 1741 6.
345 1714 377 1740 de
395 1715 471 1742 instr.
491 1715 540 1751 leg.
560 1716 601 1742 33.
623 1717 645 1742 7.

233 1759 382 1784 Arator.
420 1759 536 1784 Cultor
555 1769 718 1794 agrorum.
755 1759 798 1786 ΠΙ.
819 1761 885 1788 Cn.
905 1759 965 1786 Non
986 1770 1039 1786 ser*-

200 1810 247 1826 vos
267 1805 394 1831 aratores,
419 1805 463 1826 aut
488 1800 569 1826 boves
594 1803 736 1831 aratorios,
757 1803 891 1839 (pignoris
911 1813 989 1829 cansa
1007 1803 1039 1829 de

200 1842 416 1880 possessionibus
445 1843 622 1877 abstrahant).
657 1843 706 1871 Th.
732 1844 762 1871 C.
786 1845 817 1871 11.
841 1847 882 1871 30.
912 1856 933 1872 c.
959 1848 982 1872 l.
1007 1845 1039 1872 de

199 1887 301 1922 pignor.
338 1885 380 1911 De
398 1885 523 1918 bubulco,
543 1902 575 1905 —
594 1887 651 1912 sive
670 1887 702 1913 dc
721 1898 751 1913 eo
772 1889 816 1924 qui
836 1888 923 1914 bubus
936 1889 972 1914 ibi
986 1899 1039 1914 ara-

199 1933 247 1956 ret.
267 1929 324 1954 sive
344 1927 376 1953 de
395 1938 426 1954 eo
446 1929 491 1964 qni
509 1929 592 1955 boves
612 1930 667 1955 eins
687 1929 761 1957 fundi
780 1935 896 1957 aratores
909 1937 1037 1968 pasceret.

200 1971 230 1998 fr.
252 1972 291 1997 18.
313 1971 334 2004 3.
355 1972 378 1997 6.
399 1970 431 1996 de
450 1971 525 1997 instr.
545 1971 593 2007 leg.
613 1974 654 1998 33.
675 1974 698 1999 7.

232 2014 443 2041 Aratorius.
472 2013 601 2047 (Adiect.)
630 2018 747 2042 Aratri
763 2018 902 2050 patiens.
936 2017 954 2044 I.
975 2018 1038 2051 Sy·

200 2057 338 2089 Amores,
357 2056 472 2083 Aratorii
496 2057 621 2090 (boves).
656 2057 705 2084 Th.
726 2057 756 2085 C.
776 2058 793 2085 1.
813 2058 829 2085 l.
854 2059 885 2086 fr.
906 2061 944 2086 18.
971 2061 992 2094 3.
1013 2061 1037 2086 6.

200 2100 216 2126 l.
236 2100 253 2126 l.
272 2100 314 2126 33.
334 2101 356 2125 7.
377 2098 448 2125 Paul.
462 2099 504 2125 111.
524 2101 547 2126 6.
568 2101 589 2134 3.
608 2102 649 2127 35.
673 2101 716 2128 III.
732 2103 797 2129 οη.
817 2102 896 2138 Quod
916 2104 1038 2139 spatium,

200 2147 226 2169 et
245 2142 315 2179 quod
334 2143 369 2169 sit
387 2143 455 2168 ruris
474 2143 613 2179 ingenium.
634 2144 697 2180 quid
716 2145 742 2171 in
762 2146 854 2177 vineis,
874 2146 967 2178 olivis,
985 2156 1039 2172 ara-

200 2187 289 2218 toriis,
309 2186 423 2222 pascuis,
442 2185 518 2212 silvis
537 2185 617 2213 suerit
634 2188 777 2214 inventum.
809 2187 859 2215 Th.
881 2189 912 2216 C.
931 2189 976 2216 IX.
997 2191 1038 2216 42.

202 2238 223 2254 c.
243 2230 266 2254 7.
287 2228 319 2254 de
336 2228 398 2254 bon.
417 2238 519 2265 proscr.

235 2272 427 2298 Aratrum·
465 2273 732 2305 Ins-trumentum,
751 2284 812 2308 quo
831 2281 957 2301 aratur.
995 2274 1037 2301 111.

201 2314 268 2341 (7¹12.
298 2313 403 2346 Aratra,
422 2314 532 2351 ligone&
552 2315 656 2348 sarculi,
676 2316 755 2343 falces
774 2319 931 2354 putatoriae,
949 2318 1039 2344 biden—

201 2360 250 2382 tes.
276 2355 305 2382 fr.
324 2357 348 2382 8.
368 2367 406 2393 pr.
430 2356 447 2383 l.
468 2357 484 2384 l.
503 2359 545 2384 33.
566 2359 588 2384 7.
618 2357 690 2384 Paul.
710 2358 752 2385 Ill.
777 2361 800 2386 6.
825 2361 847 2394 3.
866 2363 909 2387 35.
952 2362 1037 2398 Opus,

202 2398 273 2435 quod
292 2399 345 2434 agri
364 2399 467 2427 colendi
486 2410 563 2427 causa
581 2406 666 2428 aratro
686 2401 781 2428 sactum
800 2403 843 2429 sit.
873 2403 904 2430 fr.
924 2406 947 2431 1.
971 2404 995 2437 3
1012 2406 1037 2431 3.

202 2441 235 2467 de
253 2451 318 2477 aqua
338 2445 363 2467 et
382 2452 439 2478 aqu.
458 2442 530 2480 pluv.
548 2445 590 2470 39.
608 2445 633 2470 3.
669 2445 764 2472 Aratro
785 2445 902 2472 definire.
939 2446 1038 2473 Curva-

203 2489 260 2510 tura
278 2484 364 2510 aratri.
392 2483 422 2510 11.
441 2487 500 2512 239.
520 2486 542 2520 3.
561 2487 585 2513 6.
611 2486 644 2514 (le
662 2487 694 2514 V.
714 2488 742 2515 S.
761 2490 803 2515 50.
824 2490 864 2515 16.
894 2488 925 2515 cf.
944 2489 974 2516 fr.
994 2492 1036 2516 21.

203 2526 255 2562 Qu.
274 2526 343 2553 mod.
364 2526 446 2553 ususf.
465 2529 488 2554 7.
508 2530 532 2554 4.

237 2570 400 2597 Arbiter.
412 2570 442 2602 ἓ.
454 2571 488 2596 l.
511 2573 572 2604 Qui
587 2582 646 2606 pro
665 2575 773 2600 lubitu
789 2576 949 2608 deceruit,
971 2577 1037 2602 Mo·

202 2614 342 2639 derator.
379 2612 421 2638 111.
441 2613 506 2640 Cn·
543 2614 629 2649 Quam
648 2615 702 2649 (sc.
723 2616 890 2652 dignitatem)
910 2618 943 2644 D.
963 2623 1037 2655 pater

203 2659 305 2683 noster.
326 2655 463 2691 singularis
483 2656 633 2684 meritorum
652 2659 750 2685 arbiter
768 2659 847 2686 dedit.
877 2660 925 2687 Th.
947 2661 977 2688 C.
992 2661 1036 2688 VI.

202 2698 243 2723 26.
265 2708 285 2723 c.
302 2699 340 2723 11.
361 2697 393 2723 de
406 2699 516 2735 proxim.
531 2701 617 2726 comit.
649 2702 717 2736 Quis
732 2707 783 2728 tam
802 2704 912 2730 inveniri
930 2705 1036 2740 iniquus

203 2740 300 2766 arbiter
313 2750 398 2767 rerum
411 2747 507 2778 potest,
522 2743 566 2778 qni
580 2747 628 2768 etc.
648 2743 684 2770 lb.
695 2745 751 2771 XII.
766 2748 790 2771 5.
805 2756 826 2772 c.
837 2747 861 2772 3.
882 2746 1035 2782 Quemadm.

203 2792 272 2808 mun.
293 2784 341 2809 civ.
366 2799 398 2803 —
423 2785 452 2817 ξ.
472 2787 507 2813 2.
537 2787 639 2812 ludex
658 2797 674 2813 α
693 2790 896 2823 magistratu
914 2792 1037 2816 consti-

204 2831 308 2858 tutus,
338 2829 378 2853 ad
403 2837 466 2855 rem
489 2830 673 2856 arbitrario
696 2834 783 2859 modo
805 2834 1036 2868 definiendam.

1061 726 1062 737 ¹
1084 728 1116 754 de
1136 728 1163 755 S.
1184 728 1211 755 Ρ.
1232 728 1264 755 V.
1284 732 1307 755 8.
1327 731 1352 755 2.

1394 729 1530 756 Arbitrum
1549 731 1575 756 in
1595 730 1661 756 hauc
1680 740 1733 756 rem
1753 730 1861 756 Praetor
1881 729 1923 755 de-

1084 771 1158 797 bebit
1177 771 1252 801 dare,
1276 773 1350 798 cuius
1375 773 1524 799 interventu
1549 773 1714 805 (tribuantur
1737 773 1863 806 merces).
1893 772 1923 798 fr.

1085 816 1108 840 7.
1129 815 1194 848 3.1.
1220 814 1252 841 de
1278 815 1368 842 tribut.
1389 820 1437 841 act.
1464 817 1503 842 14.
1523 817 1547 842 4.
1572 816 1602 842 sr.
1622 818 1663 842 37.
1694 815 1726 841 de
1750 816 1834 842 lideic.
1859 815 1923 841 libb.

1061 862 1063 897 1
1084 859 1125 884 40.
1145 860 1169 884 5.
1207 858 1272 884 Dari
1291 858 1345 884 arb.
1366 858 1398 884 (le
1417 858 1494 885 modo
1515 869 1641 895 agrorum.
1668 858 1698 884 sr.
1711 860 1734 884 7.
1754 859 1798 884 1111.
1817 857 1923 894 regund.

1061 901 1063 911 ¹
1084 902 1125 927 10.
1146 903 1168 927 l.

1060 1047 1061 1054 1
1083 1030 1137 1056 arb.
1158 1030 1224 1056 data.
1248 1030 1279 1056 fr.
1299 1032 1340 1056 47.
1360 1040 1398 1067 pr.
1419 1030 1449 1056 fr.
1469 1032 1510 1056 52.
1530 1031 1551 1064 3.
1571 1033 1594 1057 2.

1215 901 1280 927 Arb.
1310 903 1355 937 qni
1384 901 1495 927 familiae
1524 901 1693 928 erciscundae
1718 901 1815 927 indicio
1840 901 1923 927 datur.

1084 943 1175 970 Famil.
1195 945 1286 970 ercisc.
1307 944 1404 970 iudicio
1424 944 1544 971 addictus
1563 945 1616 971 arb.
1642 945 1672 971 fr.
1691 947 1732 971 30.
1753 944 1811 970 fam.
1832 945 1924 970 ercisc.

1084 989 1125 1014 10.
1143 989 1168 1013 2.
1206 986 1423 1013 Adiudicationes
1444 987 1474 1013 ab
1495 988 1593 1014 arbitro
1608 988 1698 1014 sactae.
1737 987 1872 1013 Sententia
1892 986 1924 1012 ab

1615 1031 1649 1057 ib.
1671 1033 1710 1057 10.
1730 1032 1754 1056 2.
1775 1030 1804 1056 fr.
1825 1031 1865 1056 14.
1885 1029 1923 1063 33.

1082 1075 1106 1100 4.
1127 1083 1166 1110 sq.
1187 1073 1240 1109 Qu.
1259 1078 1320 1099 met.
1340 1084 1361 1099 c.
1386 1075 1409 1099 4.
1430 1075 1453 1099 2.
1474 1089 1506 1092 ———
1531 1074 1561 1106 §-
1583 1075 1619 1100 3.
1650 1075 1880 1107 Disceptator.
1901 1083 1923 1099 v.

1082 1115 1312 1151 Exaeqna‘tor,
1335 1118 1541 1143 constitutus
1566 1127 1602 1142 (3.1·
1625 1118 1853 1150 compromisso
1877 1118 1924 1142 al-

1081 1161 1289 1187 tert-antium.
1327 1159 1345 1185 1.
1370 1160 1431 1193 Sy.
1465 1158 1546 1185 Iudex
1575 1169 1606 1185 ex
1635 1160 1825 1195 compromisso
1855 1168 1923 1185 sum-

1082 1207 1133 1229 tus.
1171 1202 1426 1239 Compromissarius
1446 1202 1567 1235 (iudex).
1602 1201 1673 1228 Paul.
1701 1201 1730 1228 V.
1755 1204 1778 1228 5.
1799 1202 1830 1228 A.
1857 1202 1923 1235 3.1.

1082 1245 1112 1271 sr.
1133 1246 1173 1271 Sl.
1195 1245 1227 1272 de
1246 1246 1324 1272 indic.
1349 1247 1372 1272 5.
1394 1247 1416 1271 1.
1441 1255 1462 1271 c.
1481 1246 1522 1271 29.
1541 1244 1580 1271 de
1599 1250 1667 1282 pact.
1687 1246 1711 1270 2.
1731 1246 1755 1271 3.
1776 1255 1797 1271 c.
1812 1247 1835 1270 5.
1856 1245 1878 1278 3.
1897 1246 1923 1271 2.

1083 1288 1115 1314 de
1134 1298 1185 1314 rec.
1206 1288 1295 1315 arbitr.
1319 1291 1344 1314 2.
1364 1289 1405 1314 56.
1447 1288 1596 1314 Arbitrans.
1625 1288 1655 1314 fr.
1675 1289 1700 1314 3.
1726 1288 1748 1321 3.
1768 1289 1792 1314 3.
1820 1287 1852 1314 de
1872 1297 1923 1313 rec.

1082 1341 1124 1368 qu.
1145 1331 1199 1357 arb.
1220 1332 1243 1357 4.
1264 1332 1288 1358 8.
1330 1331 1373 1357 111.
1394 1332 1459 1359 (711.
1485 1331 1553 1358 Cum
1572 1342 1604 1358 ex
1624 1331 1815 1368 compromisso
1836 1330 1867 1356 ad
1887 1340 1925 1356 ar-

1082 1375 1179 1401 bitrum
1199 1375 1263 1400 itum
1283 1380 1331 1401 est.
1357 1374 1388 1401 l'r.
1409 1376 1448 1401 76.
1468 1385 1517 1412 pro
1537 1384 1591 1400 soc.
1612 1376 1651 1400 17.
1671 1376 1695 1400 2.
1734 1373 1924 1399 Controversia

1082 1422 1139 1444 orta
1159 1422 1211 1449 est,
1232 1422 1258 1443 et
1276 1418 1374 1444 arbiter
1393 1417 1506 1450 electus,
1532 1422 1559 1444 nt
1583 1417 1709 1443 arbitratu
1737 1417 1792 1442 eius
1812 1426 1854 1442 res
1874 1421 1924 1443 ter-

1082 1462 1202 1487 minetur.
1228 1460 1258 1487 sr.
1278 1462 1319 1487 44.
1341 1460 1373 1487 de
1391 1471 1443 1487 rec.
1464 1471 1507 1497 qu.
1527 1460 1580 1487 arb.
1605 1462 1629 1486 4.
1648 1461 1672 1486 8.
1716 1459 1925 1497 Compromissa-

1082 1505 1136 1531 rios
1156 1504 1270 1530 arbitros
1290 1503 1387 1540 eligere
1411 1514 1469 1530 cum
1494 1503 1644 1530 adversario
1665 1513 1721 1529 suo.
1750 1503 1840 1529 Iulian.
1861 1503 1923 1539 epit.

1059 1566 1061 1572 ⁴
1083 1557 1142 1573 nov.
1169 1557 1190 1573 c.
1210 1548 1251 1573 86.
1272 1547 1293 1581 3.
1313 1548 1372 1573 335.
1397 1557 1418 1573 c.
1440 1548 1497 1573 106.
1522 1548 1543 1581 3.
1563 1548 1622 1573 370.
1643 1546 1674 1572 ct'.
1696 1556 1716 1572 c.
1736 1548 1777 1572 29.
1804 1545 1836 1571 de
1855 1550 1924 1582 pact.

1082 1592 1106 1617 2.
1126 1592 1150 1617 3.
1188 1590 1343 1618 Arbitrium.
1364 1589 1509 1617 Sententia.
1529 1590 1627 1616 arbitri.
1654 1589 1684 1615 fr.
1706 1591 1745 1615 13.
1766 1589 1848 1622 331.
1861 1590 1885 1614 3.
1900 1589 1923 1614 4.

1060 1658 1062 1667 ,
1083 1634 1099 1661 l.
1120 1633 1136 1660 l.
1156 1635 1180 1661 4.
1200 1635 1224 1660 8.
1245 1633 1275 1659 fr.
1295 1634 1318 1659 9.
1340 1633 1391 1668 Qu.
1412 1633 1503 1660 satisd.
1524 1643 1578 1669 cog.
1599 1635 1623 1658 2.
1643 1635 1667 1658 δ.
1697 1648 1729 1651 -
1755 1633 1785 1665 ξ.
1806 1634 1845 1659 4.
1871 1633 1925 1658 Iu-

1083 1680 1140 1704 dex
1163 1679 1407 1711 qualiscunque.
1445 1676 1571 1704 HL'Gn.
1600 1675 1655 1702 Nec
1679 1675 1748 1712 apud
1772 1676 1845 1711 ipsos
1870 1674 1924 1710 qni-

1083 1720 1142 1746 dem
1162 1720 1288 1751 arbitros,
1309 1719 1351 1745 vel
1371 1720 1397 1745 in
1417 1719 1521 1746 iudiciis
1541 1719 1685 1755 flagitato&
1705 1717 1747 1744 vel
1767 1721 1861 1754 sponte
1881 1716 1924 1742 de-

1082 1763 1179 1795 lectos,
1199 1762 1252 1789 ulla
1272 1763 1307 1788 sit
1325 1763 1422 1797 agnitio
1441 1762 1591 1797 iurgiorum.
1621 1760 1670 1788 Tb.
1686 1760 1716 1787 C.
1730 1760 1798 1787 VIII.
1819 1762 1842 1786 8.
1864 1770 1884 1786 c.
1898 1761 1924 1786 3.

1083 1806 1118 1832 de.
1140 1810 1256 1832 exsecut.
1282 1809 1308 1830 et
1331 1809 1413 1830 exact.
1446 1804 1490 1831 XI.
1516 1806 1539 1830 7.
1565 1815 1585 1830 c.
1607 1806 1646 1830 13.
1677 1803 1708 1830 de
1728 1804 1857 1830 exaction.
1890 1818 1923 1821 —

1084 1849 1115 1881 ξ.
1136 1849 1173 1875 5.
1206 1849 1322 1874 Testis.
1360 1847 1402 1873 IH.
1428 1848 1493 1874 Cn.
1522 1847 1657 1873 Advocata
1676 1847 1823 1877 vicinitate,
1843 1846 1924 1871 omni-

1083 1891 1188 1927 busque
1205 1890 1311 1916 arbitris
1330 1889 1470 1921 adhibitis,
1489 1900 1600 1926 quorum
1618 1894 1711 1927 postea
1731 1889 1783 1915 fide
1801 1888 1923 1926 probabi-

1083 1939 1128 1960 tur
1145 1939 1194 1960 etc.
1222 1933 1259 1959 Ib.
1280 1932 1347 1959 VIII.
1369 1935 1408 1959 12.
1429 1943 1451 1959 c.
1471 1934 1494 1959 1.
1514 1933 1536 1966 §
1556 1935 1580 1959 2.
1601 1932 1633 1959 de
1652 1932 1786 1959 donation.

1117 1976 1335 2003 Arbitralis.
1362 1975 1491 2009 (Adiect.)
1520 1978 1568 2002 Ad
1585 1978 1747 2002 arbitrum
1766 1981 1922 2010 spectauit.

1083 2019 1102 2046 1.
1121 2020 1183 2053 Sy.
1204 2019 1304 2045 Arbitri
1325 2018 1486 2052 (sententia,
1506 2029 1530 2045 v.
1551 2018 1669 2045 definitio
1690 2018 1761 2053 eto).
1782 2029 1803 2045 c.
1818 2019 1840 2044 l.
1862 2028 1882 2044 c.
1897 2019 1922 2044 3.

1084 2072 1105 2089 c.
1124 2064 1148 2088 4.
1169 2062 1190 2096 3.
1210 2063 1234 2088 5.
1255 2072 1276 2087 c.
1296 2064 1322 2088 5.
1338 2072 1379 2099 pr.
1400 2062 1432 2089 de.
1450 2072 1502 2089 rec.
1522 2062 1576 2088 arb.
1595 2064 1619 2088 2.
1639 2063 1680 2088 56.

1117 2105 1321 2132 Arbitrari.
1359 2106 1391 2138 ς’.
1410 2107 1444 2132 1.
1478 2107 1698 2137 Existimat-e,
1728 2106 1922 2131 Persuasum

1083 2150 1147 2175 sibi
1165 2150 1283 2174 habere.
1320 2147 1363 2174 ΙΠ.
1384 2149 1449 2175 Cn.
1478 2148 1609 2174 Arbitrari
1627 2148 1764 2177 Senatum,
1785 2148 1869 2180 (recte
1887 2150 1922 2171 at-

1083 2201 1134 2227 que
1153 2190 1246 2217 ordine
1264 2190 1381 2217 facturos
1400 2191 1470 2224 etc).
1491 2191 1521 2217 fr.
1541 2193 1565 2217 2.
1585 2192 1650 2225 3.1.
1676 2191 1708 2217 ad
1728 2190 1754 2217 S.
1775 2189 1806 2217 C.
1826 2188 1921 2215 Vellei.

1084 2236 1123 2260 16.
1146 2236 1167 2260 l.
1206 2233 1235 2260 Si
1255 2244 1320 2270 quas
1339 2233 1436 2261 habere
1455 2244 1483 2260 se
1502 2244 1593 2260 causas
1613 2234 1790 2260 excusationis
1814 2232 1921 2259 arbitra-

1082 2277 1166 2309 bitur,
1191 2277 1267 2303 adeat
1290 2287 1323 2304 ex
1343 2287 1424 2303 more.
1452 2276 1536 2304 Vatic.
1557 2277 1657 2310 §.1552
1686 2277 1772 2312 Quem
1791 2277 1813 2302 si
1832 2274 1920 2305 iudex,

1059 2353 1060 2356 ¹
1083 2319 1154 2356 quod
1173 2330 1226 2346 11011
1245 2320 1413 2353 arbitramur,
1432 2321 1518 2346 minus
1537 2320 1627 2347 audire
1645 2320 1774 2346 maluerit.
1798 2329 1818 2344 c.
1837 2319 1862 2343 2.
1887 2315 1921 2343 de

1082 2363 1126 2389 off.
1147 2364 1195 2389 civ.
1215 2362 1293 2389 indic.
1314 2365 1336 2389 l.
1356 2365 1398 2389 45.
1419 2379 1451 2382 —
1475 2364 1506 2396 ξ.
1527 2365 1562 2390 2.
1589 2365 1698 2390 Causa
1717 2363 1867 2395 cognita,
1886 2361 1920 2385 in

1082 2408 1152 2432 iure
1171 2408 1219 2432 vel
1237 2407 1374 2437 iudicio,
1399 2412 1554 2432 atatuere.
1591 2405 1633 2432 III.
1659 2408 1723 2434 Cu.
1752 2403 1826 2430 Solet
1844 2402 1920 2428 Prae-

1082 2453 1124 2475 tor
1142 2449 1310 2480 intcrvenire,
1331 2453 1356 2474 et
1374 2449 1443 2475 inter
1456 2451 1652 2476 consentientes
1671 2447 1798 2478 arbitrari,
1818 2456 1850 2472 an
1869 2449 1918 2471 etc.

1082 2491 1112 2518 fr.
1132 2492 1156 2517 8.
1175 2501 1214 2528 pr.
1239 2491 1271 2517 de
1291 2496 1414 2518 transact.
1438 2494 1463 2518 2.
1484 2494 1524 2519 15.
1563 2493 1616 2528 Qui
1640 2500 1719 2528 super
1737 2500 1766 2516 ea
1785 2499 1813 2516 re
1833 2489 1919 2525 cogui-

1081 2539 1156 2560 turus
1175 2538 1228 2563 est.
1248 2534 1418 2561 arbitrabitur
1437 2539 1485 2561 etc.
1505 2535 1535 2561 sr.
1556 2537 1578 2562 7.
1598 2536 1619 2568 3.
1639 2537 1661 2560 5.
1687 2533 1719 2560 de
1738 2532 1798 2559 (1011.
1818 2533 1865 2558 int.
1885 2530 1918 2557 V.

1080 2579 1122 2603 ⁴24.
1142 2578 1167 2603 1.
1203 2576 1301 2604 Totum
1323 2577 1374 2604 hoc
1398 2588 1431 2605 ex
1450 2588 1533 2614 aequo
1553 2583 1577 2604 et
1596 2578 1666 2603 bono
1685 2576 1764 2602 iudex
1783 2574 1919 2601 arbitrabi-

1080 2624 1130 2646 tur.
1151 2619 1181 2646 fr.
1202 2621 1242 2646 12.
1262 2620 1284 2654 ξ.
1304 2621 1328 2647 9.
1347 2620 1433 2647 mand.
1453 2623 1493 2646 17.
1515 2623 1537 2646 l.
1566 2620 1735 2655 Quaestionis
1749 2618 1855 2645 modum
1867 2628 1918 2644 ma-

1080 2663 1119 2699 gis
1140 2667 1180 2688 est
1198 2662 1299 2689 iudices
1319 2663 1438 2690 arbitrari
1458 2668 1587 2700 oportere.
1615 2662 1646 2689 fr.
1666 2664 1689 2689 7.
1716 2662 1747 2689 de
1771 2662 1918 2698 quaestion.

1080 2706 1122 2731 43.
1149 2706 1189 2732 18.
1227 2722 1259 2725 —
1296 2707 1327 2740 ξ.
1352 2708 1390 2733 3.
1424 2707 1554 2732 Arbitri
1584 2707 1707 2742 officio
1733 2707 1850 2742 fungi,
1881 2714 1917 2731 ex

1081 2758 1183 2782 aequo
1202 2755 1233 2775 et
1251 2751 1336 2775 bono.
1373 2749 1416 2775 III.
1438 2750 1503 2775 Gn.
1527 2747 1556 2774 Si
1575 2749 1606 2776 is,
1627 2750 1700 2775 cuius
1720 2749 1856 2775 arbitrium
1874 2748 1917 2778 sit,

1081 2801 1132 2817 non
1152 2792 1236 2823 vivat,
1256 2791 1299 2818 vel
1319 2791 1411 2818 adesse
1431 2801 1482 2816 non
1502 2793 1596 2827 possit,
1616 2797 1659 2818 ant
1678 2793 1714 2818 rei
1735 2792 1853 2818 arbitrari
1872 2801 1918 2817 no-

1080 2833 1119 2861 lit.
1138 2834 1168 2861 fr.
1189 2836 1212 2862 6.
1232 2845 1270 2872 pr.
1291 2834 1325 2861 de
1343 2833 1418 2861 cond.
1439 2838 1463 2860 et
1483 2834 1549 2862 dem.
1568 2837 1609 2862 35.
1630 2837 1653 2862 1.
1674 2835 1705 2862 cf.
1726 2835 1755 2862 fr.
1775 2837 1816 2862 43.
1838 2834 1870 2860 de
1883 2833 1914 2860 V.
