2197 3121
1026 135 1131 167 HON.

214 226 253 253 pr.
274 216 306 242 de
325 216 400 252 legat.
421 216 438 243 I.
460 218 526 249 (30.)
563 216 655 243 Honor
674 216 730 242 eius
749 221 840 242 auctus
855 221 903 248 est,
923 227 976 243 non
996 227 1056 243 cou-

214 258 278 285 ditio
299 264 403 286 mutata.
423 259 454 286 fr.
473 261 514 286 33.
535 260 556 293 3.
571 262 594 285 2.
614 259 646 285 de
666 258 742 285 cond.
763 264 788 285 et
807 259 873 285 dem.
893 261 972 286 35.1.
1004 259 1056 286 Ma-

214 301 297 328 ritalis
322 302 407 329 honor
433 307 458 329 et
482 302 601 329 adfectio.
627 301 656 328 sr.
680 303 722 327 31.
747 312 785 338 pr.
811 302 843 328 de
863 301 950 329 donat.
969 304 1010 329 39.
1030 305 1054 328 5.

214 343 320 371 Honore
339 345 418 382 pleno
438 345 553 381 diligere.
574 344 604 370 sr.
621 346 660 370 16.
681 344 740 377 31.
761 344 793 370 (16
812 344 836 370 11.
852 355 894 380 qu.
915 349 943 371 ut
956 345 1054 381 indign.

213 388 254 413 34.
280 388 303 413 9.
341 387 431 414 Honor
454 387 522 414 bene
545 388 671 413 transacti
695 388 865 419 matrimonii,
891 387 957 413 fides
977 389 1054 413 etiam

214 431 388 456 communium
408 430 557 456 liberorum.
578 430 608 456 fr.
628 431 669 455 67.
690 430 710 463 3.
727 432 766 456 10.
787 429 819 456 de
838 429 913 465 legat.
934 430 964 456 II.
985 431 1052 463 (31.)
1075 443 1076 448 ¹

212 471 253 498 Ex
270 472 371 499 honore
383 474 541 499 matrimonii
555 472 707 508 dignitatem
720 472 857 499 mulierum
876 474 977 509 (augeri
991 474 1052 505 etc.)

213 514 297 541 Yatic.
317 516 338 549 3.
360 517 416 541 104.
455 515 523 542 Cum
542 515 636 541 honori
660 526 708 542 suo
728 515 904 553 provinciales
924 515 950 541 id
969 515 1054 541 vindi-

213 562 280 584 cent.
300 558 330 584 sr.
351 559 373 584 7.
394 568 432 595 pr.
454 557 486 584 de
505 558 548 584 off.
569 557 643 584 Proc.
672 563 697 584 et
715 558 777 594 Leg.
798 560 820 584 1.
842 559 881 584 16.
920 558 979 584 Non
999 563 1054 584 tan-

212 605 267 626 tum
286 600 379 627 honori
398 611 584 638 personarum.
609 601 656 628 sed
681 606 706 627 et
725 602 853 627 maiestati
873 600 914 627 (161
935 600 1052 637 indulge-

212 648 261 670 tur.
282 643 311 670 fr.
331 646 373 670 32.
393 644 414 677 3.
434 645 458 670 4.
479 643 511 670 de
536 654 586 670 rec.
612 654 654 680 qu.
680 644 732 670 arb.
757 645 787 669 4..
806 646 829 669 δ’.
867 644 900 669 Et
920 643 1051 679 legitimus

213 691 284 713 tutor
302 687 439 718 habeatur,
465 691 491 712 et
514 697 567 713 uon
587 688 672 713 miuus
691 686 752 712 huic
772 696 847 722 quam
867 688 986 723 patronis
1006 686 1051 713 ho-

212 739 260 755 nor
278 729 453 766 praestandus
473 735 521 756 est.
542 729 599 756 Gai.
619 729 637 755 I.
653 731 709 755 172.
747 728 846 760 Honor.
867 740 944 766 quem
963 729 1052 755 liberti

210 773 328 809 patronis
352 772 449 799 habere
472 772 577 799 debent.
603 772 632 798 fr.
657 774 677 798 I.
702 782 741 809 pr.
766 771 798 798 de
822 772 882 798 bon.
903 772 989 799 libert.
1008 773 1050 798 38.

210 817 225 831 ⁸)

211 832 234 841 fl-

210 863 343 889 servatur.
368 868 389 884 s,
409 868 462 884 nou
482 858 599 885 debetur.
625 857 655 884 fr.
681 859 719 883 10.
745 858 782 891 33.
803 858 826 883 6.
848 859 887 884 11.
913 857 945 884 de
964 859 990 884 in
1009 859 1050 884 ius

209 911 267 927 voc.
287 903 311 927 2.
332 903 356 927 4.
377 901 407 927 fr.
427 903 468 927 47.
493 901 525 927 (16
549 900 579 926 R.
600 899 631 926 N.
656 902 697 927 23
722 903 737 917 2
784 900 883 927 Honori
904 901 1050 938 parentium

210 954 239 970 ac
258 949 430 981 patronorum
453 943 620 970 tribuendum
645 948 693 970 est.
718 943 748 969 fr.
768 946 792 969 2.
818 954 856 980 pr.
883 943 915 970 (16
939 944 1048 980 obsequ.

209 992 309 1024 parent.
329 989 371 1014 37.
392 989 432 1012 15.
468 986 497 1012 In
516 986 642 1012 honorem
662 986 824 1019 (sacerdotii,
844 997 867 1013 v.
884 988 1049 1018 matrimonii,

209 1040 246 1056 sc.
267 1029 336 1061 dare.
355 1040 380 1056 v.
399 1039 492 1065 negare
512 1030 573 1061 etc.)
595 1028 651 1055 Gai.
672 1029 689 1055 I.
711 1031 767 1055 145.
788 1029 859 1056 Paul.
875 1029 906 1056 Y.
928 1032 967 1056 11.
988 1030 1048 1064 3.1.

209 1072 239 1099 sr.
254 1074 276 1098 2.
291 1072 323 1099 de
343 1077 390 1098 act.
411 1082 462 1098 rer.
477 1077 554 1097 amot.
567 1073 609 1097 25.
620 1074 643 1098 2.
657 1086 687 1090 -—
699 1073 730 1106 δ.
740 1074 774 1099 2.
789 1074 1049 1108 Muuificentiae

207 1118 444 1143 documentum.
465 1116 660 1141 Praemium.
689 1114 707 1141 I.
731 1116 793 1149 Sy.
813 1115 922 1142 Merces.
961 1115 1048 1142 Hono-

207 1159 310 1184 rarium.
333 1157 363 1184 sr.
385 1159 407 1183 1.
427 1167 466 1194 pr.
487 1158 524 1191 33.
544 1159 568 1183 5.
590 1159 629 1183 10.
651 1157 683 1183 de
702 1162 768 1183 extr.
789 1168 862 1194 cogn.
882 1160 923 1184 50.
945 1160 983 1184 13,
1004 1158 1046 1185 III.

207 1202 272 1228 Cn.
287 1199 355 1226 Cum
374 1199 534 1226 hereditates
554 1210 607 1226 non
627 1200 704 1226 modo
725 1200 836 1227 honesto
856 1201 941 1228 titulo.
961 1201 1009 1228 sed
1023 1207 1048 1228 et

206 1243 324 1280 pleniore
344 1242 444 1269 honore
464 1243 619 1269 tribuantur.
639 1242 669 1268 I'r.
684 1245 707 1269 5.
728 1243 748 1276 3.
763 1245 786 1269 6.
807 1243 839 1269 de
858 1243 932 1280 legat.
949 1249 1047 1281 praest.

204 1287 246 1312 37.
258 1288 281 1312 5.
319 1285 441 1312 Maneant
459 1289 509 1319 (sc.
529 1287 584 1318 res)
605 1285 674 1322 apud
693 1285 800 1313 liberos.
814 1288 948 1324 praecipui
967 1287 1048 1313 hono-

204 1330 240 1356 ris
260 1330 325 1355 vice..
344 1328 391 1355 lul.
413 1339 453 1366 ep.
473 1339 533 1355 nov.
555 1339 575 1355 c.
595 1330 637 1355 36.
657 1329 678 1362 3.
692 1331 748 1355 139.
787 1330 848 1364 Qui.
869 1330 969 1356 honore
987 1341 1047 1367 pro-

204 1373 262 1409 prio
292 1373 404 1399 omisso.
425 1387 456 1390 —
477 1371 587 1397 alienam
611 1372 803 1398 institutionem
827 1373 926 1400 maluit,
951 1373 980 1400 sr.
1004 1375 1046 1399 26.

204 1425 242 1452 pr.
264 1415 286 1441 si
306 1424 348 1451 qu.
369 1424 419 1440 om.
441 1424 461 1440 c.
482 1419 584 1440 testam.
598 1416 639 1441 29.
655 1417 678 1440 4.
715 1415 822 1442 Ilouore
836 1416 914 1451 legati
933 1415 1046 1452 aliquem

203 1459 339 1495 prosequi.
359 1458 390 1484 fr.
410 1458 452 1483 36.
472 1467 511 1494 pr.
533 1457 564 1483 (16
584 1462 710 1483 excusatt.
734 1459 775 1484 27.
798 1460 819 1484 1.
857 1458 985 1485 Militibus
1005 1459 1047 1485 ad-

203 1502 321 1536 signatus
342 1501 396 1533 (sc.
417 1502 507 1536 ager.)
532 1500 635 1526 modico
660 1500 769 1527 honoris
792 1503 873 1537 gratia
894 1503 1046 1538 possessori

204 1543 272 1570 dato.
293 1543 324 1570 fr.
346 1545 384 1568 15.
405 1543 426 1576 3.
446 1545 469 1569 2..
491 1542 523 1569 de
542 1542 572 1569 R.
595 1542 624 1569 V.
645 1544 668 1569 6.
692 1546 712 1569 1,
746 1560 777 1563 —-
807 1544 840 1577 ξ.
866 1546 903 1570 3.
924 1546 1045 1579 Digni-

203 1592 253 1612 !as
270 1588 414 1620 publica.
451 1585 469 1612 I.
495 1587 556 1620 Sy.
585 1586 716 1622 Dignitas.
745 1586 874 1613 Potestas.
896 1587 936 1614 Cf.
958 1599 981 1615 v.
1000 1588 1046 1614 Di-

203 1629 296 1663 gnitas.
316 1629 338 1662 3
357 1630 381 1655 3.
420 1628 463 1654 Ius
484 1628 678 1662 (decurionis.)
703 1629 733 1656 fr.
753 1632 776 1655 (5.
802 1630 838 1663 33.
863 1632 887 1656 -3.
907 1632 930 1657 5.
952 1630 983 1657 (16
1003 1631 1046 1657 de-

204 1672 302 1698 curiou.
321 1673 362 1698 50,
382 1673 406 1697 2.
444 1671 474 1697 11.
501 1673 568 1705 ΟΡ.
588 1671 691 1703 Honor,
711 1672 752 1698 vel
773 1672 957 1700 sacerdotium.
977 1673 1044 1700 11011.

203 1713 245 1739 vel
264 1715 439 1749 magistratus.
464 1714 494 1740 fr.
516 1716 556 1740 ll.
584 1714 616 1741 de
640 1715 750 1752 pollicit.
771 1718 812 1741 50.
835 1718 874 1742 12.
896 1716 927 1742 cs.
948 1716 1004 1743 Gai.
1024 1717 1043 1743 I.
1066 1727 1067 1753 1

202 1757 243 1782 96.
282 1756 396 1788 Munera.
416 1757 458 1783 vet
477 1757 601 1783 honores.
622 1757 651 1784 fr.
672 1761 696 1784 4.
716 1759 737 1791 3
759 1760 780 1784 l.
802 1758 830 1784 sr.
852 1761 875 1784 6.
896 1759 917 1792 3.
931 1761 955 1785 3.
976 1759 1006 1785 fr.
1020 1761 1043 1785 8.
1066 1770 1067 1774 ¹

202 1798 232 1825 I'r.
254 1800 294 1825 10.
314 1799 345 1825 I'r.
367 1801 406 1825 14.
426 1800 448 1833 3.
467 1801 491 1826 3
512 1799 545 1826 de
564 1810 633 1826 mun.
655 1805 680 1826 et
700 1800 760 1826 hon.
781 1803 821 1826 50.
836 1803 859 1827 4.
878 1801 907 1827 fr.
923 1803 945 1828 7,
971 1802 1043 1828 122.
1066 1825 1067 1848 ¹

202 1841 235 1867 de
255 1841 350 1867 interd.
370 1846 396 1867 et
415 1841 520 1878 relegat.
540 1843 581 1868 48.
601 1845 643 1868 22.
680 1842 722 1869 III.
738 1845 803 1870 Cn.
829 1843 856 1869 In
877 1849 935 1870 actu
955 1846 1043 1881 positi.

204 1900 233 1903 —
253 1884 411 1910 Adumbrati
430 1884 553 1910 honores.
574 1884 624 1911 Th.
645 1885 675 1911 C.
696 1885 739 1912 Vl.
759 1888 801 1913 22.
822 1896 842 1912 c.
863 1888 886 1912 6.
898 1897 956 1923 sqq.
978 1887 1043 1914 Vlll.
1065 1902 1067 1920 ι

201 1929 225 1953 5.
247 1938 267 1953 6.
288 1928 328 1953 44.
349 1926 381 1953 (16
402 1938 480 1953 cursu
493 1927 555 1964 pub.
593 1928 635 1953 Ab
654 1927 809 1960 honoribus.
830 1934 872 1955 aut
891 1930 1043 1956 muneribus

201 1970 242 1996 his
263 1970 478 2001 cohaerentibus.
504 1972 717 2004 (excusationem
737 1974 896 2008 praestare.)
922 1972 951 1999 fr.
972 1976 995 1999 2.
1021 1974 1042 2007 3.
1065 1987 1066 1990 ¹

201 2014 226 2039 l.
250 2012 282 2039 de
306 2017 388 2039 vacat.
412 2015 453 2038 50.
474 2016 496 2039 5.
535 2013 668 2045 Honores.
689 2015 733 2050 qui
753 2020 866 2041 sumtum
885 2015 989 2042 habent.
1010 2032 1042 2035 —
1064 2014 1066 2054 1

200 2055 333 2092 Impendia
353 2055 520 2091 legationum.
542 2066 607 2093 quae
620 2056 678 2083 solo
693 2058 839 2084 ministerio
854 2058 991 2085 obeuntur.
1011 2058 1040 2085 fr.

201 2100 224 2124 6.
244 2098 277 2124 (16
295 2098 417 2134 legation.
443 2101 484 2125 50.
506 2101 526 2125 7.
554 2099 586 2126 cs.
611 2100 641 2126 fr.
663 2102 685 2126 1.
705 2100 727 2134 3
751 2103 774 2126 3.
801 2100 829 2127 l‘r.
855 2103 894 2127 15.
919 2103 940 2135 3.
962 2104 984 2128 1.
1010 2101 1042 2128 de

201 2150 270 2166 mun.
290 2145 316 2166 et
334 2141 395 2167 hon.
416 2144 456 2168 50.
477 2143 500 2168 4.
539 2142 567 2168 Iu
586 2142 636 2169 hoc
656 2142 753 2169 donare
772 2145 829 2170 viro
843 2155 901 2176 suo,
922 2150 949 2171 ut
968 2146 990 2171 is
1010 2145 1041 2171 ab
1063 2165 1064 2172 1

202 2183 360 2219 Imperatore
379 2183 431 2210 lato
452 2184 540 2213 clavo.
564 2185 607 2211 vel
632 2195 699 2221 equo
724 2186 844 2222 publico.
865 2187 977 2214 similive
997 2187 1042 2213 ho·
1063 2210 1064 2219 ,

202 2236 266 2251 nore
285 2225 435 2253 honoretur.
456 2226 588 2264 le.V11.
610 2230 631 2253 l.
651 2228 681 2254 sr.
701 2229 796 2265 ⁴22d⁰
815 2230 875 2256 don.
896 2231 941 2256 int.
953 2230 984 2256 Y.
998 2232 1040 2256 24.

204 2270 225 2293 l.
264 2267 441 2296 Decurionum
460 2270 561 2297 honore
580 2270 707 2297 decorari.
728 2271 758 2297 fr.
778 2273 802 2298 6.
827 2273 848 2306 3.
867 2274 891 2298 3.
913 2272 944 2299 de
965 2273 1041 2299 ‹Iecu-
1062 2292 1064 2296 .

202 2312 266 2336 riou.
286 2312 328 2336 50.
347 2313 371 2336 2.
408 2312 575 2350 Quocunque
595 2314 683 2350 aliquo
703 2316 807 2341 nomine
826 2315 941 2351 religiosi
961 2315 1041 2341 hono-
1062 2342 1063 2355 ¹

201 2354 246 2378 ris.
266 2352 308 2378 vel
329 2352 460 2388 diguitatis
480 2356 573 2382 femina
593 2362 748 2394 nuncupata.
770 2368 782 2383 (-
807 2359 845 2384 13.
867 2358 898 2384 de
913 2358 961 2384 SS.
977 2358 1039 2385 eccl.
1062 2367 1063 2393 g

205 2398 224 2420 1.
245 2398 268 2420 2.
294 2411 326 2414 —
351 2396 382 2427 §-
403 2397 492 2424 ΒΗΛ.
523 2401 761 2434 Magistratus.
799 2400 817 2426 1.
838 2402 899 2435 Sy.
920 2401 1039 2427 Honores
1062 2408 1063 2413 ¹

202 2437 309 2474 publici.
345 2437 520 2474 Magistratus.
538 2442 569 2468 fr.
590 2444 613 2468 6.
634 2453 672 2480 pr.
693 2443 723 2469 fr.
740 2445 778 2469 ll.
799 2454 837 2480 pr.
858 2444 895 2477 33.
918 2446 939 2470 l.
955 2454 993 2480 sq.
1008 2444 1040 2471 de

202 2490 270 2506 inuu-
292 2485 317 2506 et
336 2480 396 2507 hon.
416 2483 457 2506 50-
477 2483 502 2508 4.
539 2484 592 2519 Qui
615 2491 774 2522 potestatem
798 2486 911 2523 aliquam
934 2487 1038 2513 habent.

202 2522 333 2549 Honorem
352 2529 480 2559 gerentes.
505 2524 534 2551 fr.
556 2529 594 2553 17.
619 2529 640 2562 3.
661 2531 685 2554 5.
710 2528 742 2555 (le
766 2534 892 2555 excusatt.
912 2531 953 2556 27.
977 2532 997 2556 l.
1017 2530 1038 2564 3.
1061 2559 1062 2563 ¹

200 2568 225 2591 3.
245 2565 261 2591 l,
284 2565 341 2591 eod.
362 2567 384 2592 l.
404 2568 446 2593 25.
484 2567 526 2593 III.
551 2569 616 2596 Gn.
648 2570 687 2597 Ne
707 2571 820 2598 Senator
839 2573 886 2602 sit.
912 2582 943 2598 ne
963 2572 1040 2599 decu·
1061 2575 1063 2592 1

201 2610 253 2634 rio.
279 2613 322 2634 aut
346 2608 427 2634 ullum
446 2609 572 2636 honorem
592 2614 692 2649 capiat.
712 2624 778 2640 neve
798 2615 824 2640 in
844 2625 901 2641 eum
922 2615 1039 2642 ordinem
1060 2630 1061 2637 1

201 2651 299 2681 sedeat.
319 2661 385 2677 neve
404 2651 483 2679 iudex
502 2654 544 2679 sit.
564 2653 595 2680 fr.
616 2656 637 2681 1.
657 2665 696 2692 pr.
717 2656 750 2683 ad
762 2656 791 2683 L.
807 2657 854 2683 Iul.
875 2657 907 2684 de
926 2659 952 2684 vi
971 2659 1037 2695 priv.
1060 2645 1061 2663 1

200 2695 241 2719 48.
262 2696 284 2719 Τ.
322 2693 358 2720 Vt
377 2695 436 2730 quis
457 2695 563 2722 decurio
585 2696 691 2732 quidem
710 2699 753 2731 sit,
772 2699 804 2726 ad
818 2700 933 2727 honores
953 2706 1038 2727 autem
1059 2695 1060 2730 1

201 2746 253 2762 11011
273 2736 430 2763 admittatur.
452 2737 481 2764 fr.
503 2740 525 2764 7.
545 2739 566 2772 3.
581 2741 623 2765 21.
643 2739 675 2765 (16
694 2741 787 2768 interd.
807 2748 833 2769 et
851 2743 930 2779 releg.
943 2746 984 2770 45.
996 2746 1036 2770 22.
1058 2733 1060 2768 1

201 2778 293 2805 Potest
311 2779 388 2805 alicui
409 2785 434 2806 et
454 2790 521 2806 unus
545 2781 630 2808 honor
654 2783 782 2810 interdici.
806 2785 836 2812 fr.
857 2788 878 2812 7.
899 2787 919 2819 3.
939 2788 980 2813 22.
1001 2787 1035 2813 ib.
1057 2813 1059 2838 Ῑ

272 814 416 847 Patronus.
440 817 485 852 qui
510 817 597 842 amisit
619 814 760 843 honorem.
785 825 809 841 v.
834 816 875 841 cui
894 815 978 841 honos
999 825 1051 841 non
1072 830 1074 846 ς

1878 142 1941 172 419

1077 219 1079 260 l
1100 219 1142 244 48.
1161 219 1202 244 22.
1240 218 1325 253 Quam
1345 220 1394 251 (56.
1414 220 1478 251 vim)
1498 221 1666 256 magistratus
1685 225 1756 246 recte
1775 221 1871 253 intulit.
1891 224 1939 249 sci<

1099 260 1162 286 licet
1181 261 1237 287 iure
1255 260 1337 288 licito.
1359 268 1383 288 et
1408 264 1464 289 iure
1488 262 1596 289 honoris
1622 272 1697 299 quem
1723 264 1843 290 sustinet.
1864 264 1894 291 I'r.
1913 267 1937 292 3.

1076 301 1078 332 ,1
1099 304 1120 337 3.
1142 305 1164 329 l.
1186 303 1238 338 Qu.
1258 308 1319 330 met.
1334 314 1355 330 6,
1369 307 1392 330 4.
1407 307 1430 331 2.

1098 345 1271 381 gerendorum
1297 346 1439 378 honorum.
1464 349 1662 385 sententiaeque
1685 349 1711 374 in
1731 348 1829 375 Senatu
1853 349 1939 376 dicen-

1099 388 1154 417 dae.
1175 391 1229 421 (est
1249 389 1419 424 Quaestum.)
1440 389 1469 416 t‘r.
1492 392 1513 416 l.
1534 391 1555 424 3.
1574 393 1598 417 3.
1620 391 1652 417 (16
1671 391 1714 417 off.
1736 391 1844 426 Quaest.
1862 394 1882 418 l.
1898 394 1937 419 13.

1075 464 1076 471 ἵ
1099 431 1178 466 Quod
1199 434 1248 464 (sc.
1263 431 1431 458 honorarium
1451 433 1504 463 ius)
1519 434 1549 459 ab
1564 433 1665 460 honore
1675 433 1808 460 Praetoris
1823 440 1936 462 venerat.

1075 474 1076 488 ³
1097 473 1127 500 fr.
1148 477 1172 500 2.
1193 475 1214 508 3.
1231 477 1269 501 10,
1290 474 1322 501 (16
1336 474 1525 501 Ο.1.1.2.61“.
1547 476 1576 502 I'r.
1592 478 1613 502 7.
1629 477 1649 509 3.
1666 478 1687 502 1.
1707 476 1739 503 (16
1758 476 1775 503 I.
1791 477 1846 503 etl.
1864 479 1884 504 1.
1902 480 1922 504 l.

1133 518 1390 544 Honorabilis.
1416 517 1544 550 (Adiect.)
1570 521 1803 551 Honomzndns,
1824 522 1938 547 Colen-

1096 561 1159 585 dns.
1197 559 1239 586 III.
1260 562 1326 587 (711.
1347 560 1402 587 Viri
1423 560 1600 587 honorabiles.
1626 561 1675 587 Th.
1696 562 1728 588 C.
1746 561 1790 588 VI.
1811 564 1851 588 18.
1872 573 1893 589 c.
1914 565 1936 589 l.

1097 601 1129 627 de
1149 604 1235 628 comit.
1256 613 1311 629 vac.
1331 603 1501 629 Honorabilis
1525 608 1550 629 et
1575 604 1739 631 venerandus
1759 606 1808 638 (sc.
1828 605 1937 632 domiui-

1097 655 1143 671 cus
1164 645 1242 678 dies.)
1263 656 1284 672 c.
1308 648 1346 672 ll.
1366 646 1387 680 3.
1410 648 1431 672 l.
1452 646 1484 672 de
1504 646 1584 672 feriis.
1603 648 1627 672 3.
1649 649 1688 673 12.

1132 689 1345 715 Honorare.
1371 689 1415 722 (ct'.
1436 699 1459 715 ν.
1480 689 1652 722 Honoratus.)
1677 691 1707 723 §-
1728 691 1762 716 1.
1789 692 1888 717 Cultu
1907 698 1936 717 el

1096 733 1308 758 observantia
1326 734 1491 766 prosequi.
1528 732 1570 758 III.
1595 733 1661 759 Cn.
1686 732 1830 759 Simulacra
1855 735 1936 771 impo-

1096 774 1148 799 sito
1168 773 1244 800 thure
1263 775 1396 805 venerari.
1420 785 1450 800 ae
1470 790 1501 793 ——
1522 774 1598 811 plena
1625 774 1759 811 religionis
1779 777 1871 802 iniuria
1892 776 1936 803 ho-

1072 809 1074 828 1
1097 826 1198 843 norare.
1219 816 1268 843 Th.
1289 817 1320 843 C.
1341 816 1410 844 XYI.
1434 819 1472 844 10.
1493 828 1514 844 6.
1536 819 1575 844 12.
1601 817 1623 851 3.
1642 819 1666 844 2.
1687 817 1719 844 de
1739 828 1829 855 pagan.
1866 818 1935 846 Laus

1096 869 1141 885 eos
1162 864 1187 885 et
1207 859 1319 895 dignitas
1339 859 1487 886 honorabit.
1513 859 1550 886 Ib.
1571 859 1639 886 Vlll.
1665 862 1687 887 l.
1713 871 1733 887 c.
1753 863 1777 887 3.
1799 861 1830 888 de
1849 872 1935 889 uume-

1095 912 1190 928 6116,-
1206 902 1236 935 ξ.
1249 904 1283 928 2.
1305 905 1455 929 Praemia
1475 905 1640 939 adficere,
1662 904 1855 931 Donare.111.
1870 906 1935 932 Cn.

1095 944 1153 970 Nisi
1174 945 1199 970 in
1219 955 1295 971 arena
1315 946 1387 982 passi
1412 950 1474 971 sunt
1497 955 1525 971 se
1549 945 1681 972 honorari.
1705 946 1736 972 fr.
1764 949 1783 973 l.
1812 947 1833 981 3
1853 948 1876 974 6.
1904 947 1936 974 (16

1094 987 1192 1025 postul.
1212 990 1279 1014 3.1,
1317 987 1430 1015 Liberis.
1451 998 1471 1014 S.
1498 987 1653 1014 Liberorum
1666 989 1731 1020 iure.
1745 988 1872 1016 honorata
1885 992 1934 1021 (56.

1097 1035 1206 1067 patrona
1227 1031 1289 1063 etc.)
1311 1030 1367 1057 Gai.
1387 1030 1431 1056 III.
1451 1032 1492 1056 50.
1513 1040 1571 1067 sqq.
1591 1030 1652 1068 le.
1666 1031 1763 1058 XXIX.
1777 1034 1801 1059 6.
1815 1042 1855 1069 sq.
1881 1033 1935 1068 Qui

1093 1084 1141 1110 per
1166 1083 1270 1099 servum
1295 1083 1370 1099 suum
1391 1089 1421 1092 —
1442 1073 1526 1109 legato
1551 1073 1702 1100 honoratur.
1727 1073 1758 1100 sr.
1782 1077 1823 1101 15.
1843 1085 1884 1112 pr.
1903 1075 1935 1102 dc

1093 1116 1122 1142 L.
1144 1115 1226 1142 Corn.
1247 1115 1279 1142 (16
1303 1115 1360 1142 sals.
1385 1117 1426 1142 48.
1454 1118 1493 1142 10.
1531 1115 1567 1142 Vt
1587 1126 1619 1142 ex
1638 1115 1686 1142 hac
1707 1127 1783 1143 causa
1803 1119 1889 1154 possit
1908 1123 1935 1144 61

1093 1161 1150 1197 ipse
1174 1159 1259 1195 legato
1285 1158 1422 1187 honorari.
1448 1164 1473 1185 et
1498 1160 1556 1196 ipse
1580 1158 1667 1195 legari,
1692 1169 1713 1185 c.
1737 1161 1760 1185 2.
1786 1159 1818 1186 (16
1841 1171 1933 1187 60111111.

1468 305 1615 341 Ingressus,
1635 310 1661 332 ct
1674 307 1749 342 quasi
1767 307 1939 343 primordium

1092 1212 1170 1229 servo
1190 1212 1256 1228 man.
1282 1215 1300 1228 ι.
1326 1215 1344 1227 ι.

1129 1245 1401 1272 noum-arium.
1449 1243 1577 1277 (Subst.)
1621 1246 1804 1277 Salarium,
1835 1248 1933 1272 Prae-

1092 1290 1198 1315 mium.
1235 1287 1253 1314 I.
1280 1288 1341 1321 Sy.
1366 1286 1447 1322 Quod
1467 1287 1542 1313 datur
1561 1286 1639 1313 alicui
1658 1287 1690 1313 ad
1709 1288 1933 1315 remunerandum,

1091 1332 1122 1358 I'r.
1149 1333 1171 1357 1.
1202 1341 1241 1368 pr.
1267 1331 1290 1356 si
1319 1340 1432 1356 mensor.
1458 1331 1497 1355 11.
1523 1330 1546 1356 G.
1592 1329 1691 1356 Honor.
1717 1329 1758 1356 Cf.
1779 1330 1803 1356 11.
1824 1341 1847 1357 v.
1868 1332 1889 1365 3.
1909 1333 1933 1358 2.

1092 1374 1197 1401 Summa
1217 1373 1364 1400 honoraria.
1397 1372 1438 1399 Cf.
1462 1383 1486 1398 v.
1506 1371 1676 1398 Honorarius.
1696 1373 1717 1406 3
1738 1374 1761 1399 3.
1798 1373 1841 1399 ΠΙ.
1868 1375 1933 1401 Gn.

1091 1417 1237 1444 Honoraria
1261 1417 1398 1453 imputare.
1430 1414 1544 1442 Licitum
1566 1415 1733 1442 honorarium
1759 1426 1812 1442 non
1837 1416 1933 1452 egredi.

1092 1460 1122 1487 sr.
1142 1462 1165 1486 9.
1190 1461 1211 1494 3.
1233 1461 1255 1485 6.
1283 1459 1315 1485 de
1340 1458 1405 1485 adm.
1433 1463 1457 1484 61
1484 1459 1564 1495 peric.
1587 1460 1628 1484 26.
1655 1460 1677 1484 7.
1704 1458 1734 1484 fr.
1756 1460 1778 1485 l.
1798 1460 1819 1493 3.
1843 1461 1880 1485 10.
1901 1459 1934 1486 (16

1092 1508 1158 1530 extr.
1179 1503 1274 1539 cognit.
1291 1504 1332 1528 50.
1349 1503 1388 1528 13.
1426 1501 1623 1527 Existimationi
1637 1510 1699 1527 suae
1711 1502 1837 1528 immensa
1856 1506 1934 1538 atque

1092 1546 1184 1572 illicita
1205 1544 1360 1581 compendia
1386 1543 1544 1581 praetulisse
1569 1546 1622 1575 (sc.
1644 1543 1809 1577 advocatos,)
1828 1546 1933 1571 nomine

1091 1589 1300 1615 honorariorum.
1322 1587 1372 1614 Th.
1393 1587 1423 1613 C.
1444 1586 1474 1612 II.
1496 1588 1535 1612 10.
1557 1596 1578 1612 c.
1597 1587 1621 1612 3.
1642 1585 1675 1613 de
1693 1586 1791 1623 postul.

1127 1631 1378 1659 Honorarius.
1399 1629 1529 1662 (Adiect.)
1555 1629 1585 1662 ἕ.
1607 1630 1641 1655 l.
1669 1631 1814 1656 Honoris
1832 1640 1931 1656 rausa

1085 1677 1218 1711 factus,
1239 1684 1257 1699 s.
1278 1674 1492 1699 constitutus.
1512 1671 1531 1697 1.
1550 1672 1613 1705 Sy.
1637 1671 1814 1707 Imaginarius.
1834 1671 1872 1698 Ib.
1886 1671 1930 1698 VI.

1089 1720 1122 1744 22
1152 1727 1172 1743 6.
1194 1718 1215 1742 7.
1236 1726 1275 1753 pr.
1296 1715 1362 1748 3.1.
1383 1725 1402 1740 6..
1424 1716 1447 1740 8.
1468 1724 1506 1751 pr.
1533 1713 1565 1740 de
1588 1713 1681 1740 honor.
1707 1713 1789 1740 codic.
1816 1713 1931 1742 Honoris

1090 1769 1167 1786 causa
1187 1758 1263 1785 datus
1284 1759 1398 1789 (tutor.)
1423 1756 1452 1783 fr.
1478 1758 1519 1783 60.
1544 1756 1565 1790 3.
1590 1758 1613 1782 2.
1641 1755 1673 1782 (16
1691 1755 1723 1782 R.
1743 1755 1775 1782 N.
1795 1758 1836 1783 23.
1856 1759 1878 1783 2.
1899 1757 1930 1784 fr.

1066 1806 1067 1820 ¹
1088 1804 1130 1828 26.
1151 1803 1172 1836 3
1194 1803 1215 1827 l.
1237 1800 1269 1827 de
1290 1805 1391 1826 testam.
1413 1804 1459 1826 tut.
1479 1800 1521 1825 26.
1540 1801 1565 1824 2.
1601 1798 1632 1824 II.
1645 1800 1712 1833 Op..
1732 1798 1884 1835 Legitimae.
1898 1816 1930 1820 —

1089 1845 1251 1872 Honorariae
1271 1843 1444 1879 (dignitates.)
1465 1841 1514 1868 Th.
1530 1841 1559 1868 C.
1573 1841 1618 1868 IX.
1638 1844 1680 1868 27.
1701 1852 1722 1868 c.
1741 1844 1765 1868 2.
1786 1842 1818 1868 ad
1836 1842 1865 1869 L.
1882 1842 1929 1870 1111.

1066 1872 1067 1887 1
1088 1893 1170 1925 repet.
1208 1887 1263 1922 Qui
1282 1884 1489 1912 administrando
1509 1886 1639 1921 gesserint
1652 1889 1807 1922 potestates.
1828 1901 1859 1904 —
1879 1885 1931 1912 Ho—

1065 1921 1067 1963 ,1
1090 1932 1209 1958 uorariae
1229 1929 1377 1965 dignitates.
1398 1928 1433 1954 lh.
1455 1927 1498 1954 11.
1518 1929 1559 1954 22.
1580 1938 1601 1954 c.
1623 1929 1645 1954 7.
1666 1938 1705 1965 pr.
1725 1927 1790 1961 3.1.
1811 1938 1831 1954 c.
1846 1929 1869 1954 8.
1890 1939 1929 1966 pr.

1089 1974 1120 2001 cf.
1141 1973 1204 2000 lust.
1225 1971 1254 1998 C.
1276 1982 1296 1998 c.
1317 1974 1344 1997 2.
1365 1977 1393 1998 ut
1412 1971 1541 2007 dignitatt.
1562 1970 1636 1997 ordo.
1658 1972 1697 1997 12.
1717 1972 1740 1997 8.
1779 1970 1832 2006 Qui
1852 1971 1930 1998 admi-

1087 2018 1208 2047 nistrant.
1238 2031 1271 2034 —
1299 2014 1439 2041 lIouorarii
1460 2015 1604 2047 (tutores.)
1624 2013 1655 2039 fr.
1678 2015 1702 2039 3.
1726 2013 1747 2046 3
1767 2014 1791 2039 2.
1811 2013 1843 2040 de
1863 2013 1928 2040 adm.

1088 2065 1113 2086 et
1132 2060 1213 2096 peric.
1233 2058 1275 2084 26.
1296 2059 1318 2083 7.
1340 2057 1369 2084 16.
1392 2058 1430 2082 14.
1451 2057 1516 2090 3.1.
1531 2056 1563 2083 de
1583 2056 1662 2082 solut.
1682 2057 1722 2082 46.
1744 2057 1767 2082 3.
1804 2055 1929 2083 111οη.

1088 2103 1165 2138 Quos
1185 2101 1341 2128 honorarios
1365 2100 1469 2126 vocavit
1494 2101 1648 2136 antiquitas.
1676 2098 1717 2125 vel
1742 2100 1786 2135 qui
1806 2115 1837 2118 —
1858 2098 1928 2125 nulla

1086 2147 1160 2183 prius
1187 2143 1322 2171 laboribus
1348 2142 1494 2169 rudimenta
1517 2147 1670 2179 posuerunt.
1701 2141 1749 2168 Th.
1771 2141 1801 2168 C.
1821 2141 1866 2168 XI.
1888 2144 1919 2167 15

1087 2199 1108 2214 c.
1130 2190 1152 2214 l.
1185 2187 1236 2222 Qu.
1257 2197 1270 2212 a
1289 2186 1399 2224 praebit.
1420 2186 1497 2211 tiron.
1518 2185 1589 2211 Inter
1607 2190 1738 2213 vacantes.
1758 2184 1800 2210 vel
1819 2184 1928 2210 honora-

1063 2223 1064 2243 1
1085 2232 1148 2258 rios.
1169 2229 1312 2263 (illustrem
1331 2229 1482 2265 dignitatem
1503 2229 1681 2259 consecutus.)
1702 2226 1872 2253 N0v.T11.11.
1894 2226 1926 2252 (16

1085 2278 1172 2300 metat.
1193 2273 1210 2299 I.
1231 2275 1254 2298 5.
1275 2283 1296 2298 c.
1318 2274 1340 2298 l.
1361 2272 1382 2304 3.
1403 2273 1426 2296 6.
1447 2270 1478 2296 cs.
1499 2271 1520 2304 3
1542 2272 1565 2296 4.
1602 2270 1641 2296 Ex
1661 2269 1924 2299 administratoribus.

1062 2319 1064 2337 :
1086 2317 1251 2352 caeterisque
1270 2314 1418 2341 honorariis
1443 2314 1516 2339 viris.
1541 2312 1590 2339 Th.
1612 2312 1642 2339 C.
1664 2313 1732 2339 XIII.
1754 2315 1776 2338 5.
1802 2322 1821 2337 e.
1844 2313 1883 2337 11.
1904 2312 1924 2345 3.

1086 2362 1109 2386 4.
1131 2359 1162 2385 de
1183 2358 1323 2384 navicular.
1345 2356 1375 2382 cf.
1397 2355 1439 2381 ΥῙ.
1459 2357 1500 2381 26.
1522 2366 1542 2382 c.
1557 2358 1581 2382 2.
1602 2356 1635 2382 de
1653 2366 1728 2393 prox.
1750 2356 1835 2381 comit.
1856 2353 1923 2390 disp.

1086 2402 1148 2437 Qui.
1174 2403 1231 2427 sine
1255 2399 1493 2428 administratione,
1517 2397 1665 2425 honorariis
1690 2398 1805 2424 decorati
1829 2396 1925 2422 suerint

1085 2444 1224 2471 codicillis
1245 2454 1266 2469 c.
1285 2445 1309 2469 3.
1330 2443 1351 2476 3.
1371 2444 1394 2468 2.
1416 2441 1459 2467 ubi
1474 2440 1535 2467 Seu.
1555 2452 1578 2467 v.
1595 2441 1738 2467 01061553,
1753 2442 1794 2465 24.
1815 2439 1846 2465 ct'.
1867 2441 1923 2465 c.2.

1085 2493 1113 2514 ut
1133 2487 1261 2523 dignitatt.
1277 2485 1349 2512 ordo.
1366 2486 1404 2510 12.
1419 2487 1442 2510 8.
1480 2484 1574 2510 luant-s
1589 2484 1700 2511 umbras.
1721 2487 1745 2507 61
1761 2492 1848 2507 cassas
1865 2483 1924 2508 ima-

1084 2531 1158 2566 gines
1178 2529 1341 2565 dignitatum.
1362 2526 1492 2553 codicillis
1507 2527 1652 2553 honorariis
1672 2529 1810 2550 sectantes.
1831 2523 1922 2551 Τ11.Ε,

1083 2572 1141 2599 XII.
1164 2574 1185 2598 l.
1207 2582 1228 2598 6.
1250 2573 1289 2597 74.
1317 2570 1337 2603 3
1358 2572 1382 2596 4.
1407 2570 1480 2596 61“,’6,
1502 2571 1541 2594 41.
1563 2569 1594 2594 de
1614 2568 1747 2594 decurion.
1785 2566 1923 2593 Honorarii

1086 2614 1250 2642 Consulatus
1263 2613 1410 2649 insignibus
1426 2612 1577 2645 (decorari.)
1594 2621 1615 2636 c.
1627 2612 1650 2636 3.
1666 2610 1697 2636 de
1712 2609 1789 2636 Coss.
1806 2612 1844 2636 12.
1855 2612 1878 2636 3.
1891 2626 1922 2629 —

1084 2659 1115 2692 §-
1128 2659 1163 2684 2.
1178 2659 1224 2683 Act
1237 2658 1502 2683 iurisdietionem
1522 2655 1742 2688 magistratus
1759 2655 1787 2679 P.
1804 2655 1835 2679 R.
1854 2663 1921 2687 spe-

1083 2707 1183 2728 ctans.
1222 2702 1269 2726 Ad
1288 2701 1428 2725 edictum
1450 2697 1673 2730 magistratus
1693 2697 1761 2722 iuri
1777 2698 1834 2723 dic.
1852 2705 1921 2729 per-

1083 2746 1199 2770 tinens.
1238 2742 1256 2768 I.
1271 2743 1332 2776 Sy.
1353 2740 1376 2766 A
1396 2739 1519 2765 Praetore
1539 2740 1698 2765 constitutus
1712 2740 1849 2771 (curator.)
1860 2737 1919 2773 le.

1083 2786 1142 2813 XII.
1164 2788 1186 2812 1.
1224 2784 1397 2811 Praetorium.
1417 2781 1591 2808 IIonorarium
1611 2782 1686 2813 (ius.)
1710 2781 1740 2807 fr.
1760 2783 1782 2807 7.
1807 2782 1827 2814 3.
1850 2782 1870 2805 1.
1889 2780 1911 2805 16

1419 2824 1475 2849 53*
