2197 3121
255 184 319 215 906

258 265 325 292 Nov.
345 265 435 292 Maior.
456 265 488 292 de
508 265 596 292 curial.
617 264 660 291 IV.
676 266 698 291 7.
719 275 741 291 c.
757 266 778 290 l.
799 265 820 298 §.
837 265 876 291 16.
914 264 1037 302 Duplam,
1058 269 1102 290 aut
1122 266 1124 303 l

256 308 383 346 ampliuS.
407 309 534 345 sportulis
560 309 686 345 accipere.
711 307 747 334 lb.
773 307 805 334 de
824 307 922 344 indulg.
942 307 1036 344 reliqu.
1056 307 1100 334 lv.
1122 306 1123 316 ¹

256 353 280 378 3.
301 362 322 378 c.
345 354 366 378 1.
386 352 407 386 ξ.
427 354 450 377 2.

291 396 458 428 spretus.
483 393 612 427 (partie.)
639 395 834 420 Contemtus.
871 393 914 420 111.
940 395 1005 421 (711.
1027 392 1102 420 Tam-

256 448 333 474 quam
358 439 463 475 penitus
487 438 583 474 spreti,
609 441 653 463 aut
676 436 784 469 abiecti,
810 436 973 464 deliciantur.
999 435 1049 463 Th.
1070 436 1100 463 C.

256 480 300 507 Vl.
320 483 361 507 27.
382 490 402 506 c.
421 481 463 506 23.
483 479 516 505 de
536 485 619 516 agent.
639 481 665 506 in
686 480 740 506 reb.

291 526 492 557 Spurmuw.
530 524 716 557 Inquinare.
758 522 801 549 III.
823 523 889 550 011.
913 521 1004 558 Aquas
1028 532 1103 559 spur·
1124 550 1125 554 Ἰ

256 577 325 597 care,
351 565 454 592 fistulas
475 581 507 585 -—
527 566 712 592 contaminare.
733 565 803 592 Paul.
826 565 856 591 V.
876 567 900 592 4.
926 565 949 598 ξ.
970 567 1009 591 13.
1048 566 1101 601 Qui
1124 564 1125 572 ¹

255 611 343 635 vinum
363 609 506 645 spurcavit.
526 608 567 635 vel
588 608 689 640 effudit,
710 625 740 629 --
760 608 802 635 vel
822 608 873 634 alio
893 608 971 634 modo
990 609 1100 635 vitiavit.

255 651 285 678 fr.
305 653 347 677 27.
367 652 388 685 ᾗ.
411 653 450 677 15.
471 651 501 677 ad
521 650 550 677 L.
571 652 638 688 Aqu.
659 654 682 678 9.
702 654 726 678 2.

289 695 466 728 Spurcus.
480 694 610 727 (Adiect.)
629 695 660 728 ξ.
674 696 708 720 1.
726 695 769 720 Im
777 704 801 720 ιιι
811 696 925 725 andus,
941 695 1100 728 Impurus.

255 737 296 764 111.
318 739 383 765 Gn.
403 737 432 763 Si
452 747 543 774 aquam
563 739 693 768 conrivat,
719 736 760 763 vel
784 737 806 763 si
831 746 951 773 spurcam
977 738 1036 773 quis
1056 738 1101 763 im-

254 781 349 807 mittat.
370 779 400 806 sr.
420 782 444 806 3.
465 791 503 818 pr.
524 780 556 806 de
575 791 640 817 aqua
661 785 687 806 et
710 790 766 816 aqu.
790 778 826 816 pl.
845 780 887 805 39.
906 781 930 806 3.
969 780 1100 817 Spurcum

254 825 352 855 vinum,
371 823 461 860 (quod
480 825 563 850 sacris
582 823 700 849 adhiberi
720 833 771 849 non
792 822 878 855 licet.)
899 822 940 849 Fr.
961 822 1100 854 Labeonis,

254 866 333 893 I.Cti.
359 867 410 904 Ap.
435 866 549 893 Festum.
575 866 599 892 b.
620 876 643 892 v.
671 883 700 886 —
730 867 761 900 ἕ.
782 867 817 892 2.
847 868 1020 901 Ignobilis.
1057 865 1100 892 III.

254 911 321 938 Cn.
341 910 442 947 Spurca
461 911 604 947 amputatio
624 908 740 945 digitum.
761 908 811 936 Th.
832 908 862 936 C.
884 909 938 936 Vll.
960 911 998 936 13.
1019 919 1040 936 c.
1061 911 1100 935 10.

254 952 287 980 de
306 954 384 979 tiron.

288 996 459 1030 Spurius.
499 997 561 1029 Qui
579 1006 638 1022 non
658 1005 674 1022 a
694 997 780 1022 iusto
798 1001 895 1030 patre
915 1002 1101 1030 prognatus

254 1045 307 1066 est.
350 1039 367 1065 I.
393 1040 454 1073 Sy.
480 1039 533 1074 Qui
559 1039 675 1064 nascitur
699 1039 756 1064 sine
785 1037 901 1075 legitimo
926 1039 1100 1064 matrimonio.

255 1082 341 1117 Quem
360 1086 442 1108 mater
462 1081 539 1118 vulgo
560 1082 689 1118 concepit.
719 1081 784 1108 Sine
802 1086 876 1118 patre
903 1081 982 1107 lilius.
1008 1081 1038 1107 sr.
1060 1083 1100 1108 19.

254 1125 284 1152 fr.
303 1127 344 1151 23.
365 1135 403 1161 sq.
425 1124 457 1151 de
477 1130 547 1151 statu
566 1124 635 1150 hom.
659 1127 680 1151 l.
700 1127 723 1151 5.
745 1124 801 1151 Gai.
815 1123 833 1150 I.
848 1125 889 1150 64.
928 1123 958 1150 II.
974 1126 1041 1157 Op.
1061 1124 1101 1150 Iu·
1122 1130 1123 1152 ζ

254 1169 297 1199 sti,
317 1167 439 1204 Legitimi
460 1167 578 1200 (liberi.)
599 1183 631 1187 -——
656 1167 752 1205 Spurii.
778 1167 808 1194 l'r.
828 1169 869 1193 25.
891 1166 923 1193 de
943 1168 1038 1204 captiv.
1058 1168 1099 1193 49.
1122 1179 1124 1204 ξ

255 1212 296 1237 15.
323 1209 372 1237 Tb.
398 1210 429 1237 C.
454 1211 496 1238 III.
522 1213 561 1237 12.
586 1221 607 1237 c.
634 1212 658 1236 2.
684 1210 716 1236 de
741 1211 832 1236 incest.
858 1214 931 1247 nupt.
969 1209 1011 1235 lll.
1033 1211 1099 1237 (711.

254 1253 308 1289 Qui
327 1258 408 1279 matre
427 1253 532 1290 quidem
546 1259 624 1286 certa,
645 1258 718 1290 patre
738 1258 823 1279 autem
837 1254 936 1279 incerto
956 1254 1009 1279 nati
1029 1257 1099 1284 sunt,

254 1298 338 1334 spurii
362 1296 535 1334 adpellantur.
562 1296 621 1334 le.
645 1296 689 1322 IV.
714 1298 738 1322 2.
763 1296 819 1323 Gai.
844 1296 861 1322 l.
882 1297 922 1322 64.
960 1294 1050 1322 Liberi
1074 1297 1099 1322 iu

254 1344 386 1377 potestate
410 1340 466 1365 eius
491 1349 543 1365 non
568 1339 648 1371 fiunt,
677 1339 739 1371 sed,
769 1340 843 1376 quasi
866 1338 944 1375 vulgo
969 1340 1099 1376 concepti,

253 1384 337 1420 spurii
357 1387 425 1408 sunt.
446 1381 507 1419 le.
528 1381 558 1408 V.
580 1383 602 1408 7.
624 1382 653 1408 Ir.
673 1384 714 1408 29.
735 1382 756 1416 §.
779 1385 799 1409 1.
820 1382 852 1408 de
872 1381 972 1419 probat.
992 1384 1034 1407 22.
1053 1383 1077 1408 3.

288 1425 503 1458 Squalidus.
523 1424 652 1457 (Adiect.)
673 1426 704 1458 ἓ.
719 1426 753 1452 1.
776 1427 939 1452 Sordidus.
971 1424 1014 1451 111.
1030 1426 1096 1452 Gn.
1122 1451 1123 1459 ἵ

254 1467 336 1495 Veste
355 1467 458 1504 lugubri
479 1469 524 1499 uti,
544 1473 587 1494 aut
606 1467 734 1504 squalida.
755 1468 784 1494 sr.
807 1470 846 1495 15.
867 1468 888 1502 ξ.
908 1470 948 1494 27,
969 1467 1002 1494 de
1022 1469 1097 1494 iniur.

254 1513 296 1538 47.
325 1513 363 1537 10.
385 1527 414 1530 -
445 1511 475 1543 §.
497 1512 532 1537 2.
561 1512 726 1543 Incultus,
752 1512 938 1547 Neglectas.
976 1511 1006 1537 II.
1030 1513 1098 1545 Op.
1121 1526 1123 1542 χ

254 1554 366 1581 Deserta
387 1558 412 1579 et
431 1552 558 1589 squalida,
579 1553 746 1589 Squalidiora
767 1559 844 1591 atque
858 1556 953 1586 ieiuna,
968 1570 1000 1574 -—
1021 1554 1099 1580 Culta

255 1602 333 1633 atque
357 1597 442 1633 opima
463 1596 565 1629 (loca.)
593 1596 642 1622 Th.
663 1596 693 1623 C.
720 1597 764 1623 XI.
784 1599 826 1624 28.
851 1608 872 1624 c.
892 1600 916 1624 2.
944 1597 976 1623 de
1000 1596 1099 1633 indulg.

255 1639 335 1667 debit.
356 1639 425 1666 XIII.
448 1641 486 1666 ll.
507 1649 528 1666 c.
548 1641 572 1666 3.
593 1639 625 1665 de
644 1641 768 1666 censitor.

288 1684 462 1716 Squalor.
488 1685 608 1709 Sordes.
629 1681 672 1708 III.
691 1683 757 1710 Cn.
778 1682 891 1719 Dignum
911 1682 1034 1709 claustris
1049 1694 1102 1710 car-

254 1727 322 1753 ceris
342 1730 367 1752 et
386 1725 521 1752 custodiae
545 1724 668 1762 squalore
691 1724 782 1752 videri.
809 1725 846 1752 lb.
866 1725 910 1752 IX.
930 1728 954 1752 3.
980 1736 1001 1753 c.
1021 1728 1045 1753 2.
1070 1726 1102 1753 de

255 1773 313 1795 cust
341 1778 408 1794 reor.

289 1811 455 1838 stabilis.
475 1810 605 1844 (Adiect.)
627 1813 800 1844 Constans,
823 1814 960 1839 Firmus.
986 1812 1016 1838 II.
1034 1814 1101 1846 Op.

256 1855 309 1889 Qui
329 1854 448 1880 stabilem
468 1859 581 1880 mentem
600 1854 717 1881 nondum
736 1854 846 1892 adeptus
867 1860 915 1882 est.
938 1871 966 1875 —
988 1855 1101 1892 Sapiens

256 1897 368 1930 (homo.)
388 1907 408 1923 e.
431 1898 469 1923 18.
489 1897 521 1924 de
541 1897 614 1924 milit.
635 1902 736 1924 testam.
757 1899 780 1924 6.
794 1899 835 1924 21.
873 1898 978 1925 Manere
997 1898 1100 1925 stabile.

257 1955 288 1959 ——
309 1939 438 1966 Dissolvi.
462 1941 476 1974 §
503 1943 526 1967 2.
548 1941 564 1967 1.
590 1940 623 1967 de
646 1940 733 1978 adopt.
756 1943 777 1967 1.
800 1943 839 1967 ll.
876 1941 978 1968 Stabile
999 1943 1048 1968 ius.
1069 1958 1100 1961 —

256 1982 383 2009 Vltimum
403 1988 429 2009 et
448 1983 682 2010 extraordinarium
702 1983 836 2010 auxilium.
857 1984 878 2018 §.
894 1984 950 2010 7.1.
971 1984 1003 2011 dc
1023 1986 1053 2011 B.
1073 1984 1101 2011 P.

255 2028 279 2053 3.
300 2028 340 2052 10.

290 2069 498 2097 Stabulum.
540 2070 715 2101 Firmitas,
746 2071 832 2096 Ordo
865 2077 1027 2097 constans.
1070 2070 1100 2097 11.

258 2113 325 2146 ΟΡ.
346 2111 418 2148 Quid
437 2116 510 2138 antea
524 2111 670 2143 vacillabat.
691 2117 716 2137 et
736 2112 798 2148 quid
817 2118 908 2150 postea
930 2115 955 2140 in
974 2113 1101 2140 stabilita·

258 2160 308 2181 tem
329 2154 461 2181 redactum
486 2159 533 2181 est.
559 2165 579 2181 c.
598 2157 622 2181 2.
648 2155 668 2188 ξ.
691 2157 730 2181 11.
756 2155 787 2181 de
811 2161 861 2181 vet.
887 2157 943 2183 iure
967 2156 1050 2183 cnut-l.
1078 2159 1100 2184 1.

259 2199 298 2224 17.
342 2196 383 2223 Ill.
410 2199 475 2225 Cn.
499 2198 527 2224 In
553 2208 598 2224 sua
625 2198 745 2224 omnibus
770 2198 912 2224 stabilitate
936 2199 1099 2226 (iurantibus.

258 2240 308 2267 Th.
329 2240 359 2266 C.
380 2240 411 2266 X.
435 2243 472 2266 10,
498 2251 519 2267 e.
539 2243 580 2267 ³32.
606 2251 642 2277 pr.
668 2241 700 2267 de
720 2242 792 2278 petit.
818 2246 842 2266 ot
863 2241 930 2267 ultro
952 2242 1001 2268 dat.
1023 2242 1100 2269 Com-
1122 2266 1124 2278 s

258 2293 355 2320 ponere
374 2283 542 2310 stabilitatem
563 2294 666 2311 censuS.
686 2284 758 2310 linita
778 2283 954 2311 altercatione.
976 2285 1011 2311 lb.
1031 2286 1099 2312 XIII.
1122 2298 1123 2302 ¹

260 2329 298 2352 10.
319 2337 340 2353 c.
360 2328 382 2352 7.
403 2325 435 2352 de
455 2336 535 2353 censu
555 2337 575 2353 s.
596 2327 679 2353 adscr.
701 2327 742 2354 Cf.
762 2327 829 2354 XIII.
853 2329 873 2354 1.
895 2338 915 2353 c.
935 2330 977 2354 20.
1004 2328 1036 2354 de
1061 2328 1099 2354 lu-

1124 891 1125 902 :
1147 874 1188 890 res
1207 875 1297 891 eorum
1317 865 1391 897 (furti
1410 867 1477 892 actio
1497 868 1643 904 competit.)
1668 866 1704 893 ld.
1733 867 1763 893 1¹.
1788 869 1828 894 31.

258 2374 304 2395 str.
325 2369 411 2395 collat.

292 2412 502 2439 Stabiliter.
523 2412 646 2445 (Advb.)
672 2415 842 2444 Firmiter,
867 2415 940 2439 Cum
966 2414 1099 2449 effectu.
1122 2433 1124 2437 ,

258 2454 301 2481 111.
321 2456 387 2482 (Υη.
407 2454 500 2481 Ratun]
522 2465 592 2482 esse.
613 2455 795 2492 stabiliterque
815 2455 958 2482 observari.
984 2466 1004 2481 c.
1024 2457 1047 2481 3.
1069 2456 1100 2481 «le
1122 2455 1124 2489 ζ

259 2502 341 2523 natur.
363 2497 406 2524 lib.
427 2500 448 2524 5.
470 2500 511 2524 27.
550 2497 718 2524 'l‘··sta111ento
744 2496 842 2525 liberos
868 2499 934 2525 stab.
961 2499 1100 2525 dimittere.

258 2539 367 2577 interpr.
387 2540 418 2566 ad
438 2540 509 2567 Paul.
529 2540 572 2567 lV.
596 2543 633 2567 14.
654 2541 675 2574 §.
694 2542 718 2567 3.
1122 2546 1124 2593 l

293 2584 498 2610 stabulari.
537 2585 571 2610 111
597 2586 726 2610 stabulo
745 2587 939 2611 conversari.
978 2584 1100 2612 111011.
1123 2598 1124 2619 3

260 2624 424 2652 Stabularius
453 2628 506 2659 (sc.
531 2627 677 2653 mercvdvm
702 2628 824 2664 accipit.)
853 2632 880 2653 ut
908 2629 1042 2665 permittat
1066 2629 1101 2654 iu·
1122 2638 1124 2681 1

259 2673 344 2694 menta
364 2669 431 2705 apud
451 2679 509 2696 eum
529 2669 662 2696 stabulari.
684 2670 713 2696 sr.
733 2672 757 2697 5.
777 2680 815 2708 pr.
837 2675 905 2696 naut.
927 2681 1000 2708 caup.
1020 2673 1043 2697 4.
1064 2672 1088 2697 9.
1122 2684 1124 2703 ς

294 2711 544 2740 stabularius.
564 2714 594 2745 §0
610 2714 644 2739 l.
667 2714 729 2745 Qnt'
748 2715 967 2740 ministerium
988 2716 1018 2740 in
1038 2721 1100 2741 sta·
1122 2705 1124 2758 Ι

259 2756 330 2781 bulo
349 2756 480 2781 exhibet.
519 2755 559 2781 Ill.
582 2757 647 2782 Cn.
673 2755 802 2782 Muliones
829 2761 854 2782 et
876 2757 1012 2782 institores
1033 2758 1100 2783 inter
1122 2759 1123 2768 ¹

260 2796 357 2823 urbana
383 2797 524 2823 ministeria
549 2800 730 2830 continentur.
755 2801 815 2825 item
836 2815 866 2820 —
888 2798 1025 2831 lecticarii,
1050 2805 1100 2826 sta-

260 2839 363 2866 bularii.
383 2838 454 2865 Paul.
469 2839 510 2866 111.
531 2842 554 2866 6.
574 2842 650 2875 3172.
672 2858 700 2862 -
722 2843 753 2876 §0
768 2843 802 2869 2.
825 2844 888 2875 Qui
906 2846 1042 2870 mercede
1060 2845 1100 2870 lo-

1007 182 1084 213 SPR
1099 201 1137 206 —
1151 182 1242 213 STA.

1147 271 1201 291 cat
1219 266 1347 291 stabuli
1367 274 1463 291 nsum.
1498 265 1517 292 1.
1532 266 1594 300 Sy.
1615 265 1669 302 Qui
1684 266 1816 293 stabulum
1830 273 1943 300 exercet,
1957 269 1993 295 in-

1147 309 1258 333 stitorve
1278 309 1341 334 eius.
1362 307 1391 334 l'r.
1415 310 1435 334 l.
1455 308 1476 341 §.
1495 310 1519 334 5.
1545 313 1615 335 naut.
1641 319 1716 346 caup.
1736 312 1760 336 4.
1781 311 1804 336 9.
1830 309 1860 336 l'r.
1880 312 1904 337 5.
1925 312 1946 345 §.
1967 312 1992 338 6.

1123 366 1124 373 κ
1147 350 1179 376 de
1199 351 1280 378 instit.
1302 355 1349 377 act.
1373 353 1410 377 14.
1431 353 1458 377 3.
1493 350 1535 378 111.
1554 353 1619 379 011.
1647 352 1676 378 Si
1697 362 1779 390 caupo
1800 352 1862 385 suit,
1881 353 1924 380 vel
1943 359 1994 381 sta-

1146 392 1271 425 bularius,
1292 398 1317 419 et
1336 395 1463 431 mancipia
1484 393 1544 420 talia
1565 394 1656 421 habuit
1677 396 1863 427 ministrantia,
1886 413 1915 416 —
1937 397 1993 423 sive

1124 431 1125 474 ζ
1146 435 1282 462 balneator
1306 436 1391 463 fuerit.
1417 437 1448 464 fr.
1468 439 1491 464 4.
1517 437 1538 471 §.
1558 440 1582 463 2.
1607 437 1640 464 de
1659 437 1684 464 h.
1711 439 1755 474 qui
1781 443 1835 464 not.
1861 438 1905 465 inf.
1925 441 1949 465 3.
1968 441 1993 465 2.

1124 487 1125 491 ¹
1148 478 1177 505 t‘r.
1200 480 1221 505 l.
1241 489 1279 516 pr.
1300 479 1330 506 fr.
1351 483 1374 506 5.
1393 490 1432 517 pr.
1459 485 1529 507 naut.
1555 491 1628 518 caup.
1648 483 1672 507 4.
1693 482 1716 508 9.
1742 480 1773 507 fr.
1795 483 1816 508 l.
1841 482 1861 516 §.
1882 482 1906 508 6.
1932 481 1994 508 furti

1147 521 1204 547 adv.
1225 527 1294 548 naut.
1314 524 1355 549 47.
1376 525 1400 549 5.

1180 565 1390 592 Stabulum.
1434 567 1551 598 Locus,
1579 569 1611 593 in
1640 577 1700 601 quo
1725 569 1941 594 iumentorum
1966 574 1994 594 et

1144 617 1290 641 pecorum
1310 611 1412 636 statio
1431 615 1484 635 est.
1522 609 1564 636 Ill.
1585 611 1651 638 Cn.
1672 609 1823 641 Stabulum,
1849 609 1919 646 quod
1939 614 1995 636 erat

1146 649 1239 676 domus
1264 651 1386 678 iumentis
1412 656 1436 677 et
1461 653 1575 678 carrucis
1600 663 1704 679 vacans.
1736 652 1766 679 sr.
1794 654 1833 679 13.
1863 653 1883 687 ξ.
1912 654 1936 680 8.
1961 652 1994 679 de

1123 719 1124 726 ἶ
1146 692 1226 719 ususr.
1249 695 1271 720 7.
1293 696 1315 721 1.
1352 693 1498 726 Stabulum,
1519 695 1561 721 vel
1581 695 1624 722 ubi
1639 706 1729 732 greges
1750 697 1806 722 eius
1826 701 1896 722 stare
1917 705 1994 733 opor-

1145 740 1206 762 teat.
1227 736 1256 762 l'r.
1279 738 1316 764 15.
1336 737 1358 771 §.
1380 739 1402 763 l.
1422 737 1499 763 locat.
1522 739 1560 764 19.
1579 741 1604 765 2.
1629 738 1658 765 fr.
1679 740 1702 764 ·3.
1732 738 1754 772 ξ.
1775 740 1797 765 1.
1817 738 1849 765 de
1870 739 1935 775 abig.
1951 740 1992 765 47.

1147 779 1186 804 14.
1206 777 1278 805 Paul.
1299 778 1330 805 V.
1353 781 1391 806 1⁸.
1412 780 1432 814 ξ.
1455 782 1478 806 2.
1517 781 1698 818 Quaecunque
1718 782 1743 807 in
1758 791 1884 818 caupona,
1904 780 1946 807 vel
1966 781 1993 807 iu

1146 822 1293 854 meritori0,
1313 822 1430 854 stabulo,
1451 823 1638 850 deversoriove
1657 825 1796 862 perierint,
1821 826 1846 850 in
1867 825 1994 851 exercito-

1856 868 1876 901 §.
1900 868 1938 894 16.
1960 866 1992 893 cf.

1147 906 1176 933 fr.
1198 909 1219 934 l.
1240 918 1277 945 pr.
1299 908 1359 934 furti
1379 908 1436 935 adv.
1457 914 1526 935 naut.
1546 912 1586 936 47.
1607 912 1631 936 5.
1659 910 1689 936 fr.
1712 911 1768 937 198.
1794 909 1826 936 de
1847 909 1877 936 V.
1899 909 1927 936 S.
1951 912 1992 936 50.

1148 952 1186 976 16.
1225 950 1323 977 Comes
1342 953 1409 978 sacri
1429 952 1533 978 stabuli.
1554 951 1604 979 Th.
1625 952 1656 979 C.
1676 952 1720 979 XI.
1744 955 1765 979 l.
1786 963 1807 979 c.
1821 954 1862 979 29.
1883 952 1915 979 de
1934 962 1992 979 anu.

1147 997 1172 1019 et
1191 993 1280 1020 tribut.
1300 994 1345 1020 XI.
1368 996 1405 1020 17.
1427 1005 1447 1020 e.
1468 997 1491 1021 3.
1511 995 1543 1022 de
1563 1006 1654 1032 equor.
1675 995 1735 1022 coll.

1181 1036 1366 1064 Stadium.
1404 1039 1522 1070 Locus,
1541 1040 1573 1065 ιἰι
1593 1050 1652 1073 qno
1671 1049 1767 1065 cursu
1786 1045 1815 1065 et
1833 1041 1924 1065 lucta
1940 1048 1993 1073 pa-

1145 1081 1207 1105 lam
1227 1086 1354 1106 certata
1363 1090 1383 1106 r.
1421 1080 1463 1106 III.
1479 1081 1544 1108 Gn·
1559 1080 1639 1116 Quod
1653 1081 1685 1108 ad
1699 1081 1883 1108 instruendum
1899 1080 1992 1112 forum,

1144 1120 1282 1153 theatrum,
1301 1122 1415 1148 stadium
1434 1122 1564 1159 (legatum
1583 1124 1688 1156 suerit.)
1720 1124 1750 1150 fr.
1772 1127 1828 1151 122.
1849 1134 1888 1162 pr.
1908 1124 1940 1150 de
1958 1123 1994 1150 lc-

1144 1169 1193 1200 gat.
1214 1163 1232 1190 I.
1253 1166 1319 1198 (30.)
1341 1165 1372 1192 cf.
1392 1165 1423 1192 fr.
1444 1167 1467 1192 6.
1487 1166 1508 1200 ξ.
1532 1168 1553 1192 1.
1574 1166 1606 1193 de
1625 1166 1656 1193 R.
1676 1166 1709 1193 D.
1731 1169 1753 1193 l.
1774 1168 1797 1193 8.

1179 1208 1378 1242 stagnare.
1422 1210 1489 1235 Xon
1513 1211 1668 1245 defluere.
1697 1212 1848 1236 Paludem
1867 1212 1992 1245 facere.

1144 1249 1186 1276 III.
1199 1252 1264 1278 Gn.
1281 1250 1407 1286 Stagnum
1419 1256 1467 1279 est.
1479 1251 1548 1288 quod
1562 1251 1732 1289 temporalem
1744 1253 1878 1279 contineat
1892 1263 1993 1290 aquam,

1144 1293 1240 1320 ibidem
1261 1298 1431 1330 stagnantem.
1453 1294 1484 1321 fr.
1504 1296 1526 1320 l.
1547 1294 1568 1328 ξ.
1589 1297 1613 1321 4.
1633 1299 1661 1321 ut
1680 1296 1706 1321 in
1726 1294 1795 1321 ssum.
1817 1295 1880 1333 pub.
1896 1298 1936 1323 43.
1953 1297 1992 1322 14.

1179 1337 1377 1371 Stagnum·
1416 1339 1575 1364 Collectio
1595 1348 1700 1372 aquae
1718 1341 1920 1373 stagnantis.
1948 1338 1992 1366 ῘΠ.

1145 1380 1210 1407 011.
1230 1379 1258 1406 Si
1279 1381 1364 1416 stagni
1384 1380 1482 1414 uffsfr.
1501 1380 1611 1416 legetur,
1632 1385 1657 1407 et
1677 1382 1809 1407 exaruerit
1827 1382 1873 1413 sic,
1893 1387 1921 1409 ut
1934 1391 1994 1418 ager

1144 1424 1179 1449 sit
1199 1422 1290 1449 sactus.
1312 1423 1341 1450 fr.
1364 1424 1404 1449 10.
1424 1423 1445 1457 ξ.
1465 1425 1490 1450 3.
1511 1423 1562 1459 Qu.
1583 1423 1652 1450 mod.
1674 1423 1771 1450 ususl'r.
1786 1425 1809 1450 7.
1823 1425 1847 1451 4.
1885 1425 1939 1460 Qui
1959 1424 1994 1451 la-

1121 1466 1123 1478 '
1143 1476 1210 1498 cum,
1229 1465 1270 1492 vel
1290 1471 1410 1502 stagnum
1431 1466 1568 1497 conduxit,
1588 1467 1610 1492 si
1630 1467 1727 1503 piscari
1747 1466 1921 1504 prohibeatur
1941 1473 1992 1494 etc.

1145 1508 1174 1535 fr.
1197 1510 1218 1535 l.
1246 1509 1268 1542 §.
1289 1510 1311 1535 7.
1338 1509 1370 1535 cf.
1390 1519 1430 1546 pr.
1451 1514 1479 1535 ut
1499 1510 1524 1535 in
1550 1509 1620 1535 ssum.
1647 1509 1708 1547 pub.
1729 1511 1769 1536 43.
1792 1512 1831 1536 14.
1870 1510 1946 1547 Quos
1965 1512 1993 1538 in

1145 1552 1260 1589 piscinas
1281 1553 1485 1585 coniecerimus,
1508 1569 1537 1572 —
1563 1551 1593 1578 Si
1617 1553 1642 1578 in
1667 1558 1760 1589 stagno
1784 1554 1838 1579 siut
1861 1554 1992 1591 (pisces.)

1145 1594 1175 1621 sr.
1195 1596 1219 1620 3.
1240 1595 1260 1628 ξ
1283 1596 1322 1621 14.
1343 1594 1375 1621 de
1394 1595 1424 1621 Α.
1446 1605 1470 1622 v.
1490 1595 1522 1622 Α.
1542 1594 1569 1621 Ρ.
1591 1597 1632 1621 41.
1652 1598 1676 1622 2.

1180 1638 1350 1665 Stamen.
1393 1639 1503 1664 Filnm
1528 1640 1567 1665 ad
1590 1642 1684 1665 telam
1709 1645 1871 1673 paratum.
1903 1641 1994 1672 Quod

1146 1682 1177 1707 in
1191 1684 1254 1707 tela
1268 1683 1403 1707 texitur.
1425 1680 1455 1707 11.
1472 1682 1540 1715 ΟΡ.
1562 1681 1641 1717 Quod
1656 1683 1682 1708 in
1697 1682 1747 1709 tela
1762 1687 1810 1709 est.
1830 1682 1946 1709 Stamen.
1961 1698 1992 1702 —

1148 1723 1227 1759 Quod
1247 1728 1410 1756 contextum,
1431 1733 1452 1750 s.
1473 1723 1607 1750 detextum
1627 1730 1674 1751 est.
1696 1724 1726 1751 fr.
1745 1728 1788 1752 22.
1808 1725 1840 1752 de
1859 1735 1922 1752 auro
1941 1735 1994 1762 arg.

1147 1768 1188 1793 34.
1212 1770 1235 1793 2.
1260 1766 1330 1793 Lana
1356 1766 1447 1803 legata.
1473 1781 1503 1785 --
1530 1766 1662 1804 Purpura,
1687 1773 1731 1794 aut
1757 1773 1871 1800 stamen,
1891 1767 1939 1803 [al.
1958 1773 1995 1795 te-

1147 1820 1213 1841 men,
1234 1820 1254 1836 s.
1276 1810 1398 1846 tegmem]
1419 1809 1599 1837 subtemenve.
1619 1810 1691 1837 Paul.
1712 1811 1754 1837 III.
1768 1813 1791 1838 6.
1811 1812 1833 1845 §.
1846 1814 1887 1837 52.
1907 1810 1939 1837 I'r.
1953 1812 1993 1838 70.

1147 1854 1168 1887 ξ.
1187 1855 1211 1879 2.
1232 1853 1264 1879 de
1284 1853 1358 1889 legat.
1378 1852 1420 1879 111.
1440 1853 1507 1885 (32.)

1181 1897 1381 1923 Stanneus.
1402 1895 1532 1929 (Adiect.)
1555 1898 1618 1929 Qui
1636 1903 1709 1923 este
1722 1903 1846 1924 stanno.
1867 1897 1910 1924 111.
1926 1899 1992 1925 οη.

1147 1938 1273 1965 Nummos
1293 1944 1418 1965 stanneos
1439 1938 1486 1973 [al.
1501 1939 1646 1975 stagneos,]
1665 1939 1815 1976 plumbeos,
1835 1951 1921 1967 emere
1941 1945 1990 1967 etc.

1147 1981 1177 2008 fr.
1197 1984 1219 2008 9.
1240 1982 1262 2015 ξ.
1281 1984 1306 2008 2.
1326 1982 1358 2008 de
1376 1981 1405 2008 L.
1426 1981 1506 2008 Corn.
1527 1982 1559 2009 de
1579 1981 1636 2008 sals.
1657 1985 1698 2009 45.
1720 1985 1760 2009 10.

1181 2026 1379 2052 Stannum.
1419 2026 1552 2052 Metalli
1568 2035 1670 2060 genus
1695 2028 1911 2052 notissimum.
1947 2025 1990 2052 III.

1147 2068 1212 2095 Cn.
1233 2068 1332 2103 Quive,
1362 2078 1419 2094 cum
1443 2073 1578 2104 argentum
1606 2067 1649 2094 vel
1677 2079 1768 2095 aurum
1796 2073 1919 2106 poneret,
1947 2078 1991 2095 aes

1146 2115 1301 2136 stannumve
1320 2110 1470 2137 subiecerit.
1491 2110 1563 2137 Paul.
1585 2110 1615 2137 V.
1635 2113 1676 2137 25.
1697 2112 1719 2145 §.
1739 2114 1762 2138 5.

1180 2155 1303 2180 Stans.
1324 2153 1444 2186 (Partic.)
1465 2154 1495 2187 ξ.
1511 2155 1545 2180 l.
1566 2156 1634 2181 Xon
1654 2161 1839 2188 separatus,
1858 2155 1991 2181 t'nieate

1122 2202 1123 2208 ¹
1144 2199 1295 2230 corporis
1315 2199 1516 2223 coniunctus.
1552 2197 1570 2223 I.
1592 2198 1654 2232 Sy.
1680 2198 1755 2233 Quae
1778 2198 1804 2223 in
1825 2196 1906 2223 fundo
1927 2207 1988 2223 con—

1145 2240 1269 2271 tim-ntur,
1289 2239 1395 2266 Stante-s
1415 2240 1556 2273 (arbores.)
1582 2239 1611 2266 fr.
1631 2242 1671 2266 40.
1692 2240 1724 2266 de
1744 2239 1773 2265 Α.
1794 2240 1823 2265 Ε.
1846 2239 1876 2266 V.
1905 2241 1944 2266 19.
1966 2241 1988 2266 1.

1146 2282 1265 2309 pendens
1286 2282 1420 2316 (fructus.)
1442 2282 1482 2309 Cf.
1497 2294 1521 2309 v.
1536 2282 1661 2309 Pendere.
1683 2283 1702 2316 ξ
1720 2284 1741 2308 l.
1779 2282 1822 2308 III.
1841 2284 1906 2310 Cn.
1928 2282 1990 2309 Fru-

1146 2326 1231 2352 ctibus
1250 2326 1391 2358 stantibus,
1412 2326 1518 2352 l'undum
1538 2327 1662 2363 recipere.
1682 2324 1711 2351 fr.
1727 2327 1749 2351 7.
1770 2325 1847 2358 §.15.
1868 2325 1917 2351 sol.
1938 2335 1989 2352 ma-

1122 2397 1123 2400 ,
1146 2370 1212 2395 trini.
1236 2371 1277 2395 24,
1297 2371 1320 2395 3.
1341 2385 1372 2388 -
1401 2370 1432 2402 §.
1454 2371 1489 2396 2.
1513 2370 1661 2399 salidus,
1688 2370 1826 2394 Firmus.
1864 2368 1895 2394 ΙΙ.
1920 2369 1990 2403 ΟΡ.

1146 2412 1279 2438 Instabilis
1299 2411 1440 2445 (donatio.)
1461 2411 1502 2438 Cf.
1523 2410 1546 2436 h.
1568 2420 1592 2435 v.

1180 2457 1302 2482 Stare·
1345 2456 1375 2488 §.
1401 2456 1434 2481 l.
1465 2455 1637 2484 Insistere,
1666 2454 1891 2480 Constilutnm
1915 2464 1988 2485 esse,

1146 2497 1187 2524 III.
1208 2500 1273 2525 (511.
1294 2497 1353 2524 Non
1373 2499 1452 2533 magis
1472 2512 1503 2516 -
1524 2506 1599 2532 quam
1627 2500 1653 2521 ut
1678 2500 1705 2521 tu
1729 2501 1799 2522 stare
1822 2495 1937 2522 vidi-aris
1963 2497 1990 2523 in

1146 2550 1176 2566 νο
1197 2540 1263 2573 loco,
1284 2542 1309 2567 in
1329 2550 1380 2577 quo
1400 2550 1446 2575 ego
1466 2544 1515 2565 sto.
1537 2539 1565 2564 t'r.
1586 2540 1609 2564 3.
1630 2539 1651 2572 ξ.
1671 2541 1695 2565 5.
1715 2538 1747 2565 dc
1766 2539 1796 2565 Α,
1818 2549 1841 2565 v.
1859 2539 1891 2565 Λ.
1906 2538 1933 2565 Ρ.
1947 2541 1988 2565 41.

1145 2586 1169 2609 2.
1207 2583 1307 2613 Locus.
1328 2583 1476 2618 ubicunque
1495 2586 1551 2607 tuto
1572 2586 1641 2607 stare
1661 2587 1773 2618 possunt
1798 2592 1885 2608 naves
1913 2581 1943 2608 fr.
1966 2584 1987 2608 l.

1145 2627 1166 2660 ξ.
1188 2628 1225 2653 13,
1247 2627 1278 2653 (le
1299 2627 1395 2653 flumin.
1416 2627 1455 2652 43.
1480 2626 1517 2650 12.
1539 2624 1569 2650 cs.
1590 2625 1619 2651 tr.
1633 2626 1657 2651 2.
1676 2625 1698 2658 ς’.
1718 2625 1740 2650 7.
1761 2625 1783 2650 si
1805 2634 1847 2660 qu.
1868 2629 1947 2651 cautt.
1963 2626 1987 2650 2.

1148 2671 1185 2696 11.
1224 2669 1370 2696 Stabulum.
1384 2667 1426 2694 vel
1440 2667 1483 2694 ubi
1497 2678 1587 2704 greges
1602 2669 1657 2693 eius
1671 2672 1741 2693 stare
1756 2672 1886 2704 oporteat.
1902 2667 1931 2694 sr.
1948 2669 1986 2693 15.

1146 2713 1166 2746 §.
1184 2715 1204 2738 1.
1225 2712 1301 2739 locat.
1319 2713 1355 2738 19.
1370 2714 1394 2737 2.
1415 2727 1445 2730 —
1466 2712 1496 2744 ξ.
1512 2712 1596 2737 LA.
1618 2713 1716 2737 Stans
1735 2720 1830 2736 orare
1848 2719 1986 2737 causam.

1145 2755 1161 2784 1.
1183 2757 1245 2789 Sy.
1265 2754 1422 2781 causidicus
1442 2764 1509 2785 esse,
1529 2753 1705 2780 Patrocinium
1719 2752 1853 2789 praebere.
1874 2763 1895 2779 c.
1909 2754 1932 2778 6.
1946 2761 1985 2788 pr.

1144 2799 1180 2833 §§.
1204 2801 1225 2824 1.
1246 2800 1268 2824 6.
1289 2797 1320 2824 de
1340 2797 1436 2834 postul.
1461 2799 1485 2824 2.
1505 2798 1528 2823 6.
1549 2812 1580 2816 —-
1601 2797 1631 2829 §-
1652 2797 1739 2822 1.B.
1760 2796 1985 2822 Praesentiam

1144 2843 1335 2878 suifacere,
1358 2843 1486 2867 Sistere.
1525 2839 1566 2866 Ill.
1581 2840 1647 2867 Cn.
1666 2839 1736 2875 Ergo
1756 2843 1781 2865 et
1801 2839 1844 2875 qui
1859 2837 1901 2864 alii
1921 2836 1985 2863 iudi-
