2197 3121
258 190 321 221 782

260 272 386 299 Futurum
409 272 576 308 prospicere,
602 275 629 297 ut
650 275 699 297 etc.
730 270 759 296 sr.
779 271 802 297 9.
831 270 854 304 §.
876 271 897 296 l.
922 268 1000 296 locat.
1022 270 1062 296 19.
1081 271 1106 295 2.
1129 279 1130 291 2

258 316 291 342 fr.
310 317 351 342 213.
372 316 394 349 ς’.
417 317 439 341 7.
460 325 492 340 ex
513 324 554 350 qu.
577 324 598 340 c.
618 314 676 340 mai.
692 314 716 339 4.
730 314 754 339 6.
774 312 803 339 sr.
818 314 842 339 8.
863 312 886 346 ξ.
899 314 922 339 2.
943 312 976 339 de
995 322 1106 339 manum.

260 360 302 385 40.
324 360 346 385 l.
384 358 497 388 Servus,
523 357 567 393 qui
591 356 738 383 libertatem
761 356 900 393 prospicit.
925 355 955 382 fr.
976 357 998 382 l.
1023 355 1046 388 ξ.
1067 357 1106 381 ll.
1129 364 1130 391 j

260 402 284 428 si
307 402 329 428 is
360 411 402 437 qu.
428 405 528 426 testam.
554 399 599 426 lib.
626 401 666 426 47.
687 402 711 426 4.
736 415 768 419 —
796 400 828 432 §0
848 400 885 425 3.
914 399 1107 429 Promittere,
1129 406 1130 413 ¹

262 446 443 471 consulere.
475 442 493 469 I.
508 444 570 477 Sy.
589 442 733 469 Adhibere.
753 441 846 479 Prosp.
864 441 915 467 sibi
930 440 1107 474 (advocatos.)
1129 456 1131 477 ᾗ

261 487 293 514 sr.
313 489 336 514 9.
357 486 378 520 ξ.
398 488 421 512 -1,
442 485 474 512 de
494 486 537 512 off.
558 485 633 512 Proc.
654 490 679 511 et
698 484 760 521 Leg.
781 486 804 511 l.
825 486 864 510 16.
903 482 944 509 111.
957 484 1024 511 011·
1045 483 1108 518 Qui·
1130 496 1131 505 1

263 530 312 556 bus
338 534 365 555 ut
389 529 501 566 primum
524 530 697 566 prospiciam,
719 545 749 549 —
776 538 852 554 curae
875 525 986 553 habebo.
1016 526 1046 552 fr.
1065 527 1108 553 28.
1131 552 1132 558 ¹

262 573 354 609 depos'.
376 573 413 597 lb'.
433 573 457 598 3.
495 572 525 598 Si
548 571 603 598 filio
625 588 656 591 —
679 572 764 598 minus
786 570 917 597 industrio
936 573 1109 606 prospectum

263 625 322 641 esse
346 614 442 646 voluit,
464 631 494 635 —
520 616 667 641 cautionem
693 613 910 651 interponendam
937 617 986 639 etc.
1017 612 1048 639 fr.
1068 613 1109 639 71.
1132 621 1133 627 ¹

262 668 301 696 pr.
323 657 355 685 de
379 657 455 684 cond.
476 663 502 684 et
521 657 587 685 dem.
607 660 649 684 35.
671 660 693 684 l.
731 658 773 688 Si,
798 666 855 683 cum
880 656 1034 693 prospicere
1058 654 1109 681 sibi
1132 662 1133 673 ¹

263 702 379 739 potuerit
403 700 489 727 damni
516 702 605 728 infecti
634 702 794 727 cautionem.
824 709 877 725 non
902 698 954 733 [al.
980 699 1109 729 cautione,

263 744 327 778 nec]
357 745 533 781 prospexerit.
561 744 657 780 tiz-13.
687 744 708 777 ᾖ.
732 745 757 770 2.
784 742 816 769 de
841 742 926 768 damn.
950 740 995 768 inf.
1019 742 1061 767 39.
1084 743 1109 767 2.

265 787 441 814 Cautiouibus
460 797 551 824 prosp.
571 786 601 813 sr.
620 789 661 813 38.
682 796 720 823 pr.
740 795 789 823 pro
809 795 863 812 soc.
885 787 924 811 17.
944 786 969 811 2.
1007 783 1111 810 Securi-

264 831 311 856 tati
331 831 395 867 reip.
416 840 506 867 prosp.
533 830 562 856 t'r.
582 830 623 855 33.
644 839 682 866 pr.
703 829 724 863 §.
746 830 769 855 1.
790 828 822 855 de
841 838 913 855 usur.
932 829 974 854 22.
997 829 1019 854 1.
1057 827 1110 862 Qui
1132 829 1133 852 ἶ

264 873 422 911 compendio
446 882 495 898 suo
519 871 591 898 nullo
615 871 694 898 modo
721 873 897 909 prospexerit.
922 870 952 897 sr.
976 872 1019 896 22.
1043 870 1065 904 ᾗ.
1086 872 1110 896 5.

265 917 297 943 de
317 916 346 943 L.
367 916 447 942 Corn.
469 915 500 941 de
520 914 576 941 sals.
596 916 637 941 48.
661 917 700 941 10.
737 915 771 941 Et
795 924 897 946 eorum,
925 914 970 951 qui
993 923 1036 940 res
1059 913 1110 940 soli
1133 936 1134 943 ,

265 959 419 998 possident.
448 957 640 995 Principalibus
673 957 908 984 constitutionibus
940 957 1110 994 prospicitur.

265 1004 287 1037 ξ.
308 1004 330 1029 7.
351 1003 368 1029 1.
393 1002 425 1028 de
450 1011 522 1028 usuc.
546 1004 571 1028 2.
591 1002 615 1027 6.
658 999 765 1027 Plenius
790 1000 911 1027 omnibus
936 1000 1027 1026 liberis
1051 1010 1111 1037 pro·
1132 1015 1134 1041 4«

265 1047 387 1083 spexisso
411 1046 436 1071 iu
457 1049 543 1071 tutore
563 1043 648 1071 dando
668 1043 761 1070 voluit.
786 1043 816 1070 fr.
840 1045 896 1069 122.
916 1042 949 1069 dc
968 1042 999 1070 V.
1021 1042 1048 1069 S.
1069 1045 1110 1069 50.

268 1090 306 1115 16.
326 1088 373 1115 His
387 1087 476 1114 verbis
490 1103 522 1107 -
537 1092 562 1114 et
575 1087 742 1114 libertatibus
756 1091 926 1124 prospectum
941 1096 1008 1112 esse.
1028 1085 1058 1112 sr.
1071 1086 1112 1111 19.

266 1142 305 1169 pr.
332 1131 364 1157 de
389 1131 477 1168 adopt.
500 1132 521 1157 1.
542 1132 564 1157 7.
590 1130 621 1157 cf.
651 1129 680 1156 fr.
701 1131 743 1156 27.
772 1129 804 1156 de
832 1129 918 1156 fidele.
942 1129 1005 1155 libb.
1026 1130 1067 1154 40.
1087 1130 1111 1154 5.

266 1174 398 1201 Omnibus
419 1173 504 1200 modis
524 1173 632 1200 Procos.
653 1173 678 1199 id
698 1174 762 1208 agit,
783 1183 816 1199 ne
836 1177 884 1198 etc.
907 1188 935 1192 —
957 1172 991 1198 Et
1010 1172 1036 1197 in
1056 1180 1112 1197 eam

266 1227 372 1254 quoque
392 1227 445 1243 rem
464 1218 603 1254 prospexit
622 1221 670 1242 ete.
691 1216 721 1242 sr.
738 1218 759 1242 1.
774 1226 812 1253 pr.
833 1215 865 1242 de
886 1214 962 1241 alien.
980 1213 1033 1240 iud.
1048 1218 1111 1240 mut.

267 1271 288 1287 c.
307 1263 331 1287 4.
353 1261 375 1286 7.
395 1259 425 1286 fr.
447 1261 469 1286 l.
490 1270 528 1297 pr.
553 1260 576 1285 si
596 1264 679 1285 ventr.
699 1269 768 1285 nom.
789 1258 850 1285 mul.
869 1260 911 1284 25.
930 1260 955 1284 5.
993 1257 1062 1292 Quia
1082 1256 1112 1283 L.

267 1303 347 1331 Atilia
367 1303 466 1330 Romae
490 1307 590 1329 tantum
609 1301 696 1328 locum
716 1302 807 1333 habet,
833 1301 890 1337 lege
911 1300 975 1327 Iulia
996 1305 1022 1327 et
1041 1300 1113 1327 Titia

266 1351 437 1385 prospectum
456 1351 504 1378 est,
526 1350 553 1372 ut
573 1350 622 1371 etc.
642 1344 702 1382 ΠΡ.
717 1344 762 1370 XI.
783 1347 822 1371 ls.
843 1344 873 1370 cf.
894 1343 977 1370 XXlI.
997 1345 1021 1370 5.
1041 1343 1113 1370 Paul.

267 1389 312 1417 IV.
331 1392 355 1416 2.
381 1390 402 1423 ξ.
424 1391 446 1415 1.
470 1403 504 1408 -
529 1389 560 1422 ξ.
580 1389 668 1415 3.Α.
700 1389 848 1420 Snncire,
874 1389 1034 1414 Statuere.
1070 1386 1113 1413 ΙΙΙ.
1135 1391 1137 1409 i

269 1434 335 1461 (J'n.
365 1432 452 1459 Primo
477 1431 536 1458 loco
556 1431 701 1458 habeantur
720 1430 754 1457 bi.
785 1447 814 1451 -—-
848 1429 967 1456 Tertium
995 1429 1114 1456 ordinem

268 1486 358 1503 eorum
379 1476 571 1513 prospicimus,
592 1474 688 1511 quibus
708 1479 756 1500 etc.
781 1483 802 1499 e.
821 1475 846 1499 2.
872 1478 900 1499 ut
923 1472 1014 1509 dignit.
1039 1472 1114 1499 ordo.

270 1521 308 1546 12.
329 1522 353 1545 ὅ.
374 1534 405 1538 -
433 1519 463 1551 §.
483 1519 522 1544 —l-
542 1519 743 1551 I'erspicere.
782 1515 825 1542 ΙΙΙ.
846 1517 912 1544 011·
934 1516 1021 1551 Quem
1040 1515 1115 1542 iutel—
1136 1516 1137 1520 ’

269 1562 365 1589 lectum
387 1560 481 1587 habeat
504 1560 568 1586 baec
593 1560 745 1597 conceptio,
770 1575 802 1579 —
822 1569 875 1585 non
894 1560 1043 1597 prospicio,
1065 1558 1114 1592 [al.

268 1603 426 1643 perspicio]
447 1603 478 1630 fr.
500 1605 557 1630 132.
577 1613 616 1640 pr.
637 1603 670 1629 de
689 1601 720 1629 V.
742 1602 775 1628 O.
795 1603 836 1628 45.
857 1604 879 1629 l.

308 1647 516 1675 Prostasia.
554 1645 595 1672 Cf.
616 1655 639 1671 v.
660 1645 833 1671 Protostasia.

307 1692 571 1718 Prosternere.
609 1689 640 1722 §.
663 1689 697 1714 1.
724 1690 946 1714 Consternere.
984 1688 1027 1714 III.
1048 1689 1114 1715 Cn.

271 1733 437 1772 Supplicium
458 1733 551 1769 capitis
572 1732 650 1761 seret,
675 1730 761 1767 gladio
782 1730 867 1757 ultore
887 1736 1045 1768 prostratus.
1065 1730 1115 1757 Th.

271 1778 301 1804 C.
322 1777 366 1803 IX.
388 1777 427 1802 16.
448 1786 469 1802 c.
489 1777 512 1801 4.
533 1775 565 1801 de
584 1774 694 1802 malefic,
714 1790 746 1793 —
767 1774 797 1807 ξ.
815 1769 849 1800 2‘.
872 1775 1036 1806 Deiieere,
1058 1775 1117 1800 De-

271 1821 390 1847 moliri.
430 1818 447 1845 l.
466 1820 527 1852 Sy.
547 1818 660 1844 Diruere
679 1827 708 1843 ac
729 1816 857 1848 demoliri,
877 1816 1022 1844 Destruere
1042 1817 1117 1844 tolle·
1138 1823 1140 1831 '

272 1873 352 1899 reque
372 1861 533 1895 (aedilicia.)
558 1861 594 1887 lb.
614 1860 673 1887 XV.
695 1862 716 1886 1.
737 1870 758 1886 c.
778 1861 819 1885 38.
840 1869 879 1896 sq.
900 1870 921 1886 c.
941 1861 983 1887 46.
1003 1859 1035 1886 de
1054 1870 1116 1897 opp.

271 1906 333 1943 pub.
352 1921 378 1925 -
400 1905 431 1937 ξ.
446 1906 483 1931 3.
503 1906 719 1931 I’rustitnere.
757 1903 786 1929 II.
803 1904 870 1936 ΟΡ.
891 1902 1021 1930 Pudorem
1041 1913 1117 1930 suum

272 1949 364 1976 alienis
384 1947 538 1973 libidinibus
558 1951 734 1984 prosternere.
751 1962 780 1966 -—
802 1945 852 1972 Per
870 1947 922 1972 vim
942 1951 1035 1984 stupro
1050 1956 1118 1973 com-

273 1992 358 2030 primi.
379 2001 400 2017 c.
419 1992 460 2016 20.
481 1990 513 2016 ad
532 1990 560 2016 L.
582 1989 627 2016 lul.
649 1989 681 2016 de
700 1988 781 2015 adult.
803 1990 826 2014 9.
847 1990 870 2014 9.

310 2033 559 2062 Prostituere.
602 2035 713 2059 Palam
739 2042 897 2065 exponere
919 2042 1055 2066 corpus,
1080 2035 1119 2059 ad

273 2078 535 2110 corrumpendum
556 2078 716 2109 pudorem.
754 2074 772 2101 l.
793 2076 855 2109 Sy.
875 2074 903 2101 In
923 2076 993 2112 turpi
1007 2080 1118 2112 quaestu

274 2120 371 2147 habere
391 2118 571 2152 (mulierem.)
591 2128 612 2144 c.
636 2120 656 2144 1.
677 2119 699 2143 si
719 2128 800 2143 maur.
820 2119 855 2144 ita
875 2128 932 2144 ven.
953 2120 976 2144 4,
997 2120 1037 2145 56,
1075 2118 1118 2144 111.

275 2165 341 2192 Cn·
362 2162 462 2189 Passim
482 2161 599 2188 venalem
619 2161 726 2187 sormam
747 2160 880 2193 exhibere,
901 2172 930 2187 ac
949 2162 1119 2198 prostitutam

275 2207 423 2233 meretricio
447 2215 519 2231 more
547 2204 624 2240 vulgo
650 2213 678 2229 se
702 2203 835 2239 praebere.
865 2214 885 2230 c.
905 2207 946 2230 22.
972 2204 1003 2230 ad
1023 2204 1052 2231 L.
1072 2204 1119 2231 lut.

276 2250 308 2276 dr
327 2248 406 2275 adult.
421 2250 444 2274 9.
463 2251 486 2274 9.
526 2249 600 2282 Quae
620 2248 645 2273 in
666 2246 800 2283 lupanario
821 2257 849 2272 s(-
869 2248 1012 2284 prostituit,
1034 2248 1063 2274 sp,
1078 2249 1118 2274 43,

275 2303 314 2330 pr.
335 2292 367 2318 dc
386 2291 416 2317 11,
438 2290 469 2316 N.
488 2293 529 2316 23.
550 2294 573 2316 ·.’.
612 2292 686 2326 Quae
710 2289 832 2315 mulieres
857 2291 1036 2325 quaestuarias
1061 2301 1121 2327 pro—

276 2337 397 2362 stituunt.
418 2334 502 2360 11:413.
524 2334 543 2366 ξ
560 2335 583 2358 7.
604 2333 638 2359 ib.
652 2334 694 2359 23.
712 2335 735 2358 2.
774 2333 802 2358 Si
823 2334 980 2369 mancipium
1000 2334 1035 2358 ita
1055 2344 1121 2359 eme-

278 2380 322 2404 ris,
344 2389 374 2403 ne
395 2378 583 2413 prostituatur.
604 2381 629 2401 vt
648 2386 705 2402 rum
726 2376 896 2412 prostitutum
917 2376 1025 2402 suisset.
1046 2381 1071 2402 ut
1094 2376 1122 2403 li-

279 2422 368 2447 berum
393 2425 471 2446 esset.
498 2419 528 2445 lr.
548 2420 589 2444 34.
609 2428 647 2455 pr.
673 2418 705 2444 de
730 2419 850 2445 evit-tion.
871 2420 912 2444 21.
932 2422 955 2445 2.
977 2418 1009 2445 cf.
1030 2419 1059 2445 fr.
1084 2421 1120 2445 10,
1143 2422 1144 2429 ’

278 2465 299 2498 ξ.
323 2466 343 2489 1.
365 2463 396 2489 d<-
416 2464 441 2489 iu
462 2463 501 2489 ius
522 2472 578 2488 voc.
598 2463 622 2487 2.
642 2464 665 2487 4.
686 2462 715 2487 sr.
736 2464 759 2487 6.
781 2472 819 2498 pr.
844 2462 875 2488 l'r.
895 2463 920 2488 9.
939 2461 971 2488 de
991 2472 1059 2488 serv.
1081 2473 1123 2488 ex·
1143 2473 1144 2492 1

279 2512 346 2544 port.
370 2508 408 2533 18.
430 2508 451 2532 Τ.

318 2550 530 2576 Ρτυίιόΐοῐ.
562 2548 592 2581 ξ.
607 2548 640 2573 l.
663 2548 724 2579 Qui
743 2554 890 2574 armatae
909 2550 1070 2580 militiae,
1091 2551 1121 2574 in
1144 2555 1146 2577 λ

279 2595 439 2618 comitatu
472 2592 643 2624 Principis
672 2593 895 2624 peragendae,
933 2593 1147 2625 adscriptnsl

280 2642 335 2661 est.
374 2635 390 2661 1.
416 2638 477 2668 Sy.
503 2634 556 2669 Qui
581 2632 735 2670 protegendi
755 2632 844 2658 lau-ris
864 2635 948 2660 nostri
968 2633 1124 2660 sollicitudi-
1145 2635 1147 2652 V

284 2687 341 2703 nem
361 2679 464 2714 patitur.
490 2676 539 2702 Tb.
560 2675 590 2702 C.
612 2675 654 2702 11.
674 2677 716 2701 24.
744 2685 764 2701 c.
785 2676 808 2701 9.
833 2675 864 2701 de
889 2676 1000 2702 domest.
1020 2682 1046 2702 ct
1065 2687 1125 2713 pro·
1145 2654 1148 2717 1

286 2724 345 2745 tect,
366 2735 397 2739 —
417 2721 448 2752 ᾗ.
469 2721 504 2745 2.
531 2720 592 2752 Qni
615 2729 627 2745 e
646 2720 755 2745 sestula
776 2720 976 2751 stipatorum
996 2721 1125 2747 Princi-

282 2764 333 2796 pis
353 2764 391 2787 nd
410 2764 598 2788 ministeria
618 2763 796 2795 dirigitur,
821 2767 915 2788 extra
936 2765 1125 2789 comitatum

284 2805 457 2836 Principis
488 2807 635 2831 obeunda.
682 2804 700 2830 1.
725 2805 787 2838 Sy.
820 2803 1002 2831 praestitutus
1035 2804 1076 2831 (ΣΥ.
1101 2815 1126 2830 v.

284 2846 466 2873 Praestituerv.
487 2847 507 2878 ξ.
527 2850 550 2872 2.
589 2846 631 2873 ΙΙΙ.
654 2848 719 2875 Gn·
745 2848 798 2882 Qui
824 2846 856 2873 dc
880 2846 1070 2874 ordinariorum
1091 2847 1127 2874 of·
1148 2852 1151 2908 ἡ

1129 312 1130 318 ’
1152 311 1221 338 lares
1247 312 1367 339 militant.
1397 312 1433 339 lb.
1454 312 1522 340 Vlll.
1543 315 1565 340 7.

1091 186 1189 218 PRO.

1153 269 1220 295 ficiis
1240 267 1356 295 iudicum
1370 285 1402 289 —
1415 271 1484 297 inter
1497 275 1663 307 protectores
1677 270 1846 304 domesticos,
1865 272 1907 299 vel
1921 272 1996 300 scho-

1590 324 1613 340 c.
1632 315 1656 340 9.
1676 313 1709 340 de
1728 314 1780 341 div.
1801 314 1870 341 offic.
1907 314 1996 342 Prote.-

1153 360 1254 382 ctorum
1267 355 1472 382 domesticorum
1491 356 1589 383 schola.
1627 356 1773 383 Primicerii
1793 356 1997 385 domesticorum

1152 403 1333 435 protectorum
1372 398 1410 425 lb.
1430 398 1474 425 VI.
1493 402 1535 426 2-1.
1560 410 1581 426 c.
1601 400 1626 425 3.
1647 410 1667 426 c.
1687 401 1711 426 9.
1732 410 1772 436 sq.
1810 400 1863 436 Qui
1888 407 2013 438 praepo-¹

1153 442 1211 472 siti,
1235 440 1277 467 vel
1301 446 1466 478 protectores
1490 441 1602 469 fuerunt.
1629 442 1666 470 lb.
1686 442 1741 469 VH.
1762 444 1804 469 22.
1824 453 1844 469 c.
1865 445 1888 469 5.
1909 443 1941 470 (le
1959 443 1997 470 fil.

1154 483 1257 510 militar.
1278 484 1310 510 cf.
1330 483 1385 510 1⁷11.
1405 486 1447 510 21.
1468 494 1489 511 c.
1511 486 1532 511 1.
1553 485 1586 511 de
1605 486 1738 512 testimon.
1759 485 1863 512 ex-trib.
1901 485 1998 513 Nullus

1153 531 1342 564 protectorum,
1361 526 1404 553 vel
1418 526 1631 560 domesticorum,
1652 529 1693 555 cui
1713 533 1757 554 aut
1776 529 1852 555 tuitio
1871 528 1998 561 locorum,

1154 574 1198 596 aut
1217 569 1342 606 quaedam
1361 569 1465 605 longior
1484 575 1525 597 est
1544 572 1683 598 commissa
1707 572 1861 598 necessitas.
1885 571 1921 598 lb.
1942 571 1998 598 VII.

1154 614 1178 639 4.
1198 622 1220 639 c.
1240 614 1281 639 27.
1302 612 1334 640 de.
1355 623 1423 649 erog.
1444 613 1498 640 mil.
1518 624 1613 640 annon.
1634 614 1665 641 cf.
1686 613 1743 640 VII.
1766 615 1804 640 16.
1830 625 1850 641 c.
1869 616 1894 641 3.
1919 614 1951 641 de
1970 614 2000 641 li-

1154 660 1205 683 tor.
1225 661 1251 682 et
1269 657 1325 682 itin.
1346 660 1412 682 cust.
1432 655 1500 682 VIII.
1520 658 1545 683 5.
1565 667 1587 684 c.
1606 659 1649 684 30.
1669 656 1702 684 de
1721 667 1800 684 cursu
1819 657 1882 695 pub.
1899 657 1944 684 IX.
1956 659 1998 683 27.

1132 707 1133 713 ¹
1155 709 1177 726 c.
1196 700 1221 725 3.
1241 698 1273 725 ad
1292 698 1322 726 L.
1342 698 1390 725 Iul.
1409 704 1491 736 repet.

1192 742 1463 769 Protectorius.
1485 741 1615 775 (Adiect.)
1636 744 1682 769 Ad
1698 750 1914 777 protectorem
1932 752 2000 776 per·

1155 787 1268 812 linens.
1305 784 1347 810 111.
1363 786 1430 813 Cn.
1450 785 1571 811 Honores
1591 787 1767 822 protectoriae
1786 786 1929 822 dignitatis.
1949 784 1999 811 Tb.

1157 828 1186 855 C.
1207 827 1262 854 Vll.
1282 829 1324 854 21.
1349 838 1370 854 c.
1389 829 1413 854 2.
1439 827 1471 854 de
1494 829 1627 854 testimon.
1648 828 1800 855 ex-tribun.
1825 828 1856 855 cs.
1883 828 1939 855 Vll.
1957 829 1999 854 20.

1156 882 1177 898 c.
1198 872 1222 897 5.
1243 870 1276 897 de
1295 875 1410 897 veteran.

1194 915 1427 941 Protectum.
1452 913 1501 947 (cf.
1521 923 1544 940 v.
1566 913 1730 948 Proiectus)
1758 916 1887 942 Tectum
1907 920 2000 940 extra

1153 959 1316 992 parietem
1341 959 1465 983 aedium
1490 959 1684 990 prominens.
1722 957 1768 984 III.
1791 959 1858 985 cn.
1882 956 1922 983 Ne
1942 957 2001 992 quis

1156 1001 1182 1026 in
1203 999 1364 1036 suggrunda,
1385 1004 1549 1036 protectore,
1571 1015 1603 1019 -
1623 1000 1650 1026 id
1670 1001 1786 1037 positum
1805 1000 1908 1032 habeat,
1927 1000 2002 1026 cuius

1133 1070 1135 1077 ,
1157 1053 1233 1069 casus
1253 1052 1348 1069 nocere
1375 1043 1416 1068 cui
1441 1043 1535 1079 possit.
1560 1041 1590 1069 sr.
1610 1045 1633 1069 5.
1654 1043 1691 1077 Q<
1712 1045 1735 1070 6.
1756 1047 1780 1070 8.
1802 1045 1842 1070 12.
1862 1042 1894 1069 de
1913 1042 1938 1069 11.
1959 1052 2001 1079 qu.

1157 1086 1238 1112 deice.
1258 1087 1281 1112 9.
1301 1087 1324 1112 3.
1362 1085 1437 1120 Quae
1457 1086 1483 1111 in
1503 1086 1558 1111 iure
1578 1087 1742 1118 consistunt,
1769 1103 1799 1106 —
1827 1091 1855 1112 ut
1873 1086 2002 1117 immissa,

1156 1128 1201 1155 vel
1224 1133 1351 1166 protecta.
1376 1127 1407 1155 fr.
1428 1130 1468 1154 15.
1493 1128 1515 1162 §.
1534 1130 1559 1155 2.
1584 1128 1616 1155 de
1639 1139 1738 1166 precar.
1758 1130 1799 1155 43.
1819 1130 1860 1155 25.
1898 1128 2004 1155 Praeto—

1157 1173 1233 1203 rium,
1253 1171 1295 1198 vel
1314 1175 1471 1209 protectum,
1492 1170 1589 1198 habere
1607 1171 1695 1198 licere.
1721 1172 1751 1198 sr.
1771 1174 1796 1198 2.
1816 1182 1855 1209 pr.
1875 1171 1908 1198 de
1928 1171 1956 1198 S.
1975 1170 2002 1198 P.

1134 1217 1136 1231 ³
1157 1214 1188 1242 R.
1208 1216 1232 1241 8.
1252 1216 1276 1241 3.
1297 1214 1329 1241 ct'.
1350 1213 1379 1240 sr.
1399 1214 1440 1240 29.
1462 1213 1484 1246 ξ.
1505 1215 1528 1240 1.
1549 1213 1581 1240 ad
1599 1213 1628 1240 L.
1648 1214 1717 1251 Aqu.
1737 1216 1760 1241 9.
1780 1216 1804 1240 2.

1195 1266 1416 1298 Protegere.
1454 1265 1485 1298 §-
1509 1266 1544 1291 l.
1575 1267 1764 1292 Profectum
1792 1272 1886 1292 extra
1914 1268 2004 1292 aedes

1160 1318 1236 1335 suas
1258 1310 1458 1342 protendere.
1496 1306 1538 1334 Ill.
1558 1309 1625 1335 Cn.
1650 1307 1808 1335 lmmittendi
1828 1309 1897 1343 tigna
1917 1309 1943 1334 iu
1962 1318 2006 1345 pa·

1159 1353 1250 1378 rietem
1264 1351 1352 1383 vicini,
1373 1355 1399 1377 et
1412 1350 1526 1387 denique
1540 1350 1706 1388 proficiendi,
1726 1351 1915 1388 protegendive
1929 1352 2005 1384 (ius.)

1158 1394 1189 1421 fr.
1208 1396 1232 1421 2.
1254 1394 1285 1420 cf.
1306 1393 1336 1420 fr.
1358 1395 1380 1421 l.
1400 1404 1439 1431 pr.
1460 1393 1493 1420 de
1512 1393 1539 1420 S.
1560 1392 1588 1420 P.
1609 1392 1641 1419 V.
1661 1395 1684 1419 8.
1699 1396 1722 1420 2.
1738 1410 1770 1413 —
1790 1394 1821 1427 ξ.
1833 1396 1868 1421 2.
1892 1396 2004 1426 Tueri,

1160 1439 1349 1474 Defendet-e.
1386 1436 1428 1463 111.
1449 1438 1516 1465 Gn.
1540 1435 1581 1463 Ne
1601 1436 1703 1472 fugitivi
1723 1437 1894 1464 admittantur
1911 1438 1937 1463 in
1957 1436 2006 1463 sal-

1159 1486 1215 1513 tus,
1240 1490 1326 1517 neque
1344 1484 1517 1518 protegantur
1536 1490 1549 1506 a
1567 1479 1673 1505 villicis.
1701 1479 1731 1506 fr.
1752 1481 1774 1506 1.
1794 1490 1833 1517 pr.
1854 1479 1886 1507 de
1905 1480 2005 1516 fugitiv.

1160 1526 1200 1551 11.
1219 1525 1244 1550 4.
1281 1522 1311 1549 Si
1331 1523 1460 1549 vulnerati
1480 1524 1534 1549 sint
1553 1523 1638 1554 servi,
1659 1532 1717 1548 cum
1737 1528 1906 1560 protegerent
1924 1523 2006 1550 domi-

1160 1578 1228 1594 num.
1255 1566 1284 1593 sr.
1307 1567 1328 1592 1.
1355 1566 1377 1600 §
1399 1567 1441 1593 37.
1462 1565 1494 1592 de
1514 1566 1582 1593 SC.
1602 1565 1684 1592 Silan.
1704 1567 1745 1592 29.
1765 1567 1790 1592 5.
1826 1566 2006 1603 Protegendae

1160 1610 1303 1648 pudicitiae
1321 1619 1412 1640 causa,
1436 1610 1569 1642 (iniuriam
1589 1608 1729 1635 confestim
1747 1609 1840 1635 marito
1859 1610 2007 1636 renunciari

1160 1653 1322 1691 prohibuit.)
1343 1651 1372 1678 fr.
1391 1653 1433 1678 39.
1454 1662 1492 1689 pr.
1518 1652 1549 1679 ad
1569 1651 1598 1678 L.
1618 1651 1665 1678 Iul.
1692 1651 1724 1678 de
1743 1651 1823 1679 adult.
1843 1654 1884 1678 48.
1904 1655 1928 1679 5.
1964 1651 2007 1679 Ad

1160 1695 1348 1734 protegendam
1368 1706 1473 1722 causam
1493 1697 1577 1729 (tutor
1591 1694 1689 1727 datus.)
1711 1704 1731 1721 c.
1742 1696 1767 1721 3.
1782 1694 1813 1721 dc
1826 1695 1852 1721 in
1866 1694 1904 1721 lit.
1919 1694 2006 1722 dando

1161 1745 1209 1766 tut.
1229 1741 1253 1766 5.
1273 1740 1314 1765 44.
1335 1738 1367 1765 cf.
1388 1738 1418 1765 sr.
1432 1740 1474 1764 44.
1494 1738 1527 1765 de
1547 1739 1602 1764 iure
1620 1738 1740 1764 fisci.49.
1757 1739 1796 1764 14.
1834 1737 1926 1764 Status
1946 1742 2007 1765 tuus

1162 1793 1194 1809 ex
1213 1782 1423 1819 praescriptione
1443 1797 1475 1801 —
1498 1786 1636 1820 protectus
1661 1786 1709 1808 est.
1736 1791 1758 1807 c.
1778 1782 1801 1807 7.
1825 1791 1857 1807 ne
1882 1780 1915 1807 de
1938 1785 2007 1808 statu

1162 1825 1211 1852 del'.
1233 1827 1256 1851 7.
1275 1827 1317 1851 21.

1200 1869 1413 1895 Protelare.
1439 1869 1642 1903 Prot-ogere,
1662 1868 1870 1894 Protrahere.
1906 1866 1924 1893 Ι.
1946 1868 2007 1902 Sy.

1162 1911 1284 1938 Differre.
1305 1920 1326 1936 c.
1345 1912 1370 1936 2.
1390 1911 1412 1944 §.
1431 1912 1456 1936 9.
1477 1910 1509 1936 de
1528 1911 1633 1937 iureiur.
1654 1920 1692 1947 pr.
1714 1908 1823 1936 calumn.
1844 1912 1868 1936 2.
1888 1911 1929 1937 59.
1957 1910 2008 1937 Ex-

1162 1954 1280 1985 tendere.
1300 1952 1457 1980 Protrahere
1477 1952 1582 1986 (litem.)
1603 1963 1624 1979 c.
1647 1955 1685 1979 13.
1705 1953 1727 1987 ξ.
1750 1954 1771 1979 1.
1792 1952 1824 1979 de
1844 1952 1920 1979 iudic.
1940 1954 1964 1979 3.
1984 1955 2007 1979 1.

1162 1997 1205 2024 III.
1227 1998 1292 2024 011.
1316 1996 1382 2023 Dies
1401 1997 1516 2023 cautioni
1536 1997 1709 2033 praestitutus
1729 1996 1751 2022 si
1771 1995 1884 2027 finietur,
1904 1995 2008 2022 Praeto-

1163 2042 1199 2068 ris
1220 2056 1252 2060 ——
1272 2039 1388 2066 officium
1410 2041 1467 2071 erit,
1487 2050 1519 2065 ex
1538 2049 1615 2065 causa
1634 2053 1667 2057 -
1688 2038 1820 2075 protelare
1841 2048 1905 2064 eum.
1933 2038 1962 2064 sr.
1983 2040 2006 2064 4.

1164 2094 1203 2121 pr.
1227 2083 1259 2109 de
1284 2082 1368 2109 damn.
1396 2082 1440 2108 int.
1460 2084 1501 2108 39.
1521 2084 1544 2108 2.
1582 2081 1610 2108 ln
1636 2081 1732 2118 quibus
1756 2080 1901 2118 protelatur
1921 2080 2007 2107 admo-

1164 2128 1236 2153 nitio.
1262 2125 1291 2152 fr.
1311 2128 1335 2151 2.
1360 2125 1381 2159 §.
1403 2127 1426 2151 7.
1447 2125 1480 2151 de.
1499 2124 1578 2151 iudic.
1598 2126 1622 2151 3.
1644 2126 1665 2150 1.
1704 2124 1733 2150 Si
1753 2139 1785 2143 —-
1804 2122 1845 2149 vel
1865 2123 2007 2150 redhibitio

1165 2168 1327 2207 proteletur,
1355 2167 1397 2194 vel
1422 2169 1528 2194 novatio
1555 2168 1622 2193 iusta
1647 2167 1758 2194 ludatur.
1789 2165 1838 2192 Tb.
1860 2166 1890 2193 C.
1911 2166 1940 2192 11.
1965 2168 2007 2193 27.

1165 2223 1187 2239 c.
1208 2214 1229 2238 1.
1249 2213 1271 2246 §.
1291 2213 1315 2238 6.
1336 2212 1357 2237 si
1378 2215 1440 2237 cort.
1461 2215 1512 2248 pet.
1533 2210 1566 2237 de
1586 2210 1650 2237 chir.

1202 2262 1426 2290 Protelafio.
1459 2262 1635 2293 Extensio,
1656 2262 1845 2294 Ampliatio.
1884 2259 1926 2285 111.
1941 2260 2008 2287 (711-

1165 2306 1201 2332 Vt
1220 2306 1246 2332 in
1266 2306 1386 2341 negotiis,
1408 2314 1473 2341 quac
1493 2303 1601 2330 antebac
1615 2303 1692 2330 XXX
1712 2313 1837 2329 annorum
1857 2302 2009 2329 removebat

1166 2349 1303 2386 exceptio,
1328 2357 1397 2373 nunc
1417 2363 1449 2366 -
1473 2347 1521 2374 XL
1546 2356 1671 2372 annorum
1691 2346 1832 2383 protelatio
1852 2345 2007 2372 conseratur.

1166 2392 1213 2419 Iul.
1235 2402 1273 2429 ep.
1295 2401 1353 2417 nov.
1376 2400 1396 2416 c.
1419 2391 1475 2415 104.
1496 2390 1518 2423 ξ.
1537 2390 1595 2415 366.

1203 2442 1452 2470 Ρῐοίθιιίίθῐθ.
1494 2440 1708 2469 Protralwrc,
1740 2441 1928 2466 Extendere.
1965 2438 2007 2465 111.

1168 2487 1233 2514 Cn.
1259 2485 1334 2511 Yltra
1354 2484 1431 2511 XXX
1450 2492 1575 2509 annorum
1596 2482 1709 2518 spatium
1728 2483 1833 2508 minime
1853 2481 2009 2519 protendan-

1144 2535 1145 2550 ῐ
1167 2534 1209 2555 tur
1229 2528 1381 2561 (actiones.)
1400 2525 1449 2552 Th.
1464 2524 1494 2551 C.
1510 2524 1552 2550 lv.
1569 2526 1608 2550 1⁴1.
1630 2535 1650 2550 e.
1674 2526 1693 2551 1.
1713 2535 1752 2562 pr.
1773 2524 1805 2551 de
1824 2525 1918 2551 action.
1939 2529 2009 2551 certo

1144 2582 1146 2593 ¹
1168 2577 1247 2609 temp.
1285 2570 1357 2597 llane
1382 2568 1564 2596 liberalitatem
1590 2572 1705 2593 nostram
1726 2578 1756 2594 eo
1776 2578 1860 2604 usque
1879 2567 2007 2605 protendi.

1169 2614 1236 2640 Nov.
1256 2613 1376 2640 Mareiau.
1397 2611 1429 2637 de.
1449 2610 1546 2645 iudulg.
1568 2610 1661 2647 reliqu.
1681 2610 1723 2636 111.
1743 2612 1767 2637 2.
1788 2621 1809 2637 c.
1832 2613 1853 2637 l.
1873 2611 1895 2644 ς’.
1915 2613 1938 2637 5.

1207 2665 1403 2691 Proterve.
1435 2661 1547 2695 (Advh.)
1588 2663 1726 2693 Temere,
1753 2664 1953 2688 I'etulanter.
1989 2659 2007 2686 1.

1170 2709 1232 2742 Sy.
1252 2706 1369 2733 Temere.
1391 2704 1440 2731 Tb.
1462 2705 1492 2731 C.
1512 2704 1557 2731 IX.
1572 2706 1595 2731 7.
1616 2714 1636 2731 e.
1649 2706 1673 2730 2.
1695 2704 1726 2730 ad
1746 2704 1774 2731 L.
1795 2704 1841 2731 Iul.
1861 2703 1893 2730 de
1912 2701 1991 2729 adult.

1208 2760 1456 2788 Protervitas.
1498 2760 1694 2790 Temeritas,
1723 2760 1930 2793 Improbitaa.
1968 2756 2008 2783 111.

1172 2806 1237 2832 Cn.
1261 2802 1439 2829 Calliditatem
1459 2807 1485 2829 et
1504 2802 1702 2840 protervitatem
1722 2801 1827 2833 horum,
1847 2800 1890 2837 qui
1909 2799 2009 2826 heredi-

1171 2851 1239 2874 tates
1251 2845 1466 2889 'dt-populantur,
1488 2860 1516 2863 —
1539 2848 1669 2871 coercere.
1694 2844 1724 2871 l'r.
1746 2846 1768 2870 1.
1789 2843 1810 2877 §.
1832 2845 1853 2869 1.
1873 2842 1905 2869 dc
1923 2842 1947 2868 h.
1968 2853 2009 2879 qu.
