2197 3121
237 178 300 209 946

241 259 274 287 de
293 264 384 286 ventre
404 259 430 284 in
445 266 516 294 poss.
530 257 572 282 37.
586 256 610 281 9.
649 253 691 280 III.
704 255 770 281 Cn.
791 252 914 284 Cui-ator,
933 253 978 289 qui
992 251 1088 281 cibum,
1108 252 1112 263 ’

241 308 348 341 potum,
372 302 509 327 vestitum.
536 303 631 324 tectum
652 313 683 316 —
708 301 832 334 praestet.
857 295 888 322 fr.
910 297 931 322 l.
952 296 974 329 3.
998 296 1035 320 19.
1055 293 1088 320 de

241 351 334 372 ventre
353 346 378 371 in
399 353 470 381 poss
491 344 532 368 37.
553 343 576 367 9.
598 340 628 367 fr.
650 342 671 367 l.
692 340 712 374 3.
733 342 756 366 4.
777 339 810 366 de
828 349 899 365 mun.
920 343 945 364 et
964 337 1026 363 hon.
1046 338 1088 362 50.
1110 341 1111 363 1

241 390 265 415 4.
290 389 376 424 Agro,
397 391 518 421 tectoque
537 385 682 421 suscipere.
708 382 758 409 Th.
779 382 810 409 C.
830 381 886 408 Vll.
907 384 946 408 18.
971 391 991 407 c.
1012 383 1036 406 5.
1057 379 1089 406 de

242 431 372 459 desertor.
408 429 477 455 Intra
492 432 598 456 tectum.
619 436 640 453 s.
661 426 716 453 Sub
731 425 823 452 eodem
837 430 916 452 tecto.
935 424 1018 450 fuisse
1031 433 1090 450 cum
1111 427 1113 431 ¹

243 474 358 501 domino.
383 471 455 498 Paul.
480 470 522 497 111.
547 472 571 496 5.
597 470 634 504 33.
654 471 678 496 3.
698 470 721 495 6.
747 468 777 496 sr.
798 470 820 495 l.
847 469 884 502 33.
908 469 951 494 21.
969 468 1012 493 26.
1031 475 1090 503 sqq.
1112 476 1115 506 Ι

243 517 276 544 de
295 515 362 542 SC.
382 514 464 540 Silan.
483 515 525 540 29.
546 515 568 539 5.

279 560 431 586 Tectus.
451 557 573 590 (Panic.)
594 558 776 583 contectus.
812 553 856 581 III.
873 554 939 581 (3¹11.
958 553 1041 580 Binae
1053 562 1093 578 ae-

245 602 300 630 des,
319 615 352 621 -
372 610 422 627 una
442 601 637 635 contignatione
657 603 749 625 tectae.
769 597 800 624 fr.
818 598 860 624 36.
880 596 913 623 de
933 596 960 623 S.
980 596 1009 623 P.
1023 595 1054 622 V.
1068 596 1092 622 8.

244 648 268 672 2.
288 644 363 671 San-ta
384 648 460 670 tecta.
481 642 522 670 Cf.
544 653 568 670 v.
589 642 691 669 Sarius.

279 689 440 721 Tegere·
477 687 508 720 ξ.
524 688 558 713 l.
580 687 771 719 Contegere,
794 685 938 718 Operire.
967 681 1009 708 III.
1026 682 1093 709 Gn.

245 731 360 758 Cousuti
378 739 475 766 genus,
494 739 545 766 quo
565 730 729 755 necessariae
748 732 837 765 partes
857 730 1015 762 tegerentur.
1035 724 1093 751 Gai.
1115 717 1116 734 ³

245 774 288 800 111.
311 774 367 800 193.
388 773 419 800 1“ι·.
438 774 480 799 26.
501 772 533 799 de
552 782 614 799 auro
635 782 687 807 arg.
705 773 747 797 34.
766 772 791 797 2.
812 769 913 806 Tegere
933 772 1049 805 argento,
1068 772 1094 793 et

245 817 379 844 deaurare.
403 815 454 843 Th.
475 815 506 842 C.
527 815 559 842 X.
578 817 619 842 22.
645 826 666 842 c.
689 816 710 840 l.
736 814 769 840 de
794 813 934 840 fabricens.
972 811 1055 848 Tigna
1079 821 1093 836 a

246 859 358 896 tegendo
378 859 455 886 dicta.
476 859 505 886 fr.
528 861 549 885 l.
569 859 590 892 3.
613 860 636 884 l.
656 857 689 884 de
708 858 780 893 tigno
800 858 881 883 iunct.
901 857 943 882 47.
962 856 986 882 3.
1011 854 1043 881 cf.
1063 853 1094 880 fr.
1116 847 1118 894 1

248 904 306 930 180.
325 902 358 929 de
379 902 409 928 V.
429 902 457 928 S.
477 904 518 928 50.
542 904 579 928 16.
617 900 745 937 Tegular,
768 916 798 920 —
823 898 929 935 tegendi
951 898 1032 934 gratia
1052 896 1095 923 ad·
1116 907 1118 910 ’

247 946 323 973 latae.
348 945 378 973 fr.
400 946 439 972 18.
466 945 487 978 3.
512 947 532 971 1.
557 944 590 971 de
613 944 646 971 Α.
669 944 700 970 E.
724 942 755 969 V.
778 944 817 969 19.
839 945 861 968 1.
898 941 1013 977 Tegere,
1036 939 1096 966 sub·

247 994 364 1016 struere.
395 989 505 1015 sarcire.
535 987 672 1014 aedificare
703 987 890 1019 (continentur
913 982 1119 1017 .‚reficiendi“!

249 1032 354 1064 verbo.)
375 1031 405 1058 fr.
427 1034 448 1057 1.
468 1032 489 1065 3.
510 1032 534 1057 6.
559 1030 591 1057 de
615 1031 662 1057 riv.
682 1031 722 1056 43.
741 1031 784 1056 21.
804 1045 837 1049 -—
861 1029 892 1063 §⁰
912 1029 948 1054 ἓ.
972 1028 1095 1057 Celare,

250 1077 456 1103 Abscondere.
494 1074 524 1100 11.
546 1075 613 1107 Op.
638 1073 802 1110 Exprimere.
824 1087 855 1092 —
880 1070 981 1106 Tegere
998 1068 1096 1095 verbis.

249 1118 280 1145 fr.
300 1119 341 1144 68.
361 1117 394 1144 de
413 1117 502 1144 hered.
523 1118 582 1143 inst.
601 1117 644 1142 28.
664 1117 688 1142 5.
726 1115 769 1141 III.
791 1115 857 1142 Gn.
876 1112 1097 1140 Dissimulatione

250 1166 338 1198 tegere
362 1160 509 1198 (culpam.)
538 1159 589 1186 Th.
609 1158 639 1186 C.
664 1157 732 1184 VIII.
753 1159 776 1184 l.
805 1168 825 1184 c.
848 1159 887 1183 12.
917 1156 949 1182 de
968 1165 1096 1182 numerar.

250 1204 416 1236 Criminosa,
440 1214 465 1230 v.
487 1202 630 1233 fraudem,
654 1206 750 1238 tegere.
777 1211 799 1227 c.
819 1202 843 1226 2.
863 1199 896 1227 de
915 1209 1052 1226 commere.
1072 1199 1097 1224 4.
1119 1195 1120 1210 ³

250 1248 292 1275 63.
313 1257 334 1274 c.
355 1248 378 1273 7.
399 1246 431 1273 de
450 1245 544 1273 interd.
564 1246 674 1272 matrim.
694 1246 718 1270 5.
738 1246 762 1270 6.
1119 1232 1120 1238 ¹

285 1292 469 1324 Tegmen.
506 1288 548 1316 Cf.
567 1298 591 1314 v.
611 1287 811 1324 Tegumentum.

287 1334 447 1367 Tegula.
487 1333 601 1359 Testae
617 1341 732 1366 genuit,
755 1330 820 1366 (qno
841 1328 934 1355 domus
953 1327 1098 1364 teguntur.)

251 1376 295 1403 ΠΙ.
309 1377 375 1404 Gn.
396 1375 426 1402 Si
440 1375 543 1411 figlinas
562 1373 678 1400 haberet.
694 1390 723 1394 -
744 1378 772 1399 ut
791 1372 861 1399 dolia
874 1372 946 1403 fiant.
965 1370 1009 1397 vel
1029 1375 1100 1406 tegu-
1121 1362 1123 1408 l

252 1418 293 1446 lae
312 1418 344 1445 ad
362 1418 452 1445 villam
471 1416 666 1444 aedificandam.
687 1416 716 1442 sr.
736 1417 759 1442 6.
779 1426 818 1453 pr.
839 1415 871 1441 de
891 1414 918 1441 S.
938 1414 966 1441 P.
986 1413 1017 1440 R.
1037 1414 1061 1440 8.
1075 1415 1099 1440 3.
1122 1409 1123 1426 ³

253 1461 332 1499 'rigni
350 1461 528 1499 adpellatione
547 1476 579 1480 —
600 1459 711 1496 tegulam
732 1468 850 1495 quoque,
874 1463 900 1485 et
923 1457 1050 1495 lapidem,
1075 1461 1102 1483 et:

253 1510 348 1532 testam
367 1504 530 1537 (contineri.)
545 1502 574 1529 fr.
590 1505 612 1528 1.
626 1503 647 1536 3
665 1504 686 1528 1.
706 1501 739 1528 de
752 1502 825 1538 tigno
839 1502 937 1527 iuncto.
951 1502 993 1527 47.
1008 1502 1031 1527 3.
1052 1499 1102 1526 Te-

254 1548 337 1585 gulae.
357 1558 422 1584 quae
436 1546 552 1573 nondum
565 1545 692 1572 aedificiis
707 1545 846 1581 impositae
864 1549 933 1570 sunt.
953 1543 1102 1574 Plumbum,

254 1591 325 1628 quod
344 1590 440 1627 tegulis
459 1594 609 1627 poneretur.
630 1588 660 1614 fr.
683 1588 721 1613 18.
742 1588 763 1621 3.
786 1589 807 1613 l.
829 1586 861 1613 de
881 1586 912 1612 Α.
926 1587 956 1613 Ε.
970 1585 1002 1612 V.
1024 1587 1064 1612 19.
1081 1587 1100 1612 l.

255 1634 286 1661 fr.
305 1636 364 1660 242.
384 1634 406 1667 3.
424 1635 448 1660 2.
476 1632 508 1659 de
533 1631 564 1658 V.
585 1632 611 1658 S.
632 1632 673 1657 50.
699 1631 739 1656 16.
765 1629 822 1656 Gai.
846 1629 889 1656 IV.
911 1631 950 1656 17.
976 1628 1006 1655 Si
1029 1633 1102 1655 antea

256 1688 288 1704 ex
301 1677 387 1713 tegula
407 1676 557 1702 casitaverit
576 1673 749 1705 stillicidium,
769 1677 862 1710 postea
876 1682 908 1699 ex
921 1671 1039 1698 tabulato
1054 1676 1102 1698 etc.

256 1720 286 1747 fr.
305 1722 347 1746 20.
367 1720 389 1754 3.
410 1721 434 1746 4.
455 1718 487 1745 de
506 1718 532 1745 S.
552 1717 581 1744 P.
602 1716 632 1743 V.
652 1720 676 1743 8.
695 1718 720 1742 2.

291 1762 552 1797 'regular-ium.
590 1760 631 1787 Cf.
652 1770 676 1786 v.
698 1759 851 1795 Tugurium.

293 1807 585 1841 Tegumentum.
638 1805 908 1838 Integumentum.

960 1800 1003 1826 111.
1038 1801 1105 1828 Gn.

258 1850 342 1876 Etiam
363 1848 481 1875 coactilia
500 1848 569 1874 vesti
589 1846 697 1877 cedere,
727 1850 752 1872 et
780 1849 929 1881 tegumenta
960 1843 1012 1878 [al.
1042 1844 1106 1879 tegi-

258 1897 354 1919 menta.
373 1903 394 1918 s.
415 1892 558 1927 tegmenta]
578 1889 774 1917 subselliorum.
794 1888 824 1914 fr.
844 1890 886 1914 25.
905 1888 971 1921 3.1.
991 1886 1024 1913 de
1043 1896 1106 1913 auro

992 168 1080 200 TEC
1093 187 1135 191 —
1150 167 1252 198 TEM.

1132 250 1154 283 3.
1176 251 1215 275 17.
1236 247 1268 275 de
1289 246 1358 274 S.C.
1379 245 1461 273 Silan.
1480 247 1522 273 29.
1536 248 1560 273 5.
1598 246 1628 273 Si
1647 245 1764 282 gladium
1777 247 1922 279 instrinxit.
1942 252 1986 274 aut

1133 291 1187 319 telo
1207 291 1348 328 percussit.
1369 289 1440 316 Coll.
1459 288 1513 316 LL.
1533 289 1567 317 Μ.
1588 289 1606 317 1.
1627 291 1651 316 6.
1690 289 1774 315 Cuius
1790 299 1870 326 opera
1890 305 1921 309 —
1941 289 1988 316 ho-

1134 340 1189 361 stes
1204 334 1232 361 P.
1246 333 1276 360 R.
1291 337 1445 361 commeatu.
1460 333 1548 364 armis,
1569 332 1638 364 telis,
1658 333 1743 368 equis.
1763 332 1884 369 pecunia,
1903 331 1987 359 aliave

1135 388 1184 414 qua
1204 387 1232 403 re
1251 376 1333 403 adiuti
1352 380 1437 402 erunt.
1458 375 1489 401 fr.
1508 377 1532 402 4.
1552 375 1584 402 ad
1603 375 1632 402 L.
1653 375 1700 401 Iul.
1720 376 1779 401 mai.
1799 376 1842 401 45.
1861 376 1885 401 4.
1924 374 1988 410 Qui,

1135 421 1249 447 hominis
1269 418 1407 446 occidendi
1426 417 1523 444 furtive
1543 417 1655 445 faciendi
1670 414 1767 449 causa,
1787 428 1846 444 cum
1865 416 1918 443 telo
1938 427 1989 443 am-

1136 462 1275 489 bulaverit,
1296 462 1326 489 fr.
1349 463 1370 487 l.
1391 471 1430 498 pr.
1451 460 1482 487 ad
1501 460 1531 487 L.
1557 461 1638 488 Corn.
1658 460 1691 487 de
1711 462 1786 487 sicar.
1806 462 1848 487 48.
1868 462 1892 487 8.
1917 459 1991 486 Paul.

1137 505 1168 532 V.
1187 507 1229 532 23.
1249 506 1332 539 331.
1352 513 1392 540 sq.
1418 503 1449 530 cf.
1471 503 1500 530 I'r.
1519 505 1543 530 3.
1569 504 1592 538 3.
1614 506 1635 530 I.
1656 503 1686 531 fr.
1707 506 1747 530 10.
1768 514 1807 540 pr.
1834 503 1863 530 fr.
1885 505 1926 529 ll.
1945 512 1987 540 pr.

1114 549 1116 566 '¹
1138 548 1170 575 ad
1189 548 1218 575 L.
1239 547 1286 575 Iul.
1307 547 1339 574 de
1359 548 1384 573 vi
1404 546 1467 583 pub.
1487 547 1528 573 48.
1549 547 1572 573 6.
1612 546 1666 582 Qui
1686 556 1757 577 casu,
1777 547 1846 573 iactu
1866 545 1921 577 teli,
1941 545 1988 572 ho-

1139 592 1235 618 minem
1254 590 1435 628 imprudenter
1449 589 1584 616 occiderit.
1603 588 1676 616 Paul.
1691 590 1712 623 3.
1723 591 1746 616 3.
1759 589 1775 616 l.
1787 589 1804 615 1.
1824 589 1854 615 fr.
1869 591 1909 615 11.
1928 590 1951 623 3.
1964 590 1989 615 2.

1115 665 1117 671 .
1139 634 1172 661 de
1191 643 1268 671 poen.
1287 635 1329 660 48.
1352 635 1391 660 19.
1431 632 1460 659 Si
1480 633 1540 669 quis
1560 632 1657 664 furem,
1678 648 1708 652 —
1738 642 1797 659 cum
1822 642 1852 659 se
1871 632 1926 658 telo
1947 631 1990 658 de-

1138 676 1267 708 fenderet,
1286 675 1421 703 occiderit.
1443 675 1513 703 Call,
1534 675 1587 702 LL.
1606 675 1640 702 M.
1664 674 1717 702 VII.
1736 677 1760 702 2.
1780 685 1839 713 sqq.

1173 722 1331 747 Temen·
1369 718 1411 745 Cf.
1431 729 1455 744 v.
1475 718 1592 745 Stamen.

1174 765 1396 790 Temerare.
1437 763 1563 788 Temere
1592 762 1770 796 infestare,
1794 771 1818 787 v.
1842 769 1991 787 corrum-

1137 817 1219 841 pere.
1239 807 1389 833 Laedere.
1425 803 1456 830 II.
1473 805 1540 837 Op.
1561 803 1706 830 Custodire
1726 804 1865 836 (statuta.)
1887 802 1938 829 Th.
1958 802 1991 829 C.

1141 848 1209 875 VIII.
1228 850 1252 875 8.
1273 859 1295 875 c.
1314 850 1339 874 4.
1359 847 1392 874 de
1406 857 1493 873 exsec.
1514 852 1538 873 et
1553 851 1636 873 exact.
1673 846 1717 872 III.
1732 847 1798 874 Gn.
1819 846 1873 881 Qui
1886 855 1993 882 posses-

1141 893 1243 918 sionem
1262 897 1390 918 temerare
1409 891 1557 917 tentaverit.
1579 890 1616 916 Ib.
1631 889 1677 915 IX.
1694 891 1734 915 10.
1756 899 1777 915 c.
1800 890 1822 915 l.
1841 888 1874 914 ad
1893 887 1923 915 L.
1943 888 1991 915 IuI.

1141 935 1174 962 de
1192 936 1225 961 vi,
1246 933 1352 971 Quodsi
1376 935 1436 970 quis
1460 949 1489 953 -—
1511 934 1576 959 scita
1596 933 1682 958 nostri
1701 933 1816 958 numinis
1842 930 1993 958 temeranda

1141 979 1282 1004 censuerit.
1302 977 1339 1003 lb.
1355 976 1421 1002 Ylil.
1442 978 1466 1002 5.
1485 985 1507 1002 c.
1521 977 1562 1002 62.
1583 975 1617 1001 dc
1636 984 1716 1001 cursu
1735 974 1797 1011 pub.
1810 974 1856 1001 XI.
1873 976 1912 1000 14.
1932 984 1954 1001 c.
1967 976 1992 1000 2.

1141 1021 1173 1047 de
1192 1020 1289 1047 condit.
1310 1021 1337 1046 in
1356 1019 1418 1056 pub.
1439 1018 1509 1045 horr.
1530 1018 1697 1054 Contagione
1717 1019 1846 1044 temerari.
1867 1017 1904 1044 Ib.
1918 1016 1992 1044 XVI.

1140 1066 1165 1090 5.
1185 1074 1206 1090 c.
1226 1064 1267 1089 56.
1288 1062 1321 1088 de
1340 1062 1438 1088 haeret.

1176 1105 1413 1133 Temerarie.
1433 1103 1555 1137 (Advb.)
1576 1106 1709 1130 Temere.
1747 1102 1792 1129 III.
1812 1104 1880 1131 Cn.
1900 1102 1994 1130 Teme-

1118 1156 1120 1191 ]
1141 1151 1208 1176 rarie
1228 1149 1368 1175 commissa
1387 1146 1504 1185 (plecti.)
1531 1156 1554 1172 c.
1575 1147 1615 1172 18.
1635 1145 1668 1172 de
1687 1146 1713 1172 h.
1734 1147 1779 1182 qui
1799 1156 1851 1173 acc.
1873 1157 1897 1173 n.
1917 1156 1992 1184 poss.

1143 1194 1167 1219 9.
1189 1194 1211 1219 l.

1179 1233 1438 1262 Temerarius.
1458 1231 1588 1265 (Adiect.)
1607 1233 1783 1265 Praeceps,
1803 1233 1928 1258 Audax.
1951 1231 1995 1258 111.

1144 1279 1210 1305 Cn.
1235 1277 1402 1314 Quamquam
1421 1275 1552 1301 temerarii
1571 1274 1643 1310 digni
1662 1283 1746 1311 poena
1766 1275 1833 1304 sint,
1857 1280 1944 1301 tamen
1965 1279 1995 1301 ut.

1121 1342 1122 1354 2
1143 1321 1244 1347 insanis
1263 1319 1317 1346 illis
1336 1318 1496 1357 parcendum
1516 1322 1565 1344 est.
1585 1317 1616 1343 fr.
1636 1318 1659 1343 7.
1679 1317 1702 1350 3.
1721 1318 1745 1343 3.
1765 1317 1798 1344 ad
1816 1317 1846 1344 L.
1866 1317 1913 1344 lul.
1933 1318 1994 1344 mai.

1144 1365 1185 1391 48.
1205 1365 1229 1390 4.
1267 1362 1363 1390 Facilis
1376 1361 1409 1388 ad
1423 1361 1586 1387 temerariam
1605 1359 1802 1386 indicationem.
1823 1359 1992 1388 Temerarius

1144 1408 1252 1434 animus.
1282 1404 1457 1433 Consuetudo
1486 1404 1640 1429 temerariae
1668 1403 1856 1439 usurpationis.
1887 1402 1936 1430 Th.
1963 1402 1996 1431 C.

1144 1450 1213 1477 vlu.
1233 1452 1256 1476 5.
1277 1459 1297 1476 e.
1318 1450 1358 1476 66.
1379 1449 1401 1483 3.
1421 1450 1445 1474 2.
1474 1446 1507 1473 de
1535 1455 1615 1473 cursu
1643 1445 1706 1483 pub.
1725 1445 1784 1472 XII.
1805 1447 1828 1472 l.
1855 1456 1876 1473 c.
1897 1448 1938 1473 35.
1964 1446 1998 1473 de

1147 1493 1282 1520 decurion.

1182 1534 1414 1563 Temen-atio.
1452 1534 1638 1567 corruptio.
1676 1531 1719 1558 111.
1741 1532 1807 1559 Gn.
1830 1531 1860 1558 Iu
1883 1531 1998 1569 baphiis,

1147 1579 1261 1605 admixta
1280 1578 1416 1604 temeratio
1430 1586 1540 1603 naevum
1554 1575 1661 1602 adducit
1675 1575 1826 1611 inquinatae
1845 1574 1998 1602 ablutionis.

1148 1633 1169 1648 e.
1188 1624 1213 1648 2.
1233 1621 1266 1648 de
1284 1620 1402 1656 murileg.
1423 1621 1463 1645 11.
1484 1621 1507 1645 7.

1183 1664 1420 1692 Temen-ator.
1458 1663 1490 1696 ς.
1510 1664 1545 1689 1.
1575 1663 1775 1695 corruptor,
1805 1662 1995 1688 Falsarius.

1126 1711 1127 1716 ¹
1149 1708 1192 1734 111.
1213 1708 1278 1735 Cn.
1299 1706 1327 1732 Si
1347 1706 1406 1742 quis
1426 1705 1577 1742 obrepserit
1596 1703 1729 1736 Praesidi,
1755 1720 1785 1724 —
1811 1705 1834 1730 si
1859 1709 2000 1731 accusatus

1126 1760 1128 1766 ’
1149 1751 1236 1782 fuerit⁷
1256 1759 1367 1786 poenam
1386 1749 1552 1774 temeratoris
1572 1747 1629 1773 luit.
1650 1747 1680 1773 fr.
1699 1749 1742 1774 29.
1762 1746 1795 1773 de
1814 1746 1844 1773 L.
1864 1746 1945 1774 Corn.
1966 1746 2000 1773 de

1150 1793 1208 1820 fals.
1227 1796 1269 1819 45.
1290 1794 1330 1818 10.
1352 1807 1381 1811 -
1411 1791 1442 1824 ξ.
1463 1792 1498 1817 2.
1531 1792 1697 1822 Violator,
1727 1792 1918 1825 Adgressor.
1953 1789 1999 1817 III.

1151 1838 1218 1864 Cn.
1236 1835 1391 1862 Temerator
1410 1833 1574 1865 horreorum,
1596 1850 1626 1853 —
1649 1834 1694 1869 qui
1713 1833 1765 1859 sibi
1786 1848 1818 1852 —-
1838 1832 1938 1869 aliquid
1957 1842 2001 1859 au-

1128 1890 1129 1902 2
1151 1880 1211 1906 deat
1229 1887 1364 1915 usurpare.
1385 1876 1435 1903 Th.
1456 1876 1487 1903 C.
1507 1876 1553 1903 XI.
1575 1878 1614 1902 14.
1635 1886 1656 1902 c.
1675 1878 1699 1902 3.
1720 1875 1753 1902 de
1773 1875 1870 1902 condit.
1890 1877 1917 1903 in
1936 1875 1999 1913 pub.

260 1945 312 1971 arg.
331 1937 372 1961 34.
392 1937 416 1960 2.

295 1977 516 2012 'regul-ium.
554 1976 595 2003 Cf.
616 1987 640 2002 v.
660 1975 813 2011 Tugurium.

1129 1935 1130 1958 i
1152 1922 1223 1949 horr.
1243 1921 1397 1948 Temeratur
1411 1920 1484 1956 Iegis.
1505 1930 1525 1946 c.
1540 1922 1563 1946 3.
1585 1919 1618 1946 de
1638 1918 1772 1945 adluvion.
1792 1921 1815 1945 7.
1830 1921 1871 1946 41,
1890 1918 1938 1946 Iul.
1960 1929 2000 1956 ep.

1129 1975 1130 1999 j
1152 1976 1211 1992 nov.
1233 1975 1254 1991 c.
1275 1965 1315 1990 74.
1335 1964 1357 1997 3.
1376 1965 1435 1990 272.

297 2022 405 2047 Tela.
438 2021 708 2050 lustramentum,
728 2028 748 2044 s.
768 2018 1106 2051 Iugunt,1e.ttoriu7n.
1129 2005 1131 2042 l
1188 2011 1363 2036 Temere·
1383 2005 1494 2039 (ΛΜΗ)
1514 2006 1545 2039 §⁰
1560 2007 1596 2032 l·
1617 2007 1693 2032 Sine
1712 2007 1855 2037 faffone,
1874 2007 1922 2031 2³21
1934 2014 2000 2031 0071-

262 2064 291 2090 11.
307 2065 374 2097 01).
395 2062 474 2099 Quod
494 2063 521 2088 in
535 2061 585 2088 tela
600 2067 648 2091 est,
668 2060 784 2087 nondum
801 2064 960 2086 contextum.
976 2075 1007 2079 —-
1028 2057 1109 2094 Quod
1130 2048 1132 2082 l
1153 2054 1237 2079 silio.
1274 2050 1292 2076 I.
1308 2052 1369 2084 Sy.
1389 2048 1521 2075 Protcrve.
1542 2048 1584 2075 Cf.
1604 2047 1628 2075 h.
1648 2058 1671 2075 v.
1709 2047 1752 2074 III.
1768 2049 1834 2076 Gn.
1853 2046 1942 2074 Facile
1961 2056 2000 2073 re-

263 2106 397 2133 detextum
418 2111 465 2132 est.
486 2106 515 2132 fr.
537 2106 577 2131 70.
598 2104 682 2138 311.
708 2103 740 2130 de
764 2103 839 2139 legat.
859 2102 901 2129 111.
922 2103 989 2136 (32.)
1016 2101 1046 2128 fr.
1066 2104 1108 2128 22.
1131 2085 1133 2120 l
1154 2094 1277 2132 Pndilss'es
1302 2097 1346 2119 ‘¹¹¹2
1371 2097 1468 2118 temese
1493 2093 1629 2128 SUSCIPel‘e
1659 2092 1834 2127 (incognitam
1854 2090 2000 2117 8110085810·

262 2149 296 2176 de
315 2159 376 2175 auro
396 2159 448 2184 arg.
467 2150 508 2174 34.
527 2150 551 2174 2.

300 2192 539 2219 Telmun-ius.
559 2189 676 2222 (Subst.)
701 2191 880 2222 Susceptor
899 2189 1027 2214 telonii.
1066 2186 1109 2213 III.

265 2237 331 2263 Gn.
352 2234 498 2263 Publicani.
518 2239 542 2259 et
557 2232 685 2263 telonarii.
705 2232 849 2269 praepositi
863 2230 1046 2257 thesaurorum
1061 2235 1109 2256 etc.

266 2278 316 2305 Th.
337 2277 368 2304 C.
388 2277 432 2304 XI.
452 2280 493 2303 ⁴23.
515 2287 536 2303 c.
556 2278 580 2303 3.
600 2276 633 2302 (1(ἱ
652 2274 750 2310 indulg.
771 2274 851 2301 debit.

301 2321 515 2348 Telonium.
544 2321 713 2346 'I'rt'bntum
733 2321 767 2344 de
786 2319 941 2344 mercibus
961 2317 1109 2341 marinis.
1132 2309 1133 2355 l

266 2364 308 2391 111.
329 2365 396 2391 (ἸΙ.
422 2364 463 2390 Dor
484 2362 581 2389 telonio
602 2362 646 2395 [al.
666 2361 816 2390 theulonio.
840 2370 864 2386 v.
885 2357 994 2392 colone]
1021 2359 1111 2383 statui-

267 2418 332 2435 mus.
353 2412 380 2432 ut
400 2417 431 2432 ex
455 2406 475 2431 V
495 2406 645 2432 centn-simis
672 2420 702 2424 —
738 2404 771 2430 III
791 2404 818 2430 S.
840 2402 1022 2439 largitionibus
1048 2400 1111 2426 infe-

267 2455 364 2476 rantur.
386 2449 451 2475 Nov.
473 2448 529 2475 Val.
551 2448 591 2474 III.
612 2447 644 2474 de
664 2447 753 2473 trihnt.
775 2447 832 2473 lise.
853 2446 882 2472 II.
904 2448 944 2472 19.
965 2455 986 2471 c.
1009 2446 1030 2470 I.
1051 2444 1071 2477 3.
1089 2445 1110 2469 l.
1134 2439 1135 2447 ¹

268 2493 322 2526 (Cf.
343 2503 366 2519 v.
388 2492 492 2524 Temo.)

303 2537 450 2562 Teium.

270 2580 369 2604 eminus
390 2580 543 2604 eominnsve
562 2576 709 2604 adhibi-tur,
729 2574 879 2601 insci-vndae
899 2575 939 2600 vis
957 2572 1113 2611 propulsan-

270 2619 350 2646 d³wv⁴³
370 2622 470 2651 mania.)
509 2620 550 2646 III.
574 2621 639 2647 (In.
675 2617 768 2644 Telum
791 2617 870 2651 vulgo
899 2617 1003 2653 quidem
1028 2616 1054 2642 id
1073 2615 1115 2641 ad·
1137 2627 1139 2631 ·

490 2537 758 2563 Iuslrumentum,
787 2531 876 2568 (qnod
907 2531 939 2557 ad
967 2530 1137 2565 feriendumj

271 2662 395 2700 pellatur.
421 2663 490 2700 qnod
511 2663 542 2688 ah
562 2672 622 2688 arcu
643 2663 767 2689 mittitur:
793 2659 839 2685 sed
859 2664 921 2685 tunc
941 2670 1017 2685 omne
1037 2659 1115 2693 signi-

272 2706 371 2733 licatur.
392 2707 461 2741 quod
481 2707 594 2732 mittitur
612 2715 688 2731 manu
717 2704 746 2730 fr.
766 2704 825 2729 233.
845 2703 865 2735 3.
884 2704 908 2728 2.
929 2702 961 2728 de
980 2702 1011 2728 Υ.
1027 2702 1053 2728 S.
1074 2703 1115 2727 50,

276 2750 312 2774 16.
352 2748 428 2774 Arma
448 2754 509 2775 sunt
529 2749 613 2774 omnia
634 2747 694 2775 tela.
714 2747 738 2773 h.
759 2757 780 2772 e.
801 2751 827 2772 et
847 2745 938 2776 fustes,
960 2750 985 2771 et
1006 2744 1114 2782 lapides

274 2791 303 2817 fr.
324 2793 347 2817 3.
368 2791 389 2824 3.
409 2792 433 2816 2.
455 2790 486 2815 dv
505 2793 529 2817 vi
551 2796 575 2817 nt
594 2792 619 2816 vi
639 2800 700 2816 arm.
721 2791 761 2815 43.
785 2791 822 2815 16.
843 2787 914 2814 Paul.
937 2787 968 2813 V.
988 2790 1029 2814 23.
1051 2788 1071 2821 3.
1093 2789 1115 2813 7.

275 2834 302 2860 fr.
318 2836 341 2860 9.
363 2833 446 2859 fr.11.
468 2834 487 2865 3.
507 2835 524 2858 1.
546 2834 576 2859 :nl
596 2833 624 2860 L.
646 2833 691 2859 Iul.
713 2832 744 2859 de
765 2833 789 2858 vi
810 2831 870 2868 pub.
892 2832 933 2857 48.
948 2832 970 2857 6.
992 2830 1024 2857 cf.
1046 2831 1075 2856 l'r.
1092 2832 1113 2856 I.

1138 2872 1140 2883 1

1155 2138 1236 2170 nem.)
1257 2136 1287 2163 fr.
1308 2138 1349 2163 55.
1369 2134 1418 2161 sol.
1439 2135 1549 2161 matrim.
1570 2136 1612 2160 24.
1625 2135 1650 2160 3.
1670 2133 1727 2160 Gai.
1742 2133 1773 2160 11.
1794 2134 1851 2159 163.
1888 2132 2001 2169 Propter

1156 2185 1253 2207 metum
1273 2179 1351 2206 huius
1371 2177 1491 2216 periculi,
1512 2182 1610 2203 temere
1628 2176 1793 2203 indefensum
1812 2177 1853 2202 ius
1868 2185 1944 2201 suum
1962 2185 2001 2201 re-

1156 2223 1281 2260 linquere.
1303 2222 1332 2248 fr.
1352 2224 1393 2248 210.
1415 2231 1453 2258 pr.
1474 2220 1506 2246 de
1526 2219 1614 2246 hored.
1634 2225 1686 2257 pet.
1707 2222 1730 2246 5.
1744 2221 1769 2245 3.
1806 2217 1891 2254 Culpa
1912 2218 1935 2244 ei
1955 2217 2001 2244 ob-

1132 2273 1134 2300 ἷ
1155 2268 1198 2293 iiei
1218 2270 1319 2303 potest.
1344 2264 1415 2301 qnod
1436 2269 1532 2290 temere
1551 2263 1700 2289 aedificavit
1726 2263 1752 2288 in
1777 2272 1806 2287 eo
1832 2260 1904 2292 solo⁷
1929 2260 2001 2296 quod

1155 2309 1315 2345 intelligeret
1338 2307 1459 2334 alienum.
1485 2306 1514 2333 fr.
1540 2308 1562 2332 7.
1589 2307 1610 2340 3.
1636 2307 1675 2331 12.
1699 2304 1732 2331 de
1756 2305 1787 2330 A.
1812 2304 1842 2330 li.
1862 2304 1896 2330 D.
1915 2306 1956 2330 41.
1978 2305 2000 2330 1.

1156 2353 1236 2389 Quod
1255 2357 1340 2378 autem
1360 2350 1483 2381 diximus,
1504 2365 1535 2369 —
1555 2359 1606 2375 non
1626 2352 1666 2374 est
1685 2352 1744 2373 tem.
1766 2346 1872 2373 dictum.
1893 2346 1950 2373 Gai.
1969 2346 2000 2373 Il.

1155 2398 1196 2422 ῑ3ῑ3.
1217 2397 1245 2421 Si
1266 2401 1324 2421 tem.
1345 2399 1428 2430 neget.
1449 2393 1483 2419 ld.
1504 2391 1547 2418 lv.
1569 2393 1608 2417 13.
1645 2389 1718 2416 Tem.
1740 2390 1956 2417 controversiam.
1975 2399 2000 2416 v.

1157 2440 1363 2465 accusationem.
1383 2446 1496 2463 movere.
1523 2434 1552 2461 fr.
1573 2435 1615 2459 39.
1641 2433 1706 2465 31.
1733 2433 1764 2459 de
1790 2432 1893 2459 liberali
1917 2442 1938 2458 c.
1959 2434 2000 2458 40.

1161 2484 1198 2507 12.
1219 2482 1247 2508 fr.
1272 2483 1292 2507 1.
1312 2481 1332 2514 3
1349 2482 1388 2506 10.
1409 2479 1440 2505 ad
1460 2475 1625 2509 S.C.⁴Turp.
1646 2478 1686 2501 45.
1710 2477 1748 2502 16.
1785 2475 1851 2502 Rem
1866 2474 1945 2501 ullam
1959 2474 2002 2501 de·

1159 2525 1261 2552 bituris,
1282 2534 1333 2550 non
1353 2523 1384 2549 ab
1405 2524 1463 2559 ipso
1483 2520 1532 2547 sibi
1553 2518 1681 2549 traditam,
1701 2520 1758 2545 sine
1772 2518 1826 2545 ullo
1841 2518 1926 2545 iudice
1939 2523 2000 2545 tem.

1136 2570 1137 2589 l
1159 2567 1309 2604 possidere.
1333 2575 1443 2601 eumque
1462 2563 1512 2590 sihi
1532 2563 1572 2589 ius
1592 2563 1617 2587 in
1637 2571 1692 2587 eam
1716 2572 1770 2588 rem
1794 2561 1902 2588 dixisse.
1928 2561 1957 2588 fr.
1978 2563 2001 2588 7.

1160 2610 1192 2636 ad
1212 2610 1240 2636 L.
1261 2610 1308 2636 Inl.
1329 2609 1360 2635 de
1380 2610 1403 2634 vi
1422 2608 1488 2644 priv.
1508 2609 1549 2632 «ιδ.
1571 2607 1593 2631 7.
1615 2621 1641 2624 —
1666 2605 1697 2637 §-
1717 2606 1751 2631 2.
1771 2606 2000 2638 Incotnposite,

1162 2655 1236 2679 Sine
1255 2655 1384 2679 delectu.
1422 2650 1439 2676 1.
1453 2652 1513 2683 Sy.
1534 2649 1642 2675 Passim.
1664 2648 1704 2674 Cf.
1725 2647 1749 2674 h.
1764 2658 1788 2673 v.
1827 2647 1858 2673 Il.
1875 2649 1943 2681 ⁰1).
1964 2647 2002 2673 Ita

1161 2695 1263 2722 demum
1283 2700 1331 2721 etc.
1351 2694 1380 2720 fr.
1404 2695 1423 2719 1.
1445 2693 1466 2726 3.
1486 2696 1509 2719 4.
1530 2692 1562 2719 de
1581 2691 1606 2718 d.
1626 2701 1658 2717 m.
1679 2693 1701 2716 4.
1722 2692 1746 2716 3.
1784 2689 1871 2717 Causa
1897 2690 2000 2727 legibus

1162 2740 1271 2774 cognita.
1292 2737 1338 2764 Iul.
1359 2747 1398 2773 “p-
1420 2746 1478 2762 nov.
1499 2747 1519 2763 c.
1539 2737 1580 2762 36.
1601 2735 1701 2768 3156.
1738 2733 1782 2760 III.
1800 2735 1866 2762 Cn·
1891 2734 1946 2760 Nec
1966 2737 2001 2758 te-

1161 2793 1243 2810 mere.
1273 2788 1298 2809 et
1327 2782 1389 2807 citra
1409 2779 1513 2806 modum
1534 2777 1642 2816 (populi
1662 2776 1766 2803 clericis
1787 2776 2001 2807 connectantur.)

1162 2826 1210 2854 Th.
1232 2827 1262 2853 C,
1284 2825 1353 2852 XVI.
1378 2828 1400 2850 2.
1426 2834 1446 2850 c.
1468 2824 1490 2849 6.
1517 2822 1549 2848 de
1573 2823 1652 2859 episc.
1679 2820 1742 2847 eccl.
1764 2821 1905 2857 Suscipere
1924 2818 2002 2845 debet
