2197 3121
1028 146 1129 178 GEN.

1879 154 1939 184 401

220 230 239 256 Ι.
266 230 327 264 Sy.
358 228 447 255 Liberi
467 228 666 261 (Senatorum.)
688 227 777 254 Geniti
798 238 829 254 ex
849 228 1057 262 (Senatoribus.)
1080 232 1082 259 ¹
1103 229 1188 256 Pietas
1207 230 1316 266 genuina
1337 230 1380 264 [al.
1400 232 1512 268 gemina]
1533 231 1622 258 efficit.
1643 231 1673 259 fr.
1693 234 1716 258 3.
1737 233 1760 266 ξ.
1775 235 1796 260 4,
1818 233 1850 260 (16
1870 234 1938 262 hom.

219 272 250 299 fr.
272 274 311 298 10.
331 271 364 298 (16
383 272 503 298 Senator.
525 274 546 298 1.
567 272 590 297 9.
627 270 670 296 III.
687 272 753 298 (711.
773 271 859 297 Omne
878 277 967 298 contra
986 277 1059 298 natu-

1103 272 1146 298 lib.
1167 272 1253 299 exhib.
1273 274 1314 298 4³3.
1334 275 1374 300 29.
1413 274 1550 301 Genuinus
1576 275 1668 301 natalis
1694 277 1777 302 nostri
1797 276 1862 303 dies.
1889 276 1938 304 Th.

219 325 272 342 ram
293 316 420 351 cuiusque
439 316 476 341 rei
495 315 609 350 genitum
633 313 788 350 factumque.
815 314 844 340 sr.
863 315 905 340 38.
926 314 958 340 de
978 314 1009 341 V.
1030 314 1057 341 S.
1080 335 1081 345 ,
1103 314 1134 342 C.
1154 315 1198 342 VI.
1216 316 1258 342 26.
1279 326 1299 341 c.
1322 318 1361 342 ll.
1382 327 1402 343 c.
1424 319 1463 344 17.
1483 317 1515 344 (16
1534 319 1645 355 proxim.
1666 317 1761 344 Comit.

219 360 261 384 50.
283 359 321 384 16.
360 359 413 393 Qui
433 357 571 383 libertinus
591 356 658 383 duos
678 356 802 393 pluresve
821 368 834 383 a
847 367 876 383 se
889 359 1000 393 genitos.
1017 368 1058 383 na·
1079 364 1081 403 J

220 406 306 432 tasve,
331 402 357 426 in
383 411 428 427 sua
452 404 583 437 potestate
610 398 723 425 habebit.
748 399 778 425 fr.
802 401 844 426 37.
869 410 908 436 pr.
934 399 965 425 de
985 410 1057 437 oper.
1079 419 1081 446 l

219 442 306 470 libert.
325 445 409 470 38.1,
448 444 606 479 Quicunque
630 441 692 467 mihi
718 441 788 468 tilius
807 443 910 478 genitus
931 442 1016 469 fuerit.
1035 443 1056 477 ξ,

221 487 243 512 l.
263 486 281 512 I.
303 486 334 512 (le
355 485 440 512 exher.
460 485 535 511 liber.
555 487 579 511 ⁵2.
603 486 640 510 13.

255 529 410 556 Genius.
436 529 570 558 Numen,
590 528 674 553 Dens
695 529 900 557 (tutelaris)
927 527 969 553 111.
991 529 1057 555 (ἠ.
1079 530 1080 539 ¹

219 570 312 598 Larem
331 573 398 607 igne.
418 581 489 597 mero
508 572 619 607 genium.
640 575 747 607 penates
762 569 853 596 nidore
866 572 993 597 venerari.
1007 570 1056 597 Th.
1079 565 1080 596 l

220 613 251 641 C.
269 613 340 640 XVI.
363 616 400 639 10.
422 624 442 640 c.
465 616 503 639 12.
524 623 563 650 pr.
584 612 615 638 de
635 623 724 649 pagan.
762 612 792 638 Si
812 614 870 649 quis
890 614 1056 640 iuraverit—

218 667 267 694 per
284 657 387 693 genium
406 656 544 693 Principis.
565 656 594 682 fr.
617 657 656 681 13.
676 656 697 689 ξ.
718 656 741 681 6.
761 654 793 680 (16
812 656 918 682 iureiur.
939 658 978 683 12.
998 659 1021 683 2.

255 701 373 727 ΕΘΠΟ.
412 702 526 735 Gigno.
564 698 605 725 Cf.
625 708 648 724 V.
669 698 790 729 Gemitus,
809 708 833 724 v.
854 698 976 735 Gigncre.

255 743 368 769 Gens.
406 743 437 776 ξ.
458 743 492 768 1.
526 742 750 772 Consortium,
776 743 857 775 qnod
880 743 965 768 inter
993 745 1057 769 sin-

215 787 315 821 gulos
338 786 424 812 cives
448 787 481 812 R.
505 785 739 815 intercedebat,
769 786 900 810 ratione
925 787 1057 820 generis

217 834 247 854 et
265 837 439 854 sacrorum.
460 827 477 853 I.
498 828 560 861 Sy.
579 826 677 852 Genus.
698 825 739 852 Cf.
760 825 784 852 h.
804 836 827 853 v.
848 827 870 860 ξ.
892 829 913 853 l.
933 827 975 853 111.
990 829 1056 855 Cn.
1078 816 1080 873 ¹⁴

219 869 317 896 Plebes
338 881 366 896 ea
386 870 494 901 dicitur.
520 870 545 895 in
570 879 618 905 qna
637 873 728 904 gentes
748 869 842 895 civium
861 871 986 906 patriciae
1005 876 1080 908 non']

217 914 315 940 insunt.
344 913 386 939 Fr.
411 913 480 938 Ateii
506 911 644 948 Capitonis
669 910 747 937 LCti.
777 912 827 949 Ap.
857 912 925 939 Gell.
953 913 985 939 X.
1014 915 1055 940 20.
1078 910 1080 928 ¹

218 956 350 991 Quotiens
371 960 552 992 quaereretur.
576 964 658 990 genus
678 954 721 980 vel
740 960 842 990 gentem
862 957 921 991 quis
941 955 1056 988 liaberet,
1078 950 1079 985 l

216 1009 266 1025 nec
285 999 333 1025 ne?
353 998 383 1024 fr.
405 1000 427 1024 1.
448 997 480 1024 de
493 997 595 1034 probat.
611 999 652 1023 22.
666 998 690 1023 3.
729 996 838 1028 Omnes,
859 999 903 1033 qui
917 998 965 1024 sub
979 1000 1056 1025 unius

216 1047 349 1079 potestate
368 1041 481 1068 suerunt.
501 1045 571 1066 recte
591 1040 708 1066 eiusdem
721 1039 832 1066 familiae
846 1040 1056 1077 adpellabuntur,
1078 1055 1079 1066 i

217 1086 262 1122 qui
282 1095 314 1111 ex
333 1083 422 1111 eadem
442 1083 519 1109 domo
545 1087 570 1109 et
594 1087 670 1118 gente
694 1082 792 1119 proditi
813 1088 882 1109 sunt.
903 1084 933 1110 fr.
956 1087 1011 1111 195.
1034 1085 1055 1118 δ.
1078 1077 1079 1089 ¹

215 1130 241 1154 2.
261 1128 294 1154 (16
313 1127 344 1153 V.
365 1126 391 1152 S.
412 1128 453 1152 50.
480 1126 519 1151 16.
552 1141 584 1144 —
615 1126 646 1159 ἓ.
668 1127 702 1152 2.
730 1128 887 1160 Populus,
914 1125 1079 1154 Civitas.¹

216 1170 235 1197 I.
256 1171 317 1205 Sy.
336 1168 464 1206 Populus,
484 1168 618 1194 Homines.
639 1168 749 1194 Civitas.
770 1168 800 1195 sr.
820 1170 844 1195 9.
865 1169 897 1195 de
916 1169 934 1196 I.
955 1175 981 1196 et
1000 1170 1054 1197 1.1.
1078 1169 1079 1175 ¹

217 1215 240 1239 1.
260 1212 317 1239 Gai.
337 1212 355 1238 1.
376 1214 417 1238 55.
439 1213 495 1237 189.
518 1213 574 1237 197.
595 1211 637 1237 111.
653 1213 718 1238 Cn.
739 1211 781 1237 Ius
801 1213 915 1248 gentium
936 1218 984 1245 est,
1004 1224 1056 1250 quo

215 1260 306 1292 gentes
331 1255 457 1281 humanae
482 1259 599 1280 utuntur.
624 1254 655 1280 fr.
678 1256 698 1280 1.
724 1255 745 1288 ξ.
766 1256 790 1281 4.
816 1254 848 1281 de
868 1255 885 1281 I.
907 1261 931 1282 et
950 1256 968 1282 I.
991 1259 1012 1282 1.
1034 1259 1055 1283 l.
1078 1256 1079 1267 ¹

214 1298 259 1325 Ius
277 1299 401 1335 gentium,
423 1298 497 1333 quasi
517 1307 568 1333 quo
589 1297 644 1323 iure
663 1307 754 1323 omnes
779 1303 869 1334 gentes
890 1303 1005 1325 utuntur.
1025 1299 1056 1326 fr.

214 1342 239 1368 9.
259 1341 294 1368 ib.
316 1343 337 1367 1.
359 1343 380 1367 1.
406 1340 463 1367 Gai.
487 1339 505 1366 I.
531 1342 553 1366 l.
579 1342 619 1366 52.
657 1339 782 1367 Naturale
802 1342 856 1372 ius,
885 1346 909 1367 et
933 1343 1055 1377 gentium.

214 1383 246 1410 sr.
265 1385 306 1410 31.
325 1394 364 1421 pr.
385 1383 476 1420 depos.
498 1384 537 1409 16.
557 1384 580 1409 3.
618 1382 733 1409 Romana
757 1393 829 1419 gens.
854 1383 924 1410 Coll.
950 1384 1002 1411 LL.
1022 1384 1055 1411 M.

214 1426 274 1454 XV.
293 1428 317 1453 3.
355 1426 384 1452 Si
404 1431 569 1453 externarum
593 1427 708 1462 gentium
733 1428 792 1462 quis
817 1426 843 1453 id
863 1426 961 1453 fecerit.
982 1427 1019 1454 lb.
1038 1427 1056 1455 l.

214 1469 232 1496 1.
253 1469 285 1496 cf.
309 1470 339 1496 fr.
360 1470 383 1495 6.
408 1468 440 1495 de
465 1469 559 1505 captiv.
583 1470 625 1494 49.
652 1471 691 1495 15.
729 1469 825 1495 Certae
844 1471 1003 1506 provinciae,
1024 1487 1055 1490 —
1077 1501 1078 1514 χ

215 1517 241 1538 et
264 1517 363 1548 gentes
389 1522 410 1537 c.
435 1513 458 1537 5.
484 1511 516 1537 de
541 1511 584 1537 off.
609 1521 674 1547 mag.
699 1511 750 1538 mil.
779 1514 800 1538 l.
820 1514 862 1539 29.
898 1512 1055 1540 Barbarieae
1076 1515 1078 1551 j

214 1560 314 1591 gentes.
334 1555 454 1581 Prooem.
474 1553 539 1580 Inst.
559 1554 580 1587 ξ.
602 1555 624 1580 l.
644 1554 794 1580 Galatarum
813 1564 884 1591 gens.
899 1555 956 1582 Gai.
970 1556 988 1582 I.
1002 1559 1043 1583 55.
1076 1555 1078 1566 ¹

252 1597 491 1625 Gentilicius.
529 1596 658 1629 (Adiect.)
696 1597 726 1630 ξ.
746 1598 781 1624 l.
819 1600 866 1624 Ad
883 1600 1001 1625 civium
1022 1601 1047 1626 R

215 1643 417 1667 consortium
446 1642 532 1666 illud
558 1646 728 1674 spectans,
758 1643 840 1675 quod
863 1645 973 1677 gentis
1002 1653 1054 1669 ηο-

215 1692 281 1709 men
298 1694 377 1717 prae
396 1694 425 1709 se
439 1685 578 1719 ferebat.
616 1682 658 1708 ΙΙΙ.
679 1684 745 1710 Cn.
777 1683 874 1710 Totum
893 1684 1054 1720 gentilicium

216 1726 256 1751 ius
276 1726 320 1758 (in
339 1725 539 1752 desuetudinem
558 1725 680 1758 abiisse.)
701 1726 757 1752 Gai.
777 1726 819 1753 111.
840 1729 880 1753 17.
916 1727 1055 1754 Intestato—
1075 1724 1077 1737 ¹

215 1777 273 1794 rum
291 1768 482 1804 gentiliciorum
501 1768 669 1795 hereditates.
690 1768 760 1795 Coll.
781 1768 832 1795 LL.
853 1769 886 1795 M.
900 1769 970 1796 XVI.
988 1772 1007 1796 1.
1022 1786 1052 1789 —
1075 1773 1076 1780 ¹

215 1811 247 1844 §.
272 1811 307 1837 2.
339 1813 515 1842 Ethnz'cus,
546 1813 707 1846 Paganas.
746 1811 764 1838 1.
790 1813 851 1845 Sy.
883 1809 1076 1848 Supc1*stitio,¹

216 1852 350 1886 Profcssio
370 1853 508 1889 gentilicia.
528 1863 548 1879 s.
568 1863 674 1890 pagana.
699 1853 748 1879 Th.
769 1853 800 1880 C.
820 1853 890 1880 XVI.
913 1856 951 1880 10.
971 1865 991 1881 c.
1014 1857 1052 1882 12.
1075 1866 1076 1893 ζ

214 1896 236 1929 §.
256 1899 280 1921 2.
301 1906 321 1921 c.
342 1898 383 1922 20.
404 1906 441 1932 pr.
462 1896 482 1930 ξ.
503 1898 526 1921 2.
547 1895 579 1921 de
598 1906 688 1933 pagan.
726 1896 768 1922 Ill.
792 1898 858 1923 (7η.
877 1896 934 1923 Mos
953 1898 1055 1933 gentili-

215 1939 279 1964 cius.
300 1938 336 1964 lb.
357 1938 401 1964 XI.
421 1940 462 1963 24.
484 1949 504 1964 c.
524 1940 547 1964 6.
568 1939 589 1972 §.
609 1941 633 1965 3.
653 1939 686 1965 de
704 1944 804 1976 patroc.
824 1941 904 1966 vicor.

250 1981 426 2008 Gentilis.
463 1982 494 2014 ἓ.
519 1983 553 2008 l.
594 1984 656 2014 Qui
676 1984 762 2008 iuris
779 1985 958 2017 gentilicii
976 1994 1053 2019 erga

213 2025 299 2050 cives
326 2025 356 2050 R.
379 2026 551 2058 particeps
575 2031 628 2052 est.
666 2024 684 2051 1.
709 2026 770 2059 Sy.
800 2025 853 2060 Qui
872 2036 929 2052 ineo
949 2028 1054 2053 nomine

214 2065 387 2103 adpellantur.
425 2067 478 2102 Qui
499 2068 566 2093 inter
589 2077 618 2093 se
643 2067 734 2093 eodem
754 2069 859 2094 nomine
879 2073 947 2095 sunt.
986 2069 1054 2096 Gen-

214 2108 284 2134 tiles.
304 2108 346 2135 Fr.
366 2108 396 2135 L.
417 2109 504 2136 Cincii
523 2109 597 2136 1.Cti.
612 2110 661 2147 Ap.
676 2110 746 2137 Fest.
761 2121 784 2137 v.
799 2110 921 2138 Gentilis.
942 2111 984 2139 Fr.
1000 2113 1051 2148 Qu.

214 2150 292 2177 Mucii
311 2151 384 2178 I.Cti.
405 2153 454 2190 Ap.
476 2153 532 2179 Cic.
553 2153 578 2178 in
599 2152 691 2190 Topic.
712 2164 733 2180 c.
754 2155 777 2179 6.
800 2153 841 2180 ΙΙΙ.
864 2156 928 2182 Cn.
949 2155 978 2181 Si
998 2156 1053 2182 nul-

215 2192 257 2218 lus
277 2193 402 2229 adgnatos
422 2196 465 2227 sit7
485 2195 574 2221 eadem
594 2195 637 2222 lex
655 2196 704 2222 XII
724 2196 807 2222 Tabb.
828 2197 939 2233 gentiles
959 2198 991 2224 ad
1010 2198 1053 2225 he·
1073 2196 1074 2206 ¹

216 2234 352 2262 feditatem
370 2242 453 2264 vocat.
479 2237 535 2264 Gai.
555 2237 597 2264 Ill.
620 2240 658 2264 17.
685 2238 716 2265 cf.
744 2238 784 2265 Fr.
804 2240 853 2266 XII
874 2239 957 2266 Tabb.
976 2240 1008 2267 V.
1028 2243 1051 2267 5.

217 2276 289 2303 Paul.
309 2276 352 2303 IV.
371 2280 394 2305 8.
414 2280 435 2313 ξ.
454 2281 565 2314 3.-—§.
581 2283 615 2307 2.
637 2283 819 2313 Barbarus,
838 2284 1050 2318 Peregrinus.

216 2319 237 2345 1.
256 2320 317 2353 Sy.
336 2320 474 2349 Barbarus.
495 2322 544 2349 Th.
560 2323 590 2350 C.
611 2323 652 2349 111.
675 2326 713 2350 14.
735 2335 755 2350 c.
778 2326 799 2350 l.
820 2324 852 2351 (16
871 2331 943 2362 nupt.
963 2327 1051 2362 gentil.

217 2361 259 2387 Ill.
280 2363 345 2389 Cn.
366 2362 432 2389 Cum
450 2364 528 2401 legati
546 2366 681 2402 gentilium
701 2368 827 2393 venerint.
848 2367 884 2393 lb.
898 2368 955 2395 XII.
976 2371 1015 2395 12.
1031 2380 1051 2396 c.
1073 2375 1075 2390 ἱ

217 2407 241 2430 5.
262 2404 294 2430 (16
312 2404 434 2440 legation.
454 2407 485 2433 cf.
504 2408 549 2435 XI.
568 2411 609 2434 30.
631 2420 652 2435 c.
672 2410 712 2436 6'2.
727 2409 759 2436 de
773 2420 831 2446 app.
846 2415 871 2436 et
884 2421 960 2447 poen.
989 2411 1052 2438 Nul-
1073 2400 1075 2430 ¹¹

218 2446 275 2473 lum.
291 2458 322 2473 ex
341 2447 484 2484 gentilibus
501 2449 612 2478 Uberum
632 2452 771 2489 adprobari
785 2452 854 2479 licet.
874 2452 958 2480 Vatic.
974 2455 995 2488 §.
1009 2456 1050 2481 34.

217 2505 250 2508 -
271 2489 301 2521 ξ.
328 2490 365 2516 3.
396 2492 567 2525 paganus,
593 2496 758 2521 Etltnieas.
796 2495 814 2521 Ι.
835 2497 896 2530 Sy.
926 2495 1050 2533 Paganus.

218 2531 254 2557 lb.
274 2530 344 2557 XVI.
363 2534 387 2558 5.
408 2542 428 2558 e.
449 2534 489 2559 46.
510 2533 542 2560 de
560 2534 681 2563 haeretic.
718 2537 760 2564 III.
781 2539 847 2565 Cn.
867 2538 955 2565 Iudaei
974 2544 1052 2576 atque

217 2574 335 2609 gentiles
374 2574 409 2600 lb.
435 2575 451 2602 l.
471 2575 488 2602 l.
527 2576 734 2613 Superstitiones
757 2581 899 2617 gentilium.
936 2582 973 2609 Ib.
996 2582 1013 2609 l.
1033 2582 1050 2609 1.

218 2627 239 2642 c.
259 2618 299 2642 63.

253 2659 484 2687 Gentilitius.
522 2660 554 2687 cf.
573 2671 590 2686 v
617 2662 780 2692 Gentilicius.

252 2702 461 2729 Genuinus.
504 2703 643 2737 (Adiect.)
685 2708 838 2741 Innatus,
871 2711 1051 2744 Genitalis,

220 2744 341 2779 Origin
353 2746 456 2771 arius.
483 2745 501 2771 I.
526 2747 587 2781 Sy.
608 2746 762 2783 Originaria,
781 2750 900 2778 Genuina
919 2753 1052 2786 (functio.)

1078 791 1080 811 :
1101 791 1150 822 gat.
1175 788 1215 812 48.
1240 789 1281 812 22.

219 2784 270 2812 Th.
291 2786 321 2813 C.
342 2786 413 2813 XIV.
433 2788 457 2813 4.
478 2797 499 2814 c.
518 2789 542 2814 8.
562 2799 600 2826 pr.
622 2800 642 2816 (·.
664 2792 702 2816 10.
723 2791 744 2825 §.
761 2794 782 2819 1.
801 2793 834 2820 de
845 2804 914 2822 suar.
933 2796 1052 2824 [lton.

1138 360 1278 385 Genus.
1316 359 1346 391 §.
1376 360 1410 385 l·
1451 361 1567 395 Origo,
1588 363 1770 398 Psosapia,
1792 365 1881 389 Gens.
1919 363 1937 389 1.

1103 402 1164 434 Sy.
1183 400 1272 427 Liberi
1291 406 1316 427 et
1339 403 1447 438 posteri.
1485 402 1574 429 Genus
1599 405 1761 441 posterique.
1785 404 1815 430 fr.
1842 407 1881 432 13.
1906 405 1939 432 de

1102 453 1170 469 mun.
1192 449 1217 470 et
1236 443 1296 470 hon.
1317 446 1358 470 50.
1378 446 1401 470 4.
1423 444 1452 470 1“ι·.
1474 447 1494 470 lv
1515 446 1535 479 ξ.
1555 448 1579 472 2.
1600 446 1632 473 de
1652 448 1707 473 iure.
1727 448 1832 474 immun.
1853 450 1893 475 50,
1913 450 1936 475 6.

1102 486 1270 513 Processisse.
1290 487 1335 514 ab.
1355 487 1523 513 Descendere
1547 499 1577 515 ex
1596 489 1718 525 (aliquo.)
1754 491 1880 518 Eiusdem
1898 502 1939 528 ge-

1103 531 1181 556 neris.
1202 540 1222 555 s.
1242 530 1282 556 Ex
1302 529 1393 556 eodem
1419 540 1513 565 gener«-
1532 536 1616 557 ortum
1637 534 1737 565 (esse)
1762 534 1792 560 fr.
1811 536 1834 560 2.
1855 535 1877 568 §.
1896 537 1937 561 36.

1103 571 1134 597 de
1155 572 1187 598 O.
1207 572 1224 598 Ι.
1247 574 1268 598 l.
1288 574 1312 598 2.
1333 572 1361 598 fr.
1381 575 1440 598 220.
1460 583 1499 609 pr.
1518 572 1539 606 ξ.
1553 576 1576 599 3.
1598 574 1671 600 dot&
1686 575 1713 601 S.
1728 578 1770 602 50.
1788 578 1825 603 16.
1846 577 1938 614 Origo,

1102 614 1235 652 Prosapia.
1256 614 1305 641 Th.
1326 615 1356 642 C.
1376 615 1433 642 XII.
1455 617 1476 641 1.
1496 626 1516 642 e.
1538 618 1577 642 10.
1603 627 1623 642 c.
1646 619 1684 644 14.
1711 629 1731 644 c.
1753 621 1809 646 177.
1829 621 1851 654 §.
1873 622 1895 647 1.
1916 631 1937 647 c.

1103 659 1159 683 178.
1180 658 1213 685 de
1233 657 1366 684 decurion.
1404 658 1542 685 Nativitas.
1563 669 1583 685 c.
1602 661 1626 685 2.
1647 659 1680 686 de
1699 661 1754 688 ord.
1773 662 1851 689 iudic.
1870 665 1893 690 3.
1913 665 1937 691 8.

1101 700 1143 727 111.
1166 702 1231 728 Gn.
1253 701 1327 736 Quae
1353 711 1405 727 non
1429 712 1441 727 a
1461 707 1547 738 patre.
1567 701 1615 728 sed
1634 713 1646 728 a
1666 713 1771 739 genere.
1792 716 1804 732 a
1824 708 1938 741 civitate,

1101 754 1113 769 a
1134 754 1220 770 rerum
1240 749 1329 770 natura
1355 744 1538 771 tribuerentur.
1562 744 1592 771 fr.
1611 746 1635 771 3.
1662 745 1694 772 de
1717 748 1810 775 interd.
1831 755 1856 776 et
1875 751 1939 778 rele-

1329 787 1357 813 Si
1383 788 1441 823 quis
1466 787 1516 814 sibi
1541 787 1635 814 falsum
1658 799 1752 816 nomen
1775 792 1938 829 imposuerit,

1102 839 1183 865 genus
1203 835 1358 866 parentesve
1378 830 1493 857 finxerit.
1517 830 1589 857 Paul.
1610 830 1641 858 V.
1660 834 1702 858 25.
1727 833 1747 867 ξ.
1771 836 1808 860 11.
1846 836 1875 862 Si
1895 837 1938 864 ali-

1101 877 1142 898 ter
1166 872 1198 898 de
1221 872 1300 898 rebus
1325 872 1504 904 hereditariis,
1527 874 1569 900 vel
1594 874 1626 901 de
1651 875 1704 902 fide
1722 878 1824 911 generis
1844 880 1938 906 instrui

1101 924 1154 940 non
1172 919 1285 951 possunt
1306 916 1354 947 (sc.
1375 915 1547 944 centumviri.
1566 918 1681 954 itemque
1700 919 1778 945 iudex
1798 921 1938 955 tutelaris.)

1101 957 1138 983 lb.
1159 957 1190 983 Υ.
1212 959 1252 984 16.
1278 957 1299 991 ξ.
1319 959 1343 983 2.
1369 957 1400 983 cf.
1426 957 1456 984 fr.
1478 960 1499 984 1.
1525 959 1556 985 de
1581 961 1682 997 probat.
1707 963 1748 988 22.
1773 964 1796 989 3.
1822 974 1842 990 c.
1862 966 1878 981 t>
1906 965 1938 991 de

1864 982 1886 991 a.

1078 1007 1079 1040 ᾗ
1101 999 1156 1026 ord.
1178 1000 1256 1026 iudic.
1275 1001 1299 1025 3.
1319 1001 1342 1026 8.
1379 999 1493 1036 Litigare
1517 1001 1549 1028 de
1569 1003 1719 1031 conditione
1738 1015 1784 1031 sua
1804 1015 1856 1032 non
1875 1009 1938 1044 pati,

1101 1042 1172 1079 quod
1192 1042 1259 1069 forte
1279 1042 1329 1069 sibi
1349 1053 1450 1080 suoque
1473 1046 1560 1079 generi
1584 1046 1664 1073 vellet
1689 1047 1800 1084 aliquam
1819 1050 1938 1077 iniuriam

1101 1086 1198 1112 inferri.
1227 1085 1258 1111 fr.
1280 1087 1301 1111 l.
1331 1096 1369 1123 pr.
1396 1086 1429 1112 de
1452 1086 1554 1113 liberali
1583 1099 1604 1115 c.
1629 1092 1669 1115 40.
1698 1092 1735 1116 12.
1774 1091 1833 1118 Non
1853 1093 1938 1120 solum

1077 1148 1079 1154 .
1101 1128 1181 1165 gradu
1201 1129 1317 1165 generiS.
1341 1129 1389 1155 sed
1408 1134 1433 1155 et
1458 1130 1603 1157 substantia
1624 1133 1660 1158 rei
1684 1132 1817 1160 familiaris
1837 1136 1938 1172 (potior

1101 1182 1159 1198 esse
1179 1171 1280 1204 debet.)
1300 1171 1371 1198 Paul.
1392 1172 1421 1198 Il.
1442 1176 1482 1198 28.
1503 1173 1526 1206 §.
1547 1176 1570 1200 2.
1596 1174 1627 1200 cf.
1648 1175 1697 1201 Th.
1718 1176 1748 1202 C.
1767 1176 1809 1203 111.
1831 1180 1852 1204 7.
1873 1189 1894 1205 c.
1915 1181 1936 1205 1.

1101 1215 1123 1248 ᾗ.
1146 1216 1167 1240 l.
1189 1214 1292 1247 (ch.)
1313 1214 1345 1241 (1(Ι
1365 1220 1437 1252 nupt.
1475 1216 1514 1242 Ex
1533 1221 1642 1253 paterno
1661 1228 1768 1253 genere.
1788 1220 1829 1246 vel
1848 1223 1938 1248 amicis

1102 1258 1227 1295 paternis.
1248 1257 1276 1283 Ib
1305 1257 1373 1284 Vlll.
1394 1260 1434 1284 18.
1454 1268 1474 1284 c.
1495 1260 1518 1284 4.
1540 1259 1572 1285 de.
1591 1265 1698 1287 matera.
1719 1261 1779 1288 bon.
1799 1279 1830 1282 —
1848 1264 1879 1297 §.
1903 1266 1938 1292 2.

1104 1302 1203 1332 Ordo,
1224 1302 1266 1327 Co
1275 1311 1357 1334 rpuav
1385 1300 1404 1326 I.
1419 1302 1480 1335 Sy.
1501 1301 1606 1340 Corpus
1626 1303 1794 1337 (hominum.)
1813 1306 1849 1333 lb.
1869 1307 1937 1334 XIII.

1101 1346 1126 1370 5.
1145 1354 1166 1369 c.
1188 1345 1227 1369 16.
1252 1343 1272 1376 §.
1295 1344 1316 1369 1.
1343 1353 1363 1369 c.
1383 1346 1424 1370 20.
1449 1344 1481 1371 (16
1507 1345 1646 1372 navicular.
1685 1347 1715 1374 Il.
1737 1349 1804 1382 Op.
1828 1348 1938 1386 Species

1102 1385 1279 1423 (possidendi.
1301 1387 1366 1419 etc.)
1392 1386 1421 1413 fr.
1441 1389 1466 1414 3.
1492 1388 1513 1422 ξ.
1533 1390 1574 1415 21,
1600 1388 1632 1415 (16
1650 1389 1681 1416 A.
1706 1400 1730 1416 v.
1755 1391 1785 1418 A.
1806 1391 1833 1418 P.
1853 1394 1894 1419 41.
1912 1395 1936 1420 2.

1101 1429 1131 1456 fr.
1153 1431 1210 1455 194.
1230 1428 1262 1455 de
1281 1428 1312 1455 V.
1333 1428 1359 1455 S.
1379 1431 1420 1456 50.
1443 1432 1480 1457 16.
1502 1430 1558 1457 Gai.
1577 1431 1594 1457 1.
1615 1433 1673 1459 188.
1709 1433 1749 1460 Ex
1769 1433 1871 1462 feritate
1888 1446 1939 1462 ma·

1077 1495 1078 1500 ,
1100 1473 1148 1508 gis,
1169 1482 1246 1508 quarn
1265 1482 1296 1498 ex
1316 1472 1434 1499 animalis
1453 1483 1548 1509 genere
1572 1475 1704 1512 (accipere
1723 1476 1844 1510 bestias.)
1864 1478 1893 1505 fr.
1915 1481 1936 1505 1.

1100 1516 1121 1549 §.
1141 1516 1165 1541 6.
1185 1514 1217 1541 (16
1237 1515 1334 1551 postul.
1353 1517 1377 1542 3.
1399 1518 1420 1542 1.
1443 1516 1485 1544 111.
1506 1518 1571 1544 Cn.
1592 1516 1695 1544 Deduci
1714 1519 1740 1544 in
1759 1530 1852 1556 genera
1867 1522 1937 1559 (spe-

1100 1559 1174 1588 cies.)
1195 1557 1252 1583 Gai.
1272 1558 1290 1584 I.
1312 1560 1368 1584 188.
1404 1558 1455 1585 Per
1474 1559 1587 1596 singula,
1607 1570 1639 1586 ex
1657 1570 1751 1596 genere
1770 1567 1795 1589 et
1813 1565 1938 1600 magnitu-

1100 1600 1160 1627 dine
1180 1600 1371 1637 impendiorum
1395 1602 1569 1634 (aestimari.)
1595 1602 1624 1628 fr.
1647 1605 1685 1629 15.
1711 1603 1743 1630 de
1767 1606 1827 1642 imp.
1848 1607 1873 1632 in
1893 1617 1935 1633 res

1099 1643 1153 1670 dot.
1177 1646 1219 1670 25.
1246 1646 1268 1669 1.
1311 1644 1386 1679 Quae
1409 1654 1504 1671 nomen
1528 1647 1568 1672 sui
1594 1647 1696 1682 generis
1721 1649 1860 1684 separatim
1883 1659 1936 1676 non

1075 1701 1077 1714 ι
1099 1686 1233 1713 haberent.
1254 1686 1284 1712 sr.
1304 1688 1327 1713 6.
1347 1686 1379 1713 de
1399 1687 1493 1723 supell.
1513 1687 1561 1723 leg.
1581 1690 1622 1714 33.
1642 1690 1681 1715 10.
1719 1689 1774 1716 Suo
1793 1693 1881 1727 generi
1894 1692 1937 1719 ad-

1098 1730 1237 1756 numerari.
1274 1728 1412 1766 Proprium
1432 1740 1513 1766 genus
1533 1730 1629 1757 haberi.
1650 1731 1679 1758 fr.
1700 1734 1740 1758 55.
1765 1733 1778 1766 §
1806 1735 1828 1759 7.
1849 1733 1881 1760 de
1900 1734 1936 1761 le-

1075 1788 1076 1807 ]
1098 1777 1148 1808 gat.
1167 1771 1209 1798 111.
1231 1772 1296 1803 (32.)
1333 1771 1466 1803 Eiusdem.
1481 1789 1511 1792 —
1526 1773 1652 1805 Alterius,
1672 1776 1774 1811 generis
1794 1786 1860 1803 esse.
1878 1777 1934 1804 Gai.

1098 1814 1116 1840 I.
1138 1816 1195 1840 194.
1216 1824 1255 1850 sq.
1281 1813 1325 1840 IV.
1349 1816 1390 1840 66.
1427 1815 1565 1842 Hominum
1591 1826 1692 1853 genera.
1730 1817 1820 1844 Genus
1847 1819 1934 1846 huma-

1099 1867 1168 1883 num.
1189 1857 1219 1883 fr.
1240 1859 1263 1882 4.
1287 1856 1320 1882 de
1340 1856 1358 1882 I.
1379 1863 1403 1884 ct
1422 1858 1439 1884 1.
1463 1861 1484 1884 1.
1508 1861 1528 1884 1.
1554 1859 1584 1886 fr.
1607 1861 1646 1886 14.
1672 1859 1704 1886 de
1728 1865 1797 1887 statu
1821 1861 1890 1889 hom.
1911 1865 1933 1889 l.

1075 1929 1076 1932 Ἴ
1098 1903 1121 1927 5,
1142 1900 1172 1926 fr.
1194 1902 1217 1926 1.
1238 1909 1276 1936 pr.
1298 1899 1330 1925 de
1349 1900 1380 1926 Α.
1399 1900 1430 1927 R.
1450 1901 1484 1927 D.
1503 1904 1544 1928 41.
1565 1904 1587 1928 1.
1618 1916 1650 1920 —
1682 1904 1713 1937 ᾖ.
1733 1905 1770 1930 3.
1802 1906 1933 1933 Incerta

1075 1945 1076 1955 ¹
1098 1945 1217 1977 species
1244 1953 1346 1968 rerum
1371 1954 1406 1970 ex
1426 1946 1539 1971 ordine
1558 1947 1695 1972 illarum
1714 1953 1807 1973 certo.
1833 1947 1851 1974 I.
1871 1949 1932 1983 Sy.

1098 1986 1201 2017 Genus.
1231 1985 1360 2012 Generale.
1385 1986 1541 2022 (legatum.)
1579 1986 1619 2014 Cf.
1644 1998 1667 2014 v.
1692 1987 1838 2016 Generalis.
1863 1991 1884 2025 §.
1908 1994 1931 2017 2.

1097 2028 1221 2055 Eiusdem
1241 2033 1356 2059 naturae,
1375 2029 1500 2056 Eiusdem
1519 2031 1621 2066 generis
1641 2032 1727 2064 (res.)
1754 2032 1810 2059 Gai.
1830 2033 1870 2059 III.
1891 2035 1931 2061 90.

1097 2071 1127 2098 11.
1148 2073 1215 2106 Op.
1234 2070 1296 2102 Res,
1317 2081 1381 2107 quae
1401 2073 1426 2098 in
1445 2082 1539 2109 genere
1558 2084 1606 2100 suo
1626 2074 1784 2101 functionem
1803 2077 1932 2113 recipiunt

1098 2116 1157 2151 (per
1177 2114 1356 2146 solutionem.)
1371 2131 1402 2134 -
1416 2114 1478 2147 Res.
1498 2116 1522 2141 in
1543 2116 1638 2152 quibus
1658 2116 1728 2143 aliud
1746 2127 1795 2154 pro
1814 2118 1865 2145 alio
1880 2119 1931 2146 sol-

1096 2159 1122 2183 vi
1142 2167 1193 2183 non
1213 2162 1309 2194 potest.
1329 2156 1359 2183 fr.
1378 2159 1419 2184 38.
1440 2158 1472 2184 de
1490 2158 1568 2184 indic.
1587 2161 1610 2185 5.
1631 2161 1653 2185 l.
1673 2159 1702 2186 fr.
1722 2163 1745 2186 2.
1765 2161 1786 2194 ξ
1808 2163 1829 2187 1.
1850 2161 1882 2188 (16
1899 2161 1928 2188 R.

1073 2207 1074 2234 J
1097 2199 1127 2226 C.
1149 2202 1187 2226 12,
1209 2202 1230 2226 1.
1268 2200 1378 2231 Genera.
1399 2217 1431 2220 —
1451 2201 1560 2238 Species
1579 2201 1669 2234 (dare.
1689 2212 1712 2228 v.
1732 2203 1880 2240 stipulari.)
1899 2204 1927 2230 fr.

1095 2245 1119 2268 2.
1140 2253 1178 2279 pr.
1199 2243 1235 2276 βξ.
1258 2244 1278 2268 1.
1298 2253 1337 2279 sq.
1362 2244 1396 2269 ib.
1422 2245 1460 2269 12.
1483 2245 1503 2270 l.
1528 2244 1557 2270 fr.
1577 2246 1618 2270 54.
1642 2255 1680 2282 pr.
1704 2246 1724 2279 §
1747 2248 1768 2272 1.
1794 2246 1826 2273 de
1845 2246 1875 2272 V.
1896 2246 1927 2272 Ο.

1073 2292 1075 2319 ξ
1096 2287 1137 2311 45.
1158 2287 1179 2312 1.
1216 2285 1258 2312 III.
1280 2287 1345 2313 Cu.
1369 2285 1494 2312 Eiusdem
1519 2288 1621 2322 generis
1645 2293 1671 2314 et
1694 2288 1782 2315 eadem
1805 2289 1927 2321 bonitate,

1073 2349 1075 2356 .
1096 2338 1119 2354 v.
1139 2328 1203 2354 Eius
1223 2330 1325 2364 generis
1350 2334 1375 2355 et
1398 2329 1531 2365 qualitatis
1555 2330 1630 2363 (alias
1654 2340 1696 2356 res
1716 2330 1831 2362 solvere,
1850 2341 1870 2357 s.
1891 2341 1927 2357 re-

1097 2372 1227 2403 stituere.)
1247 2371 1276 2397 sr.
1295 2374 1318 2397 3.
1339 2371 1371 2398 de.
1390 2371 1413 2398 R
1441 2371 1472 2398 C.
1493 2374 1531 2399 12.
1552 2374 1574 2399 1.
1594 2373 1624 2399 fr.
1637 2375 1677 2399 42.
1698 2373 1730 2399 de
1749 2375 1804 2399 iure
1823 2373 1926 2400 dot.23.

1095 2415 1118 2439 3.
1140 2429 1172 2432 -
1192 2414 1222 2447 9.
1245 2415 1283 2440 l.
1304 2416 1433 2447 Forma,
1453 2417 1558 2442 Ratio.
1577 2415 1596 2442 I.
1611 2417 1672 2450 Sy.
1692 2415 1782 2441 Forma
1802 2416 1927 2452 (agendi.)

1073 2465 1074 2475 ¹
1095 2456 1125 2482 fr.
1145 2458 1168 2482 2.
1188 2457 1210 2490 §.
1230 2458 1252 2483 7.
1275 2458 1313 2482 12.
1334 2456 1366 2483 (16
1386 2457 1418 2484 Ο.
1438 2457 1456 2484 1.
1477 2460 1499 2485 1.
1519 2461 1541 2484 2,
1568 2458 1596 2485 fr.
1617 2460 1650 2484 68
1682 2458 1713 2484 (16
1732 2457 1761 2483 R.
1781 2457 1799 2484 I.
1825 2460 1865 2484 50.
1887 2461 1925 2485 17.

1094 2498 1137 2525 III.
1159 2500 1224 2526 Cn.
1243 2499 1283 2525 Ex
1302 2510 1413 2536 persona
1433 2510 1532 2533 eorum,
1552 2506 1577 2527 et
1596 2512 1627 2527 ex
1645 2510 1739 2536 genere
1757 2510 1850 2527 causae
1868 2511 1927 2528 con-

1095 2541 1264 2568 stituendum.
1284 2542 1314 2568 fr.
1333 2544 1356 2569 3,
1381 2543 1402 2577 §.
1423 2546 1446 2570 4.
1472 2543 1503 2570 de
1527 2543 1600 2569 liber.
1625 2542 1710 2568 exhib.
1730 2544 1770 2569 43.
1789 2545 1831 2569 30.
1867 2543 1925 2570 Non

1072 2597 1073 2622 3
1095 2584 1163 2616 loen,
1182 2583 1230 2610 sed
1249 2594 1342 2620 genere
1361 2595 1424 2612 usus
1445 2586 1576 2621 distingui.
1601 2584 1624 2610 fr
1652 2586 1691 2611 12.
1711 2585 1744 2611 (16
1763 2586 1857 2623 supell.
1877 2586 1924 2623 leg.

1094 2628 1135 2653 33.
1157 2628 1196 2652 10.
1217 2626 1246 2652 sr.
1267 2628 1323 2654 166.
1347 2638 1385 2665 pr.
1410 2628 1442 2654 de
1462 2627 1492 2653 V.
1517 2627 1543 2652 S.
1567 2629 1607 2653 50.
1634 2628 1672 2653 16.
1710 2627 1790 2663 Quod
1812 2639 1865 2656 non
1885 2635 1925 2656 est

1096 2674 1186 2695 contra
1205 2679 1298 2705 genera
1322 2672 1484 2697 servitutum.
1509 2668 1538 2694 fr.
1558 2670 1581 2695 8.
1607 2670 1628 2703 §.
1651 2671 1675 2696 2.
1699 2671 1723 2696 si
1746 2672 1835 2699 servit.
1858 2673 1881 2699 8.
1901 2674 1924 2697 5.

1097 2712 1157 2748 Quo
1181 2722 1275 2748 genere
1299 2715 1408 2740 actionis
1432 2712 1600 2748 experiamur.
1625 2712 1654 2738 fr.
1680 2714 1702 2738 1.
1730 2712 1763 2739 de
1790 2714 1865 2741 cond.
1893 2724 1924 2740 ex

1097 2755 1160 2791 lege.
1181 2757 1220 2782 13.
1239 2757 1262 2782 2,
1283 2755 1314 2781 cf.
1334 2755 1363 2781 t'r.
1385 2757 1406 2781 7.
1427 2755 1446 2787 §.
1466 2755 1489 2779 4.
1510 2753 1541 2780 (16
1561 2764 1615 2780 exc.
1635 2755 1673 2781 rei
1691 2755 1743 2781 ind.
1763 2757 1804 2782 44.
1822 2758 1845 2783 2.
1876 2756 1924 2782 Re-

1099 2803 1138 2824 cte
1158 2803 1287 2824 acturum.
1312 2802 1337 2823 et
1356 2807 1386 2823 eo
1411 2807 1505 2833 genere
1523 2806 1577 2822 rem
1601 2796 1699 2824 salvam
1721 2797 1875 2825 habiturum.
1893 2798 1921 2824 fr.

1455 2841 1485 2865 51
