2197 3121
226 206 288 238 718

226 288 256 316 sr.
279 290 317 314 12.
338 287 371 314 dc
390 287 421 313 A.
441 286 471 314 E.
492 285 524 312 V.
545 286 585 312 19.
606 287 628 312 l.
668 283 844 316 Cubicularii,
869 283 912 311 vel
931 283 1072 310 obsonato·
1093 288 1095 343 ¹

227 341 281 359 res.
301 330 343 357 vel
364 332 408 367 qui
429 329 605 367 piscatoribus
625 327 673 361 [al.
694 327 903 365 piscationibus]
927 327 1072 364 praepositi

226 379 296 401 suut.
317 374 346 400 l'r.
366 375 407 400 65.
429 383 466 410 pr.
488 372 520 399 de
538 372 614 408 legat.
634 370 678 398 Ill.
698 371 766 404 (32.)
787 370 818 397 cf.
842 370 874 397 t'r.
895 371 934 396 17.
954 370 975 404 5.
999 371 1020 396 1.
1040 368 1073 396 de

227 419 302 444 instr.
324 417 372 453 leg.
391 418 432 442 33.
454 417 477 441 7.
1094 437 1095 454 ¹

265 459 512 487 Piscator-ius.
532 456 661 490 (Adiect.)
681 458 902 491 Adpiscatum
921 461 951 482 et
966 457 1073 490 pisca·
1094 455 1095 491 ¹

227 511 311 531 tores
330 503 505 536 pertinens.
542 499 561 526 1.
576 501 638 535 Sy.
659 498 811 529 Piscatoris,
832 497 1006 524 Piscatorium
1024 498 1074 530 (in-
1094 494 1096 525 ¹¹

228 546 423 575 strumentum.)
446 542 519 570 Paul.
539 542 582 569 Ill.
602 545 625 569 6.
646 543 668 577 §.
688 543 730 569 66.
755 541 786 568 fr.
808 542 847 567 17.
866 541 888 574 5.
909 543 931 567 l.
952 540 969 567 l.
987 541 1030 566 33.
1050 541 1072 566 7.
1095 540 1096 551 ¹

229 590 258 616 tl.
280 590 347 622 ΟΡ.
372 586 459 613 Naves
482 586 574 619 longae
593 591 671 622 atque
691 585 832 612 onerariae.
853 600 884 604 —
903 582 1074 615 Piscatoriae,
1095 576 1096 588 ¹

227 638 269 659 aut
290 633 312 657 si
332 640 398 667 quae
417 630 554 656 actuariae.
575 628 605 655 fr.
624 631 649 655 2.
669 638 707 666 pr.
728 628 760 654 de
781 628 875 665 captiv.
896 628 937 653 49.
960 628 1000 652 15.
1095 623 1096 662 ¹

265 675 452 701 msc-atus.
490 674 651 699 Pisa-atio.
689 670 732 697 111.
752 671 819 698 Gn.
837 669 881 696 Ad
900 679 968 707 opus
988 670 1073 707 priva·
1094 671 1096 703 ¹

228 724 290 744 tum.
311 718 454 754 piscatum,
472 720 596 742 venatum
615 713 742 747 (militem
761 723 814 740 non
833 714 962 745 mittere.)
981 712 1012 739 fr.
1034 714 1072 739 12.
1095 708 1097 746 ¹

227 762 248 795 ξ,
272 763 292 786 1.
313 760 346 786 de
365 759 396 785 lt.
416 758 450 785 M.
470 760 511 785 49.
534 759 572 784 16.
1095 759 1097 787 ¹

265 803 434 831 Piscina.
472 803 575 828 Locus
594 805 757 834 angustus
776 809 933 834 aquosus,
958 801 991 826 in
1015 808 1074 833 quo
1096 807 1097 830 ¹

227 849 296 874 rivi
313 848 419 881 pisces
438 845 657 872 continentur.
694 841 734 868 [ll.
753 843 819 870 011·
840 842 882 869 De
900 841 966 873 lacu,
985 846 1074 879 puteo,
1096 837 1097 884 ¹

227 890 329 928 piscina
350 889 424 921 (item
444 886 620 917 interdicam.)
639 885 669 911 sr.
692 887 713 911 l.
734 895 773 922 pr.
793 885 815 919 5.
835 887 859 911 4.
880 884 912 911 de
932 884 1011 911 sonte.
1032 886 1074 912 43.
1096 889 1097 894 ¹

226 936 268 959 22.
307 932 361 968 Qui
380 933 429 964 (sc.
444 930 543 967 pisces)
563 929 590 954 iu
609 933 701 964 stagno
721 933 791 955 sunt.
806 944 838 947 —
858 927 934 963 Quos
954 929 980 954 in
996 928 1075 964 pisci-

227 985 274 1002 nas
294 974 492 1001 coniecerimus.
513 972 544 998 i'r.
557 973 581 998 3.
602 971 686 1005 §.14.
706 970 738 997 de
757 971 788 997 A.
808 981 832 997 v.
852 971 884 997 A.
905 970 934 997 P.
953 972 995 997 41.
1014 972 1038 997 2.

265 1018 399 1045 Piscis.
436 1016 570 1042 Animal
589 1024 808 1049 squamosum,
828 1015 960 1048 quadiu
979 1015 1075 1048 aquis

227 1063 325 1091 degit.
362 1059 405 1086 Ill.
427 1060 493 1086 Cn.
521 1058 616 1084 Omnia
641 1056 775 1089 animalia,
801 1066 867 1093 quae
891 1061 974 1088 terra,
1002 1056 1075 1087 mari,

228 1104 300 1131 caelo
325 1104 476 1140 capiuntur,
501 1101 517 1127 i.
538 1111 558 1127 e.
586 1100 654 1127 serae
678 1100 791 1131 bestiae,
816 1099 954 1130 volucres,
978 1100 1073 1136 pisces.

228 1148 258 1174 l'r.
282 1149 302 1172 l.
322 1147 344 1180 5.
366 1148 388 1172 l.
409 1145 441 1172 de
461 1145 492 1171 Α.
512 1143 543 1170 R.
564 1144 597 1170 D.
617 1145 658 1170 41.
679 1145 702 1169 l.
723 1142 754 1169 cs.
775 1143 832 1170 Gai.
847 1142 877 1169 ll.
891 1144 932 1168 66.
946 1152 986 1178 sq.
1007 1141 1075 1168 Cum

228 1195 320 1228 captus
339 1189 461 1226 piscium,
481 1187 523 1214 vel
543 1187 638 1218 avium,
658 1185 700 1213 vel
719 1185 858 1212 missilium
878 1186 981 1211 emitur.
1001 1184 1032 1210 fr.
1051 1185 1075 1210 8.
1096 1184 1098 1200 ¹¹

227 1235 249 1268 5.
273 1235 293 1259 l.
320 1232 352 1259 de
375 1236 458 1258 contr.
486 1235 546 1257 emt.
568 1231 608 1256 18.
630 1231 652 1256 l.
695 1228 848 1255 Naucellae.
873 1238 939 1264 quae
963 1227 1075 1264 piscium
1096 1229 1098 1251 ζ

228 1275 415 1314 capiendorum
440 1282 518 1300 causa
542 1277 706 1310 comparatae
730 1276 800 1298 sunt.
829 1271 860 1298 fr.
886 1273 927 1298 17.
951 1271 973 1305 5.
995 1273 1017 1297 l.
1044 1270 1075 1297 dc
1096 1278 1098 1293 ¹

227 1321 303 1346 instr.
323 1318 372 1354 leg.
391 1319 434 1344 33.
455 1318 478 1343 7.
522 1316 590 1351 Qui,
614 1316 753 1341 ministerii
777 1315 862 1341 nostri
888 1324 978 1345 causa,
1004 1313 1075 1340 exhi-

227 1362 307 1389 bendi
336 1361 418 1398 piscis
448 1369 508 1385 cura
532 1358 576 1385 vel
604 1358 783 1385 sollicitudine
810 1362 939 1384 tenentur.
972 1357 1022 1384 Th.
1043 1356 1074 1384 C.

227 1404 298 1432 le.
312 1406 353 1430 20.
375 1413 396 1430 c.
412 1404 434 1428 1.
450 1401 482 1428 de
495 1407 562 1439 pret.
575 1402 641 1439 pise.
671 1401 774 1428 Piscem
793 1401 872 1428 vilem
887 1410 953 1427 esse.
973 1400 1004 1427 l‘r.
1017 1401 1074 1427 158.
1095 1400 1097 1422 <¹

228 1448 260 1475 de
280 1447 311 1472 V.
332 1446 359 1473 S.
380 1448 421 1472 50.
444 1447 483 1472 16.

265 1490 409 1517 Pisida.
440 1489 554 1515 Incola
574 1489 732 1514 Pisidiae.
770 1486 812 1513 Ill.
833 1487 899 1514 Cu.
920 1486 975 1522 Qui
995 1485 1076 1513 Ther-

227 1543 332 1561 menses
349 1533 461 1558 maiores
476 1529 581 1557 Pisidae
599 1529 713 1556 suerunt.
751 1529 865 1556 Plebisc.
885 1529 918 1556 de
931 1529 1076 1556 Thermeu-
1097 1531 1098 1554 1

228 1577 277 1603 sib.
299 1576 316 1602 Ι.
335 1577 358 1601 4.
380 1583 437 1610 sqq.
1097 1563 1098 1570 ¹

267 1618 425 1646 Pisidia.
468 1618 570 1651 Regio
601 1618 818 1652 Pamphyliae
844 1617 996 1643 borealis.
1034 1614 1075 1641 Ill.

227 1664 294 1690 Cn.
318 1661 346 1688 In
367 1659 464 1686 Pisidia
485 1659 603 1686 eiusdem
623 1661 676 1691 (sc.
697 1659 800 1691 Italici)
826 1659 890 1685 iuris
911 1663 951 1684 est
972 1657 1075 1684 colonia
1097 1674 1098 1677 =

227 1704 455 1732 Antiochensium.
476 1702 506 1729 fr.
519 1703 543 1728 8.
564 1702 642 1736 5.10.
663 1702 695 1729 de
713 1701 812 1729 censib.
826 1704 867 1727 50.
889 1702 928 1726 15.
967 1700 1075 1727 Procos.
1097 1722 1098 1729 ¹

227 1750 326 1786 primae
346 1745 540 1783 Cappadociae,
561 1750 586 1771 et
605 1744 680 1772 Proc.
696 1746 844 1776 Armeniae,
864 1749 890 1770 et
903 1743 1012 1770 Praetor
1025 1743 1076 1779 Ly·
1097 1750 1099 1758 ¹

229 1792 347 1821 caoniae,
367 1789 495 1820 Pisidiae,
515 1788 637 1815 Isauriae.
667 1788 714 1815 Iul.
740 1798 780 1825 ep.
800 1797 861 1814 nov.
887 1797 908 1813 c.
928 1788 970 1812 25.
991 1787 1013 1820 5.
1033 1788 1075 1813 96.

229 1845 249 1860 v.
273 1835 329 1859 120.
349 1833 369 1866 ξ.
391 1834 448 1858 52¹5.

267 1875 528 1903 Pisonianam.
566 1875 683 1900 Nomen
706 1875 794 1901 S.Cti
817 1874 887 1909 (quo
912 1877 1015 1899 cautum
1036 1877 1077 1899 est

229 1919 262 1947 de
282 1919 374 1949 servis,
395 1917 483 1943 caedis
498 1917 596 1943 domini
611 1918 651 1942 sui
665 1918 718 1943 reis
732 1917 829 1948 sactis.)
854 1915 895 1942 Ill.
907 1917 973 1943 Cn·
988 1914 1075 1942 S.Cto

229 1962 371 1990 Pisoniano
392 1965 511 1991 cavetur,
536 1964 581 1990 ut,
606 1961 628 1985 si
648 1970 749 1996 poenae
769 1959 901 1985 obnoxius
921 1968 1015 1985 servus
1034 1969 1076 1985 ve-

228 2007 331 2035 niisset,
352 2002 510 2041 quandoque
529 2002 739 2029 animadversum
759 2004 785 2029 in
799 2012 858 2029 eum
872 2006 952 2034 esset,
973 2006 1001 2028 ut
1015 2011 1076 2028 ven-

229 2049 299 2076 ditor
318 2047 431 2084 pretium
451 2050 604 2082 praestaret.
625 2045 655 2071 l'r.
669 2047 693 2072 8.
707 2056 746 2083 pr.
767 2045 800 2072 de
819 2044 886 2072 S.C.
907 2044 1040 2071 Silam-29.
1052 2047 1075 2071 5.

268 2090 405 2117 Pistor.
446 2090 509 2121 Qui
525 2098 637 2122 panem
658 2091 808 2124 conficit.
846 2088 888 2114 111.
903 2090 969 2116 Cn.
990 2087 1077 2115 Cella·
1098 2107 1099 2116 ¹

232 2135 304 2163 rarii,
325 2148 356 2152 —
381 2137 407 2157 et
426 2132 518 2167 coqui,
543 2130 709 2168 placentarii.
736 2136 872 2163 tonsores,
891 2132 1008 2168 pistores
1027 2136 1076 2157 etc.

233 2176 302 2203 Paul⁴
328 2174 369 2200 lll.
394 2175 417 2200 6.
443 2174 464 2208 5.
485 2175 525 2200 72.
569 2173 688 2209 Collegia
713 2173 811 2200 l'unnae
835 2179 918 2200 certa.
944 2190 975 2193 —
996 2174 1078 2200 veluti

232 2220 376 2257 pistorum,
406 2222 431 2244 et
461 2217 624 2253 quorundam
648 2216 771 2249 alioruin,
801 2222 826 2243 et
850 2218 1077 2244 naviculariorum.
1098 2224 1100 2252 ¹¹

232 2262 262 2289 ss.
286 2264 306 2288 Ι.
327 2270 365 2298 pr.
387 2262 438 2295 Qu.
460 2261 507 2286 eui.
530 2261 598 2286 univ.
620 2270 688 2286 nom.
708 2262 731 2286 3.
751 2262 775 2286 4.
797 2260 829 2286 ct'.
849 2259 899 2286 Th.
919 2260 949 2286 C.
970 2260 1015 2287 lx.
1035 2262 1077 2286 40.
1099 2253 1100 2295 ¹

232 2317 252 2332 e.
273 2306 298 2330 9.
318 2303 350 2330 de
370 2313 446 2340 poen.
484 2304 537 2338 Qui
557 2304 582 2329 in
603 2302 715 2339 collegio
735 2303 865 2339 pistorum
884 2308 953 2330 sunt.
972 2318 1004 2322 —
1025 2303 1078 2339 Qui

233 2350 299 2374 intra
319 2356 456 2372 nnmerum
476 2347 613 2372 constituti
634 2347 826 2377 centenarium,
846 2346 987 2383 pistrinum
1007 2356 1079 2372 exer—

233 2395 299 2417 cent.
324 2389 408 2415 Yatic.
434 2388 455 2422 5.
475 2390 534 2414 233.
575 2388 678 2417 Yrbiei.
699 2405 731 2409 —
757 2389 898 2415 Ostienses
917 2389 1078 2426 (pistores.)

232 2434 268 2460 lb.
289 2433 325 2467 55.
345 2434 405 2458 234.
425 2441 484 2468 sqq.
511 2431 560 2458 Th.
582 2432 613 2458 C.
634 2432 704 2458 XIV.
724 2434 748 2458 3.
774 2442 794 2458 c.
818 2434 856 2458 17.
881 2442 902 2458 c.
924 2434 963 2459 19.
989 2431 1022 2458 de
1042 2434 1079 2470 pi-

232 2482 296 2502 stor.
334 2475 539 2501 Instrumentum
557 2475 674 2511 pistoris.
695 2474 736 2501 Ct'.
751 2485 774 2500 v.
789 2474 928 2501 pistorius.

273 2518 470 2545 Piston-ius.
503 2517 642 2550 (Adiect.)
674 2519 720 2543 Ad
737 2520 880 2552 pistores
902 2520 1078 2552 pertinens.
1100 2519 1101 2548 ¹

235 2562 251 2587 l.
272 2564 333 2596 Sy.
359 2560 484 2593 Pistoris,
510 2560 652 2586 Pistorium
672 2561 917 2593 (instrumentum.)
944 2560 1015 2588 l'aul.
1036 2561 1077 2588 lll.
1100 2563 1101 2592 ¹

234 2608 257 2630 (5.
278 2605 315 2638 55
334 2606 376 2630 37.
397 2606 437 2630 64.
459 2604 488 2630 fr.
511 2605 550 2630 12.
575 2603 596 2637 5.
617 2605 640 2628 5.
666 2602 696 2628 sr.
718 2604 757 2628 15.
783 2604 804 2636 5,
827 2605 847 2629 1.
873 2603 906 2629 de
929 2604 1003 2630 instr.
1029 2603 1077 2640 leg.

233 2648 309 2672 33]
349 2647 465 2673 l'istrini.
486 2646 597 2672 Pistoria
611 2645 788 2678 (sollicitudo,
806 2656 827 2672 s.
841 2647 1007 2679 necessitas.)
1028 2637 1078 2673 Th.
1100 2656 1102 2664 Α

235 2688 265 2715 C.
287 2688 356 2714 XIV,
375 2691 399 2715 3.
421 2700 441 2715 c.
462 2691 485 2715 5.
506 2699 545 2725 sq.
566 2699 586 2716 c.
608 2691 648 2715 14.
669 2688 701 2715 de
721 2689 814 2725 pistor.
835 2689 866 2714 ci.
886 2689 954 2716 Xlli.
975 2691 998 2716 5.
1019 2700 1038 2716 c.
1054 2692 1078 2716 2.
1101 2684 1102 2718 ¹

236 2731 268 2757 de
288 2731 398 2758 navicul.
435 2731 477 2758 111.
498 2733 564 2759 Cn.
590 2732 712 2768 Quorum
732 2733 786 2763 (sc.
807 2735 961 2764 servorum)
985 2742 1079 2769 operas
1101 2728 1102 2731 ¹

236 2773 348 2800 locabat.
368 2773 408 2799 vel
429 2775 562 2810 pistorius.
582 2774 623 2800 vel
644 2774 812 2801 histrionicas
832 2779 881 2800 etc.
902 2774 930 2801 fr.
953 2777 992 2801 73.
1013 2776 1035 2809 5.
1053 2777 1078 2801 3.

235 2817 267 2844 de
292 2816 366 2851 legat.
391 2815 431 2841 111.
457 2820 530 2849 (32.)
575 2817 689 2843 Pistorio
714 2818 771 2843 iure
796 2818 946 2850 (retineri.)
972 2817 1021 2844 Th.
1048 2817 1078 2844 C.

236 2858 304 2886 XIV,
328 2861 365 2884 15.
397 2869 416 2885 c.
436 2861 460 2884 ⁴1.
489 2860 510 2892 5.
535 2862 554 2886 1.
582 2860 614 2887 de
638 2871 692 2887 can.
718 2861 792 2887 l‘runi.
818 2860 874 2888 urb.
898 2860 928 2887 li.
971 2860 1079 2888 Praedia

987 200 1049 232 PIS
1064 219 1102 225 —-
1116 201 1206 232 PLA.

1117 283 1235 321 pistoria.
1260 282 1328 309 Nov.
1349 282 1405 310 val.
1425 283 1468 311 111.
1495 284 1528 311 de
1550 283 1640 322 praed.
1663 285 1757 322 pistor.
1776 284 1807 312 11.
1825 286 1868 312 34.
1893 295 1914 312 c.
1937 287 1959 312 l.

1117 327 1139 361 §.
1158 329 1182 353 4.
1221 325 1324 353 Causae
1342 327 1476 363 pistoriae.
1496 337 1518 354 c.
1537 329 1562 354 5.
1582 328 1604 362 §.
1625 329 1647 354 1.
1668 327 1701 355 de
1720 328 1801 355 feriis.
1819 329 1843 354 3.
1864 330 1904 355 12.

1155 369 1418 397 risu-inuritis.
1454 371 1635 398 Exci-citor
1650 372 1802 406 pistrini.
1839 370 1960 399 mon.

1117 412 1217 440 Tradat
1235 422 1294 439 eum
1312 411 1355 438 vel
1375 412 1520 440 artificibus
1539 413 1707 451 publicorum
1726 423 1845 451 operum,
1863 413 1906 440 vel
1924 415 1962 452 pi-

1117 457 1262 487 strinariis,
1285 454 1328 482 vel
1351 454 1410 481 aliis
1436 455 1638 493 quibuscunque
1663 456 1818 484 artificibus.
1848 456 1896 483 lul.
1920 467 1961 495 ep.

1118 509 1178 526 nov.
1199 509 1220 526 c.
1240 500 1282 526 74.
1302 498 1324 532 5.
1343 499 1403 524 271.
1424 497 1456 525 ci'.
1476 497 1506 525 fr.
1528 500 1550 526 1.
1574 500 1597 534 §.
1617 501 1640 526 9.
1661 499 1753 537 depos.
1774 501 1814 526 16.
1833 501 1857 527 3.

1156 542 1378 569 Pistrinum.
1403 541 1434 575 ξ.
1446 542 1481 568 l.
1495 543 1601 569 Locus
1612 544 1771 578 fabricae
1787 544 1960 577 pictoriae.

1117 585 1160 612 111.
1175 586 1241 613 Gn·
1255 584 1399 611 Pistrinum
1413 589 1439 610 et
1451 583 1574 612 horreum
1587 584 1703 618 (insulae
1715 584 1798 612 dotali
1811 584 1963 618 adiectum.)

1118 628 1148 655 fr.
1169 629 1210 654 79.
1228 628 1251 662 §.
1271 629 1294 654 1.
1314 627 1347 654 de
1367 626 1398 653 V.
1419 627 1446 654 S.
1467 629 1565 655 50.16.
1585 627 1618 655 cf.
1637 628 1666 655 fr.
1682 630 1722 654 13.
1743 628 1765 662 §.
1783 630 1807 655 8.
1828 627 1861 654 de
1880 627 1962 655 ususr.

1119 673 1141 698 7.
1163 673 1185 697 l.
1223 670 1337 697 Officiua
1364 680 1423 697 cum
1446 670 1616 702 animalibus,
1640 672 1738 703 servis,
1762 671 1854 704 molis,
1874 670 1963 698 fundis

1119 713 1252 740 dotalibus
1271 714 1451 751 pistrinorum.
1476 712 1526 740 Th.
1547 713 1578 740 C.
1598 713 1669 741 XIV.
1688 716 1713 741 3.
1733 725 1754 741 c.
1774 716 1798 741 7.
1818 714 1851 741 de
1869 715 1963 752 pistor.

1119 757 1150 784 οἱ.
1176 756 1207 783 fr.
1228 758 1268 783 18.
1293 757 1315 790 §.
1336 758 1358 784 1.
1386 756 1419 783 de
1438 758 1513 783 instr.
1538 756 1587 793 leg.
1607 758 1649 784 33.
1669 759 1692 784 7.
1733 757 1897 794 Ergastulis,
1920 757 1964 784 vel

1119 800 1239 838 pistrinis
1259 800 1332 832 (esse
1345 799 1503 833 dedendos.)
1523 799 1573 826 Th.
1588 799 1619 827 C.
1632 799 1677 826 lx.
1691 802 1733 827 40.
1754 811 1775 827 c.
1789 802 1814 827 3.
1834 800 1868 827 de
1885 810 1963 838 poen.

1120 860 1150 864 —
1171 844 1203 878 §.
1224 844 1260 870 2.
1289 844 1456 870 Pistorum
1476 849 1643 877 quaestus,
1667 853 1686 869 s.
1705 853 1825 870 munus.
1862 843 1880 870 I.
1901 845 1964 878 Sy.

1119 886 1244 924 Corpus,
1272 885 1368 912 Munus
1397 886 1570 923 (pistorum.)
1607 885 1716 912 Pistrini
1739 885 1902 912 sollicitudo.
1926 886 1962 914 lb.

1118 928 1189 956 XIV.
1208 930 1233 955 3.
1253 938 1275 955 c.
1288 930 1313 955 5.
1333 938 1373 965 sq.
1394 938 1414 955 c.
1432 931 1471 955 10.
1507 928 1551 955 III.
1567 930 1634 956 Cn.
1654 928 1742 955 Latini
1760 930 1802 955 ius
1821 930 1966 965 Quiritium

1096 975 1097 982 ¹
1119 976 1319 1008 consequuntur
1337 987 1370 990 —
1389 971 1490 1003 militia.
1509 981 1584 999 nave.
1603 971 1734 1003 aedificio,
1753 973 1874 1009 pistrino.
1901 971 1964 1009 le.

1096 1012 1097 1017 ¹
1118 1015 1160 1043 III.
1183 1017 1205 1041 1.
1243 1014 1297 1050 Qui
1316 1015 1457 1051 pistrinum
1475 1020 1606 1041 exercent.
1632 1014 1704 1041 Paul.
1724 1014 1766 1041 111.
1786 1016 1810 1042 6.
1830 1015 1852 1049 5.
1872 1016 1913 1041 64.
1934 1014 1964 1041 fr.

1096 1091 1098 1096 λ
1119 1060 1160 1085 46.
1180 1068 1220 1095 pr.
1241 1057 1273 1084 de.
1293 1061 1420 1084 excusatt.
1439 1058 1481 1084 27.
1502 1059 1525 1084 1.
1549 1057 1634 1084 Vatic.
1659 1058 1680 1092 5.
1700 1059 1760 1084 233.
1798 1057 1966 1084 Conficiendi

1119 1100 1228 1139 pollinis
1257 1110 1331 1132 cura,
1355 1105 1399 1127 aut
1423 1101 1498 1137 panis
1526 1101 1660 1132 excoctio,
1684 1106 1728 1127 aut
1752 1100 1910 1138 obsequium
1928 1101 1966 1138 pi-

1097 1145 1098 1150 ¹
1119 1145 1205 1171 strini.
1225 1142 1275 1170 Th.
1295 1142 1326 1169 C.
1346 1143 1392 1169 XI.
1413 1144 1452 1169 16.
1473 1153 1494 1169 c.
1515 1144 1555 1169 15.
1575 1153 1596 1169 c.
1618 1144 1657 1169 18.
1677 1143 1710 1169 de
1729 1148 1794 1170 extr.
1815 1153 1836 1170 s.
1856 1143 1930 1170 sord.

1157 1186 1379 1215 Pittaeium.
1421 1187 1546 1213 Charta
1574 1188 1693 1218 brevis.
1722 1188 1885 1221 Libellus,
1914 1188 1966 1214 In-

1119 1234 1186 1258 dex.
1222 1229 1265 1256 III.
1280 1230 1346 1257 Gn-
1366 1228 1522 1266 Susceptor,
1541 1233 1679 1265 antequam
1693 1228 1815 1256 diurnum
1829 1230 1967 1266 pittacium

1120 1274 1299 1301 authenticum
1318 1272 1349 1299 ab
1369 1273 1492 1298 actuariis
1506 1273 1663 1309 susceperit.
1676 1282 1729 1299 nnn
1742 1277 1840 1308 eroget.
1860 1272 1897 1298 lb.
1910 1271 1965 1299 Vll.

1096 1322 1098 1346 ζ
1120 1321 1144 1344 4.
1164 1328 1184 1344 c.
1200 1319 1240 1343 ll.
1261 1326 1281 1343 c.
1298 1317 1337 1342 13.
1358 1326 1379 1342 e.
1396 1316 1434 1341 16.
1455 1314 1488 1341 de
1508 1324 1578 1350 erog.
1592 1314 1645 1341 mil.
1665 1325 1722 1342 ann.
1760 1314 1820 1342 Vno
1839 1316 1966 1352 petitorio

1096 1354 1098 1385 ἶ
1120 1360 1282 1398 singulorum
1302 1357 1447 1385 bonuscula
1467 1357 1589 1384 iubemus
1602 1357 1726 1387 adscribi,
1745 1357 1818 1384 nefas
1832 1367 1892 1384 esse
1907 1367 1966 1384 cen·

1119 1409 1222 1434 sentes,
1245 1401 1419 1440 plurimorum
1438 1411 1490 1427 uno
1509 1402 1619 1438 pittacio
1637 1401 1768 1438 postulari
1787 1417 1820 1422 —
1839 1400 1965 1428 fortunas.

1097 1442 1098 1465 ¹
1119 1447 1157 1474 lb.
1177 1447 1210 1473 X.
1231 1448 1271 1472 10.
1292 1456 1313 1472 c.
1331 1446 1374 1471 29.
1394 1444 1417 1478 5,
1438 1446 1460 1470 1.
1480 1443 1513 1470 de
1532 1445 1606 1481 petit.
1627 1449 1653 1470 et
1671 1444 1741 1471 ultro
1761 1444 1814 1471 dat.
1833 1443 1901 1470 Nov.
1915 1443 1965 1470 Th.

1097 1518 1098 1521 ,
1120 1491 1150 1517 11.
1171 1490 1202 1523 (ι.
1221 1490 1264 1516 26.
1284 1498 1305 1514 e.
1328 1489 1349 1514 1.
1369 1488 1391 1521 ς.
1410 1488 1448 1521 3.)

1158 1534 1421 1566 Pityocampa.
1465 1532 1574 1557 Eruca
1597 1541 1610 1557 e
1631 1532 1725 1565 picea
1747 1540 1894 1562 nascens,
1917 1539 1967 1556 ve—

1097 1581 1098 1593 *
1121 1582 1248 1604 uenata.
1285 1574 1328 1601 ΙΙΙ.
1348 1575 1414 1601 Gn.
1438 1572 1607 1609 Pigmentarii
1626 1574 1649 1600 si
1669 1574 1711 1600 cui
1730 1578 1828 1600 temere
1847 1573 1967 1604 cicutam,

1121 1617 1320 1648 salamandram,
1337 1617 1478 1648 aconitum,
1497 1617 1680 1653 pityocampas
1700 1615 1748 1649 [al.
1767 1615 1966 1653 pituocampas]

1122 1678 1153 1682 ——
1174 1661 1295 1687 dederint
1310 1665 1358 1686 etc.
1379 1659 1409 1685 fr.
1423 1660 1447 1685 3.
1468 1659 1489 1693 5.
1502 1661 1527 1685 3.
1547 1658 1579 1685 ad
1598 1659 1627 1685 L.
1643 1659 1725 1686 Corn.
1745 1658 1777 1685 de
1796 1660 1873 1685 sicar.
1886 1659 1927 1685 48.
1941 1659 1966 1684 8.

1160 1705 1264 1732 Pius.
1285 1702 1414 1736 (Adiect.)
1435 1702 1466 1735 ξ.
1490 1703 1525 1728 1.
1547 1703 1663 1729 Cultus*
1681 1705 1808 1729 deorum
1827 1704 1967 1732 studens,

1122 1747 1379 1775 Misericordiae
1397 1747 1534 1772 dicatus.
1572 1744 1616 1771 Ill.
1631 1746 1698 1773 Gn.
1717 1744 1788 1771 Piam
1807 1744 1969 1780 religiosam-

1098 1805 1099 1810 =
1121 1801 1180 1827 que,
1201 1791 1315 1826 quietam
1335 1793 1361 1815 et
1380 1793 1477 1814 castam
1498 1803 1528 1808 —
1549 1787 1637 1814 colere
1656 1789 1744 1814 vitam.
1770 1786 1840 1814 Coll.
1860 1786 1914 1813 LL.
1933 1785 1967 1813 M.

1097 1838 1098 1841 ’
1121 1833 1165 1860 ΥΙ.
1185 1834 1209 1860 4.
1246 1832 1302 1858 Piis
1326 1831 1512 1867 religiosisque
1535 1830 1667 1857 mentibus
1691 1831 1791 1857 nostris
1810 1846 1842 1850 -
1861 1839 1969 1856 venera-

1121 1876 1183 1903 bilia
1203 1877 1314 1902 maxime
1332 1874 1464 1901 videntur.
1489 1873 1526 1900 lb.
1546 1873 1563 1900 l.
1583 1873 1600 1899 l.
1638 1873 1692 1900 Piis
1711 1873 1828 1905 actibus,
1847 1872 1891 1899 vel
1910 1872 1969 1899 reli-

1120 1920 1202 1955 giosis
1222 1918 1354 1956 personis,
1374 1917 1481 1943 donatio
1501 1916 1632 1954 deputata.
1653 1926 1674 1942 c.
1688 1918 1729 1942 35.
1749 1917 1770 1950 5.
1785 1919 1808 1943 5.
1830 1915 1863 1942 de
1880 1915 1967 1942 donat.

1121 1966 1144 1988 ὅ.
1161 1964 1202 1988 54.
1240 1961 1328 1998 Super
1346 1961 1398 1997 piis
1419 1960 1504 1986 causis
1525 1960 1606 1985 sactae.
1625 1958 1816 1992 (donationes.)
1837 1969 1858 1985 c.
1875 1960 1915 1985 19.
1935 1957 1967 1984 de

1121 2005 1170 2031 SS.
1193 2003 1256 2031 eccl.
1279 2006 1301 2030 1.
1320 2006 1344 2030 2.
1382 2002 1512 2029 Praesens
1531 2003 1649 2039 piissima
1670 2018 1701 2021 —
1722 2001 1773 2028 lex.
1793 2001 1860 2028 Nov.
1879 2003 1920 2027 37.
1941 2001 1967 2026 in

1121 2048 1137 2075 Γ,
1181 2047 1277 2074 Ὗειιίειῑ
1305 2046 1337 2073 ad
1361 2050 1467 2072 nostras
1492 2046 1626 2082 piissimas
1652 2055 1736 2072 aures.
1768 2044 1816 2071 Iul.
1842 2054 1881 2081 ep.
1906 2052 1966 2069 nov.

1122 2102 1143 2117 c.
1163 2092 1204 2117 69.
1224 2091 1245 2123 §.
1265 2092 1325 2116 250,
1348 2106 1377 2109 -
1398 2089 1429 2121 ξ.
1449 2090 1484 2115 ².
1505 2090 1687 2122 Benignus,
1708 2090 1826 2114 Iustus.
1847 2085 1967 2118 (Titulus

1098 2122 1099 2158 ¹
1122 2134 1278 2160 honorarius
1298 2132 1472 2168 Principum.)
1509 2130 1527 2156 l.
1548 2132 1611 2164 Sy.
1630 2130 1664 2156 D.
1685 2129 1754 2156 Pius.
1786 2129 1888 2156 Marcus
1909 2128 1966 2154 Ael.

1122 2177 1182 2203 Ant.
1211 2176 1253 2202 (ΣΥ.
1273 2186 1297 2201 v.
1318 2175 1430 2201 Marcus.
1468 2173 1512 2199 111.
1532 2174 1599 2200 Cn.
1628 2172 1703 2199 Rom.
1726 2172 1915 2208 Imperatores.
1942 2176 1966 2196 et

1121 2220 1167 2256 pii,
1188 2218 1278 2244 felices
1294 2234 1321 2238 —
1340 2218 1483 2254 imperetis.
1521 2216 1602 2242 Gesta
1623 2217 1648 2242 in
1663 2215 1723 2241 Sen.
1744 2214 1776 2241 de
1795 2225 1845 2241 rec.
1867 2214 1916 2241 Th.
1936 2214 1966 2241 C.

1122 2261 1213 2295 (er.
1231 2271 1255 2298 p.
1269 2262 1309 2294 5.)
1331 2261 1363 2287 D,
1379 2260 1442 2287 Pius
1456 2260 1615 2286 Antoninus.
1635 2257 1677 2284 Cf.
1691 2267 1714 2283 v.
1729 2257 1888 2284 Antoninus.
1907 2257 1929 2291 §
1945 2259 1967 2284 1.

1099 2300 1100 2303 ¹
1122 2305 1156 2331 l).
1170 2304 1243 2336 Pius,
1264 2309 1289 2330 et
1302 2304 1362 2330 DD.
1384 2303 1500 2330 Severus
1520 2307 1546 2329 et
1564 2301 1722 2329 Antoninus
1743 2300 1765 2333 5.
1779 2303 1802 2327 9.
1819 2300 1835 2326 l.
1857 2299 1889 2326 de
1908 2310 1968 2327 usu-

1123 2358 1179 2385 cap.
1198 2350 1222 2374 2.
1242 2348 1266 2373 6.
1304 2347 1344 2374 Ex
1368 2345 1507 2373 consulatu
1527 2344 1559 2371 D.
1579 2344 1616 2381 pii
1636 2342 1785 2369 Constantii
1805 2343 1837 2369 X.
1864 2342 1914 2369 Th.
1935 2343 1966 2370 C.

1122 2390 1180 2417 XII.
1198 2392 1218 2416 l.
1239 2400 1260 2416 c.
1273 2392 1315 2416 90.
1336 2389 1369 2416 de
1388 2389 1521 2415 docui-ion.
1542 2387 1604 2423 Imp.
1621 2386 1697 2412 Caes.
1713 2386 1784 2412 Flav.
1798 2385 1968 2413 lastinianus.

1124 2449 1155 2453 -
1175 2434 1244 2470 pius.
1264 2432 1328 2459 felix
1347 2437 1396 2459 etc.
1433 2431 1552 2458 Prooem.
1572 2428 1635 2455 lnst.
1655 2429 1762 2461 (rubr.)
1783 2428 1814 2455 cf.
1833 2427 1901 2455 Mv.
1914 2429 1968 2455 An-

1100 2465 1101 2509 ¹
1123 2476 1202 2502 them.
1222 2475 1255 2502 de
1275 2476 1335 2502 bon.
1355 2485 1410 2501 vae.
1423 2473 1465 2499 Vl.
1485 2475 1509 2499 3.
1531 2482 1551 2498 c.
1574 2473 1595 2497 l.
1616 2481 1654 2508 pr.
1674 2487 1706 2491 ——
1727 2472 1758 2505 §.
1773 2473 1810 2498 3.
1832 2472 1967 2508 Officio

1124 2521 1277 2545 naturali
1299 2528 1377 2553 erga
1400 2522 1553 2551 parentes
1572 2521 1599 2540 et
1619 2517 1756 2546 liberos,
1781 2516 1830 2541 vel
1848 2524 1968 2546 cognu-

1124 2569 1186 2593 tos,
1206 2563 1403 2588 conveniens.
1427 2558 1470 2584 111.
1483 2559 1548 2585 Cn.
1563 2557 1695 2593 Quoniam
1709 2558 1829 2593 cognovi,
1841 2572 1872 2576 —·
1884 2556 1967 2583 filium

1100 2611 1101 2633 ¹
1123 2615 1208 2631 meum
1228 2605 1254 2630 iu
1274 2603 1398 2630 extremis
1418 2610 1485 2632 esse,
1505 2601 1679 2626 iustissimum
1698 2605 1723 2627 et
1737 2601 1884 2637 piissimum
1904 2599 1967 2626 duxi

1124 2652 1172 2673 etc.
1199 2647 1228 2673 fr.
1247 2648 1291 2672 30.
1313 2645 1335 2679 5.
1355 2646 1379 2670 4.
1404 2643 1437 2670 de
1456 2643 1532 2669 adim.
1552 2642 1629 2679 legat.
1647 2645 1690 2669 34.
1709 2644 1733 2668 4.
1770 2641 1895 2669 Parentes
1921 2641 1965 2678 pii.

1125 2691 1169 2726 qui
1198 2689 1339 2716 liberorum
1369 2686 1591 2724 procreandorum
1621 2686 1706 2711 animo
1733 2690 1759 2711 et
1782 2690 1845 2711 voto
1870 2693 1965 2711 uxores

1126 2733 1232 2759 ducunt.
1252 2731 1282 2757 fr.
1301 2732 1361 2756 220.
1383 2730 1402 2763 5.
1422 2731 1445 2756 3.
1466 2729 1499 2756 de
1519 2728 1550 2755 V.
1564 2728 1591 2755 S.
1610 2729 1651 2753 50.
1675 2729 1714 2753 16.
1752 2727 1814 2754 Pios
1834 2727 1903 2754 filios
1923 2725 1965 2752 de-

1124 2775 1215 2801 buisse
1233 2774 1415 2800 manumittere
1434 2782 1498 2804 eam,
1518 2781 1594 2808 quam
1613 2775 1688 2808 pater
1707 2770 1852 2798 dilexisset.
1873 2769 1903 2795 ir.
1922 2769 1963 2794 33.

1125 2817 1157 2844 de
1176 2816 1261 2843 fideic.
1282 2816 1345 2842 libb.
1365 2818 1406 2842 40.
1425 2818 1448 2842 5.

1163 2859 1383 2887 Placabilis.
1410 2857 1550 2892 (Adiect.)
1577 2858 1638 2890 Qui
1656 2859 1696 2884 ad
1714 2859 1815 2884 alium
1832 2857 1965 2889 placan-
