2197 3121
269 174 334 205 870

271 304 352 325 terva.
371 301 540 325 secretarIum
560 299 712 336 provinciae
731 297 906 324 moderatoris
926 299 1027 335 irrupit.
1048 296 1116 324 Nov.

271 341 320 368 Th.
341 342 369 368 ll.
391 353 423 368 ne
443 342 529 368 decur.
550 341 582 367 ad
602 341 691 368 Seuat.
711 341 730 368 1.
752 343 791 368 15.
811 350 832 367 c.
852 342 876 367 2.
897 341 918 374 5.
941 343 962 367 1.

305 386 479 415 Secretes
490 395 513 411 v.
528 385 694 412 Secreto.
715 383 826 417 (Advb.)
849 384 996 416 Occulte,
1018 385 1116 411 Clam.

270 427 301 454 ΙΙ.
315 430 382 462 op.
402 427 451 453 vel
465 427 559 464 palam,
573 427 616 454 vel
630 427 744 464 publice,
764 426 807 453 vel
820 432 932 453 secreto.
953 426 983 453 fr.
996 428 1021 453 3.
1041 427 1064 461 5.
1074 428 1116 453 20.

271 470 304 496 de
324 469 389 496 S.C.
410 470 491 496 Silan.
511 473 553 497 29.
573 473 597 497 5.
635 470 761 502 Secreto,
785 474 811 496 et
831 470 899 496 inter
918 469 992 496 solos
1011 471 1117 496 amicos.

272 558 285 581 ’ἶ
315 561 330 582 b

290 578 515 626 'S.ecretum.
546 598 674 632 (Subst.)
705 599 736 631 ξ.
757 600 791 625 l.
811 600 870 625 Res
890 609 1027 630 arcana,
1049 600 1118 634 My·
1139 598 1140 626 Ῐ

1139 652 1141 673 1,
1164 643 1230 670 Gn.
1250 642 1396 676 Haeretici,
1417 648 1442 670 et
1461 643 1560 671 diversi
1580 645 1710 683 dogmatis
1730 651 1884 674 sectatores.
1905 645 1956 673 Th.
1976 646 2007 673 C.

271 685 300 711 sr.
321 686 362 710 41.
382 695 421 722 pr.
441 684 474 710 ad
493 683 522 711 L.
542 684 612 721 Aqu.
631 686 655 712 9.
675 687 699 711 2.
720 684 750 711 sr.
772 686 794 710 l.
814 685 836 718 5.
855 686 898 711 38.
918 684 1011 722 depos.
1033 686 1072 711 16.
1092 685 1116 711 3.
1140 687 1141 696 ¹

271 727 313 753 Ill.
335 728 401 754 Cn.
426 726 491 753 Post
510 727 606 754 nudata
625 729 764 764 utriusque
783 728 885 760 intima,
909 733 935 754 et
954 732 1056 754 secreta
1075 737 1118 754 ne-
1140 738 1141 741 ¹

271 644 414 668 sterium.
451 641 470 668 1.
491 642 553 676 Sy.
572 642 680 669 Secreta
700 641 864 668 iudiciorum.
889 641 987 668 Iudicia
1006 646 1116 668 secreta.

270 771 334 806 gotii
355 775 452 807 aperta.
481 770 511 797 fr.
531 771 554 797 3.
582 771 603 804 5.
626 773 648 797 l.
675 770 707 797 dc
732 781 784 797 rec.
804 780 847 807 qu.
867 770 922 797 arb.
941 773 965 797 4.
985 772 1009 797 8.
1047 770 1118 798 Con-

271 814 338 839 t'erre
358 813 390 839 ad
410 818 540 840 secretum
559 813 658 839 alienae
678 813 832 840 voluntatis.
858 813 889 840 [ι’.
911 815 950 840 70.
975 813 1008 840 de
1026 813 1116 840 hered.
1140 817 1141 820 ’

271 857 331 882 inst.
351 857 392 883 28.
412 858 436 882 5.
457 856 488 883 cf.
509 855 558 882 Th.
573 856 602 882 C.
617 855 676 883 XV.
691 858 714 883 4.
735 867 756 884 c.
776 860 798 884 1.
819 858 840 892 5.
864 859 884 884 l.
905 857 939 883 de
957 858 1032 893 imag.
1052 856 1116 894 Imp.

271 899 380 926 Secreta
399 900 497 926 erroris
515 900 555 925 sui
580 900 757 933 (insinuare.)
785 900 822 927 11).
843 900 887 927 ΙΧ.
909 901 948 926 16.
976 910 997 927 c.
1020 902 1058 926 12.
1083 899 1116 926 de

270 942 380 969 malefic.
401 959 432 962 —
458 942 488 975 §-
508 943 542 968 Ξ.
568 943 672 969 Locus
696 945 838 970 abditus.
874 943 917 970 111.
939 943 1053 971 Cn.1u
1074 953 1114 969 se·
1137 950 1139 977 j

271 991 340 1012 creta
366 996 426 1012 sese
453 990 478 1011 et
502 984 577 1011 devia
604 986 732 1013 conterre.
757 986 795 1013 11).
815 986 871 1013 XII.
893 988 934 1012 19.
953 997 974 1012 c.
995 988 1018 1012 l.
1038 986 1071 1012 de
1089 986 1115 1013 h.
1138 982 1139 1014 1

271 1039 313 1066 qu.
334 1029 409 1055 cond.
430 1038 505 1066 prop.
543 1028 674 1055 Praebere
693 1034 824 1056 secretum
843 1029 987 1062 (feralibus
1010 1028 1116 1055 sacrile-

269 1074 340 1109 giis.)
360 1072 396 1098 11).
417 1071 487 1098 XVI.
507 1072 529 1098 6.
551 1082 571 1098 c.
592 1075 617 1098 4.
636 1072 659 1106 5.
680 1074 703 1099 l.
723 1083 756 1099 ne
775 1073 802 1099 S.
823 1072 895 1110 bapt.
930 1072 1012 1099 Extra
1032 1082 1116 1098 secre-

270 1121 324 1142 tum
344 1115 448 1142 habere.
469 1114 499 1140 l'r.
519 1116 543 1140 3.
563 1115 584 1149 5.
605 1116 629 1141 8.
649 1114 682 1142 de
701 1115 770 1142 bom.
790 1115 835 1142 lib.
856 1115 944 1142 exhib.
963 1117 1005 1142 43.
1024 1117 1066 1142 29.
1084 1131 1114 1134 —
1138 1112 1139 1115 1

269 1159 300 1192 ξ.
321 1160 407 1185 2.Α.
432 1159 593 1192 Templum
612 1160 719 1186 divini
737 1160 852 1186 cultus.
889 1158 932 1185 111.
954 1160 1020 1186 Cn.
1041 1157 1116 1184 Prae·
1137 1149 1139 1160 ¹

270 1200 319 1227 dia.
341 1201 432 1227 usibus
452 1201 605 1228 caelestium
624 1206 785 1228 secretorum
806 1201 898 1228 dicata.
922 1201 971 1228 Th.
993 1201 1024 1228 C.
1044 1201 1116 1228 XVL

269 1247 292 1271 2.
314 1254 335 1270 c.
355 1246 396 1270 40.
417 1243 449 1270 de
469 1245 551 1282 episc.
572 1244 635 1271 eccl.
655 1261 688 1265 —
712 1245 743 1278 §-
759 1246 851 1272 213.
873 1246 1116 1271 Consistorium
1138 1245 1139 1254 ¹

269 1289 450 1322 Principis,
470 1289 543 1314 item
562 1290 780 1315 secretarium
801 1290 931 1314 iudicis.
955 1287 1049 1322 LSy.
1068 1288 1117 1314 Ar-

270 1340 362 1356 canum
382 1331 580 1362 (consistorii.)
604 1330 642 1357 Ib.
663 1331 705 1358 tl.
725 1333 766 1357 22.
796 1341 817 1357 c.
837 1334 861 1356 ὅ.
884 1331 950 1364 5.1.
971 1331 1003 1357 de
1022 1331 1115 1358 honor.

269 1373 353 1400 codic.
372 1372 444 1399 XVI.
463 1376 488 1399 2.
508 1384 529 1400 c.
549 1375 591 1400 35.
629 1373 804 1400 Secretarium
825 1373 1012 1408 (iudicantis.)
1033 1385 1054 1402 c.
1076 1376 1115 1401 14.

269 1416 301 1442 de
322 1416 410 1442 testib.
431 1418 454 1441 4.
473 1418 515 1441 20.
537 1415 586 1442 Th.
601 1416 631 1443 C.
646 1417 664 1443 I.
680 1419 703 1443 7.
724 1427 745 1443 c.
766 1418 787 1444 1.
808 1416 840 1444 de
859 1418 902 1444 off.
922 1417 996 1444 Rect.
1016 1417 1058 1444 Pr.
1079 1417 1115 1445 Io.

268 1458 361 1495 Lydus
381 1458 413 1485 dc
432 1460 586 1495 magistratt.
606 1459 648 1486 111.
671 1462 710 1486 11.
727 1462 769 1486 20.
790 1470 828 1497 sq.
848 1462 890 1487 27.
927 1460 970 1487 111.
982 1462 1048 1489 Cn.
1069 1460 1117 1488 La-

269 1502 441 1534 tercnlenses.
465 1507 490 1528 et
509 1503 709 1539 pragmaticarii.
730 1502 772 1529 vel
793 1514 804 1529 a
825 1505 944 1531 secretis.
965 1514 986 1531 e.
1006 1507 1029 1530 5.
1063 1504 1115 1540 Qui

268 1545 343 1572 milit.
364 1555 435 1581 poss.
457 1546 497 1571 12.
516 1546 558 1571 34.

303 1589 492 1615 secretus.
514 1587 634 1621 (Partic.)
655 1589 732 1622 §.L
752 1588 950 1624 Separatus,
970 1591 1114 1617 Divisae.
1137 1586 1139 1592 ⁴

269 1631 309 1657 lll.
327 1632 392 1658 Cn.
413 1630 525 1668 Imperio
545 1641 636 1667 magna
656 1631 686 1657 ab
708 1633 839 1658 universis
860 1638 960 1659 secreta
977 1633 1115 1665 debentur,

269 1680 294 1701 ut
316 1674 342 1700 hi
361 1679 461 1700 tantum
480 1673 567 1700 locum
587 1674 699 1701 habeant
719 1674 853 1702 habitandi
874 1681 921 1702 etc.
944 1676 993 1703 Th.
1008 1677 1038 1703 C.
1056 1677 1114 1704 XV.
1137 1671 1139 1696 1

269 1720 291 1743 l.
314 1728 334 1743 c.
355 1719 395 1743 47.
416 1716 448 1743 de
468 1727 529 1754 opp.
549 1717 611 1754 pub.
627 1735 657 1738 —
678 1718 709 1750 ξ.
725 1719 759 1744 ².
781 1720 933 1751 Abditas,
951 1721 1114 1747 occultus.

269 1760 311 1787 111.
328 1762 394 1788 Gn.
414 1760 456 1786 Ad
476 1765 610 1797 separatas
624 1761 820 1798 provinciarum
839 1768 1008 1799 secretasque
1026 1768 1115 1800 partes
1138 1784 1139 1800 ¹

1091 172 1184 204 SEC.

276 269 294 282 ι.
315 266 335 282 c.
358 257 380 282 1.
400 255 432 282 de
451 255 533 282 praef.
554 255 595 282 Pr.
632 255 724 291 Magna
748 255 862 292 stipatus
886 254 1057 282 barbarorum
1077 265 1117 282 ca·
1138 256 1140 285 1
1163 257 1186 282 7.
1208 265 1229 282 c.
1250 257 1272 282 7.
1292 256 1314 290 5.
1337 257 1358 283 1.
1379 256 1411 283 de
1430 262 1542 295 apostat.
1581 258 1712 286 sectanda
1732 265 1795 287 suut
1814 260 1923 294 (statuta
1942 261 2008 298 legis

1163 299 1231 331 etc.)
1258 298 1295 325 lb.
1316 299 1361 326 xl.
1381 301 1422 326 34.
1449 311 1470 328 c.
1489 304 1514 328 ⁶2.
1543 301 1576 328 de
1600 301 1625 328 h.
1651 312 1694 339 qu.
1719 313 1744 340 p.
1764 308 1825 331 met.
1845 303 1888 330 Cf.
1906 304 1963 331 XII.
1985 306 2007 331 1.

1163 352 1185 368 c.
1206 343 1263 368 171.
1282 352 1322 379 pr.
1342 342 1375 369 de
1394 342 1528 371 decurion.
1549 361 1580 364 —
1606 346 1637 378 §0
1657 347 1692 373 2.
1713 348 1835 378 Petere,
1856 348 2007 381 Caprare.

1162 384 1206 411 111.
1225 386 1290 413 Gn.
1315 385 1486 413 Deverticula
1511 387 1637 414 deliciosa
1661 394 1726 415 sect.
1752 389 1787 415 lb.
1808 389 1826 416 1.
1847 391 1871 416 7.
1891 400 1911 416 c.
1931 392 1955 417 5.
1975 390 2008 417 de

1162 427 1206 454 off.
1226 427 1300 454 Rect.
1321 427 1363 455 Pr.
1400 429 1466 456 Auri
1485 430 1618 457 metallum
1637 441 1703 468 vago
1724 442 1813 458 errore
1832 437 1896 459 sect.
1917 432 1954 459 lb.
1973 433 2007 459 X.

1138 494 1139 499 ,
1164 472 1202 497 19.
1224 481 1245 497 c.
1266 472 1289 497 7.
1309 471 1341 498 de
1355 471 1452 498 mrtall.
1481 472 1683 510 Cmnpendium,
1702 485 1724 501 s.
1738 474 1852 502 Lucrum
1872 474 2007 507 familiare,

271 529 303 532 —
324 514 398 539 Actis
417 513 662 540 intervenientibus.
683 524 704 540 c.
726 515 748 539 l.
767 513 845 547 §-10·
865 512 898 539 de
917 512 973 539 Lat.
993 512 1039 539 lib.
1059 512 1117 539 toll.
1139 524 1140 533 ³

1162 518 1226 540 sect.
1251 524 1273 541 c.
1294 516 1316 541 1.
1337 513 1370 540 de
1389 515 1503 552 naufrag.
1525 518 1564 543 11.
1584 519 1607 543 5.
1632 516 1682 544 Th.
1703 517 1734 545 C.
1753 517 1800 544 XI.
1820 519 1861 545 10.
1886 528 1907 544 c.
1929 519 1951 545 1.
1975 527 2008 544 ne

1162 567 1205 594 op.
1224 567 1237 582 a
1256 556 1318 583 coll.

1197 600 1382 627 sectator.
1420 601 1452 634 ξ.
1471 602 1506 627 l.
1542 603 1757 638 Discipulus,
1782 605 1926 631 Adsecla.
1963 602 2007 630 III.

1162 684 1233 712 XVI.
1253 687 1276 712 5.
1297 696 1318 712 c.
1332 687 1374 712 47.
1389 685 1420 713 cs.
1441 697 1462 713 c.
1479 689 1517 713 14.
1538 687 1570 714 de
1590 688 1687 716 haeret.
1702 705 1735 709 —
1755 689 1786 722 §-
1801 691 1837 716 2.
1859 691 1922 723 Qui
1941 696 2008 716 stu-

1163 731 1211 755 det
1230 731 1336 756 alicui
1354 731 1409 756 rei.
1446 729 1486 756 111.
1503 731 1569 758 Gn·
1589 731 1708 768 Iguaviae
1724 737 1878 759 sectatores.
1898 732 1936 758 lb.
1950 731 2007 759 XII.

1164 773 1186 797 1.
1207 781 1227 798 c.
1248 772 1289 798 63.
1309 771 1341 798 de
1360 771 1494 799 decurion.

1196 815 1340 842 sector.
1380 817 1441 848 Qui
1466 818 1496 842 in
1517 819 1672 843 auctione
1689 819 1823 851 publica
1843 820 2008 846 licitando

1163 860 1245 884 vicie
1265 860 1358 884 alios.
1394 857 1413 884 1.
1429 859 1490 893 Sy.
1512 860 1565 894 Qui
1586 859 1691 896 publice
1705 860 1773 886 bona
1786 865 1924 887 mercatur.
1955 860 2008 896 Qui

1139 911 1140 934 g
1161 900 1266 938 publica
1286 900 1354 927 bona
1375 903 1474 928 emerit.
1495 902 1552 928 Gai.
1573 902 1617 929 lv.
1640 904 1697 929 146.

1195 944 1400 971 sectarius.
1430 944 1559 977 (Adiect.)
1588 947 1635 971 Ad
1652 952 1805 973 sectorem
1825 949 2005 981 pertinens.

1160 986 1204 1013 111.
1221 988 1287 1014 Cn.
1313 987 1357 1018 Ei,
1382 988 1427 1024 qui
1448 987 1551 1024 publica
1571 987 1639 1014 bona
1660 990 1766 1021 emerit,
1787 1005 1819 1009 —
1839 989 2007 1016 interdictum

1137 1055 1139 1057 .
1161 1031 1327 1067 proponitur,
1348 1030 1419 1066 quod
1439 1029 1587 1067 adpellatur
1605 1033 1757 1059 sertorium.
1778 1032 1835 1059 Gai.
1854 1031 1899 1058 lv.
1922 1033 1978 1059 146.

1195 1073 1385 1099 seculum.
1422 1071 1463 1099 Cf.
1487 1083 1510 1099 v.
1531 1073 1678 1101 Saeculum.

1195 1116 1344 1142 Secum.
1382 1115 1412 1149 ξ.
1427 1116 1462 1142 l.
1484 1117 1560 1142 Cum
1579 1127 1623 1149 se,
1643 1119 1729 1152 apud
1746 1127 1783 1144 se.
1821 1117 1839 1144 1.
1859 1118 1921 1152 Sy.
1940 1117 2008 1144 Esse

1161 1167 1219 1184 cum
1239 1157 1341 1191 (aliis.)
1370 1157 1465 1184 Secum
1486 1158 1582 1186 habere
1602 1170 1655 1186 eos.
1693 1160 1779 1187 Simul
1804 1170 1861 1187 cum
1882 1162 1920 1187 eis
1940 1160 2009 1194 (frui

1138 1225 1139 1232 ,
1162 1201 1224 1234 etc.)
1244 1200 1273 1227 sr.
1288 1204 1312 1227 ὅ.
1333 1201 1365 1228 de
1385 1201 1465 1228 usul'r.
1487 1201 1556 1228 ader.
1573 1204 1596 1229 7.
1611 1204 1636 1228 2.
1656 1202 1686 1229 fr.
1701 1204 1725 1229 8.
1746 1203 1778 1230 de
1799 1203 1875 1230 cond.
1896 1209 1922 1230 et
1940 1203 2007 1230 dem.

1159 1245 1202 1270 35.
1224 1245 1246 1270 l.
1283 1243 1312 1270 ll.
1333 1245 1400 1278 ⁰11.
1425 1244 1476 1271 Per
1499 1255 1528 1271 se
1547 1255 1608 1271 esse
1627 1255 1716 1283 posse.
1737 1263 1766 1267 —
1787 1246 1892 1284 Rapere
1910 1257 2008 1274 secum.

1161 1286 1192 1313 fr.
1205 1288 1228 1313 4.
1243 1297 1281 1324 pr.
1302 1287 1335 1313 de
1353 1298 1424 1325 penu
1443 1287 1492 1324 leg.
1506 1290 1548 1315 33.
1567 1290 1591 1315 9.
1628 1288 1671 1315 111.
1694 1290 1759 1317 Gn.
1784 1289 1896 1326 Peregre
1918 1300 2008 1316 secum

1161 1329 1243 1362 serre,
1266 1340 1290 1357 v.
1311 1330 1414 1358 ducere.
1444 1331 1500 1358 Gai.
1520 1331 1563 1358 111.
1585 1332 1642 1357 196.
1668 1332 1697 1358 t'r.
1717 1333 1759 1358 27.
1783 1333 1850 1366 5.1.
1875 1333 1908 1360 de
1931 1334 2006 1359 iustr.

1161 1373 1210 1409 leg.
1229 1374 1271 1400 33.
1292 1375 1314 1399 7.
1353 1372 1470 1400 onrem
1496 1379 1577 1401 noctu
1601 1376 1668 1401 intra
1689 1374 1838 1402 cubiculum
1857 1385 1946 1403 secum
1967 1386 2008 1402 cu—

1137 1430 1139 1449 2
1161 1416 1267 1442 bantem
1286 1417 1413 1450 (necare.)
1433 1417 1463 1444 fr.
1483 1419 1508 1444 3.
1528 1418 1550 1451 5.
1569 1420 1593 1445 2.
1613 1417 1646 1444 de
1665 1417 1692 1444 S.
1702 1417 1733 1444 C.
1752 1418 1833 1445 Silau.
1847 1420 1889 1446 29.
1907 1421 1931 1446 5.
1968 1419 2007 1446 Eo

1137 1490 1138 1493 Ἴ
1161 1461 1246 1486 animo
1267 1469 1357 1486 secum
1377 1459 1474 1487 habere
1494 1462 1666 1498 (ingenuam.)
1691 1461 1722 1488 fr.
1739 1463 1781 1488 21.
1802 1471 1840 1499 pr.
1860 1461 1893 1488 de
1912 1462 2006 1498 captiv.

1137 1499 1139 1533 J
1161 1505 1202 1529 49.
1226 1505 1264 1529 15.
1303 1502 1412 1529 Sociare
1431 1513 1520 1531 seeum
1545 1504 1641 1537 (alieni
1661 1505 1777 1531 criminis
1797 1505 1884 1537 reos.)
1905 1503 1955 1531 Th.
1976 1504 2007 1531 C.

1161 1545 1206 1572 IX.
1225 1547 1267 1572 29.
1288 1556 1309 1572 c.
1328 1548 1349 1572 Ι.
1370 1545 1402 1572 de
1423 1546 1447 1573 h.
1468 1557 1510 1584 qu.
1532 1547 1625 1574 latrou.
1641 1563 1673 1567 —
1694 1548 1725 1581 ς’.
1737 1549 1773 1574 ᾖ.
1793 1549 1828 1574 [ιι
1848 1558 1892 1579 se,
1910 1549 2008 1574 Penes

1161 1599 1197 1615 se.
1235 1588 1278 1615 111.
1302 1590 1370 1616 Gn·
1394 1589 1423 1616 Si
1447 1590 1574 1617 iustitiam
1598 1600 1687 1617 secum
1712 1590 1818 1622 habeat,
1843 1600 1896 1616 non
1920 1591 2009 1616 timeat

1161 1637 1210 1658 etc.
1239 1631 1286 1658 Iul.
1312 1642 1352 1669 ep.
1379 1643 1437 1658 nov.
1465 1643 1485 1659 c.
1505 1635 1545 1659 95.
1572 1633 1594 1667 5.
1613 1634 1673 1660 356.
1694 1649 1726 1652 —
1751 1634 1782 1667 ᾖ.
1801 1634 1838 1660 3.
1859 1635 1951 1660 [nter
1969 1643 2007 1659 se.

1161 1675 1206 1701 Ill.
1225 1676 1290 1702 Gn.
1317 1674 1370 1710 Qui
1391 1685 1442 1701 non
1464 1676 1530 1702 bene
1550 1686 1639 1703 secum
1659 1677 1759 1702 vivunt.
1785 1686 1807 1703 c.
1826 1677 1868 1702 22.
1889 1676 1909 1709 5
1931 1678 1955 1702 4.
1976 1675 2008 1702 (1(-

1137 1734 1139 1752 J
1161 1718 1220 1745 l'urt.
1241 1719 1264 1744 6.
1283 1720 1308 1744 2.
1340 1718 1488 1745 Permixtas
1507 1729 1596 1745 secum
1617 1720 1775 1745 criminosos
1795 1718 1938 1745 includere.
1958 1718 2007 1745 Th.

1161 1761 1192 1788 C.
1213 1761 1257 1788 IX.
1270 1763 1295 1788 3.
1316 1771 1337 1788 c.
1350 1762 1374 1788 3.
1396 1761 1428 1787 de
1448 1766 1513 1788 cust.
1534 1772 1601 1788 reor.
1634 1762 1823 1799 Compensare,
1842 1771 1864 1787 S.
1885 1761 2008 1794 Pensare.

269 1803 424 1840 (dirigere.)
453 1803 490 1829 lb.
510 1803 577 1830 Vlll.
598 1806 621 1830 5.
649 1814 670 1830 c.
692 1805 731 1830 12.
755 1803 788 1830 de
811 1815 891 1831 cursu
913 1805 974 1843 pub.
1000 1805 1071 1832 XVI.
1091 1808 1115 1832 5.
1137 1805 1139 1841 1
1161 1814 1258 1831 secum.
1279 1804 1310 1831 fr.
1328 1806 1367 1831 13.
1386 1805 1408 1839 5.
1422 1807 1447 1831 2.
1467 1804 1500 1831 de
1519 1806 1622 1842 pignor.
1640 1807 1682 1831 20.
1700 1807 1719 1832 l.
1741 1805 1771 1831 l'r.
1785 1806 1827 1831 62.
1847 1804 1879 1831 ad
1892 1804 1921 1831 L.
1936 1804 2007 1832 Falc.

270 1858 291 1873 c.
306 1849 346 1872 45.
361 1847 393 1873 de
407 1846 504 1873 haeret.
531 1846 559 1873 Si
580 1848 639 1883 quis
658 1846 769 1874 adserat.
790 1858 847 1874 cum
867 1848 996 1875 mandatis
1016 1851 1116 1876 nostris
1137 1871 1139 1878 ,
1160 1850 1202 1874 35.
1222 1850 1247 1874 2.
1266 1862 1298 1867 —
1321 1848 1352 1880 ἓ.
1373 1849 1412 1874 4.
1435 1850 1556 1875 Contra
1576 1859 1613 1875 se.
1652 1848 1693 1874 III.
1714 1849 1780 1875 Gn.
1800 1848 1895 1874 Secum
1916 1847 2010 1884 agendi

270 1900 298 1916 se
318 1891 407 1916 venire
427 1891 545 1916 secretis.
566 1889 601 1916 lb.
623 1889 640 1916 1.
660 1892 684 1916 3.
705 1900 726 1916 c.
750 1891 770 1916 1.
792 1890 824 1917 de
843 1891 928 1918 mand.
949 1891 990 1919 Pr.
1028 1892 1057 1919 ln
1077 1903 1116 1919 sa·
1138 1899 1139 1927 1
1162 1895 1320 1928 potestatem
1339 1890 1432 1917 facere.
1454 1891 1482 1917 l'r.
1505 1893 1526 1917 1.
1546 1892 1610 1925 5.1v
1632 1891 1662 1918 l'r.
1683 1893 1724 1918 23.
1745 1892 1766 1925 5.
1786 1894 1810 1917 4.
1831 1891 1859 1917 l'r.
1879 1893 1922 1917 26.
1941 1892 1965 1925 5.
1983 1892 2008 1917 4.

270 1934 322 1959 cris
336 1932 449 1969 quidem.
467 1937 491 1959 et
504 1933 693 1959 secretioribus
706 1933 895 1969 dei111)ste1·iis
910 1936 1115 1972 (perseverent.)
1138 1941 1139 1960 1
1161 1944 1194 1960 ex
1214 1944 1256 1970 qu.
1277 1944 1298 1960 c.
1322 1935 1380 1960 mai.
1401 1936 1425 1960 4.
1445 1936 1468 1960 6.
1506 1934 1563 1961 Hoc
1589 1935 1693 1961 nomine
1718 1944 1776 1960 eum
1801 1944 1890 1961 secum
1915 1935 2006 1971 egisse.

270 1975 308 2002 11).
329 1975 384 2002 ΧΠ.
407 1977 428 2001 l.
456 1986 477 2001 c.
500 1977 555 2001 163.
582 1975 614 2002 de
633 1975 768 2002 tlecurion.
791 1993 820 1997 -
841 1977 875 2012 §0
898 1979 935 2005 3.
967 1980 1002 2005 ln
1016 1981 1115 2015 sran-
1137 1971 1140 2010 1
1163 1976 1192 2003 fr.
1213 1978 1236 2003 9.
1256 1977 1277 2011 5.
1297 1979 1322 2003 4.
1342 1976 1375 2003 de
1394 1977 1478 2014 pecul.
1501 1979 1541 2004 15.
1564 1980 1584 2004 1.
1610 1977 1640 2004 fr.
1660 1980 1683 2004 9.
1708 1977 1730 2011 5.
1750 1979 1774 2003 4.
1795 1977 1828 2004 de
1847 1982 1894 2004 tut.
1915 1981 1941 2003 et
1959 1981 2005 2003 rat.

269 2021 333 2045 dem
352 2020 439 2045 iuris
458 2025 637 2052 conceptus.
668 2019 686 2045 1.
701 2020 762 2054 Sy.
783 2019 899 2047 Tacitus.
920 2021 960 2048 Cf.
975 2021 1000 2048 h.
1015 2032 1037 2048 v.
1059 2022 1080 2056 5
1092 2024 1115 2048 3.
1138 2025 1140 2060 1
1161 2022 1202 2047 27.
1222 2022 1246 2046 3.

305 2063 429 2089 Secta.
471 2062 502 2095 §.
527 2062 562 2088 1.
595 2063 804 2094 Ιηειίὶιιιιιηι,
838 2066 950 2093 Ratio.
980 2067 1139 2093 [adoles-l

271 2104 312 2131 111.
334 2106 400 2132 Gn.
423 2103 474 2130 Per
498 2103 606 2130 eandem
630 2103 777 2131 studiorum
802 2111 898 2133 sectam
919 2107 1116 2135 contendentes.
1137 2098 1139 2133 1

271 2149 300 2174 t'r.
315 2148 338 2174 8.
359 2147 380 2180 5.
395 2149 418 2173 4.
440 2146 472 2173 de
485 2157 540 2173 vac.
555 2152 581 2173 et
600 2157 688 2173 excuS.
703 2149 743 2173 50.
764 2150 787 2173 5.
825 2149 918 2176 Aliena
938 2156 1026 2177 sectae
1044 2161 1116 2177 meae

271 2190 432 2217 sollicitudo.
458 2200 480 2216 c.
499 2192 522 2216 2.
549 2189 580 2216 ad
600 2189 628 2216 L.
650 2189 696 2216 lul.
723 2192 781 2216 mai.
801 2192 824 2217 9.
845 2193 867 2218 8.
906 2193 974 2220 Cum
994 2209 1024 2213 —
1045 2199 1116 2221 secta

273 2240 418 2271 temporum
439 2238 589 2259 nostrornm
609 2243 661 2259 non
681 2234 801 2270 patiatur.
822 2244 843 2261 c.
858 2237 899 2260 30.
921 2236 953 2261 de
971 2242 1039 2273 pact.
1054 2240 1078 2264 2.
1091 2239 1115 2264 3.
1138 2254 1139 2267 ι

272 2287 293 2303 c.
313 2280 336 2303 2.
358 2276 389 2302 dt·
410 2275 519 2302 delator.
541 2278 580 2302 10.
602 2278 641 2302 ll.
663 2293 694 2296 ———
718 2277 749 2310 §-
769 2278 804 2303 Β.
831 2280 962 2310 Schola,
988 2281 1115 2307 Factio.
1138 2286 1140 2310 ,1

273 2319 314 2345 111.
338 2321 404 2346 Cn.
430 2318 460 2349 Ili
486 2318 537 2345 dun
557 2321 610 2352 (sc.
632 2320 693 2346 Ant.
714 2319 802 2346 Labeo
823 2326 848 2346 et
867 2321 910 2347 At.
931 2321 1045 2358 Capito)
1066 2323 1117 2359 pri·
1138 2312 1140 2350 l

273 2372 341 2388 mum
366 2362 447 2388 veluti
472 2361 590 2388 diversas
615 2368 700 2389 sectas
726 2363 851 2390 fecerunt.
877 2364 906 2390 l'r.
925 2366 948 2390 2.
973 2365 996 2398 5.
1018 2366 1058 2391 47.
1084 2365 1116 2391 de
1138 2358 1140 2362 Α

273 2406 306 2432 O.
327 2405 346 2431 l.
367 2407 386 2431 1.
408 2408 431 2431 2.
470 2406 523 2440 Qui
544 2405 662 2431 novellas
681 2411 706 2432 et
728 2406 858 2433 inauditas
877 2412 963 2434 sectas
981 2408 1117 2434 veteribus
1138 2400 1140 2435 1,

272 2447 445 2482 religionibus
469 2453 615 2484 opponunt.
645 2448 714 2475 Coll.
740 2449 792 2476 LL.
818 2450 851 2476 Μ.
875 2449 934 2476 XV.
957 2452 982 2476 3.
1023 2450 1118 2477 Cuius-
1138 2441 1140 2454 1

273 2500 374 2527 cunque
393 2491 427 2517 sit
447 2490 615 2522 conditionis,
635 2496 679 2517 aut
696 2497 791 2518 sectae.
812 2492 879 2519 Nor.
893 2492 943 2520 Th.
957 2493 988 2520 ll.
1003 2492 1036 2519 de
1049 2504 1118 2519 com-
1139 2491 1140 2516 1

273 2535 346 2570 petit.
368 2533 385 2559 l.
409 2535 447 2559 17.
468 2543 488 2559 c.
509 2536 532 2559 2.
554 2534 591 2567 55.
614 2536 634 2560 l.
655 2536 678 2560 3.
715 2534 895 2567 Christianus.
915 2536 957 2562 vel
978 2535 1118 2562 cuiuslibet

273 2581 359 2602 sectae
380 2576 465 2602 homo.
487 2575 536 2602 Th.
557 2576 588 2602 C.
608 2577 678 2604 XVI.
698 2580 722 2603 ὅ.
743 2588 763 2603 c.
783 2580 825 2604 22.
846 2578 878 2604 de
899 2578 951 2605 lud.
989 2579 1117 2606 Ecclesia-

274 2620 340 2649 stici,
361 2624 385 2645 et
406 2620 500 2645 caeteri
521 2619 664 2646 catholicae
684 2626 770 2647 sectae
783 2623 937 2647 servientes.
957 2621 995 2648 lb.
1009 2622 1079 2649 XVI.
1093 2625 1117 2648 2.
1139 2621 1141 2629 ⁴

275 2670 295 2686 c.
316 2664 339 2687 5.
360 2661 392 2687 dc
411 2663 490 2699 episc.
512 2662 575 2688 eccl.
595 2662 666 2689 XVI.
687 2666 710 2689 5.
731 2674 752 2690 c.
773 2665 814 2690 42.
839 2674 860 2690 c.
881 2666 922 2690 44.
949 2675 970 2691 c.
990 2667 1030 2691 57.
1051 2665 1073 2699 5.
1092 2667 1116 2691 2,

275 2703 307 2729 de
327 2703 422 2730 haeret.
1139 2711 1140 2753 1

308 2746 467 2774 sectari.
505 2749 535 2781 §.
557 2750 590 2775 1.
620 2750 730 2783 Sequi,
756 2751 875 2776 Colere.
913 2749 955 2776 111.
977 2751 1043 2777 Cn.
1063 2749 1118 2777 Hos
1139 2756 1140 2782 1

275 2793 390 2815 sectatus
409 2789 440 2814 ad
460 2790 558 2826 aliquid
578 2796 618 2818 cst
638 2792 740 2825 (Cato.)
761 2792 790 2818 t‘r.
810 2794 836 2818 2.
857 2793 880 2825 5.
898 2794 940 2819 38.
961 2792 993 2819 de
1013 2794 1045 2819 0.
1062 2793 1079 2820 1.
1096 2795 1116 2820 l.
1139 2785 1140 2816 1

274 2834 299 2857 2.
338 2831 561 2860 Christianitatem
582 2840 712 2862 sectantes
732 2836 909 2872 (propinqui.)
929 2834 979 2862 Th.
1000 2835 1030 2862 C.
1046 2836 1117 2863 XVI.
1139 2834 1141 2882 1

1196 2063 1467 2090 Secundarius.
1492 2063 1630 2095 (Adiect.)
1660 2065 1814 2098 Sequens.
1833 2065 2005 2089 Secundus.

1162 2106 1204 2132 Ill.
1219 2107 1285 2133 Cn.
1305 2105 1334 2132 ln
1352 2107 1494 2143 petitorem
1512 2116 1622 2143 corpora
1637 2106 1836 2138 transferantur,
1854 2104 2007 2131 secundaria

1163 2150 1266 2176 actione
1285 2150 1456 2186 proprietatis
1476 2159 1528 2175 non
1553 2149 1667 2175 exclusa.
1693 2149 1742 2175 Th.
1763 2148 1794 2175 C.
1815 2147 1858 2174 lV.
1878 2149 1919 2174 21.
1941 2158 1961 2174 c.
1985 2150 2006 2175 1.

1162 2193 1183 2227 5.
1207 2195 1232 2219 2.
1262 2192 1345 2228 Quor.
1372 2192 1463 2218 bonor.
1502 2191 1666 2218 Secundario
1694 2195 1835 2229 praecepto
1864 2191 2006 2228 impertire.

1162 2235 1198 2262 lb.
1218 2236 1251 2262 X.
1270 2237 1294 2261 9.
1315 2245 1336 2260 c.
1356 2237 1380 2260 2.
1401 2234 1434 2261 de
1453 2235 1585 2272 incorpor.

1197 2278 1503 2306 secundicerius.
1544 2280 1606 2310 Qui
1625 2279 1758 2304 secundo
1774 2279 1882 2311 gradu
1900 2283 1947 2303 eat
1967 2277 2006 2310 (in

1163 2327 1235 2349 certo
1249 2322 1341 2348 ordine
1360 2320 1531 2354 officiorum.)
1563 2321 1592 2347 ll.
1608 2322 1675 2354 (Dp.
1696 2319 1873 2345 Primicerius.
1889 2335 1921 2339 —-
1942 2319 2006 2346 Ter-

1138 2373 1140 2397 :
1163 2366 1296 2391 tiocerius.
1321 2380 1353 2384 —
1378 2363 1577 2399 Quartocerius.
1609 2373 1630 2389 e.
1655 2364 1678 2388 2.
1704 2361 1736 2388 de
1761 2364 1891 2399 primicer.
1918 2364 1957 2389 12.
1982 2365 2005 2389 7.

1163 2418 1182 2434 c.
1204 2410 1226 2434 7.
1252 2409 1274 2442 5.
1296 2410 1317 2434 l.
1344 2407 1376 2433 de
1400 2407 1478 2444 palat.
1505 2406 1531 2432 S.
1552 2405 1630 2441 largg.
1658 2407 1696 2430 12.
1722 2407 1763 2431 24.
1810 2404 2006 2432 Primiceriatus

1138 2476 1140 2485 A
1161 2451 1262 2478 solatia.
1281 2466 1307 2470 ·-
1329 2449 1510 2476 secundicerii
1530 2449 1612 2474 locuS.
1634 2458 1654 2474 c.
1669 2450 1692 2474 ⁴l.
1713 2448 1745 2474 de
1759 2448 1895 2475 dmm-stin.
1911 2451 1950 2475 12.
1966 2450 2005 2490 17.

1162 2493 1212 2520 Th.
1233 2494 1263 2520 C.
1284 2493 1316 2519 X.
1339 2495 1378 2519 10.
1399 2503 1420 2519 c.
1440 2494 1480 2518 21.
1501 2491 1533 2517 de
1553 2492 1627 2528 petit.
1649 2496 1673 2516 et
1693 2491 1763 2517 ultro
1782 2491 1834 2518 dat.

1196 2537 1382 2564 Secundo.
1402 2534 1495 2567 (Adv.)
1517 2536 1643 2560 lterum.
1674 2533 1715 2560 III.
1731 2536 1797 2562 (711.
1817 2534 1951 2566 Secundo,
1964 2534 2006 2560 vel

1163 2581 1250 2611 tertio,
1270 2578 1440 2615 (suscipere.)
1460 2587 1481 2603 c.
1502 2579 1525 2603 4.
1547 2577 1579 2603 tle
1598 2587 1666 2603 serv.
1687 2577 1759 2613 fugit.
1780 2579 1802 2603 6.
1826 2579 1846 2603 l.

1197 2622 1424 2649 Secundum.
1457 2620 1617 2657 (Praepos.)
1655 2621 1686 2653 ξ.
1702 2621 1736 2646 1.
1757 2622 1873 2654 Prope,
1895 2621 2004 2646 quta.

1163 2665 1180 2691 1.
1194 2666 1255 2699 Sy.
1276 2665 1368 2701 Prope.
1390 2663 1419 2690 sr.
1441 2665 1463 2690 7.
1484 2663 1521 2697 55.
1541 2665 1564 2689 3.
1582 2666 1606 2689 5.
1628 2663 1656 2689 l'r.
1670 2665 1711 2689 29.
1732 2663 1762 2689 l'r.
1775 2665 1816 2689 30,
1837 2664 1859 2697 5.
1877 2665 1896 2689 Ι.
1917 2663 1947 2689 t'r.
1961 2663 2003 2687 38.

1163 2707 1195 2733 de
1215 2708 1246 2734 A.
1266 2707 1297 2734 R.
1317 2707 1350 2733 D.
1370 2708 1411 2733 «11.
1434 2709 1454 2733 l.
1493 2706 1535 2732 111.
1551 2707 1617 2734 Gn.
1638 2705 1692 2731 Nec
1712 2715 1764 2732 see.
1785 2707 1878 2737 rivum,
1897 2715 1945 2731 nec
1962 2713 2004 2730 su-

1162 2760 1208 2787 pra
1233 2759 1298 2776 eum.
1324 2748 1353 2775 l'r.
1381 2751 1418 2775 ll.
1445 2759 1483 2786 pr.
1508 2759 1599 2775 comm.
1625 2748 1713 2785 praed.
1738 2750 1761 2775 8.
1787 2750 1810 2774 4.
1848 2748 1905 2775 Sec.
1929 2747 2004 2773 cuius

1163 2793 1289 2830 parit-tem
1309 2793 1429 2825 (vicinus
1449 2791 1620 2819 sterculinum
1640 2791 1764 2824 fecerat.)
1785 2791 1815 2818 fr.
1837 2793 1875 2817 17.
1896 2790 1917 2823 5.
1937 2791 1960 2815 2.
1981 2790 2004 2815 si

1163 2836 1252 2862 servit.
1273 2836 1297 2861 8.
1317 2837 1340 2861 5.
1368 2852 1395 2856 —
1423 2836 1454 2869 §.
1475 2837 1511 2862 2.
1539 2837 1594 2865 Ad,
1622 2836 1865 2861 Convenienter.
1902 2831 1920 2858 l.
1940 2833 2003 2866 Sy.
