2197 3121
996 149 1095 180 NEC.

187 234 315 270 chuirat
333 234 497 261 necessarios
516 232 620 270 pupilli,
639 231 682 258 vel
702 236 832 268 pareutcS.
854 230 897 257 vel
916 230 1028 258 libertos

188 276 291 313 aliquos
310 276 413 305 fideles.
432 276 473 302 vel
495 286 571 313 quem
590 274 668 301 alium
688 275 732 310 qui
746 274 864 300 notitiam
877 283 963 300 rerum
982 284 1029 311 pu-

188 319 320 356 pillarium
334 319 419 346 habet.
440 318 469 345 fr.
483 321 506 345 5.
527 319 548 352 ξ
564 319 604 343 11.
624 316 656 343 (10
674 317 728 343 reb.
749 327 801 343 eor.
822 326 865 352 qu.
885 326 905 343 S.
926 321 973 343 tut.
987 319 1029 343 27.

188 363 212 389 9.
250 361 396 399 Suspectos
416 361 500 389 facere
519 365 653 387 curatores
673 369 745 387 5005.
761 375 792 379 —-
811 358 951 385 dummodo
971 359 1030 392 (ex)

189 404 301 431 consilio
325 405 533 432 necessariorum
557 402 583 429 id
609 402 711 429 faciant.
737 402 767 428 sr.
787 404 810 429 7.
834 411 874 438 pr.
900 401 932 427 de
955 411 1029 438 susp.

188 452 237 474 tut.
256 448 298 473 26.
320 449 358 474 10.
395 447 435 474 Ex
455 446 517 473 dote
537 445 698 483 expendere,
718 450 746 472 ut
765 455 778 471 a
797 444 944 470 latronibus
964 444 1031 470 redi-

188 495 272 516 meret
290 491 451 516 necessarias
470 489 573 516 mulieri
586 498 722 526 personas.
742 487 773 514 fr.
787 489 830 513 21.
850 486 899 513 sol.
919 486 1029 514 mat'rim.

189 534 232 559 24.
251 535 275 559 3.

224 577 398 602 Necesse.
436 574 565 608 (Adiect.)
603 574 838 600 Necessarium.
878 573 946 599 Non
965 574 1031 598 evi-

191 620 330 645 tandum.
367 617 386 644 1.
406 619 467 652 Sy.
492 617 652 643 Necessitas.
678 616 708 642 fr.
726 617 750 641 2.
776 615 813 648 ἐξ.
835 616 858 641 9.
881 617 919 641 11.
944 614 976 641 de
996 615 1029 641 Ο.

190 660 209 687 I.
230 663 251 687 L
270 663 294 687 2.
319 660 349 687 sr.
371 662 393 687 1.
418 661 456 694 §§.
478 662 499 686 1.
520 670 559 696 sq.
583 662 607 685 4.
632 659 683 694 Qu.
703 663 769 685 seut.
790 658 847 684 sine.
867 668 925 694 app.
946 659 986 684 49.
1006 658 1030 684 8.

190 702 374 730 Necessarium
388 703 481 736 (esse.)
500 702 613 729 Debere.
634 702 773 738 Oportere.
795 700 825 727 [Γ.
839 701 863 727 8.
883 701 919 734 §§
936 702 974 726 13.
991 702 1031 727 15.

189 756 231 782 sq.
251 746 283 772 de
301 742 424 773 transact.
444 748 468 772 2.
489 747 528 772 15.
549 744 578 771 fr.
594 746 635 770 21.
655 744 676 777 ξ.
695 746 719 770 2.
740 743 773 769 de
792 742 824 769 N.
844 742 876 769 G.
895 745 919 769 3.
939 745 963 769 5.
1001 743 1031 769 11.

191 790 258 823 Op.
278 789 363 816 Etiam
377 798 464 826 posse.
480 804 511 808 —-
531 787 646 814 Omnino
661 796 716 813 nec.
732 786 837 812 habere.
855 796 876 812 c.
893 788 913 812 l.
934 786 1031 822 Quom.

190 836 216 858 et
235 842 277 868 qu.
296 832 350 858 iud.
371 834 393 857 7.
414 833 455 857 453.
492 830 535 857 111.
557 831 622 858 Cn.
643 829 706 856 Lata
726 834 766 855 est
785 828 838 860 lex,
853 844 884 848 —
905 839 955 865 qua
975 838 1032 855 can·
1054 836 1055 852 ³

189 879 244 901 tum
264 879 312 906 est.
326 891 355 895 —-
369 875 457 910 itaque
476 884 530 900 nec.
551 877 598 904 est,
623 877 651 898 ut
670 877 718 898 etc.
743 871 913 898 Gai.11.227.
952 871 1032 906 Quod

190 918 242 954 ipsi
262 928 308 954 per
328 927 376 943 1105
392 933 423 936 -
438 926 513 952 agere
531 925 681 952 possumus,
702 915 752 941 hoc
772 925 824 941 non
845 919 885 941 est
904 924 959 940 nec.
975 924 1032 940 cum

190 960 289 986 maiore
308 959 464 986 difficultate
485 975 514 979 --
536 968 668 994 quaerere.
688 957 771 984 lb.11.
791 960 832 984 25.
870 957 926 984 Nec
945 956 1033 994 adpel-

191 1001 246 1029 lare
265 1013 320 1029 nec.
341 1008 395 1033 est,
419 1007 445 1028 et
471 1003 533 1028 citra
553 1002 768 1039 provocationem
787 1001 934 1037 corrigitur.
958 1000 989 1026 fr.
1010 1002 1032 1026 l.

191 1045 214 1079 ξ.
235 1047 256 1071 l.
283 1045 336 1080 Qu.
354 1050 418 1071 seut.
443 1045 500 1071 siue
519 1054 578 1081 app.
599 1046 639 1070 49.
660 1045 683 1070 8.
721 1043 781 1069 Non
806 1049 891 1070 autem
914 1053 970 1069 nec.
991 1042 1035 1069 ha-

191 1087 266 1114 bebit
284 1093 425 1125 praestare.
446 1088 547 1113 etiamsi
566 1091 663 1124 potest.
683 1086 713 1113 [ι’.
729 1088 752 1112 6.
772 1096 811 1123 pr.
832 1086 864 1113 de
884 1095 987 1121 agnose.
1009 1090 1034 1112 et

192 1130 277 1157 alend.
290 1133 333 1157 25.
346 1133 369 1157 3.
406 1129 440 1161 15,
461 1131 502 1156 cui
522 1129 565 1162 [al.
581 1130 636 1166 qui]
658 1139 750 1166 parcre
769 1139 825 1155 nec.
845 1129 933 1160 babet,
953 1138 974 1155 s.
993 1129 1034 1155 cui

192 1184 284 1211 parere
303 1183 358 1200 nec.
378 1174 420 1199 sit.
441 1172 470 1199 l‘r.
491 1174 549 1198 167.
570 1172 583 1205 ξ
613 1174 634 1198 1.
660 1172 688 1198 sr.
711 1173 767 1198 169.
788 1182 826 1209 pr.
852 1171 884 1198 de
903 1171 934 1198 11.
953 1171 972 1198 I.
991 1173 1034 1198 50.

193 1217 234 1242 17.
271 1215 363 1248 Yltra,
389 1226 466 1252 quam
491 1226 546 1241 nec.
571 1215 663 1241 fuerat.
688 1215 719 1241 fr.
739 1216 780 1241 79.
805 1215 829 1249 ξ.
849 1217 872 1241 1.
897 1214 929 1240 de
953 1213 986 1241 V.
1006 1213 1033 1240 S.

191 1260 233 1285 50.
248 1259 288 1285 16.

226 1301 454 1330 Necessitas.
479 1301 510 1334 §.
522 1301 556 1327 1.
578 1302 781 1335 ίόηιμιιίεἰο,
802 1302 956 1331 Coactio,
977 1301 1035 1327 Ob-

191 1346 328 1380 ligatio.
364 1343 383 1370 1.
403 1345 464 1378 Sy.
486 1343 603 1369 Necesse
622 1344 703 1376 (esse,
723 1353 747 1369 v.
766 1342 884 1375 habere.)
905 1342 945 1370 Cf.
966 1343 991 1370 h.
1010 1353 1034 1369 v.

192 1386 369 1424 Compellerc.
406 1386 598 1413 Necessitatem
618 1387 761 1423 imponere.
781 1386 812 1412 fr.
826 1388 849 1412 2.
869 1386 890 1420 ᾗ.
904 1388 928 1413 3.
948 1386 980 1412 de
999 1387 1036 1413 iu-

193 1429 243 1457 dic.
263 1432 286 1456 5.
307 1431 329 1456 1.
358 1429 415 1456 Vis.
434 1429 586 1456 Necessitas
606 1430 729 1466 imposita
749 1430 878 1455 contraria
897 1429 1035 1456 voluntati.

191 1472 223 1499 fr.
239 1474 261 1498 l.
282 1472 334 1508 Qu.
354 1478 414 1499 met.
435 1483 455 1499 0.
470 1474 485 1498 4
507 1474 530 1498 2.
559 1471 591 1498 II.
607 1474 670 1505 011.
690 1471 821 1498 Voluntas
840 1473 880 1505 (et
899 1472 1035 1504 officium.)

192 1515 224 1542 fr.
244 1516 285 1541 26.
306 1515 326 1549 ξ.
347 1517 370 1542 9.
392 1526 424 1542 ex
444 1526 486 1552 qu.
508 1526 528 1541 c.
548 1516 605 1541 mai.
626 1517 649 1541 4.
669 1517 693 1541 6.
714 1515 744 1541 1“1·.
766 1517 805 1541 17.
825 1516 847 1548 ξ.
863 1517 886 1541 3.
908 1515 1035 1542 commod.

194 1560 234 1585 13.
254 1559 278 1584 6.
297 1558 329 1584 fr.
350 1560 372 1584 1.
392 1559 414 1592 ξ.
434 1561 457 1584 2.
478 1558 569 1595 depos.
591 1559 630 1592 16.
651 1560 674 1584 3.
700 1558 729 1584 fr.
752 1559 791 1584 18.
811 1558 844 1584 (10
863 1558 940 1585 adim.
958 1559 1036 1595 legat.

193 1602 236 1627 34.
255 1604 278 1627 4.
316 1601 475 1632 Arbitrium.
497 1601 660 1627 Cousensus.
681 1600 711 1627 fr.
733 1602 774 1626 40.
794 1600 826 1627 de
846 1600 898 1627 LL.
920 1603 942 1628 1.
961 1603 986 1628 3.
1006 1601 1036 1628 fr.

195 1645 236 1670 50.
257 1643 289 1670 de
308 1642 339 1670 R.
360 1643 391 1670 N.
411 1646 453 1670 23.
467 1646 490 1670 2.
511 1644 540 1670 fr.
554 1645 596 1670 52.
617 1654 656 1680 pr.
677 1644 699 1677 ς’.
719 1645 741 1670 T.
762 1643 794 1670 de
814 1644 847 1670 Ο.
868 1649 892 1670 et
912 1645 943 1671 A.
958 1646 998 1671 44.
1014 1646 1036 1670 7.

195 1685 360 1713 Liberalitas.
381 1686 411 1713 l'r.
430 1688 471 1713 33.
492 1686 524 1713 de
544 1687 599 1713 iure
620 1686 672 1712 dot.
693 1688 734 1713 23.
754 1688 777 1714 3.
816 1687 974 1719 Cernendo,
995 1692 1038 1713 aut

196 1739 244 1766 pro
264 1729 360 1756 herede
381 1729 510 1765 gerendo,
530 1745 560 1749 —
581 1729 648 1756 luris
673 1730 831 1756 necessitate
855 1729 947 1762 (heres
971 1730 1037 1761 fieri.

196 1782 217 1798 5.
237 1771 375 1798 hereditati
393 1771 540 1808 adstringi.)
561 1772 617 1798 Gai.
632 1772 674 1799 111.
689 1774 730 1799 87.
768 1772 810 1798 III.
830 1774 896 1800 Gn.
921 1772 974 1808 Qui
994 1772 1038 1798 ali-

196 1824 246 1851 qua
273 1815 430 1840 necessitate
458 1820 582 1851 urgente,
611 1815 653 1841 v‹·l
681 1816 848 1841 necessitatis
877 1816 1037 1852 suspicione.

213 1857 320 1893 gessit.)
345 1872 375 1876 -
402 1857 455 1892 Qui
475 1862 584 1894 sponte.
609 1863 634 1883 et
653 1858 724 1884 nulla
744 1859 901 1884 necessitate
921 1862 1037 1894 cogente²

197 1900 355 1932 (immiscuit
375 1901 428 1932 se.)
452 1899 481 1926 l'r.
501 1901 525 1926 3.
549 1901 570 1934 §-
592 1902 631 1926 10.
657 1900 689 1926 (10
713 1900 744 1927 N.
765 1901 796 1927 G.
820 1903 843 1927 3.
863 1904 887 1927 5.
908 1900 939 1927 cf.
964 1900 993 1926 l'r.
1013 1902 1037 1926 2.
1059 1894 1061 1908 ⁴

196 1942 218 1976 §.
239 1946 262 1968 ὅ.
283 1943 306 1968 51
325 1952 368 1979 qu.
389 1946 467 1968 cauit.
487 1945 510 1968 2.
527 1944 566 1968 11.
587 1942 616 1968 l'r.
630 1945 690 1969 214.
711 1944 743 1970 de
757 1943 787 1970 V.
803 1943 830 1970 S.
845 1946 885 1970 50.
902 1945 941 1969 16.
968 1942 1039 1969 Haec

197 1995 240 2012 res
261 1984 343 2011 libera
369 1990 394 2011 et
418 1984 505 2011 soluta
530 1990 582 2012 est.
612 1991 637 2012 et
661 1992 733 2013 extra
756 1988 941 2013 necessitatem
964 1987 1040 2012 iuris-

198 2027 322 2054 dictionis
346 2029 440 2065 posita.
465 2028 495 2055 l'r.
515 2030 539 2054 3.
564 2029 585 2062 §.
607 2030 628 2055 l.
648 2028 680 2055 de
705 2039 756 2055 rec.
777 2039 819 2065 qu.
844 2029 897 2055 arb.
918 2031 941 2055 4.
962 2030 985 2055 ὅ.
1006 2028 1038 2055 cf.

198 2070 229 2097 fr.
249 2072 287 2097 16.
308 2071 330 2104 ξ.
349 2073 373 2097 2.
401 2071 433 2097 de
453 2076 533 2097 curat.
557 2070 647 2098 surius.
668 2074 709 2098 27.
731 2074 769 2098 10.
808 2071 867 2098 Non
893 2082 940 2099 suo
964 2073 1039 2103 vitio,

200 2112 247 2139 sed
265 2115 423 2140 necessitate
442 2115 515 2145 iuris,
535 2114 677 2147 (bonorum
697 2115 875 2141 venditionem
887 2115 962 2152 pati.)
982 2114 1039 2140 Gai.

200 2155 231 2181 11.
252 2158 308 2182 154.
350 2156 443 2183 0111011
466 2159 610 2183 necessitas
639 2162 664 2184 et
688 2159 785 2184 tutoris
809 2157 875 2184 fides
900 2160 1040 2190 (excusata
1062 2170 1063 2174 ¹

203 2207 261 2224 esse
280 2199 377 2233 debet)
398 2200 428 2227 fr.
442 2202 482 2226 22.
499 2200 529 2226 cf.
551 2200 580 2226 sr.
595 2202 619 2226 5.
640 2200 661 2234 ξ.
677 2202 716 2227 13.
736 2200 769 2227 (10
787 2200 812 2227 h.
833 2211 875 2237 qu.
895 2205 924 2226 ut
942 2200 1039 2235 indign.

202 2242 243 2266 34.
262 2242 288 2267 9.
323 2241 434 2275 Servos,
460 2253 517 2269 cum
542 2243 655 2269 dominis
675 2245 730 2270 suis
754 2248 859 2282 parent,
884 2244 1041 2270 necessitate

202 2285 342 2320 potestatis
366 2287 494 2314 excusarI.
517 2285 547 2312 fr.
569 2288 608 2312 15.
633 2287 655 2320 ξ.
674 2288 698 2313 3.
723 2286 755 2312 de
774 2286 804 2313 L.
824 2286 905 2313 Corn.
931 2285 964 2312 de
983 2285 1040 2312 sals.

203 2328 245 2352 48.
261 2328 301 2352 10.
338 2326 397 2353 'Non
415 2328 495 2356 libera
509 2328 644 2355 voluntate
658 2330 812 2365 exsequitur
830 2339 883 2355 rem
902 2329 954 2355 sibi
972 2338 1041 2355 man-

204 2369 298 2400 datam.
317 2369 364 2395 sed
384 2372 456 2406 quasi
477 2382 509 2398 ex
528 2373 685 2399 necessitate
704 2371 802 2398 servili.
822 2372 851 2399 I'rv
869 2373 908 2398 19.
928 2372 950 2405 §.
964 2373 987 2397 2.
1008 2371 1041 2398 de

204 2411 236 2438 N.
257 2412 288 2438 G.
305 2413 329 2438 3.
348 2413 372 2438 5.
409 2411 468 2439 Non
487 2415 585 2451 imponi
604 2416 787 2441 necessitatem
805 2413 984 2447 (Proconsuli,
1003 2424 1040 2440 sc.

204 2453 389 2491 suscipiendae
408 2457 563 2491 cognitionis
583 2460 644 2489 etc.)
664 2458 693 2484 fr.
707 2459 730 2484 8.
745 2468 785 2494 sq.
806 2457 837 2484 de
857 2458 900 2484 off.
915 2457 1002 2484 Praes.
1018 2459 1040 2484 l.

206 2498 246 2523 18.
267 2497 298 2523 cl'.
318 2496 348 2524 fr.
368 2499 391 2523 4.
412 2498 433 2531 ᾗ,
453 2500 476 2524 5.
501 2498 533 2525 de
552 2500 594 2526 off.
613 2500 688 2527 Proc.
709 2506 734 2527 et
752 2500 813 2537 Leg.
836 2502 857 2526 1.
878 2501 917 2526 16.
956 2500 1041 2526 Iniun-

205 2541 275 2576 gitur
293 2541 438 2566 necessitas
457 2540 535 2567 dandi
555 2542 789 2578 (magistratibus)
814 2543 844 2569 fr.
863 2545 886 2569 2.
907 2544 928 2577 ξ.
947 2544 990 2569 23.
1010 2542 1041 2569 ad
1062 2541 1064 2554 ’

207 2582 272 2609 S.C.
293 2582 365 2609 Tert.
383 2584 424 2609 38.
446 2585 485 2610 17.
522 2583 657 2611 Subiicere
680 2587 793 2623 aliquem
816 2587 967 2613 necessitati
987 2587 1043 2618 (sa-

206 2625 383 2658 tisdationis.)
407 2625 437 2652 fr.
457 2628 498 2652 31.
517 2637 556 2663 pr.
581 2626 613 2653 de
636 2629 691 2655 reb.
714 2635 779 2656 auct.
799 2629 852 2656 iud.
872 2631 913 2655 42.
933 2631 956 2655 5.
994 2628 1043 2655 Re-

206 2669 275 2695 mitti
303 2669 484 2695 necessitatem
503 2669 652 2701 (iudicandi
671 2673 735 2704 etc.)
758 2672 788 2699 fr.
808 2674 849 2698 46.
869 2672 902 2698 de.
920 2671 998 2698 indic.
1019 2674 1042 2698 5.

208 2713 232 2737 1.
251 2711 281 2738 fr.
301 2713 342 2738 35.
363 2711 394 2737 de
413 2711 498 2738 fideic.
518 2711 582 2738 libb.
596 2714 637 2738 40.
651 2714 674 2738 5.
695 2713 750 2741 Gai.
770 2714 788 2741 I.
809 2717 895 2742 ll5.a.
932 2715 981 2741 Est
1000 2714 1044 2741 ali-

209 2755 251 2781 cui
275 2755 432 2786 necessitas.
457 2754 558 2781 Habere
582 2756 765 2783 necessitatem
784 2757 958 2791 (defendendi
977 2758 1043 2791 etc.)

1051 233 1052 240 ¹
1074 231 1105 258 sr.
1124 232 1167 258 30.
1186 230 1219 257 de
1243 230 1319 257 cond.
1345 237 1370 257 et
1394 231 1458 258 dem.
1478 233 1520 258 35.
1541 234 1563 258 1.

209 2796 240 2823 fr.
259 2798 283 2824 4.
308 2799 331 2824 si
356 2808 387 2824 ex
411 2807 472 2824 nox.
499 2808 518 2825 c.
539 2801 561 2825 2.
582 2800 605 2825 9.
634 2798 664 2825 fr.
685 2800 708 2825 4.
732 2809 770 2836 pr.
795 2799 827 2827 (10
849 2800 880 2827 R.
904 2800 935 2828 C.
961 2803 1000 2827 12.
1022 2803 1044 2828 l.

1851 154 1912 183 617

1600 231 1771 258 Necessariae.
1796 232 1848 265 (sc.
1869 233 1914 259 im-

1075 274 1201 311 pensae.)
1226 284 1292 310 quae
1315 274 1412 301 babent
1436 276 1462 301 in
1487 285 1515 301 se
1535 276 1718 301 necessitatem
1737 275 1913 312 impendendi.

1074 317 1104 343 [ι’.
1125 319 1147 343 1.
1167 317 1189 351 ξ.
1209 318 1232 343 l.
1253 316 1285 343 de
1304 318 1413 354 impens.
1438 319 1464 344 in
1483 328 1525 344 res
1546 318 1599 344 dot.
1618 320 1660 344 25.
1682 320 1703 344 l.
1741 317 1782 344 Ex
1802 319 1915 344 necessi-

1074 365 1126 386 tate
1146 359 1264 393 (facere.)
1285 359 1314 386 [ι’.
1333 362 1375 386 33.
1395 362 1416 394 ᾗ.
1437 363 1460 386 5.
1481 360 1513 386 (10
1532 370 1634 397 procur.
1654 362 1678 387 3.
1697 362 1721 386 3.
1742 360 1772 386 fr.
1794 362 1834 386 15.
1854 361 1875 394 §
1892 362 1914 386 l.

1074 403 1106 429 de
1124 402 1156 429 R.
1176 401 1209 429 V.
1228 404 1251 428 6.
1273 404 1295 429 l.
1315 402 1345 429 fr.
1367 405 1406 429 17.
1426 403 1459 429 dc
1477 404 1594 440 sponsal.
1614 405 1654 429 23.
1671 405 1736 429 1.-
1757 404 1788 437 ξ.
1803 405 1838 429 2.
1859 405 1915 430 Pe-

1074 447 1257 477 riclitatz'o,
1278 446 1470 473 Discrimen.
1508 446 1551 472 III.
1570 448 1635 474 Cn.
1654 445 1742 472 Variis
1761 445 1916 472 Praesidum

1075 488 1307 525 occupationibus,
1335 488 1377 514 vel
1402 490 1478 515 etiam
1503 489 1617 515 civilium
1637 489 1784 515 officiorum
1803 489 1916 515 necessi-

1075 532 1172 558 tatibus
1198 531 1319 558 districti.
1343 530 1374 557 fr.
1396 533 1435 557 15.
1459 532 1481 564 ξ,
1506 533 1529 558 5.
1555 532 1587 558 ad
1611 531 1676 558 S.C.
1703 531 1785 569 Turp.
1809 533 1849 558 48.
1875 532 1915 557 16.

1076 574 1226 601 Secundum
1250 574 1433 600 necessitatem
1453 579 1599 611 temporum
1625 585 1654 601 ac
1673 584 1767 607 rerum,
1788 573 1915 607 (utilibus

1076 617 1177 644 inutilia
1196 618 1366 654 permutare.)
1384 616 1414 643 fr.
1436 619 1457 643 l.
1478 616 1510 643 de
1530 622 1613 643 contr.
1634 622 1691 643 emt.
1714 618 1753 643 18.
1770 619 1792 643 1.
1813 616 1845 643 cf.
1865 616 1915 643 Th.

1076 661 1107 687 C.
1126 660 1194 687 Vlll.
1215 662 1238 685 5.
1263 670 1284 685 c.
1308 661 1345 685 16.
1369 659 1390 693 ξ.
1413 661 1434 686 1.
1459 659 1491 686 de
1511 670 1589 686 cursu
1608 659 1670 697 pub.
1707 659 1763 685 Vsu
1788 660 1916 696 exigente,

1077 709 1101 730 et
1125 703 1245 729 humanis
1273 702 1484 729 necessitatibus.
1513 704 1534 737 ξ.
1557 706 1581 730 2.
1606 702 1623 729 l.
1649 702 1680 729 de
1704 702 1721 728 1.
1742 702 1773 729 N,
1799 704 1820 728 1.
1839 704 1862 728 2.
1884 702 1916 728 cf.

1077 748 1098 781 ξ.
1115 748 1155 773 13.
1176 746 1193 772 I.
1214 745 1246 772 de
1266 750 1367 771 testam.
1388 745 1444 771 ord.
1462 748 1486 772 2.
1508 748 1546 772 10.
1585 744 1757 781 Quorundam
1777 746 1918 771 necessita-

1076 790 1147 816 tibus
1168 788 1269 815 facilius
1295 798 1470 814 succursui-us
1489 789 1542 822 (sc.
1563 788 1673 820 iudex.)
1697 787 1859 824 quorundam
1879 797 1918 814 ae-

1077 832 1209 868 gritudini
1237 831 1267 858 sr.
1287 833 1310 857 5.
1335 831 1356 864 ξ.
1376 833 1399 857 2.
1420 831 1452 857 de
1471 841 1526 868 agn.
1547 836 1572 857 et
1590 830 1674 857 alend.
1693 833 1735 856 25.
1755 832 1778 856 3.
1800 830 1830 856 cf.
1851 830 1872 863 ξ.
1892 831 1917 856 6.

1078 875 1095 901 I.
1120 875 1152 901 de
1176 879 1256 901 curat.
1277 876 1299 900 l.
1318 875 1360 899 23.
1403 874 1456 909 Qui
1480 873 1702 911 contemplatione
1725 877 1856 899 extremae
1874 883 1917 899 ne-

1078 919 1217 949 cessitatis.
1238 922 1281 943 aut
1300 916 1481 943 alimentorum
1499 918 1588 953 gratia,
1609 917 1692 949 (lilios
1711 926 1775 942 suos
1794 915 1918 942 vendide-

1078 962 1151 993 rint.)
1175 959 1247 986 Paul.
1267 959 1298 986 V.
1321 962 1342 986 l.
1367 960 1389 993 ξ.
1410 961 1432 985 1.
1469 959 1534 985 Rem
1553 959 1679 989 abiicere,
1699 958 1741 985 vel
1760 960 1919 985 necessitate

1079 1005 1115 1030 rci
1135 1003 1282 1033 familiaris,
1307 1001 1350 1028 vel
1370 1002 1418 1028 alia
1438 1012 1528 1034 causa,
1553 1003 1617 1038 cogi.
1639 1002 1668 1029 fr.
1688 1003 1730 1028 36.
1750 1002 1771 1035 ξ.
1792 1003 1815 1027 1.
1834 1001 1918 1028 mand.

1081 1049 1118 1073 17.
1135 1048 1158 1072 l.
1174 1046 1205 1073 cs.
1225 1046 1255 1072 fr.
1270 1047 1294 1072 2.
1314 1046 1334 1079 ξ.
1352 1047 1372 1072 l.
1394 1044 1425 1071 de
1445 1046 1501 1071 iure
1520 1046 1624 1071 immun.
1639 1047 1680 1071 50.
1694 1046 1717 1071 6.
1737 1043 1820 1070 Vatic.
1841 1044 1862 1077 ξ.
1875 1045 1918 1070 26.

1078 1089 1219 1126 Pauperes,
1232 1093 1257 1114 et
1268 1089 1348 1125 positi
1360 1089 1385 1114 in
1399 1088 1610 1114 necessitatibus.
1630 1087 1679 1114 Th,
1692 1087 1722 1114 C.
1736 1086 1806 1113 XIII.
1822 1088 1843 1113 l.
1864 1097 1884 1113 c.
1895 1088 1918 1112 5.

1079 1131 1110 1159 de
1130 1132 1205 1158 lustr.
1230 1131 1318 1157 collat.
1356 1130 1385 1157 Si
1409 1140 1476 1167 quos
1501 1130 1568 1156 forte
1592 1131 1735 1156 necessitas
1759 1130 1919 1166 captivitatis

1080 1175 1197 1202 abduxit.
1226 1174 1263 1200 Ib.
1283 1173 1314 1200 V.
1341 1175 1364 1200 5.
1392 1184 1413 1199 c.
1436 1175 1457 1199 l.
1483 1173 1514 1199 cs.
1541 1184 1562 1199 c.
1582 1175 1606 1199 2.
1632 1183 1670 1209 pr.
1696 1172 1728 1198 de
1751 1171 1867 1209 postlim.
1887 1186 1920 1190 —

1080 1219 1109 1251 ἓ.
1123 1220 1160 1245 3.
1181 1219 1271 1250 Quod
1286 1218 1415 1251 publice
1431 1218 1664 1250 praestandum
1684 1221 1743 1246 est,
1763 1217 1811 1241 vel
1829 1224 1920 1249 agen-

1079 1264 1156 1287 dum.
1194 1260 1211 1286 I.
1230 1261 1292 1294 Sy.
1312 1259 1395 1285 Actus
1415 1258 1550 1296 (publici.)
1570 1257 1718 1287 Vtilitates‚
1738 1256 1920 1283 Necessitates

1080 1303 1245 1341 (publicae.)
1271 1313 1291 1329 c.
1314 1304 1338 1328 4.
1363 1301 1396 1328 de
1420 1301 1551 1328 adsessor.
1579 1302 1601 1327 l.
1621 1302 1661 1326 51.
1688 1299 1738 1326 Th.
1759 1299 1789 1325 C.
1809 1299 1878 1325 XIII.
1897 1301 1920 1326 7.

1081 1357 1102 1373 c.
1121 1348 1144 1372 2.
1165 1346 1197 1372 de
1216 1345 1301 1372 navib.
1322 1355 1347 1371 n.
1368 1355 1456 1371 exous.
1494 1344 1609 1375 Munera,
1630 1343 1807 1369 Necessitates
1826 1342 1921 1375 (curia-

1081 1391 1157 1417 rum.)
1178 1388 1214 1414 lh.
1234 1387 1290 1414 XII.
1312 1390 1334 1414 1.
1356 1398 1376 1414 c.
1399 1389 1438 1414 16.
1459 1397 1498 1423 sq.
1519 1397 1540 1413 c.
1559 1388 1599 1413 46.
1621 1397 1642 1413 c.
1661 1388 1702 1412 57.
1723 1396 1744 1412 c.
1764 1386 1805 1411 65.
1825 1395 1846 1411 c.
1864 1386 1923 1411 177.

1081 1442 1119 1469 pr.
1140 1431 1172 1458 de
1186 1431 1320 1458 decurion.
1341 1430 1466 1457 Collatio.
1486 1429 1674 1456 Necessitates.
1693 1429 1730 1455 111.
1743 1428 1824 1455 X1.1.
1845 1438 1866 1454 c.
1882 1429 1922 1453 15.

1081 1475 1114 1502 de
1138 1485 1232 1501 aunon.
1256 1479 1281 1500 et
1305 1473 1395 1500 tribut.
1440 1472 1481 1499 111.
1503 1474 1568 1500 011.
1593 1472 1744 1499 Necessitas
1769 1481 1798 1498 ac
1817 1471 1922 1497 devotio

1081 1519 1132 1551 (rei
1152 1518 1329 1548 annonariae.)
1355 1516 1391 1542 lb.
1411 1516 1456 1542 XI.
1480 1517 1500 1541 l.
1521 1525 1542 1541 e.
1561 1516 1602 1541 29.
1623 1515 1655 1541 de
1675 1524 1768 1540 aunon.
1789 1519 1814 1540 et
1832 1514 1922 1540 tribut.

1082 1560 1236 1587 Commodis
1252 1559 1365 1597 publicis
1380 1564 1405 1585 et
1423 1559 1528 1584 statutis
1542 1557 1744 1584 necessitatibus
1758 1556 1923 1589 (obsistere.)

1081 1604 1118 1630 lb.
1139 1615 1160 1630 c.
1180 1605 1222 1629 25.
1246 1603 1263 1629 l.
1284 1603 1299 1629 l.
1341 1602 1388 1628 Vel
1413 1600 1616 1627 necessitatibus
1642 1601 1754 1631 nostris,
1778 1599 1820 1625 vel
1845 1609 1923 1636 expe-

1082 1647 1228 1674 ditionibus
1252 1646 1355 1672 bellicis
1380 1644 1520 1681 profuisse.
1550 1643 1587 1669 Ib.
1607 1642 1650 1669 VI.
1675 1644 1716 1668 24.
1741 1652 1761 1669 c.
1782 1643 1804 1668 6.
1828 1642 1860 1668 (10
1879 1642 1924 1668 (10-

1082 1695 1157 1716 mest.
1177 1694 1203 1715 et
1222 1693 1333 1726 protect.
1353 1687 1409 1714 XII.
1431 1689 1453 1712 l.
1474 1696 1495 1712 0.
1509 1687 1549 1712 95.
1569 1685 1601 1711 de
1621 1685 1752 1712 decurion.
1791 1684 1924 1711 Civilibus

1082 1732 1249 1763 muneribus,
1273 1730 1384 1766 aliisque
1408 1728 1610 1755 necessitatibus
1634 1727 1857 1761 (obsecundare.)
1886 1726 1923 1753 lb.

1083 1786 1103 1801 c.
1125 1777 1165 1800 78.
1186 1774 1202 1800 l.
1223 1773 1238 1800 1.
1276 1773 1444 1802 Ratiociniis.
1464 1771 1505 1797 vel
1526 1770 1727 1797 necessitatibus
1748 1770 1924 1802 (obnoxius.)

1060 1847 1061 1852 ¹
1082 1817 1119 1843 111.
1139 1816 1206 1843 wll.
1227 1818 1251 1842 4.
1276 1826 1297 1842 c.
1318 1817 1340 1842 7.
1367 1815 1399 1841 (10
1422 1813 1549 1841 cohortal.
1587 1812 1659 1839 Nihil
1683 1813 1734 1839 sibi
1757 1813 1924 1839 necessitatis

1083 1864 1219 1897 usurpent,
1239 1858 1371 1885 nullorum
1391 1858 1491 1884 actibus
1506 1857 1671 1882 misceantur.
1691 1854 1792 1882 Ib.V11.
1806 1857 1845 1882 12.
1866 1865 1886 1881 c.
1900 1856 1923 1881 3.

1083 1903 1114 1930 (10
1134 1906 1269 1929 commeat.
1306 1901 1417 1927 Arbitrii
1437 1901 1475 1926 tui
1494 1899 1628 1935 officiique
1646 1898 1766 1935 publicas
1784 1899 1925 1924 necessita-

1083 1951 1122 1972 tes
1142 1947 1281 1972 instruant.
1310 1944 1346 1970 lb.
1367 1943 1385 1970 1.
1410 1945 1445 1970 12.
1470 1953 1489 1969 0,
1511 1944 1534 1968 6.
1556 1941 1668 1975 (ch.)
1689 1940 1721 1967 de
1740 1940 1782 1966 off.
1803 1939 1878 1966 Proc.
1898 1945 1925 1966 et

1083 1988 1144 2024 Leg.
1183 1987 1212 2014 Si
1232 2003 1263 2007 -
1284 1986 1431 2024 oppidanea
1455 1986 1599 2012 necessitas
1624 1994 1681 2011 eum
1706 1983 1806 2010 detinet
1829 1982 1925 2019 obliga-

1084 2037 1145 2058 tum.
1175 2030 1212 2056 111.
1231 2030 1289 2056 XII.
1310 2032 1332 2056 1.
1357 2040 1377 2056 c.
1398 2032 1438 2056 46.
1464 2029 1496 2055 de
1521 2028 1653 2054 decurion.
1691 2026 1733 2052 Ad
1753 2026 1924 2052 necessitates

1085 2074 1248 2110 Illyricianos
1269 2073 1429 2105 tcoarctari.)
1449 2072 1486 2098 lb.
1502 2070 1547 2097 Xl.
1568 2072 1607 2096 17.
1628 2080 1650 2096 c.
1668 2070 1691 2094 4.
1712 2068 1744 2095 (10
1764 2078 1852 2104 equor.
1873 2067 1924 2094 col-

1085 2117 1128 2143 lat.
1166 2115 1329 2153 Principales
1350 2116 1519 2142 necessitates
1539 2114 1565 2139 in
1584 2112 1718 2150 publicum
1738 2110 1862 2148 proferre.
1886 2110 1921 2136 111.

1085 2159 1129 2186 XI.
1151 2161 1172 2185 7.
1199 2170 1219 2185 c.
1241 2161 1280 2185 11.
1306 2158 1337 2185 de
1361 2159 1489 2185 exaction.
1509 2155 1553 2182 XI.
1578 2157 1618 2182 36.
1644 2165 1664 2180 c.
1684 2155 1725 2179 32.
1757 2153 1838 2189 Quor.
1865 2163 1921 2190 app.

1085 2213 1109 2229 n.
1129 2213 1182 2229 rec.

1120 2245 1379 2272 Necessitudo.
1408 2244 1485 2277 §.l.
1507 2242 1707 2271 Necessitas,
1729 2239 1923 2272 compulsio.

1085 2288 1115 2315 11.
1140 2290 1207 2322 Op.
1232 2287 1319 2319 Vltro,
1340 2302 1369 2306 —-
1392 2285 1459 2313 Cum
1478 2282 1673 2311 necessitudine
1693 2282 1830 2315 (reverti.)
1850 2280 1879 2306 fr.
1899 2281 1922 2305 5.

1084 2341 1124 2368 pr.
1144 2330 1177 2357 de
1196 2330 1227 2356 R.
1247 2330 1280 2356 M.
1301 2331 1342 2356 49.
1365 2330 1404 2355 16.
1425 2345 1456 2348 -
1475 2329 1506 2362 §.
1520 2329 1555 2354 2.
1580 2327 1762 2356 Vinculum,
1782 2326 1862 2358 quod
1880 2325 1923 2349 in-

1085 2381 1133 2400 ter
1156 2379 1328 2408 cognatos,
1356 2374 1404 2398 vel
1427 2372 1575 2407 adfines,
1605 2371 1680 2395 item
1703 2368 1870 2401 coniuges,
1894 2372 1923 2391 et

1085 2419 1221 2449 amicos,
1241 2416 1425 2441 intercedit.
1458 2413 1476 2440 l.
1493 2414 1554 2447 Sy.
1574 2411 1617 2438 Ius
1631 2410 1801 2446 cognationiS.
1820 2407 1863 2434 vel
1882 2407 1924 2434 ad-

1085 2460 1203 2486 finitatis.
1224 2457 1253 2484 fr.
1270 2459 1308 2483 12.
1329 2456 1360 2483 de
1379 2456 1398 2483 1.
1419 2461 1444 2483 et
1457 2456 1474 2483 I.
1491 2458 1513 2483 l.
1528 2458 1549 2482 1.
1586 2453 1751 2481 proximitas.
1772 2450 1820 2477 Th.
1836 2449 1923 2477 C.1X.

1086 2504 1110 2528 7.
1126 2512 1147 2528 c.
1161 2502 1184 2527 8.
1201 2500 1232 2527 ad
1246 2499 1274 2526 L.
1295 2499 1342 2526 Iul.
1363 2499 1395 2526 (10
1415 2499 1494 2526 adult.
1524 2498 1577 2533 Qui
1596 2495 1711 2532 quaIIbet
1729 2493 1924 2520 necessitudine

1087 2544 1203 2581 copulati
1226 2547 1294 2569 sunt.
1330 2541 1484 2579 Propinqui.
1513 2541 1549 2566 Ib.
1568 2539 1624 2565 XII.
1646 2540 1668 2564 l.
1693 2547 1713 2563 e.
1736 2538 1777 2563 49.
1801 2537 1823 2570 ᾗ.
1844 2538 1866 2562 1,
1891 2535 1923 2562 (10

1064 2617 1065 2624 ¹
1087 2587 1221 2614 decurion.
1257 2584 1402 2622 Vtriusque
1422 2582 1632 2612 necessitudinis.
1651 2580 1685 2606 Et
1704 2580 1796 2611 nostri,
1816 2584 1842 2605 et
1860 2589 1924 2616 nup-

1088 2635 1172 2656 tarum
1191 2628 1268 2654 nobis
1287 2628 1412 2664 (cognati,
1432 2627 1473 2653 vel
1493 2624 1613 2656 adfines.)
1634 2622 1716 2648 vatic.
1736 2622 1773 2655 §§.
1794 2623 1850 2648 158.
1864 2623 1922 2648 216.

1088 2682 1146 2709 sqq.
1183 2671 1225 2698 III.
1246 2672 1311 2698 0¹11.
1336 2671 1365 2697 Si
1390 2675 1461 2696 tutor
1479 2668 1566 2703 aliquo
1586 2665 1690 2692 vinculo
1710 2664 1922 2695 necessitudinis,

1088 2715 1131 2741 vel
1150 2714 1305 2745 adfinitatis.
1328 2712 1429 2750 pupillo
1454 2711 1608 2737 coniunctus
1634 2709 1675 2734 sit.
1700 2707 1731 2734 fr.
1751 2708 1774 2734 9.
1800 2707 1832 2733 de
1850 2716 1921 2743 susp.

1089 2763 1136 2784 tut.
1155 2758 1196 2783 26.
1218 2759 1257 2783 10.
1295 2755 1419 2792 Cognati,
1443 2753 1485 2779 vel
1505 2752 1617 2783 adfines,
1642 2755 1667 2777 et
1690 2751 1713 2777 si
1732 2751 1777 2787 qui
1796 2749 1839 2776 alii
1857 2749 1923 2775 forte

1090 2805 1159 2833 sunt,
1179 2810 1245 2837 quos
1259 2798 1400 2827 verisimile
1414 2801 1454 2823 est
1466 2794 1645 2822 defensionem
1659 2808 1692 2813 —-
1705 2803 1757 2820 non
1771 2793 1921 2819 omissuros·

1450 2841 1482 2866 78
