2197 3121
923 149 1020 181 NOV
1029 168 1069 173 —
1078 151 1179 182 NOX.

182 242 285 259 manum
309 232 510 258 conventionem
535 231 603 268 apud
623 235 723 268 patrem
742 236 861 258 nostrum
881 233 935 258 iura
955 232 1024 259 filiae

182 280 323 302 consecuta
343 279 390 301 est.
416 273 473 301 Gai.
493 274 535 301 111.
560 276 596 301 Η.
635 275 710 310 Quae
735 274 811 300 nobis
832 275 962 311 quondam
983 286 1024 302 so-

182 328 259 349 crus,
279 323 323 344 aut
342 327 436 350 nurus,
456 322 499 344 aut
518 319 649 355 privigna,
669 322 713 344 aut
731 328 843 344 noverca
863 317 919 344 suit.
947 318 984 344 lh.
1004 318 1022 344 I.

181 363 223 388 63.
242 360 304 398 le.
325 360 356 387 V.
376 363 398 388 6.

217 404 450 432 Noverealis.
474 403 606 436 (Adiect.)
631 405 677 429 Ad
694 414 794 430 mores
814 414 1021 430 novercarum

182 453 338 481 spertaus.
374 446 417 473 ΙΙΙ.
439 448 504 474 Cn.
529 445 720 472 Novercalibus
741 445 931 477 delinimentis,
951 447 1024 473 iusti-

183 489 365 524 gationibusve
385 490 510 526 corrupti.
531 488 562 515 fr.
582 491 606 515 4.
627 489 659 515 de
678 489 750 515 inoff.
770 493 871 515 testam.
892 491 915 515 5.
935 491 958 515 2.

217 533 406 560 Novieius.
426 532 555 565 (Adiect.)
582 534 689 559 Novus
709 533 748 564 (in
767 532 934 564 ministerio.)
965 534 1023 559 [111-

182 578 321 610 peritus.
359 575 377 601 1.
398 576 459 609 Sy.
483 574 581 604 Radia,
602 574 711 601 Novit-ia
732 575 903 611 (mancipia.)
931 574 960 600 fr.
980 577 1022 601 37.

183 618 216 645 de
235 618 320 645 Aedil.
342 618 418 644 edict.
438 619 479 644 21.
502 619 523 643 l.
560 617 591 643 11.
613 619 679 651 ΟΡ.
707 616 831 643 veterana
852 618 1022 654 (mancipia.)

182 660 359 687 Veteratores.
381 660 411 687 sr.
429 662 469 686 37,
490 660 520 686 l'r.
541 661 580 686 65.
601 661 622 694 5.
643 662 666 686 2.
687 659 721 686 ib.
740 662 782 686 ⁴21.
804 662 826 686 1.
848 660 877 686 sr.
897 662 935 686 16.
957 661 977 694 5.
998 662 1022 686 3.

182 703 215 730 de
234 703 363 741 publican.
383 705 425 730 39,
446 705 469 730 4.
507 702 549 729 ΙΙΙ,
571 704 636 730 Cn.
660 702 798 728 Novicium
824 713 876 729 uon
901 704 1022 729 tirocinio

182 747 272 778 animi.
297 746 344 773 sed
365 746 516 772 conditione
535 746 670 772 servitutis
694 744 812 781 intelligi.
841 745 871 772 fr.
892 747 933 772 65.
957 746 978 779 5.
998 748 1022 772 2.

182 789 198 816 l.
217 791 258 815 21.
281 791 302 815 1.
340 789 380 815 Ex
400 788 528 814 venalicio
548 789 710 814 noviciorum
730 793 828 820 emtus,
853 788 930 815 alicui
950 790 1023 815 mini-
1044 789 1046 795 '

182 833 262 858 sterio
281 833 456 869 praepositus
482 831 518 857 lb.
539 830 554 857 l.
574 830 590 856 l.

216 875 384 902 Novisse.
422 874 463 900 Cf.
483 884 506 900 v.
527 873 651 899 Nascere.

216 918 438 945 Novissime.
477 916 516 943 Cf.
537 926 560 942 v.
581 915 663 942 Nove.
687 916 708 950 5.
728 918 752 942 2.

217 961 386 987 Novitas.
429 961 460 994 ξ.
480 961 513 986 l.
539 960 675 985 Factum
703 969 832 991 novum,
864 961 1022 987 Conditio

182 1005 323 1034 novella,
344 1005 444 1029 Aetas
463 1011 579 1028 recens.
617 1001 647 1028 II.
669 1004 736 1036 ΟΡ.
760 1004 924 1039 Antiquitas,
944 1002 1023 1029 Vetu-
1044 1018 1046 1047 3

182 1051 245 1072 stas.
272 1045 313 1072 Cf.
332 1055 356 1071 v.
376 1045 536 1081 Antiquitas.
557 1045 578 1077 5.
599 1046 622 1070 4.
660 1045 701 1072 Ill.
719 1047 785 1073 (711.
805 1045 887 1072 ludex
907 1061 938 1065 ——
959 1045 1023 1072 duas
1045 1049 1046 1056 ³

182 1093 271 1125 partes
292 1104 322 1107 —
348 1087 379 1113 ad
404 1092 500 1113 statum
522 1088 663 1124 pristinum
683 1089 777 1114 nitoris
797 1088 921 1120 adducat,
946 1094 1024 1125 atque

182 1133 285 1157 tertiam
309 1135 444 1157 construat
472 1132 604 1156 novitatis.
633 1130 683 1156 Th.
704 1130 734 1157 C.
755 1131 813 1158 XV.
840 1133 860 1157 l.
886 1142 907 1157 c.
926 1133 967 1158 20.
993 1131 1024 1157 (18

183 1184 244 1210 opp.
264 1173 326 1211 pub.
363 1172 416 1199 llas
430 1189 460 1192 -
477 1175 649 1209 cogitationes
664 1190 695 1193 —
716 1174 767 1200 sibi
786 1175 858 1210 regni
877 1175 962 1201 nostri
980 1184 1025 1200 no·
1045 1175 1047 1181 ¹

181 1217 248 1242 vitas
272 1215 422 1242 vindicavit.
451 1215 518 1243 Νῦν.
538 1216 672 1243 Maioriani.
697 1217 730 1243 ‹le
748 1217 846 1253 indulg.
866 1217 959 1253 reliqu.
979 1216 1023 1243 lV.

180 1260 204 1285 3.
225 1268 246 1285 c.
268 1260 289 1285 1.
314 1269 353 1296 pr.
391 1258 494 1285 Inutilis
518 1261 652 1296 praecepti
679 1261 790 1286 novitas.
828 1260 1023 1297 Impetrationis

182 1302 297 1327 novitate
321 1301 457 1339 supplosa.
482 1301 531 1328 Th.
553 1302 584 1329 C.
604 1302 622 1328 l.
643 1304 683 1329 ll.
708 1312 721 1328 c
749 1305 773 1329 2.
794 1302 908 1336 (Wt-k.)
928 1302 960 1329 de
980 1303 1023 1329 oll'.

181 1354 246 1370 com.
267 1345 304 1370 rei
323 1345 390 1382 priv.
410 1344 455 1370 XI.
474 1346 518 1370 22.
539 1355 560 1371 c.
581 1348 604 1371 4.
625 1355 657 1371 ne
678 1345 764 1372 collat.
786 1345 878 1372 transl.
893 1362 922 1365 ——
944 1346 1023 1379 §.2-

180 1388 368 1421 Imperitia.
406 1387 449 1414 III.
467 1388 532 1414 Cn.
558 1387 753 1414 providendum
779 1394 819 1415 est
843 1399 933 1415 eorum
953 1390 1025 1415 novi-

179 1431 226 1456 tati
251 1430 435 1461 decurionum,
461 1431 505 1466 qui
529 1440 613 1467 nuper
637 1435 686 1457 etc.
711 1430 748 1457 lb.
767 1431 824 1458 Xll.
846 1434 868 1458 1.
888 1442 909 1458 c.
929 1433 971 1458 54.
992 1431 1024 1458 de

181 1471 316 1499 decurion.

215 1516 384 1543 Noviter.
422 1515 463 1542 Cf.
487 1526 511 1542 v.
530 1515 614 1543 Nove.

215 1560 353 1586 Novus.
373 1558 503 1591 (Adiect.)
521 1560 551 1592 §.
568 1560 602 1585 1.
618 1561 748 1591 Recens,
770 1562 912 1588 [astans.
934 1561 1022 1596 LSy.

181 1599 328 1633 Posterior,
353 1601 444 1638 Nuper
464 1601 528 1632 lata,
553 1601 628 1628 Nova
648 1602 734 1635 (lex.)
762 1602 791 1629 sr.
812 1605 835 1630 7.
855 1614 893 1641 pr.
915 1603 947 1630 de
967 1615 1023 1641 cap.

181 1644 271 1670 minut.
291 1646 315 1670 4.
335 1647 358 1670 5.
379 1643 409 1670 fr.
426 1646 447 1670 1.
469 1644 499 1671 fr.
515 1647 539 1671 3.
560 1645 592 1671 de
612 1645 698 1672 hei-ed.
719 1651 772 1682 pet.
787 1648 810 1673 5.
824 1648 848 1673 3.
869 1645 918 1672 Th.
933 1646 964 1673 C.
979 1646 1022 1673 IV.

182 1687 205 1712 6.
226 1696 246 1712 c.
266 1688 289 1713 8.
311 1686 424 1719 (ch.)
445 1686 477 1713 de
496 1692 579 1714 natur.
600 1688 636 1714 sil.
674 1687 822 1719 Posterior,
848 1689 921 1716 Nova
941 1689 1022 1722 (obli-

182 1730 271 1764 gatio.)
292 1729 349 1756 Gai.
369 1729 410 1755 lll.
432 1731 489 1756 176.
511 1732 567 1757 179.
588 1730 617 1757 sr.
637 1733 678 1758 27.
699 1731 736 1764 55.
756 1734 780 1758 2.
801 1742 840 1768 sq.
861 1731 893 1758 dc
912 1737 979 1769 pact.
999 1734 1022 1758 2.

183 1773 223 1797 14.
261 1772 337 1798 Alius
357 1772 469 1805 (homo.)
494 1773 524 1799 fr.
544 1775 585 1799 27.
609 1774 630 1806 5.
653 1776 675 1800 l.
695 1774 727 1800 de
747 1774 822 1800 odim.
843 1773 918 1810 legat.
937 1776 979 1801 34.
999 1777 1023 1801 4.

181 1814 212 1840 sr.
233 1816 274 1841 98.
298 1815 312 1848 5
340 1816 362 1841 8.
391 1815 422 1841 (18
447 1815 526 1842 solut.
545 1817 586 1841 46.
605 1818 629 1842 ’5.
672 1816 745 1843 Alia.
766 1816 840 1842 Nova
860 1816 1024 1849 (voluntas.)

182 1856 224 1884 Cf.
245 1867 268 1883 v.
289 1857 374 1883 Alius.
395 1858 415 1891 5.
435 1860 459 1884 2.
497 1858 528 1885 ΙΙ,
543 1860 611 1892 ΟΡ.
630 1858 776 1895 Interpola,
796 1859 878 1890 Trita,
900 1875 929 1879 —
950 1858 1024 1885 Nova

182 1900 382 1931 (vestimenta)
411 1900 441 1926 fr.
461 1902 484 1926 6.
509 1900 541 1926 de
564 1900 595 1927 R.
616 1901 646 1928 V.
672 1903 695 1928 6.
718 1903 739 1927 1.
766 1901 798 1927 cf.
821 1912 846 1928 v.
865 1901 1023 1938 Interpolus.

181 1942 287 1973 Eadem,
306 1960 335 1963 -—
356 1941 430 1969 Nova
451 1944 597 1980 (persona.)
618 1943 674 1970 Gai.
694 1944 736 1970 111.
758 1945 814 1970 176.
835 1954 875 1980 sq.
913 1944 1023 1982 Coepta,

182 2001 214 2005 —-
228 1984 302 2011 'Nova
323 1986 399 2017 (res.)
421 1985 449 2011 fr.
465 1988 505 2011 42.
522 1986 544 2018 5.
561 1988 582 2012 l.
603 1986 634 2012 de
648 1986 678 2012 A.
700 1997 723 2012 v.
739 1986 770 2012 Ο.
786 1986 815 2013 H.
830 1989 871 2013 29.
885 1989 909 2012 2.
930 1986 1025 2018 Prima,

181 2038 203 2054 s.
223 2027 311 2060 Prior,
333 2042 363 2046 —-
389 2027 462 2054 Nova
483 2028 640 2064 (obligatio,
661 2039 684 2055 v.
705 2030 807 2063 causa.)
828 2029 884 2056 Gai.
904 2029 945 2056 ΙΙΙ,
966 2031 1022 2056 176.

182 2072 239 2097 179.
266 2070 294 2097 fr.
317 2073 356 2097 11.
382 2071 404 2104 5.
424 2072 447 2097 4.
473 2070 505 2097 (18
528 2081 582 2097 exc.
608 2073 645 2098 rei
670 2072 721 2098 iud.
747 2074 788 2098 44.
812 2074 836 2099 2.
874 2071 971 2104 Vetus,
993 2089 1022 2093 -

181 2112 285 2140 Novum
305 2115 459 2150 (negotium,
479 2124 502 2140 v.
523 2124 591 2151 opus
611 2115 673 2147 etc.)
694 2114 724 2141 l'r.
743 2117 785 2141 21.
806 2116 827 2149 5.
843 2118 867 2142 2.
887 2115 920 2141 de
939 2115 970 2142 N.
991 2115 1023 2142 G.

183 2156 207 2181 3.
226 2158 250 2182 5.
269 2156 299 2183 fr.
320 2159 342 2183 l.
363 2157 384 2190 5.
407 2158 445 2182 13.
467 2155 499 2182 de
518 2156 551 2182 Ο.
572 2156 603 2183 N.
618 2156 650 2183 N.
664 2159 705 2183 39.
727 2159 749 2184 l.
786 2158 866 2190 Olim,
887 2174 919 2178 —-
939 2158 1025 2191 Nunc,

184 2208 215 2224 ex
240 2208 308 2225 novo
328 2199 424 2226 seio.
449 2199 506 2225 Gai.
525 2199 554 2225 Il.
577 2201 632 2226 142.
653 2210 692 2237 sq.
730 2200 772 2227 ΙΙΙ.
792 2202 858 2228 Gn.
885 2200 976 2227 Novae
995 2212 1024 2228 ac

184 2245 303 2267 recentes
321 2243 458 2279 (species.)
481 2241 531 2268 Th.
552 2242 582 2268 C.
602 2242 659 2269 ΧΠ.
678 2245 702 2269 6.
723 2253 744 2269 8.
766 2245 804 2269 10.
824 2243 857 2270 (18
876 2250 1023 2281 susceptor.

185 2282 227 2314 Si,
253 2282 385 2311 demolitis
404 2285 527 2317 aedibus,
555 2290 666 2311 testator
685 2285 748 2312 alias
768 2296 850 2312 novas
869 2288 1022 2313 restituerit.

186 2325 216 2351 fr.
238 2327 276 2351 10.
296 2326 317 2359 5
340 2328 360 2351 1.
381 2326 432 2361 Qu.
452 2328 520 2354 mod.
541 2328 637 2355 ususfr.
658 2329 681 2354 7.
701 2330 724 2355 4.
745 2328 776 2354 fr.
791 2331 813 2355 7.
834 2329 866 2355 de
885 2330 958 2356 instr.
975 2330 1023 2366 leg.

185 2369 226 2394 33.
248 2370 270 2393 7.
309 2367 359 2394 Vel
377 2379 508 2405 reparare,
535 2371 577 2397 vel
596 2371 629 2397 de
649 2381 717 2397 novo
737 2370 883 2398 aedificare.
907 2382 928 2398 c.
947 2376 971 2398 ὅ.
992 2373 1024 2399 de

186 2410 260 2437 aedis.
281 2412 347 2448 priv.
361 2412 385 2437 8.
401 2413 439 2437 10.
460 2412 491 2439 cf.
511 2414 541 2440 fr.
561 2416 585 2440 3.
605 2415 626 2448 5.
640 2417 664 2440 ⁸2.
685 2413 717 2440 de
738 2415 784 2440 riv.
804 2416 845 2441 43.
864 2416 906 2441 21.
944 2415 1024 2442 Inter-

186 2458 266 2479 ventu
285 2464 368 2479 novae
387 2463 514 2489 personae
533 2466 599 2482 nova
618 2458 734 2483 nascitur
752 2456 884 2492 obligatio.
905 2457 961 2484 Gai.
981 2458 1023 2485 ΙΙΙ,

188 2497 244 2521 176.
269 2495 298 2521 fr.
319 2497 359 2521 58.
385 2495 417 2521 (le
437 2501 503 2532 pact.
521 2500 546 2524 2.
566 2501 605 2525 14.
643 2499 734 2526 Novus
759 2499 797 2525 illi
821 2510 890 2526 nunc
912 2502 1024 2538 primum

186 2538 263 2564 lieres
283 2538 455 2574 adgnascitur.
478 2538 507 2565 fr.
526 2541 567 2566 33.
586 2542 607 2574 5.
626 2544 650 2568 3.
671 2542 703 2568 (18
722 2542 796 2569 milit.
817 2548 918 2569 testam.
938 2545 979 2570 29.
1001 2546 1023 2570 l.

186 2580 262 2607 Novo
287 2590 418 2607 consensu
444 2582 573 2614 (animum
592 2585 656 2610 inire
676 2586 835 2618 societatis.)
860 2585 889 2612 fr.
909 2587 950 2611 37.
975 2596 1023 2623 pro

187 2634 241 2650 soe.
259 2625 296 2649 17.
310 2625 334 2649 2.
355 2623 410 2649 Gai.
425 2623 466 2650 ΙΙΙ.
484 2626 538 2650 153.
568 2625 609 2652 Ex
628 2636 695 2653 novo
716 2627 811 2659 S.Ct0‚
832 2628 901 2664 quod
918 2634 1024 2655 auctore

187 2666 221 2692 D.
233 2665 364 2692 Hadriano
385 2666 480 2693 suctum
501 2672 548 2693 est.
568 2667 604 2693 lb.
624 2668 642 2694 1.
662 2671 703 2696 30.
723 2670 753 2696 11.
774 2673 829 2697 143.
868 2671 979 2708 Propter
998 2671 1024 2698 id

189 2714 266 2746 caput
286 2708 377 2737 edicti.
398 2708 468 2744 quod
487 2720 500 2734 a
520 2709 619 2736 Iuliano
639 2711 814 2739 introductum
834 2719 891 2742 est.
915 2715 930 2740 i.
952 2725 972 2740 e.
994 2725 1024 2741 ex

188 2761 256 2778 nova
276 2751 399 2777 clausula.
420 2751 449 2777 fr.
469 2753 494 2777 3.
514 2752 546 2778 de
566 2754 685 2789 coniuug.
706 2764 726 2780 c.
746 2766 841 2782 emanc.
857 2759 898 2783 37.
912 2762 935 2783 δ.
957 2757 986 2784 l'r.
1003 2760 1024 2783 1.

190 2795 211 2827 5.
227 2796 265 2819 13.
287 2794 318 2820 de
337 2799 428 2821 ventre
447 2795 473 2820 in
492 2805 564 2832 poss.
578 2797 618 2822 37.
633 2797 656 2822 9.
686 2795 757 2822 Nihil
776 2800 837 2824 novi
856 2804 981 2836 patronae
995 2816 1026 2820 —

1847 160 1910 189 633

1070 233 1113 260 lex
1129 233 1208 270 Papia
1223 239 1347 270 praestat.
1368 235 1480 262 Gai.111.
1501 237 1541 262 51.
1579 235 1749 273 Interrogare,
1768 248 1828 264 num
1848 240 1910 275 quid

1070 277 1131 302 novi
1155 276 1251 303 addere
1275 277 1424 304 desideret?
1450 289 1471 305 c.
1492 280 1515 304 9.
1540 278 1573 305 de
1597 279 1673 305 iudic.
1692 282 1716 306 3.
1739 282 1760 306 1.
1798 281 1826 307 Si
1847 283 1909 318 quid

1069 320 1095 345 in
1119 320 1266 356 posteriore
1296 320 1466 355 stipulatione
1491 323 1552 347 novi
1577 323 1619 348 sit.
1649 322 1706 349 Gai.
1729 322 1771 349 111.
1800 326 1856 350 177.
1877 341 1909 345 —

1070 362 1100 394 §-
1120 363 1155 388 2.
1185 364 1367 395 finalitas,
1398 366 1465 390 Non
1490 367 1644 392 imitatus.
1682 365 1701 392 I.
1725 367 1786 400 Sy.
1814 367 1909 399 Aliter,

1069 415 1146 440 quam
1166 406 1295 443 oportuit,
1316 405 1428 438 dictum,
1447 406 1580 443 Iniquum,
1601 408 1705 435 Novum
1724 409 1809 442 (ius.)
1834 410 1863 436 fr.
1886 412 1907 437 l.

1068 448 1089 481 5.
1111 449 1132 474 l.
1154 448 1184 474 fr.
1203 450 1226 474 2.
1242 458 1281 485 sq.
1303 449 1354 484 Qu.
1375 450 1461 485 quisq.
1482 450 1529 476 iur.
1542 453 1566 476 2.
1585 453 1609 477 2.
1647 451 1676 478 ll.
1693 453 1760 485 Op.
1781 451 1908 481 Vsitatus.

1068 490 1097 516 l'r.
1118 492 1160 517 26.
1180 501 1219 527 sq.
1239 491 1272 518 dc
1284 491 1337 518 LL.
1358 494 1379 518 l.
1399 494 1423 518 3.
1460 491 1601 523 Naturalis.
1616 510 1645 513 —
1666 494 1758 521 Novus
1777 497 1845 522 circa
1865 497 1909 524 ali-

1069 543 1144 569 quem
1165 533 1247 560 sactus
1268 534 1377 567 (ordo.)
1402 534 1431 561 sr.
1451 536 1492 561 28.
1514 536 1534 569 5.
1557 538 1577 562 l.
1599 536 1630 562 de
1650 536 1693 563 libv
1715 543 1740 563 et
1758 539 1845 575 posth.
1866 542 1908 566 28.

1067 579 1091 601 2.
1129 576 1170 602 111.
1191 578 1256 604 Cn.
1281 577 1355 604 Nova
1380 582 1405 603 et
1425 578 1556 615 inopinata
1577 589 1661 605 causa.
1685 580 1715 606 fr.
1735 582 1758 607 3.
1779 580 1811 607 (18
1831 583 1907 609 cond.

1069 618 1156 645 indeb.
1174 621 1213 646 12.
1227 622 1250 646 6.
1280 619 1379 651 Novae,
1400 625 1424 646 et
1444 631 1493 647 usu
1512 621 1554 647 vel
1573 622 1674 648 ratione
1692 624 1838 660 incognitae
1857 628 1908 658 (re-

1069 661 1200 697 ligiones.)
1221 661 1292 689 Paul.
1308 662 1338 689 V.
1352 665 1393 689 21.
1414 663 1436 697 5.
1455 665 1479 689 2.
1517 664 1700 697 Portentosus.
1720 667 1760 693 vel
1780 674 1908 695 monstro-

1068 714 1126 736 sus,
1151 704 1193 731 vel
1214 705 1298 741 qualis
1319 707 1376 732 visu
1396 706 1438 733 vel
1458 707 1544 743 vagitu
1564 717 1648 733 novus
1669 710 1721 740 (sc.
1741 712 1857 746 partus.)
1877 712 1906 738 fr.

1070 749 1125 773 135.
1147 747 1179 773 de
1198 747 1230 774 V.
1250 748 1275 774 S⁴
1296 750 1337 774 50.
1360 750 1398 775 16.
1436 748 1495 775 Non
1516 754 1556 775 est
1575 760 1679 779 novum.
1699 761 1718 778 s.
1734 752 1788 779 Nee
1802 764 1906 786 novum,

1068 795 1103 821 ut,
1123 800 1147 816 v.
1168 801 1234 817 nam.
1260 791 1343 818 Vntic.
1368 792 1389 825 5.
1410 793 1450 818 83.
1476 792 1505 819 fr.
1525 795 1549 818 5.
1570 792 1602 819 de
1621 793 1696 820 cond.
1717 795 1802 821 indeb.
1824 799 1863 824 12.
1882 799 1907 824 6.

1068 833 1098 859 fr.
1117 835 1158 859 46.
1180 833 1211 859 de
1230 834 1262 860 A.
1282 834 1312 860 R.
1333 834 1366 860 D.
1387 836 1427 861 41.
1450 836 1471 861 1.
1493 834 1522 861 fr.
1542 837 1583 862 21.
1603 837 1662 870 5.1.
1684 836 1715 863 de
1734 837 1851 865 fideiuss.
1865 841 1907 866 46.

1069 877 1090 901 l.
1127 875 1228 902 Novam
1254 886 1307 902 rem
1332 876 1500 909 (desiderare
1519 878 1648 911 videtur.)
1669 879 1698 906 l'r.
1721 882 1742 906 1.
1762 891 1800 918 pr.
1821 882 1853 908 (18
1872 884 1907 910 111-

1044 907 1045 928 l
1068 919 1132 955 spic.
1158 924 1256 945 ventre.
1282 921 1323 945 25.
1352 922 1375 946 4.
1401 920 1431 946 cl'.
1461 920 1491 947 fr.
1518 923 1557 947 15.
1582 922 1601 955 5
1623 924 1647 948 5.
1673 921 1749 949 locat.
1772 926 1810 950 19.
1830 928 1853 951 2.
1876 943 1906 946 —

1067 962 1098 994 ξ.
1118 963 1155 987 3.
1182 963 1401 992 Nouissimas,
1427 965 1443 989 ι’.
1463 974 1482 989 e.
1504 966 1687 992 Extremus.
1722 965 1741 992 Ι.
1761 968 1822 1001 Sy.
1843 968 1907 995 Vlti-

1068 1015 1132 1030 mus.
1158 1004 1187 1031 sr.
1208 1006 1231 1030 5.
1257 1004 1287 1030 fr.
1310 1006 1348 1030 ll.
1374 1004 1406 1031 (18
1430 1005 1518 1032 liered.
1543 1008 1603 1034 inst.
1627 1009 1668 1034 28.
1688 1010 1712 1034 5.
1754 1009 1907 1047 Supremus.

1068 1047 1097 1073 sr.
1114 1049 1135 1073 1.
1156 1047 1215 1080 5.1.
1237 1047 1269 1074 (18
1289 1048 1318 1074 B.
1335 1047 1362 1074 Ρ.
1383 1058 1404 1074 s.
1424 1054 1441 1075 t.
1460 1051 1501 1076 37.
1524 1052 1562 1076 11.
1600 1050 1738 1077 Secundus
1759 1053 1908 1087 (creditor.)

1068 1090 1140 1116 Paul.
1161 1090 1190 1116 ΙΙ.
1207 1092 1245 1117 13.
1266 1092 1287 1125 5.
1302 1094 1325 1117 ὅ.
1351 1091 1403 1126 Qui
1418 1093 1572 1128 supervixit.
1593 1093 1621 1119 sr.
1644 1095 1682 1120 18.
1703 1094 1724 1128 5.
1748 1097 1769 1121 l.
1788 1095 1820 1122 (18
1839 1097 1907 1124 alim.

1069 1144 1091 1159 v.
1113 1133 1191 1159 cibar.
1211 1135 1251 1160 34.
1274 1135 1295 1159 1.
1334 1133 1364 1160 II.
1390 1136 1456 1168 ΟΡ.
1476 1134 1572 1166 Primo,
1593 1151 1624 1154 —
1644 1136 1743 1167 Medio.
1765 1155 1793 1158 —
1815 1138 1908 1166 Novis-

1069 1177 1135 1202 simo
1155 1176 1248 1209 (loco.)
1269 1176 1298 1202 sr.
1312 1179 1354 1203 20.
1374 1187 1412 1214 pr.
1434 1177 1467 1203 (18
1486 1177 1574 1204 hered.
1596 1180 1655 1204 inst.
1670 1181 1710 1205 28.
1725 1182 1748 1206 5.
1769 1181 1799 1207 sr.
1813 1183 1853 1208 36.
1868 1193 1907 1220 pr.

1045 1250 1047 1260 Ι
1069 1219 1101 1245 de
1120 1219 1188 1255 vulg.
1209 1224 1234 1245 et
1253 1230 1315 1256 pup.
1336 1220 1419 1246 subst.
1433 1222 1475 1246 23.
1489 1222 1512 1247 6.
1543 1221 1679 1258 Superior,
1699 1224 1805 1257 (actus.)
1826 1225 1854 1252 fr.
1868 1228 1908 1252 18.

1069 1272 1160 1288 comm.
1180 1262 1268 1299 praed.
1289 1266 1312 1288 ὅ.
1327 1264 1351 1289 4.
1373 1262 1415 1288 111.
1428 1264 1494 1290 (7η.
1515 1263 1608 1290 Vtrum
1628 1264 1759 1292 levissima
1780 1267 1906 1299 conditio,

1069 1316 1100 1331 an
1119 1306 1263 1331 novissima
1284 1306 1479 1343 (spectandaY)
1507 1306 1535 1332 sr.
1556 1308 1579 1333 8.
1604 1308 1625 1341 5.
1645 1309 1668 1334 3.
1689 1308 1720 1334 de
1740 1313 1839 1336 testam.
1860 1316 1908 1337 tut.

1068 1350 1108 1374 26.
1128 1350 1152 1374 2.
1191 1348 1220 1374 Si
1240 1349 1299 1384 quis
1319 1350 1424 1386 saepius
1443 1350 1508 1386 reip.
1529 1360 1549 1377 c.
1571 1350 1641 1381 afuit,
1662 1361 1693 1377 ex
1713 1353 1857 1379 novissimo
1871 1363 1909 1380 re-

1069 1391 1124 1417 ditu
1148 1393 1270 1428 (tempus
1295 1391 1524 1428 computandum.)
1549 1392 1579 1419 fr.
1603 1396 1644 1419 28.
1670 1394 1692 1427 5.
1716 1396 1739 1420 3.
1765 1405 1797 1421 ex
1821 1406 1862 1432 qu.
1887 1407 1907 1423 c.

1068 1435 1125 1460 mni.
1145 1435 1168 1460 4.
1189 1435 1212 1459 6.
1256 1433 1285 1460 Si
1309 1445 1356 1471 per
1380 1435 1477 1461 multos
1502 1435 1622 1462 dominos
1648 1438 1780 1463 transierit
1807 1448 1908 1469 servus,

1069 1493 1099 1496 —-
1123 1477 1269 1503 novissimo
1289 1476 1408 1503 dabimus
1428 1478 1457 1503 B.
1478 1477 1566 1504 Pnem.
1591 1478 1621 1504 fr.
1642 1481 1665 1505 2.
1690 1479 1711 1512 5.
1731 1482 1754 1506 9.
1779 1480 1812 1506 (18
1830 1481 1860 1508 Β.
1881 1481 1908 1508 P.

1068 1531 1088 1547 s.
1108 1525 1126 1546 t.
1146 1522 1187 1546 37.
1210 1521 1248 1545 11.
1286 1519 1335 1546 Vel
1360 1520 1471 1555 siugulis
1494 1520 1598 1552 liberis,
1623 1521 1664 1547 vel
1689 1523 1732 1558 qui
1757 1533 1846 1550 eorum
1865 1535 1909 1550 no-

1069 1564 1192 1589 vissimus
1212 1563 1351 1590 morietur.
1372 1563 1466 1596 (heres
1485 1563 1611 1590 substitui
1631 1566 1746 1601 potest.)
1767 1565 1796 1591 fr.
1815 1568 1856 1592 37.
1876 1567 1909 1593 de

1069 1605 1137 1642 vulg.
1158 1610 1183 1631 et
1201 1616 1264 1642 pup.
1283 1608 1324 1631 28.
1340 1607 1363 1632 6.
1381 1606 1412 1632 cl'.
1433 1606 1463 1632 fr.
1478 1608 1519 1632 34.
1539 1617 1578 1643 pr.
1599 1606 1631 1632 de
1651 1617 1699 1633 usu
1720 1612 1745 1633 et
1764 1608 1845 1634 usufr.
1860 1609 1908 1646 leg.

1067 1651 1108 1675 33
1128 1651 1151 1674 2.
1189 1648 1341 1674 Novissima
1367 1649 1421 1675 eius
1447 1651 1572 1686 temporis
1599 1650 1648 1676 die.
1669 1649 1698 1676 fr.
1719 1652 1759 1676 49.
1781 1650 1812 1677 (18
1832 1652 1908 1678 cond.

1069 1696 1094 1717 et
1113 1691 1181 1717 dem.
1200 1693 1241 1717 35.
1263 1693 1284 1717 1.
1310 1691 1339 1717 fr.
1360 1692 1383 1717 (3.
1405 1691 1436 1717 de
1457 1691 1488 1717 O.
1515 1697 1539 1717 et
1558 1693 1588 1718 A.
1609 1694 1650 1718 44.
1672 1694 1694 1719 7.
1731 1692 1803 1720 Loco
1822 1696 1910 1721 novis

1069 1735 1135 1760 simo
1164 1734 1290 1760 adhiberi.
1319 1733 1390 1760 Paul.
1415 1734 1458 1761 IV.
1486 1736 1524 1760 14.
1550 1735 1572 1768 5.
1598 1737 1621 1761 2.
1663 1735 1741 1762 Pacta
1766 1737 1908 1764 novissima

1069 1777 1180 1810 (servari
1200 1778 1343 1813 oportere.)
1369 1787 1389 1802 c.
1411 1779 1450 1802 12.
1470 1776 1502 1803 de
1521 1782 1588 1814 pact.
1608 1779 1632 1804 2.
1652 1779 1675 1804 3.

1103 1820 1195 1845 Nox.
1232 1819 1262 1852 ξ.
1283 1820 1317 1846 1.
1351 1821 1486 1853 Tempus
1510 1822 1596 1846 inter
1619 1831 1763 1848 occasum
1788 1830 1908 1850 ortum-

1069 1872 1126 1896 que
1144 1864 1230 1888 solis.
1268 1861 1378 1896 11⁰1).
1397 1862 1463 1888 Lux.
1484 1863 1557 1889 Dies.
1578 1863 1608 1889 fr.
1628 1864 1651 1889 8.
1673 1863 1704 1890 de
1724 1864 1803 1891 furiis.
1823 1867 1846 1892 2.
1868 1868 1906 1893 12.

1069 1904 1099 1930 fr.
1123 1906 1178 1931 124.
1199 1904 1230 1930 de
1249 1903 1280 1930 V.
1297 1904 1324 1930 S.
1345 1907 1386 1931 50.
1408 1907 1446 1931 16.
1484 1905 1526 1932 III.
1542 1907 1607 1933 Cn.
1628 1905 1678 1932 Per
1696 1911 1776 1933 totam
1796 1914 1906 1935 noctem.

1069 1963 1099 1966 —
1121 1946 1199 1973 Nulla
1219 1952 1293 1984 parte
1313 1949 1405 1974 noetis.
1426 1948 1455 1974 fr.
1474 1950 1497 1974 3.
1518 1949 1540 1982 5.
1560 1950 1584 1975 3.
1605 1949 1637 1975 de
1657 1949 1700 1976 oss.
1720 1949 1772 1977 Prf.
1790 1950 1864 1987 Vigg.
1885 1954 1906 1978 1.

1070 1992 1108 2016 15.
1129 1989 1159 2016 fr.
1183 1991 1238 2016 166.
1258 1990 1322 2024 5.1.
1344 1990 1376 2017 de
1396 1990 1427 2017 V.
1442 1990 1468 2017 S.
1487 1994 1527 2018 50.
1551 1993 1589 2018 16.
1627 1991 1690 2019 Pars
1709 1993 1793 2019 media
1813 1995 1905 2020 noctis.

1069 2032 1210 2059 Dimidiata
1230 2043 1289 2059 nox.
1316 2032 1346 2059 fr.
1366 2034 1389 2059 8.
1415 2033 1431 2060 l.
1450 2036 1474 2060 2.
1496 2036 1534 2061 12.
1560 2034 1629 2061 Prid.
1651 2035 1707 2062 Cal.
1727 2041 1788 2073 post
1807 2042 1907 2063 sextam

1069 2075 1157 2102 horam
1179 2077 1271 2102 noctis.
1292 2075 1322 2102 fr.
1341 2078 1365 2102 5.
1386 2076 1437 2112 Qu.
1458 2081 1559 2104 testam.
1580 2077 1627 2104 fac.
1647 2089 1671 2115 p.
1686 2080 1727 2105 28.
1742 2080 1764 2105 1.
1780 2095 1807 2099 -
1830 2080 1906 2112 §.2.

1070 2120 1152 2150 Nox,
1178 2121 1194 2145 i.
1214 2129 1234 2145 e.
1256 2120 1358 2145 Noctu
1408 2119 1451 2146 III.
1472 2121 1537 2147 Gn.
1562 2120 1591 2147 Si
1616 2131 1667 2147 nox
1692 2121 1788 2147 furtum
1811 2121 1906 2148 factum

1069 2162 1110 2188 sit.
1131 2160 1160 2188 L.
1180 2161 1228 2187 Xll
1248 2161 1331 2188 Tahb.
1351 2161 1418 2189 Vlll.
1440 2164 1479 2189 12.

1103 2206 1219 2231 Noxa.
1258 2205 1288 2237 §-
1310 2206 1343 2231 1.
1370 2207 1443 2237 Res,
1468 2215 1547 2240 quae
1570 2208 1689 2233 nocuit.
1731 2206 1749 2233 Ι.
1770 2208 1831 2241 Sy.
1855 2207 1905 2233 De-

1068 2247 1133 2273 ditio
1153 2248 1236 2284 ipsius
1257 2249 1389 2285 corporis.
1414 2248 1485 2284 quod
1504 2248 1652 2285 deliquerit.
1690 2248 1780 2275 Nox-‘ie
1799 2248 1903 2276 deditio.

1069 2290 1098 2316 sr.
1120 2292 1141 2316 1.
1167 2300 1204 2327 pr.
1230 2291 1252 2316 si
1276 2289 1404 2327 quadrup.
1429 2292 1452 2316 9.
1475 2292 1495 2316 l.
1523 2291 1551 2316 sr.
1575 2293 1595 2317 1.
1621 2290 1653 2317 de
1677 2301 1738 2318 nox.
1762 2297 1809 2317 act.
1836 2293 1860 2318 9.
1881 2293 1904 2317 4.

1068 2333 1089 2367 5.
1111 2335 1132 2359 1.
1153 2332 1170 2359 I.
1191 2332 1223 2359 de
1242 2342 1302 2359 nox.
1322 2338 1369 2359 act.
1390 2335 1412 2359 4.
1433 2336 1456 2359 8.
1477 2332 1616 2371 Theophil.
1634 2334 1668 2360 ib.
1685 2350 1715 2353 —
1737 2335 1767 2367 ἕ.
1785 2335 1820 2359 2.
1840 2335 1903 2360 Da-

1068 2386 1182 2406 mnum,
1211 2377 1292 2410 qnod
1318 2378 1389 2402 dolo
1416 2382 1473 2402 aut
1495 2379 1590 2411 culpa
1618 2379 1814 2404 commissum
1843 2383 1903 2407 est,

1069 2420 1238 2444 Delictum.
1281 2417 1299 2443 I.
1321 2419 1381 2452 Sy.
1407 2417 1500 2445 Noxia.
1525 2419 1554 2445 l'r.
1581 2421 1602 2445 l.
1627 2420 1663 2452 55.
1690 2421 1710 2444 1.
1736 2420 1775 2444 12.
1799 2428 1857 2455 sqq.
1880 2421 1903 2445 si

1068 2460 1196 2497 qundrup.
1216 2462 1239 2486 9.
1261 2462 1282 2486 l.
1303 2459 1334 2486 cl'.
1355 2460 1383 2486 t'r.
1403 2462 1426 2487 2.
1447 2462 1484 2495 55.
1506 2464 1528 2488 1.
1549 2472 1587 2498 sq.
1609 2462 1638 2487 fr.
1659 2462 1682 2487 4.
1702 2471 1740 2497 pr.
1761 2460 1791 2487 fr.
1810 2463 1851 2487 20.
1871 2461 1903 2488 de

1068 2513 1128 2529 nox.
1148 2507 1196 2528 act.
1216 2504 1239 2528 9.
1259 2504 1282 2528 4.
1309 2502 1428 2540 Theoph.
1452 2514 1506 2541 par.
1532 2504 1593 2530 Inst.
1613 2502 1656 2529 lV.
1676 2504 1699 2529 8.
1725 2504 1746 2537 5.
1768 2505 1789 2529 l.
1826 2503 1904 2531 Male-

1068 2546 1168 2577 ficium,
1194 2544 1288 2576 Fraus,
1313 2545 1453 2573 Delictum.
1478 2547 1508 2573 fr.
1532 2548 1567 2572 15.
1593 2547 1614 2579 5.
1636 2548 1657 2571 l.
1682 2545 1714 2572 de
1737 2545 1814 2572 indic.
1834 2548 1858 2572 5.
1879 2549 1901 2573 1.

1069 2588 1098 2614 fr.
1117 2590 1159 2613 20.
1180 2587 1211 2613 de
1231 2597 1290 2613 nox.
1313 2593 1360 2615 act.
1380 2591 1403 2616 9.
1423 2591 1446 2615 4.
1466 2589 1496 2615 fr,
1513 2590 1550 2615 17.
1571 2587 1592 2620 5.
1610 2590 1648 2613 18.
1670 2587 1702 2614 (18
1721 2588 1806 2615 Aedil.
1826 2589 1902 2616 edict.

1068 2633 1108 2657 21.
1132 2632 1152 2656 1.
1174 2629 1203 2656 Τι’.
1226 2631 1280 2656 131,
1301 2641 1339 2667 pr.
1367 2631 1396 2658 fr.
1415 2634 1466 2658 238
1498 2631 1518 2664 5
1539 2632 1563 2656 3.
1583 2630 1616 2656 dc
1636 2630 1665 2656 V.
1687 2630 1713 2657 S.
1733 2633 1775 2658 50.
1797 2633 1836 2658 16.
1871 2633 1901 2660 ΙΙ.

1071 2675 1137 2706 Op.
1163 2672 1239 2704 Fam,
1266 2683 1318 2699 nou
1338 2684 1420 2700 noxae
1440 2673 1604 2709 (imputari.)
1630 2672 1697 2699 Cotl.
1717 2673 1770 2701 LL.
1790 2674 1822 2701 111.
1842 2675 1860 2702 1.
1879 2678 1901 2702 9.

1070 2726 1091 2741 c.
1114 2717 1135 2741 1.
1161 2715 1192 2741 ad
1211 2714 1239 2741 L.
1261 2715 1341 2743 Corn.
1366 2716 1398 2742 de
1421 2717 1496 2741 sicar.
1515 2716 1539 2741 9.
1562 2716 1599 2740 16.
1642 2716 1684 2742 ΙΙΙ.
1703 2718 1769 2744 Cn.
1795 2718 1901 2745 Servus.

1072 2759 1115 2794 qui
1139 2768 1232 2784 noxam
1256 2761 1352 2785 nocuit.
1379 2759 1408 2785 l'r.
1428 2760 1469 2784 63.
1492 2767 1531 2794 pr.
1555 2757 1588 2784 od
1611 2757 1641 2785 L.
1660 2758 1730 2786 Falc.
1752 2762 1793 2786 35.
1813 2763 1835 2786 2.
1873 2761 1901 2787 Si

1071 2811 1164 2827 servus
1178 2817 1209 2821 -—
1224 2801 1319 2827 furtum
1339 2800 1407 2832 fecit,
1427 2800 1469 2826 vel
1485 2800 1560 2827 aliam
1573 2811 1667 2828 noxam
1680 2804 1816 2829 commisit.
1836 2802 1865 2828 fr.
1877 2805 1899 2828 2.

1427 2846 1461 2870 ³50
