2197 3121
1026 146 1105 177 LIB.

194 228 317 256 standum
335 229 385 261 (sc.
405 228 534 260 fundum.)
555 228 584 254 sr.
605 229 645 254 75.
666 226 700 253 de
718 227 839 253 eviction.
859 228 900 253 21.
920 229 945 253 2.
977 226 1037 253 Nou

193 271 320 302 liberum,
344 271 392 298 scd
417 271 501 308 qualis
522 275 605 302 esset,
630 269 738 296 fundum
757 270 885 306 praestari
905 275 1036 306 oportere.

195 314 225 341 sr.
245 316 286 341 59.
307 314 339 341 de
359 319 440 341 contr.
462 319 522 341 emt.
543 314 583 339 18.
604 315 625 339 l.
646 312 677 339 cs.
698 311 728 339 fr.
748 314 789 339 90.
809 312 840 339 1ἰ·.
855 314 912 339 126.
933 313 962 339 1”ι’.
978 314 1036 340 169.

195 357 228 384 (16
246 357 278 384 V.
299 357 327 384 S.
346 359 387 383 50.
409 358 449 383 16.

231 400 431 427 Liberalis.
474 398 612 432 (Adieet.)
654 398 685 431 ξ.
710 399 744 424 l.
776 400 823 424 Ad
849 399 1036 425 libertatem

194 450 354 477 spectans.
391 442 410 469 1.
430 443 491 476 Sy.
511 441 553 468 De
572 440 707 471 libertate,
726 439 850 467 Liberale
869 440 1037 473 (iudiciuin.)

195 484 282 512 Causa
303 490 394 512 status.
415 484 445 511 sr.
466 486 488 511 7.
508 493 548 521 pr.
569 484 590 517 3.
614 485 637 510 l.
656 483 688 510 de
707 482 867 520 heredspet.
883 485 906 510 5.
921 485 944 509 3.
965 483 1038 509 Paul.

195 527 227 554 V.
249 530 270 554 1.
291 529 312 562 3.
332 530 355 554 5.
393 527 435 554 111.
455 528 521 555 Cn.
541 526 570 553 Si
591 526 718 552 adversus
738 535 804 557 eum,
825 526 870 562 qui
890 527 916 552 in
935 526 1039 552 liberta-

195 575 247 597 tem
267 581 299 597 ex
319 571 458 602 servitute,
483 569 526 596 vel
552 574 641 596 contra
666 570 777 607 petitur,
804 573 867 606 post
889 569 1038 595 inchoatum

195 613 305 640 liberale
324 613 458 644 iudicium.
478 617 536 639 utar
555 612 704 638 interdicto.
723 611 753 638 fr.
772 613 794 637 1.
814 612 836 645 3.
855 613 897 638 21.
918 612 950 638 de
969 613 994 638 vi
1014 617 1040 638 et

195 657 221 682 vi
245 666 306 682 arni.
332 657 373 682 43.
399 657 438 682 16.
482 655 609 681 Ordinata
634 653 736 681 liberali
759 664 849 686 causa,
878 654 955 681 liberi
980 654 1039 681 loco

197 698 308 725 babetur
327 703 376 725 etc.
406 698 436 724 sr.
456 699 498 724 24.
519 708 558 735 pr.
586 698 608 732 3.
627 699 650 724 3.
680 697 710 724 fr.
730 699 772 723 25.
796 697 818 731 3.
836 699 861 723 2.
886 697 918 723 de
938 697 1039 724 liberali

196 752 217 768 c.
236 743 278 768 40.
300 743 338 767 12.
375 740 412 767 Vt
431 740 540 767 liberale
559 741 691 777 negotium
711 741 769 777 ipse
791 743 841 772 (sc.
861 739 983 771 Praetor)
1003 739 1041 766 di-

195 788 329 821 sceptator
348 785 492 813 examinet.
512 783 708 810 adsertionibus
728 783 856 809 ordinatis
875 788 922 810 ete.
943 783 992 809 Th.
1008 782 1038 809 C.

195 825 239 853 VI.
258 829 282 852 4.
303 837 324 853 c.
346 828 385 853 16.
407 826 439 853 (le
452 826 536 853 l’raet.
557 831 583 852 et
602 825 652 861 Qu.
674 825 705 852 cf.
726 825 756 852 fr.
770 827 812 852 36.
832 825 865 852 (16
884 836 912 852 re
930 826 983 852 iud.
998 828 1039 852 42.

196 871 219 895 l.
257 868 317 895 'Non
337 880 396 896 esse
416 880 474 896 enm
494 874 552 895 ante
572 868 756 905 torquendum,
780 878 857 905 quam
876 868 984 895 liberale
1004 870 1041 895 iu-

195 911 292 939 dicium
313 912 357 945 [al.
377 912 479 939 liberali
499 911 607 944 iudicio]
628 912 786 948 experiatur.
806 910 836 938 fr.
852 913 892 937 12.
913 911 945 938 de
963 922 1040 948 quae-

195 956 274 981 stion.
294 957 397 981 4818.
423 971 455 975 -
483 956 513 988 §-
534 956 569 981 2.
598 956 730 986 Libero,
761 965 781 981 υ.
806 956 962 989 ingenuo,
986 956 1039 981 Ιιο-

194 1000 278 1025 mine
299 1000 377 1033 dign
387 1008 428 1024 us.
465 997 507 1023 111.
528 998 593 1024 Cn.
622 996 753 1024 Liberalia
777 996 863 1023 studia
888 998 1039 1034 accipimus,

196 1051 262 1077 quae
276 1040 369 1067 Graeci
383 1043 515 1075 ἐλευθέρια
534 1039 677 1077 adpellant.
697 1040 726 1066 fr.
743 1042 764 1066 1.
779 1050 817 1077 pr.
838 1040 871 1066 (le.
885 1045 950 1067 extr.
965 1050 1038 1077 cogn.

195 1085 236 1109 50.
258 1085 297 1109 13.
326 1081 492 1109 Liberalibus
512 1082 617 1111 studiis.
638 1093 662 1110 v.
682 1083 791 1114 artibus,
811 1084 922 1114 institui,
942 1093 963 1109 s.
984 1093 1040 1110 eru-

195 1125 253 1152 diri.
273 1126 303 1152 sr.
323 1127 346 1151 4.
367 1125 410 1151 ubi
430 1125 492 1161 pub.
512 1127 553 1152 27.
573 1128 598 1152 2.
618 1126 648 1152 fr.
669 1128 710 1152 65.
736 1126 758 1160 3.
778 1128 803 1152 2.
823 1126 856 1152 (16
875 1126 940 1152 Aed.
961 1126 1038 1153 edict.

194 1171 236 1196 21.
258 1170 279 1195 l.
305 1167 389 1195 Vatic.
409 1168 430 1201 3.
452 1169 493 1194 69.
531 1168 575 1194 Ob
600 1168 736 1195 liberalem
755 1174 850 1201 arteni,
873 1168 916 1195 vel
936 1169 970 1195 ob
988 1179 1040 1195 me-

194 1211 307 1238 dicinam
328 1210 463 1244 (salarium
483 1212 677 1243 constitutum.)
698 1211 728 1238 fr.
742 1213 766 1238 4.
787 1213 808 1245 3.
822 1214 846 1238 2.
866 1211 899 1238 de
918 1211 988 1238 decr.
1008 1211 1039 1238 ab

194 1254 251 1281 ord.
271 1255 311 1280 50.
332 1255 355 1280 9.
376 1253 406 1279 ct'.
439 1253 488 1280 Th.
510 1253 540 1280 C.
560 1253 629 1279 XIII.
649 1256 673 1280 3.
699 1264 719 1280 c.
739 1256 763 1281 3
789 1265 810 1281 c.
832 1256 871 1281 17.
895 1254 927 1281 de
946 1254 1038 1281 medic.

194 1302 221 1323 et
239 1296 306 1334 prof.
332 1295 504 1322 Necessariae
524 1301 603 1328 artes,
623 1301 649 1323 et
667 1296 790 1323 liberales
811 1297 974 1334 disciplinae.
1002 1297 1039 1324 Ib.

194 1349 216 1366 c.
238 1340 277 1365 18.
299 1338 314 1365 l.
334 1338 351 1365 1.
388 1338 525 1365 Liberales
545 1349 639 1376 operas
659 1339 690 1366 ab
711 1341 749 1366 eis
769 1341 881 1377 exigere.
902 1340 931 1367 sr.
944 1342 986 1366 26.
1001 1350 1039 1378 pr.

194 1381 227 1408 de
247 1391 319 1419 oper.
340 1381 425 1407 libert.
445 1383 487 1408 38.
509 1384 530 1408 1.
553 1398 583 1402 —
609 1382 638 1415 ἓ.
656 1384 693 1409 3.
716 1384 917 1419 Munificns,
938 1386 1039 1410 Bene-

188 1426 290 1461 ficus.
329 1424 371 1450 III.
388 1426 454 1452 Cn.
474 1424 502 1451 In
523 1424 645 1451 donantis
665 1426 870 1452 munificentiam
890 1436 943 1452 non
963 1426 1041 1459 cadit,

194 1478 253 1494 cum
273 1478 348 1494 nemo
368 1469 394 1494 in
414 1468 618 1494 necessitatibus
638 1467 755 1495 liberalis
770 1469 887 1495 exsistat.
907 1468 938 1496 fr.
954 1470 994 1496 18.
1008 1469 1040 1496 (16

194 1509 272 1537 adim.
292 1509 368 1546 legat.
388 1511 430 1536 34.
450 1512 474 1536 4.

230 1553 475 1580 Liberalitas.
522 1554 784 1589 Munifivenffa,
821 1556 1040 1590 Benignitas,

194 1597 421 1631 Indulgentiu.
460 1595 478 1622 I.
498 1596 559 1629 Sy.
588 1596 713 1623 Donatio.
734 1596 775 1623 Cf.
795 1597 819 1623 h.
839 1607 862 1623 v.
883 1598 904 1631 3.
926 1599 948 1624 1.
985 1597 1040 1624 Mu-

195 1638 336 1670 nificentia‚
356 1637 483 1674 Largitas.
504 1638 555 1665 Th.
570 1638 600 1665 C.
621 1638 688 1666 Ylll.
709 1641 732 1666 9.
754 1650 774 1666 c.
787 1642 811 1666 2.
832 1639 865 1666 de
884 1639 949 1667 lucr.
970 1640 1038 1667 ostie.

195 1679 240 1706 IX.
259 1682 300 1706 42.
326 1692 346 1707 c.
368 1683 408 1707 17.
433 1681 466 1707 de
488 1681 549 1707 bon.
575 1692 676 1719 proscr.
696 1682 740 1708 XI.
760 1684 802 1709 20.
827 1693 848 1709 c.
867 1685 891 1709 5.
913 1693 952 1720 pr.
971 1684 994 1717 3.
1016 1685 1038 1709 l.

195 1722 228 1749 de
247 1723 332 1750 collat.
347 1723 435 1750 donat.
455 1723 628 1759 Indulgentia‚
648 1724 788 1751 lndultum.
808 1725 904 1753 1b.1X.
917 1728 958 1752 38.
980 1737 1000 1752 c.
1017 1727 1040 1752 6.

195 1765 228 1792 de
247 1765 344 1802 indulg.
365 1767 436 1793 crini.
474 1766 516 1793 111.
533 1768 598 1794 Gn·
619 1767 700 1802 Quod
719 1778 801 1804 genus
820 1767 988 1795 liberalitatis
1008 1785 1040 1788 —

195 1807 277 1834 distat
295 1819 309 1834 a
328 1808 476 1835 donatione.
501 1809 532 1835 fr.
554 1811 577 1835 1.
603 1810 684 1843 331.
705 1820 745 1846 sq.
766 1810 798 1837 de
817 1821 916 1848 precar.
937 1813 978 1837 43.
998 1813 1040 1837 26.

196 1851 228 1877 cf.
247 1851 277 1877 fr.
296 1853 318 1877 l.
338 1851 371 1878 (16
390 1856 513 1878 transact.
532 1854 556 1878 2.
578 1854 618 1878 15.
655 1853 695 1879 Ex
715 1853 862 1880 adventicio
882 1853 965 1883 lucro.
984 1854 1041 1880 sive

196 1895 273 1921 etiam
292 1895 368 1920 ainici
387 1894 516 1920 beneficio
535 1894 579 1920 vel
598 1894 756 1922 liberalitate
774 1896 942 1927 (redemtus.)
967 1896 996 1923 fr.
1016 1898 1041 1923 4.

195 1937 216 1971 3.
233 1939 254 1963 1.
275 1936 307 1963 (16
326 1938 493 1963 inanum-10.
516 1938 536 1962 l.
576 1937 651 1972 Quae
670 1943 767 1964 certam
787 1938 895 1965 formam
915 1940 1041 1975 erogatio-

196 1981 237 2006 nis
256 1990 368 2011 annuae.
393 1990 446 2005 non
469 1980 595 2006 incertam
619 1980 784 2007 liberalitatis
803 1981 978 2013 voluntatem,
998 1981 1041 2008 ha-

195 2022 316 2049 buerunt.
345 2022 376 2049 fr.
398 2024 438 2049 10.
462 2023 484 2056 3.
506 2024 528 2049 1.
553 2022 585 2049 de
609 2022 684 2059 legat.
705 2034 763 2050 ann.
782 2026 867 2051 33.1.
904 2024 944 2051 Ex
964 2034 1041 2051 causa

197 2065 390 2102 stipulationis,
415 2075 467 2091 uon
491 2065 524 2091 ob
545 2065 729 2093 liberalitatem
749 2067 919 2103 (consequi.)
949 2067 979 2094 l'r.
1000 2069 1040 2094 15.

198 2108 250 2143 Qu.
270 2118 302 2135 ex
322 2118 343 2134 c.
364 2108 390 2133 iu
410 2118 483 2144 poss
502 2110 544 2135 42.
563 2110 587 2135 4.
624 2108 804 2142 Donationes,
828 2119 875 2136 seu
894 2110 959 2137 aliae
978 2110 1042 2137 libe-

198 2150 322 2176 ralitates.
342 2160 364 2177 e.
385 2152 425 2177 19.
445 2161 484 2187 pr.
505 2150 537 2177 de
557 2151 654 2178 haeret.
676 2154 698 2178 1.
718 2154 741 2178 5.
762 2152 812 2178 Th.
833 2152 863 2179 C.
883 2152 954 2179 XVI.
974 2155 998 2180 5.
1020 2163 1040 2180 c.

198 2194 240 2218 40.
259 2193 281 2226 3
293 2194 316 2219 3.
337 2193 395 2219 eod.
432 2193 603 2220 Liberalitate
623 2204 786 2231 quacunque.
806 2195 848 2222 vel
868 2201 985 2222 extremo
1004 2197 1041 2222 iu-

199 2234 277 2265 dicio.
297 2245 375 2271 posse
394 2235 513 2273 adipisci.
545 2235 594 2263 Th.
615 2236 646 2263 C.
667 2237 736 2264 XVI.
755 2240 779 2264 2.
804 2249 825 2264 c.
844 2240 885 2264 20.
907 2238 939 2265 de
959 2240 1040 2275 episc.

200 2277 264 2304 eccl.
289 2276 321 2303 cl'.
344 2277 386 2304 111.
405 2280 429 2305 8,
459 2290 480 2306 6.
502 2282 526 2305 2.
551 2289 589 2316 pr.
615 2279 647 2306 de
669 2290 720 2306 sec.
741 2285 814 2317 nupt.
853 2280 1040 2308 Patrimonium

200 2330 276 2346 suum
295 2319 422 2356 profunda
440 2321 598 2348 liberalitate
616 2337 651 2341 —
670 2323 815 2350 exhaurire.
835 2323 919 2350 Vatic.
940 2324 961 2357 3.
980 2326 1040 2351 280.

200 2363 240 2389 Ex
264 2363 386 2398 imposita
410 2363 588 2401 descriptione
613 2365 716 2392 donatis
741 2366 917 2402 relevatisque
941 2377 989 2403 per
1012 2366 1039 2393 S.

200 2405 391 2432 liberalitatem.
423 2405 471 2432 Th.
491 2407 522 2433 C.
541 2408 585 2434 XI.
608 2410 648 2435 28.
679 2419 700 2435 c.
722 2411 759 2435 15.
785 2409 817 2435 (16
841 2409 939 2445 indulg.
960 2409 1040 2436 debit.

202 2447 241 2473 Ne
269 2448 295 2474 in
324 2457 369 2473 eos
394 2447 557 2476 liberalitatis
583 2456 707 2487 augustae
733 2452 863 2478 referatur
886 2452 1039 2478 humanitas.

202 2490 239 2516 lb.
258 2490 303 2516 lx.
322 2492 362 2516 38,
384 2500 404 2516 c.
419 2492 442 2516 6.
463 2490 495 2516 de
513 2492 609 2529 indulg.
624 2495 695 2521 erim.
720 2495 869 2522 Theatralis
888 2494 1039 2522 liberalitas.

202 2544 223 2559 c.
242 2534 266 2558 3.
287 2532 318 2558 (16
337 2532 426 2569 praed.
447 2532 533 2559 tlecur.
555 2537 593 2561 10.
612 2538 653 2563 33.

238 2575 481 2602 Liberaliter.
501 2575 613 2610 (Advb.)
651 2581 831 2616 Munifice,
851 2582 966 2616 Large.
997 2580 1040 2607 111.

204 2619 270 2646 Cn.
291 2618 320 2643 Si
337 2617 401 2653 quid
419 2617 564 2644 liberaliter
583 2619 680 2653 fecerit,
699 2623 780 2649 veluti
801 2634 833 2649 ne
851 2623 980 2649 iudicatus
999 2634 1042 2660 pa—

203 2665 244 2687 ter
263 2661 319 2686 eius
337 2674 371 2679 —
391 2665 508 2687 vexetur.
533 2660 564 2687 sr.
583 2663 624 2688 21.
645 2663 708 2696 3.1.
729 2665 760 2691 ad
779 2665 848 2692 S.C.
868 2665 936 2692 vell.
958 2667 997 2692 16.
1019 2668 1041 2693 l.

203 2702 364 2729 Potestatein
383 2718 414 2722 -
434 2704 610 2739 permisimus,
629 2704 676 2731 sed
692 2707 777 2739 vobis,
797 2708 825 2735 P.
833 2708 873 2740 C.‚
892 2708 1043 2736 volentibus

205 2745 341 2772 liberalius
361 2745 500 2772 deseretur.
525 2746 574 2773 Th.
596 2746 626 2773 C.
646 2747 680 2774 X.
700 2750 739 2775 19.
758 2760 779 2776 e.
799 2752 823 2777 8.
843 2751 876 2777 (16
894 2751 991 2778 metall.

240 2788 439 2816 Liberare.
476 2789 508 2823 §-
530 2790 565 2816 1.
586 2791 734 2817 Liberum
753 2794 907 2829 efficere,
926 2798 972 2821 vcl
991 2797 1045 2822 im-

1863 152 1926 182 535)

1081 238 1210 255 munem.
1247 228 1265 254 Ι.
1286 229 1348 263 Sy.
1375 229 1534 256 Libertatem
1553 229 1623 256 dare..
1661 230 1795 257 Libertate
1819 232 1923 259 donare.

1082 271 1123 297 Ad
1144 271 1291 298 libertatem
1308 272 1459 309 perducere.
1480 272 1605 299 Liberum
1619 273 1710 300 facere.
1731 274 1787 300 Gai.
1802 274 1819 300 1.
1833 277 1875 301 41.
1895 275 1925 302 II.

1081 315 1139 340 239.
1160 313 1191 341 fr.
1210 315 1252 340 32.
1276 314 1308 341 (16
1328 315 1351 341 (1.
1372 326 1404 342 in.
1425 317 1448 342 4.
1467 318 1492 342 3.
1519 316 1549 342 fr.
1569 317 1611 343 43.
1636 316 1668 343 de
1687 317 1718 343 A.
1737 317 1768 343 Ε.
1788 317 1819 345 V.
1842 320 1881 345 19.
1903 322 1924 346 1.

1084 357 1266 384 manumittere
1285 359 1412 391 (servos.)
1432 358 1493 396 le.
1513 359 1531 386 1.
1550 360 1592 385 24.
1617 358 1701 386 Vatic.
1721 361 1743 394 3.
1762 362 1785 387 6.
1806 362 1862 388 Gai.
1882 362 1926 389 III.

1083 400 1124 425 56.
1145 409 1203 436 sqq.
1224 401 1265 427 63.
1285 410 1325 437 sq.
1350 400 1380 427 fr.
1401 403 1424 428 5.
1450 402 1482 428 de
1501 412 1612 428 manum.
1631 402 1702 429 vind.
1721 405 1763 430 40.
1782 406 1806 431 2.
1842 405 1926 432 Excu—

1083 452 1142 469 sare
1161 444 1187 475 (a
1207 442 1309 477 tutela.)
1330 443 1361 470 cl'.
1382 443 1406 470 b.
1426 454 1450 470 v.
1470 445 1491 478 3.
1506 446 1529 471 4.
1567 445 1610 471 III.
1627 447 1694 473 Gn.
1714 446 1768 482 Qui
1788 448 1869 474 civem
1883 448 1925 481 lt,

1084 496 1175 512 eumve
1195 487 1239 523 qui
1259 487 1284 512 in
1304 486 1375 513 Italia
1399 486 1538 514 libertatus
1557 489 1605 517 sit.
1632 488 1756 516 celaverit
1774 495 1822 517 etc.
1855 491 1925 518 Coti.

1084 527 1136 554 LL.
1162 529 1195 555 M.
1220 528 1290 555 XIV.
1310 531 1334 556 3.
1376 529 1400 555 A
1423 534 1462 561 te,
1486 530 1636 567 heredeque
1660 537 1718 563 tuo,
1741 535 1925 567 manumissus,

1085 571 1254 608 vindictaque
1279 571 1413 598 liberatus.
1446 572 1475 598 fr,
1502 575 1558 599 122.
1590 575 1611 607 3.
1631 576 1655 600 2.
1681 575 1713 601 (16
1732 575 1763 602 V.
1784 576 1817 603 Ο.
1842 579 1883 604 45.
1904 580 1925 605 l.

1086 614 1139 649 Qui
1159 624 1188 640 se
1208 614 1239 640 ab
1260 625 1304 647 eo,
1329 620 1471 652 parenteve
1495 617 1564 648 eiuS‚
1589 616 1746 645 liberaverit.
1767 619 1797 646 fr.
1816 622 1840 647 3.
1861 622 1881 655 3.
1901 623 1925 647 5.

1085 656 1117 683 de
1137 657 1225 684 testib.
1244 660 1286 684 22.
1306 660 1329 684 5.
1350 657 1381 684 cf.
1402 657 1472 685 Coll.
1491 657 1544 685 LL.
1566 658 1597 685 M.
1618 659 1662 686 IX.
1681 663 1705 687 2.
1730 660 1865 689 Potestate
1884 674 1927 701 pa-

1085 701 1142 730 tria.
1162 710 1182 726 s.
1203 702 1329 738 parentis.
1348 701 1463 728 liberari.
1488 701 1546 728 Gai.
1559 702 1577 728 I.
1599 704 1655 729 136.
1676 703 1706 730 fr.
1726 706 1765 730 12.
1786 705 1818 731 (1(-
1837 706 1925 744 adopt.

1086 744 1107 769 l.
1129 745 1150 769 7.
1172 743 1201 770 fr.
1224 745 1263 770 18.
1283 743 1316 770 (16
1335 743 1365 770 R.
1385 744 1403 770 I.
1423 746 1465 770 50.
1487 746 1526 771 17.
1563 745 1587 771 A
1607 746 1701 778 tutela,
1726 757 1745 774 S.
1767 747 1874 780 Tutela.
1896 750 1926 776 li-

1085 785 1177 812 berari.
1204 786 1260 812 Gai.
1280 786 1298 812 I.
1321 788 1377 813 145.
1399 789 1456 813 194.
1475 787 1506 813 11.
1527 789 1584 814 112.
1608 787 1669 826 le.
1688 789 1734 816 XI.
1752 792 1794 817 28.
1832 792 1927 823 Casus.

1085 838 1136 864 quo
1157 839 1232 855 curae
1253 834 1278 855 et
1291 829 1388 856 tutelae
1401 829 1535 856 liberetur.
1555 830 1585 857 fr.
1599 833 1641 858 50.
1661 832 1682 865 3.
1699 834 1723 858 2.
1744 833 1776 859 (16
1796 834 1870 869 legat.
1884 835 1925 862 111.

1084 873 1151 903 (32.)
1189 872 1271 898 Adire
1292 887 1320 891 —
1343 873 1468 905 iudicent,
1493 878 1522 900 ut
1545 883 1593 899 vos
1613 884 1625 900 a
1644 876 1800 911 provinciali
1820 877 1927 905 admini-

1084 915 1213 940 stratione
1232 913 1335 941 liberet.
1356 926 1376 941 c.
1396 918 1420 941 2.
1441 915 1474 942 de
1493 921 1608 942 excusat.
1628 921 1675 943 tut.
1697 920 1720 944 5.
1740 920 1781 945 67.
1794 935 1825 938 —
1846 921 1876 954 §0
1891 923 1926 948 2.

1085 959 1250 989 Ε.ι·ι“ηι6νι·,
1276 960 1446 991 Expedit-e.
1486 958 1505 985 l.
1525 960 1586 993 Sy.
1614 959 1736 997 Eripere,
1760 961 1927 999 Extorquere

1085 999 1189 1037 (lupis.)
1213 999 1243 1026 fr.
1263 1001 1304 1026 44.
1326 999 1358 1026 de
1376 1000 1407 1026 A.
1427 1000 1456 1027 R.
1477 1001 1511 1027 D.
1530 1003 1571 1028 4l.
1592 1003 1614 1028 1.
1652 1002 1803 1039 Ignoscere,
1822 1006 1927 1033 Exstin-

1084 1044 1127 1078 gui
1147 1044 1253 1069 crimen.
1274 1042 1304 1069 fr.
1324 1044 1348 1069 3.
1373 1043 1410 1077 33.
1429 1045 1453 1070 2.
1474 1054 1532 1080 sqq.
1552 1044 1585 1071 de
1604 1044 1630 1071 S.
1640 1045 1670 1072 C.
1691 1045 1772 1073 Silan.
1792 1049 1833 1074 29.
1853 1051 1876 1075 5.
1896 1049 1925 1076 fr.

1086 1088 1125 1112 ll.
1146 1086 1178 1112 ad
1198 1085 1227 1112 L.
1246 1085 1295 1112 Iul.
1313 1087 1372 1112 mai.
1392 1088 1433 1112 48.
1453 1088 1477 1113 4.
1514 1086 1544 1113 II.
1566 1089 1632 1121 Op.
1652 1088 1679 1114 In
1700 1090 1803 1116 vincula
1822 1091 1926 1128 publica

1085 1130 1222 1156 eoniicere.
1235 1145 1267 1149 -—
1287 1129 1411 1156 Liberare
1430 1129 1552 1156 vinculis.
1571 1130 1601 1157 fr.
1620 1133 1644 1157 2.
1664 1141 1702 1168 pr.
1723 1133 1788 1166 3.1.
1809 1133 1841 1160 de
1861 1140 1926 1161 eust.

1085 1177 1111 1198 et
1131 1171 1218 1198 exhib.
1237 1173 1279 1199 48.
1298 1174 1322 1199 3.
1360 1172 1473 1199 Poenam
1493 1172 1591 1203 subire,
1610 1174 1743 1202 Dainnari.
1758 1192 1789 1196 —
1808 1177 1926 1205 Liberari

1085 1216 1203 1252 (poena.)
1229 1215 1259 1242 fr.
1279 1218 1302 1242 5.
1323 1217 1387 1250 3.1.
1409 1215 1441 1242 de
1460 1215 1522 1252 pub.
1542 1216 1620 1243 indie.
1640 1219 1680 1243 48.
1703 1220 1724 1244 l.
1751 1218 1780 1245 sr.
1801 1223 1823 1246 8.
1844 1221 1865 1254 3.
1888 1223 1926 1247 12.

1085 1258 1117 1284 de
1135 1268 1212 1295 poen.
1232 1260 1274 1285 48.
1297 1260 1335 1285 19.
1372 1258 1415 1285 111.
1435 1259 1501 1286 Gn.
1522 1258 1576 1293 Qui
1595 1269 1695 1286 merces
1715 1270 1775 1287 suas
1795 1263 1928 1300 naufragio

1084 1301 1271 1328 liberaverunt.
1292 1301 1322 1328 sr.
1337 1303 1360 1328 5.
1381 1311 1420 1338 pr.
1441 1301 1463 1335 3.
1485 1303 1506 1327 l.
1527 1301 1560 1327 (le
1577 1300 1607 1327 L.
1621 1301 1707 1329 Rhod.
1724 1305 1762 1330 14.
1775 1306 1799 1330 2.
1826 1305 1928 1338 Solent,

1085 1344 1130 1380 qui
1158 1343 1270 1370 liberare
1294 1354 1352 1370 eum
1376 1343 1463 1370 locum
1487 1344 1614 1381 religione
1638 1345 1747 1379 volunt,
1771 1357 1843 1374 sacra
1867 1349 1929 1375 inde

1086 1397 1203 1413 evocare.
1228 1386 1257 1413 fr.
1277 1388 1301 1413 9.
1321 1388 1343 1421 3.
1362 1389 1388 1414 2.
1407 1387 1439 1414 de
1458 1387 1488 1413 R.
1508 1387 1541 1413 D.
1563 1388 1584 1413 l.
1604 1388 1628 1413 8.
1666 1388 1694 1414 Si
1714 1390 1832 1426 periculo
1851 1392 1927 1420 vitae.

1086 1429 1248 1461 infamiaeve,
1268 1429 1402 1456 dominum
1416 1439 1509 1456 servus
1522 1430 1681 1457 liberaverit.
1702 1432 1731 1458 sr.
1745 1434 1768 1459 9.
1783 1443 1821 1470 pr.
1843 1434 1872 1461 l'r.
1888 1436 1927 1460 15.

1085 1473 1107 1507 3.
1124 1474 1145 1498 l.
1167 1472 1199 1498 de
1218 1482 1329 1499 manum.
1349 1472 1420 1499 vind.
1439 1474 1480 1499 40.
1499 1475 1523 1499 2.
1562 1473 1623 1508 Quo
1642 1475 1723 1510 magis
1742 1479 1768 1501 te
1788 1476 1820 1501 (16
1839 1478 1864 1502 vi
1883 1477 1928 1503 ho-

1085 1516 1178 1546 stium,
1198 1515 1240 1541 vel
1260 1515 1405 1546 latronum,
1423 1515 1465 1541 vel
1485 1515 1590 1552 populi,
1615 1521 1703 1542 tuerer
1721 1517 1763 1543 vel
1783 1518 1926 1546 liberarem.

1085 1557 1115 1584 fr.
1135 1559 1159 1584 9.
1181 1558 1247 1591 3.1.
1268 1558 1319 1593 Qu.
1340 1563 1400 1584 niet.
1421 1568 1441 1585 e.
1462 1560 1485 1584 4.
1500 1561 1524 1584 2.
1552 1557 1648 1585 Verbis
1668 1559 1773 1595 quidem
1792 1560 1856 1597 legis
1876 1572 1928 1588 non

1084 1600 1220 1633 liberatur,
1240 1600 1287 1627 sed
1299 1617 1330 1620 --
1345 1602 1547 1638 rescripserunt.
1566 1602 1747 1638 impunitatem
1767 1604 1790 1629 ei
1810 1605 1926 1631 concedi.

1085 1643 1117 1670 fr.
1136 1645 1178 1669 32.
1199 1653 1237 1680 pr.
1258 1643 1290 1670 ad
1309 1643 1339 1670 L.
1360 1643 1406 1670 lul.
1430 1644 1463 1670 de
1486 1643 1567 1670 adult.
1586 1645 1628 1670 48.
1648 1646 1672 1670 5.
1693 1660 1724 1664 -——
1755 1646 1786 1678 §.
1812 1647 1849 1673 3.
1870 1650 1927 1674 Ah-

1085 1689 1223 1717 solvere,
1242 1687 1419 1713 Diminere
1435 1688 1642 1718 (debitorem.)
1663 1689 1832 1715 Redimere
1853 1694 1927 1719 (rem

1085 1730 1292 1762 obligatam.)
1331 1728 1349 1754 1.
1370 1730 1432 1763 Sy.
1460 1728 1558 1761 Lucre,
1577 1729 1717 1756 Rediinere
1734 1732 1808 1763 (rem
1832 1731 1928 1766 obliga-

1085 1771 1164 1803 tam.)
1184 1770 1214 1797 l'r.
1227 1772 1269 1797 39.
1289 1781 1327 1808 pr.
1347 1770 1377 1798 sr.
1391 1773 1432 1797 41.
1453 1782 1491 1808 pr.
1512 1771 1546 1798 (16
1565 1777 1648 1799 contr.
1669 1778 1728 1799 emt.
1744 1774 1783 1800 18.
1800 1776 1822 1800 1.
1842 1775 1871 1801 sr.
1886 1767 1926 1801 57

1086 1813 1118 1840 (16
1136 1813 1212 1849 legat.
1232 1813 1250 1839 1.
1271 1814 1338 1847 (30.)
1358 1813 1499 1840 Diuiittere
1518 1814 1699 1847 (debitorem.)
1719 1815 1760 1842 Cf.
1781 1816 1805 1842 h.
1827 1827 1849 1843 v.
1870 1817 1926 1850 35

1085 1855 1115 1882 ll.
1135 1858 1202 1890 Op.
1232 1856 1366 1893 Obligari,
1391 1855 1496 1883 Teucri.
1516 1873 1549 1877 —
1573 1856 1700 1884 Libera1·i.
1732 1857 1793 1895 le.
1813 1858 1883 1886 XVI.
1902 1862 1926 1887 3.

1086 1898 1142 1924 Gai.
1163 1898 1204 1924 111.
1226 1900 1283 1925 119.
1306 1900 1362 1925 121..
1382 1908 1441 1935 sqq.
1462 1900 1520 1926 168.
1542 1901 1598 1926 176.
1619 1900 1650 1927 sr.
1671 1903 1693 1927 l.
1713 1900 1746 1927 de
1764 1911 1831 1928 rese.
1851 1903 1926 1929 vend.

1086 1942 1125 1967 18.
1145 1943 1168 1967 5.
1188 1940 1218 1967 sr.
1238 1943 1262 1967 5.
1282 1941 1304 1974 3.
1323 1943 1347 1967 4.
1368 1941 1400 1968 de
1420 1942 1480 1968 don.
1501 1943 1546 1969 int.
1566 1942 1597 1969 V.
1617 1945 1659 1969 24.
1680 1945 1702 1969 1.
1725 1943 1755 1970 fr.
1776 1945 1816 1970 77.
1837 1955 1875 1982 pr.
1896 1945 1927 1971 ad

1086 1983 1150 2010 S.C.
1172 1983 1252 2010 Treb.
1271 1985 1313 2010 36.
1335 1985 1356 2010 1.
1385 1984 1416 2011 fr.
1436 1986 1478 2012 83.
1507 1986 1528 2019 5.
1547 1987 1572 2012 5.
1597 1985 1630 2012 (16
1650 1985 1680 2012 V.
1701 1985 1734 2012 Ο.
1757 1988 1799 2013 45.
1825 1989 1847 2014 1.
1884 1988 1926 2014 HJ.

1086 2028 1152 2054 Gn.
1173 2026 1241 2053 Cum
1259 2026 1386 2054 venderet
1405 2027 1509 2064 aliquis,
1529 2030 1652 2065 promisit
1670 2029 1770 2060 emtori.
1790 2029 1928 2057 fideiusso-

1085 2079 1128 2096 res
1147 2070 1289 2105 praestari,
1318 2075 1344 2096 et
1362 2080 1417 2096 rem
1435 2071 1568 2098 venditam
1591 2071 1705 2097 liberari.
1729 2070 1758 2097 fr.
1780 2073 1838 2099 113.
1861 2073 1925 2107 3.1.

1085 2111 1125 2150 de·
1144 2111 1175 2138 V.
1200 2111 1233 2137 Ο.
1258 2113 1299 2138 45.
1320 2114 1342 2139 l.
1384 2112 1546 2146 Servitutes,
1571 2113 1667 2150 quibus
1692 2113 1801 2140 liberata
1822 2116 1927 2152 praedia

1085 2155 1242 2192 pretiosiora
1262 2155 1362 2181 fierent.
1387 2155 1418 2182 fr.
1437 2157 1479 2182 30.
1500 2166 1539 2194 pr.
1566 2156 1597 2182 ad
1616 2156 1645 2182 L.
1666 2156 1736 2182 Falc.
1755 2158 1797 2183 35.
1816 2160 1840 2184 2.
1878 2158 1927 2185 Ne-

1086 2198 1181 2224 minem
1200 2197 1335 2224 molestari
1357 2198 1432 2231 volo,
1453 2214 1483 2218 —
1505 2204 1530 2225 et
1553 2198 1663 2225 absolvo
1688 2203 1713 2225 et
1735 2199 1820 2226 libero
1839 2211 1871 2227 ex
1889 2202 1926 2237 pi-

1085 2240 1211 2276 gnoribus
1232 2241 1287 2266 eius
1307 2240 1420 2267 domum.
1440 2241 1470 2268 sr.
1483 2243 1525 2267 20.
1546 2251 1584 2278 pr.
1605 2241 1637 2268 de
1656 2241 1758 2269 liberat.
1778 2243 1825 2279 leg.
1845 2245 1885 2269 34,
1901 2245 1924 2269 3.

1086 2283 1225 2309 Solutionc
1244 2282 1419 2321 chirographo
1443 2285 1512 2310 inani
1532 2284 1614 2316 facto,
1639 2289 1664 2310 et
1687 2285 1840 2322 pignoribus
1863 2285 1925 2311 libe-

1085 2327 1157 2352 ratis.
1178 2326 1207 2352 fr.
1230 2327 1269 2352 18.
1289 2326 1321 2352 ad
1341 2327 1428 2353 exhib.
1450 2329 1488 2353 10.
1508 2330 1533 2353 4.
1570 2327 1650 2359 Rem,
1670 2338 1745 2364 quain
1765 2329 1865 2364 pignori
1886 2339 1924 2354 ac-

1087 2373 1200 2405 ceperat,
1220 2368 1334 2394 debitori
1352 2369 1471 2395 liberare.
1491 2370 1522 2396 sr.
1536 2371 1559 2396 8.
1579 2380 1618 2407 pr.
1639 2370 1669 2396 ad
1691 2370 1755 2396 S.C.
1771 2370 1837 2396 vell.
1852 2371 1889 2396 16.
1902 2373 1923 2396 1.

1085 2411 1151 2438 Rem
1170 2412 1273 2448 pignori
1293 2411 1386 2443 datam.
1406 2423 1418 2438 a
1433 2412 1564 2439 creditore
1577 2423 1625 2439 suo
1638 2412 1757 2438 liberare.
1777 2412 1807 2438 fr.
1821 2415 1845 2439 3.
1866 2414 1886 2446 3.
1900 2415 1923 2439 2.

1086 2454 1116 2480 fr.
1137 2455 1159 2479 4.
1184 2455 1234 2489 Qu.
1260 2454 1355 2489 potior.
1375 2456 1416 2480 20.
1437 2457 1460 2481 4.
1497 2455 1660 2482 Liberandae
1683 2454 1744 2480 fidei
1768 2455 1823 2480 eius
1849 2465 1925 2481 causa

1086 2496 1261 2523 fideiussisse.
1282 2496 1310 2522 fr.
1331 2498 1372 2523 46.
1392 2498 1414 2531 3.
1435 2500 1457 2524 l.
1478 2497 1510 2524 de
1530 2498 1560 2524 N.
1581 2497 1611 2523 G.
1631 2498 1654 2522 3.
1674 2499 1696 2522 5.
1734 2496 1846 2523 Liberos
1866 2508 1925 2524 one-

1086 2539 1160 2566 ribus
1180 2538 1345 2565 hereditarIis
1369 2550 1422 2566 non
1446 2545 1542 2578 sponte
1567 2540 1698 2575 susceptis
1724 2539 1849 2572 liberare,
1873 2551 1924 2567 non

1086 2583 1184 2609 invitos
1204 2581 1235 2608 ab
1255 2581 1400 2609 hereditate
1418 2593 1560 2609 removere.
1580 2582 1609 2607 l'r.
1624 2583 1665 2607 12.
1683 2581 1715 2607 de
1729 2582 1798 2618 vulg.
1818 2587 1844 2609 et.
1862 2593 1924 2621 pup,

1086 2626 1128 2651 28.
1148 2625 1171 2650 6.
1198 2624 1272 2650 Alias
1292 2624 1458 2652 condictione
1477 2625 1503 2651 id
1522 2625 1613 2659 agitur,
1632 2628 1660 2650 ut
1679 2625 1749 2650 omni
1767 2624 1926 2661 obligatione

1088 2668 1227 2699 liberetur,
1257 2666 1320 2693 alias
1345 2672 1373 2693 ut
1396 2672 1558 2694 exoneretur.
1587 2666 1617 2692 fr.
1637 2667 1662 2692 3.
1686 2666 1718 2693 de
1737 2667 1849 2694 condiet.
1869 2670 1926 2695 sine

1089 2720 1109 2736 c.
1131 2711 1171 2736 12.
1192 2711 1215 2736 7.
1252 2708 1288 2735 Vt
1307 2711 1444 2746 pecuniae.
1470 2710 1544 2735 cuius
1564 2708 1607 2742 [al.
1627 2708 1675 2741 Vt,
1695 2711 1768 2736 cuius
1787 2711 1923 2748 pecuniae]

1089 2753 1194 2778 nomine
1213 2751 1343 2787 obIIgatus
1363 2753 1419 2782 erit,
1439 2751 1573 2777 liberetur.
1598 2751 1682 2778 11:29.
1703 2753 1762 2786 3.1.
1783 2753 1814 2779 ct'.
1835 2754 1864 2779 l'r.
1882 2755 1923 2779 25,

1089 2796 1112 2829 3.
1131 2796 1155 2821 9.
1176 2794 1209 2821 de
1227 2794 1313 2821 Aedil.
1333 2794 1409 2820 edict.
1429 2796 1470 2820 21.
1492 2795 1514 2820 l.
1551 2793 1634 2821 Heres
1652 2805 1726 2822 meus
1745 2795 1851 2822 damnas
1867 2800 1923 2821 esto

1426 2837 1459 2862 68
1471 2838 1485 2850 ⁴
