2197 3121
247 177 310 207 544

249 263 297 285 cat.
320 258 359 284 19.
379 258 402 283 2.
424 271 455 276 —-
476 256 505 288 §.
526 256 562 281 Β.
583 255 715 285 Potest,
736 254 772 279 111
790 253 940 286 proclivi
958 256 1012 277 est.
1050 248 1094 275 III.

249 302 316 329 Cn.
335 299 423 326 Facile
442 298 589 334 intelligere
609 296 679 327 lieet,
700 305 750 332 qua
771 299 819 321 etc.
849 294 879 321 fr.
896 296 918 320 l.
939 294 961 328 ξ.
982 295 1005 319 4.
1026 292 1059 319 de
1078 291 1096 319 Ι.

250 349 273 371 et
295 344 312 370 1.
336 345 357 369 l.
380 344 403 368 1.

285 386 406 413 Licet.
438 382 615 416 (Coniunct.)
653 383 742 413 Etsi,
765 383 927 414 Quamvis.
965 378 1008 405 111.
1030 380 1096 406 Cn.

249 429 337 459 Licet.
358 443 389 447 —
411 432 508 454 tamen.
530 436 551 452 s.
572 430 692 451 attamen.
725 424 782 450 Gai.
802 424 832 450 Il.
852 426 893 450 67.
915 424 955 449 79.
978 424 1035 449 168.
1055 422 1097 449 111.

250 474 308 499 1615.
330 472 387 497 176.
408 470 451 496 lv,
471 471 512 495 65.
537 467 598 505 le.
619 467 690 494 XU.
709 469 734 494 3.
754 466 852 493 XXIV.
875 468 945 492 11.a.
971 465 1002 492 fr.
1021 467 1045 492 2.
1066 465 1098 492 de

250 516 294 542 off.
314 514 414 541 adse-ss.
436 515 457 538 l.
477 514 518 538 22.
539 510 568 537 fr.
589 512 632 537 55.
651 521 690 547 pr.
711 510 743 537 de
762 509 794 536 V.
815 510 842 536 S.
864 512 906 535 50.
928 511 968 536 16.
1007 508 1098 535 Omni-

250 557 329 585 modo
349 555 486 593 (locuples
507 554 590 581 sactus
611 554 741 585 videtur.)
765 553 825 579 licet
845 556 939 589 postca
963 551 1098 589 deperdat.

249 602 280 628 sr.
303 602 342 627 1³3.
369 601 420 635 Qu.
439 603 500 624 met.
525 608 546 624 c.
566 599 590 623 4.
611 599 635 623 2.
673 596 731 623 Etsi
757 597 816 632 quis
841 605 918 622 unam
943 605 1013 627 rem,
1038 594 1100 621 licet

251 645 396 671 minimam.
415 642 541 679 rapuerit.
572 640 629 667 Gai.
648 639 691 666 ΙΙΙ,
710 640 769 665 209.
808 638 872 664 Sive
890 639 1055 675 impetravit,
1074 643 1099 664 ct

250 697 315 715 usus
335 691 375 712 est
395 686 450 712 iure
471 683 573 720 aliquo,
593 684 650 709 sive
670 682 821 719 impetravit
840 686 868 707 ut
887 685 1018 712 uteretur,
1038 680 1101 707 licet

251 740 315 757 usus
335 739 387 756 non
408 729 451 754 sit.
472 727 502 754 Τι’.
516 729 540 754 3.
556 737 595 764 pr.
617 728 668 762 Qu.
689 726 794 761 quisqu.
814 725 863 750 iur.
876 726 900 750 2.
919 726 944 751 2.
981 724 1014 750 Ei
1033 734 1102 750 coru-

251 774 327 811 pctit,
347 772 421 798 cuius
441 772 560 801 interest.
577 769 684 795 -licet
704 768 827 794 dominus
846 777 899 793 non
919 768 961 793 sit.
986 766 1044 793 Gai.
1057 766 1100 793 111.

250 818 310 843 203.
349 814 423 841 Licet
447 813 549 849 legibus
573 812 662 838 soluta
687 821 740 838 non
760 815 801 837 cst
825 811 879 843 (sc.
899 810 1048 846 Angusta.)
1069 825 1102 829 —-

251 864 339 886 tamen
363 863 412 884 etc.
438 856 468 883 fr.
487 858 529 882 31.
555 855 587 881 de
613 854 665 881 LL.
687 856 710 880 1.
729 855 753 880 3.
796 852 872 880 Licet
895 852 1009 880 indivisa
1034 852 1102 879 bona

252 903 347 930 fratres
367 900 476 931 habent,
502 898 674 925 nihilominus
694 902 781 924 tamen
801 901 850 923 etc.
875 906 897 923 c.
917 898 941 923 7.
961 895 994 923 de
1014 895 1101 923 dccur.

254 948 294 972 10.
314 947 356 972 31.

289 986 453 1015 Licinia.
490 987 590 1020 Legig
618 993 738 1010 nomeu.
775 981 819 1009 111.
840 982 906 1009 Cn.
935 981 966 1008 Si
986 983 1045 1018 quis
1066 983 1102 1008 iu-

254 1032 316 1059 dicii
341 1030 472 1057 communi
496 1026 642 1054 dividundo
667 1025 784 1052 evitandi
803 1035 881 1052 causa
900 1034 955 1051 rem
975 1024 1103 1051 alienave-

253 1076 302 1102 rit.
323 1084 354 1100 ex
373 1073 429 1109 lege
449 1071 550 1098 Licinia
570 1071 593 1096 ci
613 1068 793 1100 interdicitur,
818 1078 851 1094 ne
871 1069 1001 1094 communi
1021 1067 1102 1095 divid.

254 1117 351 1145 iudicio
372 1116 530 1153 experiatur.
550 1112 581 1140 fr.
596 1115 637 1139 12.
657 1112 689 1139 de
709 1111 812 1138 alienat.
833 1110 885 1137 iud.
906 1115 969 1137 mut.
989 1121 1010 1137 c.
1025 1112 1049 1137 4.
1061 1113 1084 1137 7.

290 1159 474 1187 Licinius.
514 1158 633 1184 Nomen
650 1165 813 1189 personae
826 1155 945 1190 fictae.
973 1153 1017 1180 III.
1036 1155 1103 1182 Gn.

256 1203 285 1230 L.
305 1202 391 1229 Seius.
412 1218 443 1222 —
469 1200 521 1236 Qu.
540 1199 667 1226 Licinius.
699 1197 729 1224 L.
751 1196 820 1224 Gall.
840 1196 941 1234 Cisalp.
962 1196 980 1223 1.
1000 1199 1042 1224 22.
1063 1207 1102 1234 sq.

253 1248 296 1273 29.
314 1255 354 1282 sq.

286 1282 471 1315 Licitani.
509 1285 550 1312 Cf.
570 1295 594 1311 v.
615 1283 763 1311 Lucentini.

291 1329 463 1358 Licitari.
496 1330 613 1356 Liceri.
651 1327 670 1354 Ι.
691 1328 753 1361 Sy.
773 1326 913 1353 Licitantis
932 1324 1011 1352 calor.
1042 1325 1105 1352 Ani-

255 1384 329 1401 mose
348 1373 429 1399 liceri.
450 1372 481 1398 l'r.
500 1373 542 1398 29.
563 1370 622 1397 sam.
643 1371 734 1396 ercisc.
755 1371 794 1395 10.
809 1371 833 1396 2.
853 1368 883 1395 fr.
903 1370 928 1395 9.
948 1379 987 1405 pr.
1008 1368 1040 1395 de
1058 1379 1105 1406 pu-

256 1417 350 1443 bliean.
369 1417 412 1442 39.
432 1417 456 1441 4.
493 1414 625 1446 Licitatio⁷
645 1413 753 1440 Licitari
773 1412 888 1446 (fructus
907 1412 970 1445 etc.)
990 1410 1047 1438 Gai.
1059 1411 1104 1439 IV.

259 1461 316 1486 166.
337 1469 356 1485 c.
378 1460 402 1485 3.
423 1467 514 1484 comm.
535 1457 587 1483 div.
607 1458 632 1483 3.
651 1457 692 1482 37.

293 1501 486 1529 Licinnio.
523 1500 554 1533 ξ.
575 1500 610 1526 l.
635 1500 734 1525 Actus
759 1500 928 1526 licitandi.
968 1499 1105 1525 oblatio

257 1547 364 1580 prelii
383 1546 413 1570 in
438 1545 599 1570 ans-lione.
638 1541 680 1568 Ill.
702 1543 768 1569 (ἠ.
797 1541 827 1568 Si
846 1552 888 1568 res
908 1542 965 1567 eius
984 1541 1106 1573 venierit,

258 1594 283 1615 et
303 1588 412 1614 exsistat
433 1587 478 1622 qui
497 1585 558 1623 plus
577 1584 701 1616 licentur.
721 1600 754 1604 —-
780 1594 885 1611 rursum
906 1583 1059 1610 admittatur
1078 1584 1107 1610 li-

258 1631 355 1657 citatio.
381 1629 412 1656 fr.
432 1630 454 1655 7.
480 1629 502 1662 ξ.
522 1629 546 1654 8.
573 1628 606 1654 de
625 1629 718 1654 minor.
737 1629 762 1654 4.
782 1629 806 1654 4.
844 1627 887 1658 Si,
908 1627 1006 1653 omissa
1026 1626 1106 1653 licita-

257 1675 344 1705 tione,
364 1677 489 1699 extraneo
510 1670 630 1697 addictus
650 1671 673 1696 is
693 1669 790 1697 fundus
810 1669 895 1697 suerit.
920 1668 951 1695 fr.
973 1670 1013 1695 78.
1039 1669 1061 1702 §
1082 1671 1105 1695 4.

258 1716 291 1743 de
311 1717 367 1742 iure
392 1714 446 1741 dot.
466 1716 507 1740 23.
528 1715 553 1740 3.
575 1713 606 1740 cf.
630 1712 661 1739 sr.
683 1714 722 1739 19.
749 1713 770 1746 ξ.
789 1714 814 1739 3.
835 1722 927 1739 comm.
948 1711 1000 1738 div.
1022 1713 1062 1738 10.
1081 1713 1106 1738 3.

258 1759 295 1785 Vt
323 1758 459 1796 potentior
488 1761 572 1783 emtor
599 1766 647 1793 per
670 1755 842 1782 licitationem
864 1754 945 1781 vilius
971 1764 1026 1781 eam
1053 1755 1106 1787 (sc.

259 1803 331 1832 rem)
352 1801 470 1838 accipiat.
495 1799 524 1826 fr.
546 1801 586 1826 12.
607 1799 639 1825 de
658 1798 734 1825 alien.
755 1798 808 1825 iud.
828 1802 890 1824 mut.
912 1808 933 1824 c.
953 1799 977 1824 4.
999 1799 1021 1824 7.
1054 1798 1108 1834 Qui

260 1844 361 1871 fructus
380 1843 525 1870 licitatione
544 1843 617 1874 vicit,
637 1851 661 1868 v.
676 1842 761 1868 victus
776 1846 824 1868 est.
844 1840 901 1867 Gai.
915 1839 960 1867 IV.
976 1842 1034 1867 166.
1048 1851 1107 1878 sqq.

260 1887 304 1918 Si,
325 1886 449 1912 distracta
469 1890 556 1922 parte,
576 1885 687 1911 cesserit
706 1885 792 1910 victus
812 1884 958 1910 licitatione
976 1883 1108 1911 venditor.

260 1930 291 1956 fr.
313 1931 335 1955 7.
356 1929 377 1963 ξ.
400 1929 439 1954 13.
461 1938 552 1954 comm.
573 1928 625 1954 div.
646 1929 685 1954 10.
699 1929 724 1953 3.
745 1937 766 1954 c.
787 1929 810 1953 l.
831 1926 890 1953 eod.
909 1928 933 1953 3.
953 1928 995 1953 37.
1032 1926 1110 1953 Insti-

260 1976 335 1999 tuant
355 1972 518 2002 auctionem,
544 1970 627 1996 hastis
646 1970 744 1996 habitis
765 1980 797 1996 ex
815 1969 960 1996 licitatione
980 1976 1108 1997 currente.

261 2014 313 2042 Th.
335 2013 366 2041 C.
385 2013 417 2040 X.
439 2016 463 2040 2.
489 2022 510 2039 c.
532 2014 554 2039 1.
575 2012 607 2039 dc
627 2012 695 2039 dom.
720 2012 752 2039 ad
776 2023 830 2039 rem
850 2014 917 2050 priv.
936 2017 1003 2050 pert.
1025 2013 1056 2039 cf.
1076 2013 1109 2040 V.

263 2059 303 2084 13.
324 2067 346 2083 c.
368 2058 406 2082 15.
428 2066 449 2082 c.
471 2056 510 2082 18.
532 2055 649 2089 (uvck.)
678 2055 864 2082 Licitationum
883 2057 940 2082 iura
959 2055 1111 2082 conductio-

262 2109 385 2136 numque.
405 2098 442 2125 lb.
457 2097 502 2125 lV.
518 2099 558 2124 12.
578 2108 599 2124 c.
621 2099 644 2124 1.
665 2098 697 2124 de
716 2099 810 2134 vectig.
830 2103 856 2125 et
875 2109 1010 2125 coan—
1030 2099 1062 2132 ᾖ.
1074 2100 1110 2126 2.

264 2143 480 2170 Nundinalio.
518 2140 561 2167 III.
580 2142 647 2169 Gn.
667 2140 727 2167 Non
747 2142 781 2167 sit
800 2141 892 2168 venale
905 2141 1000 2168 iudicis
1014 2141 1110 2174 velum,

263 2195 317 2212 non
337 2186 472 2221 ingressus
492 2183 612 2216 redemti.
632 2194 684 2210 non
705 2184 800 2210 infame
818 2184 1009 2211 licitationibus
1027 2194 1112 2211 secre-

265 2229 368 2256 tarium.
392 2227 429 2253 lb.
449 2226 520 2253 1.16.
542 2236 563 2253 c.
583 2228 606 2253 7.
627 2226 732 2260 (ch.)
753 2226 785 2253 de
805 2227 848 2254 oss.
868 2227 942 2254 Rect.
963 2227 1005 2254 Pr.

300 2269 441 2300 meite,
472 2279 492 2296 S.
514 2270 650 2298 Licito.
681 2270 807 2303 (Advb.)
846 2272 935 2297 More
953 2281 1110 2298 concesso.

265 2313 297 2340 II.
319 2314 386 2347 Op.
410 2311 513 2338 Illicitc.
534 2312 564 2339 l'r.
585 2315 642 2339 114.
663 2313 685 2346 §.
705 2314 730 2339 5.
751 2312 783 2339 de
800 2312 878 2349 legat.
898 2312 915 2340 1.
930 2313 998 2346 (30.)
1019 2313 1049 2340 l'r.
1068 2316 1110 2340 25.

265 2357 288 2391 §.
309 2357 332 2382 1.
352 2354 384 2381 de
404 2353 429 2380 h.
450 2364 493 2391 qu.
514 2360 540 2381 ut
561 2355 658 2391 indign.
677 2358 719 2383 34.
734 2358 758 2383 9.
779 2356 808 2382 l'r.
828 2358 852 2382 2.
873 2356 895 2389 ξ.
917 2357 955 2382 15.
976 2366 1008 2382 ne
1027 2366 1070 2392 qu.
1086 2358 1112 2383 iu

268 2400 328 2426 loco
348 2397 410 2435 pub.
429 2398 470 2424 43.
491 2398 515 2423 8.
553 2397 594 2423 111.
619 2400 685 2426 Cn.
715 2399 745 2425 Si
765 2398 828 2435 quid
847 2398 924 2425 alicui
945 2398 1016 2425 licite
1035 2399 1113 2426 suerit

269 2441 403 2473 relictum,
424 2439 495 2476 quod
515 2441 573 2476 ipse
593 2441 699 2476 quidem
719 2458 751 2461 —
770 2441 868 2468 habere
887 2452 940 2468 non
959 2443 1046 2478 potuit
1065 2447 1113 2469 etc.

269 2486 299 2511 l'r.
322 2486 378 2511 114.
398 2484 420 2517 ς’.
436 2485 459 2509 5.
480 2482 497 2509 l.
512 2483 579 2516 (30.)
618 2482 698 2509 Velut
716 2484 789 2511 licito
809 2485 938 2511 committi
952 2489 1001 2511 etc.
1022 2484 1114 2512 Tl1.C.
1135 2480 1136 2486 ¹

270 2527 313 2554 Xl.
333 2531 357 2553 ὅ.
379 2537 400 2553 c.
419 2528 444 2552 3.
464 2535 504 2563 pr.
524 2525 556 2551 de
576 2531 740 2563 supercxact.

307 2570 463 2597 Licinis.
493 2568 625 2602 (partic.)
671 2570 738 2595 Nun
761 2571 966 2603 prohibitus,
995 2571 1113 2597 Iustus.

272 2612 290 2637 1.
310 2614 372 2646 Sy.
396 2612 458 2638 Sine
479 2611 581 2646 fraude,
602 2611 766 2638 Auctoritate
786 2611 863 2646 legis,
887 2611 973 2639 Licito
993 2613 1049 2639 iure
1068 2612 1116 2646 (fa-

274 2655 354 2686 cere.)
375 2654 442 2681 Coll.
463 2654 515 2681 LL.
535 2654 568 2681 M,
590 2654 633 2681 lv.
653 2656 677 2681 2.
698 2664 737 2690 sq.
758 2653 788 2680 fr.
808 2657 831 2680 3.
852 2656 873 2687 ξ.
896 2657 916 2681 l.
941 2656 992 2691 Qu.
1012 2661 1072 2682 met.
1094 2665 1114 2682 c.

273 2698 297 2722 4.
317 2698 341 2722 2.
371 2696 520 2732 Legitimae,
540 2697 640 2724 Licitae
655 2698 783 2731 (usurae.)
804 2706 824 2723 c.
843 2698 880 2722 19.
901 2708 921 2723 c.
935 2700 977 2724 25.
997 2698 1030 2724 dc
1044 2708 1114 2724 usur.

274 2741 297 2764 4.
316 2740 358 2764 322.
396 2738 425 2764 11.
447 2742 514 2773 ΟΡ.
538 2740 658 2767 Illicitus.
683 2739 726 2766 Cl'.
746 2740 770 2766 h.
790 2750 814 2766 v.
835 2739 888 2766 Ros
909 2739 986 2766 licita.
1007 2757 1038 2761 —
1059 2741 1116 2767 Cri-

274 2791 342 2808 men.
369 2790 390 2806 c.
409 2782 433 2806 3.
459 2782 489 2808 de
510 2783 534 2809 vi
555 2783 614 2809 bon.
639 2788 705 2820 rapt.
725 2785 750 2809 9.
769 2784 810 2809 33.
847 2782 888 2808 111.
911 2784 975 2810 Cn-
1001 2783 1116 2809 Honesta

277 2830 302 2851 et
330 2824 400 2851 licita
429 2834 478 2850 res.
512 2826 541 2851 tr.
562 2828 602 2852 57.
632 2836 679 2863 pro
705 2836 758 2852 soc.
785 2827 825 2852 17.
847 2828 871 2852 2.
915 2825 1067 2858 Communi,
1092 2831 1117 2852 et

1009 166 1080 199 LIC
1096 185 1134 191 —
1149 166 1231 198 LlG.

1143 248 1229 281 licito,
1253 253 1278 275 et
1304 255 1432 276 consueto
1451 250 1551 277 ordine.
1577 260 1598 277 c.
1618 252 1659 277 37.
1680 261 1718 288 pr.
1740 251 1773 278 de
1791 252 1863 279 inoff.
1884 257 1986 279 testam.

1141 294 1164 318 3.
1184 293 1226 318 23.
1265 291 1370 329 Operae
1397 293 1609 330 qualescunque,
1635 304 1702 331 quae
1726 294 1804 321 modo
1829 295 1913 332 probe
1932 296 1989 321 iure

1142 335 1215 361 licito
1235 336 1414 372 imponuntur.
1444 336 1474 363 fr.
1496 338 1518 363 7.
1547 337 1568 371 ξ.
1588 338 1612 363 3.
1639 337 1671 363 de
1697 347 1769 374 oper.
1794 337 1880 364 libert.
1900 339 1942 365 38.
1965 339 1987 364 1.

1120 402 1121 411 ,
1143 378 1174 405 el'.
1195 378 1225 405 fr.
1245 380 1269 405 9.
1289 379 1311 413 ξ.
1334 380 1355 405 l.
1376 378 1408 405 de
1428 378 1489 405 don.
1509 380 1554 406 int.
1575 379 1606 406 Y.
1626 382 1668 406 2-1.
1690 382 1712 407 1,
1750 380 1866 407 Minores
1885 391 1988 412 usuras,

1143 437 1174 441 —
1189 421 1351 454 Ampliores,
1370 421 1455 448 licitas
1469 426 1563 454 tamen.
1583 423 1772 460 (promittere.)
1793 433 1814 450 c.
1827 424 1853 450 8.
1872 422 1904 449 de
1917 433 1988 450 usur.

1143 466 1166 491 4.
1186 466 1228 491 32.
1265 465 1309 497 Ei,
1341 466 1385 501 qui
1410 474 1494 501 usque
1517 465 1550 492 ad
1575 471 1675 493 certum
1699 465 1806 492 modum
1831 476 1924 503 capere
1943 476 1989 503 po-

1144 512 1242 539 tuerat,
1269 507 1364 545 legavit
1389 507 1487 534 licitam
1513 510 1691 545 quantitatem.
1722 509 1752 536 fr.
1771 510 1814 535 27.
1834 508 1866 535 de
1885 509 1988 546 probat.

1142 553 1184 577 22.
1204 552 1229 577 3.
1267 550 1327 577 Non
1346 550 1421 583 licet⁷
1447 550 1559 588 amplius
1579 562 1655 588 quam
1675 562 1755 579 unum
1775 551 1916 588 collegium
1935 551 1991 579 lici-

1145 599 1199 620 tum
1217 593 1322 621 habere.
1342 594 1373 621 fr.
1394 596 1416 620 1.
1436 595 1457 628 ς’.
1478 596 1502 620 2.
1528 594 1561 621 de
1581 595 1675 631 colleg.
1695 597 1737 622 47.
1757 598 1800 622 22.
1837 595 1896 622 Iure
1914 594 1990 622 licito

1145 637 1261 670 (facere,
1285 647 1309 663 v.
1328 637 1444 674 petere.)
1470 636 1499 663 fr.
1519 639 1561 664 48.
1581 637 1614 664 de
1633 638 1718 665 damn.
1742 638 1788 665 int'.
1807 639 1849 665 39.
1869 640 1894 664 2.
1914 637 1945 665 fr.
1966 639 1989 664 1.

1145 680 1177 707 de
1196 685 1334 718 proxenet.
1352 682 1394 707 50.
1414 681 1454 706 14.
1492 680 1592 707 Contra
1611 680 1713 708 licitum
1733 681 1895 715 (redimere.)
1915 682 1990 708 020.

1145 723 1230 750 mand.
1249 725 1274 750 4.
1292 724 1334 749 35.
1372 722 1465 759 Neque
1488 723 1560 750 licita
1582 726 1759 760 negotiatione
1779 724 1883 761 aliquos
1901 723 1992 761 prohi-

1146 767 1209 798 beri,
1230 776 1316 802 neque
1334 766 1468 803 prohibita
1488 768 1613 793 exerceri.
1632 767 1663 793 fr.
1676 768 1700 794 6.
1720 768 1742 801 §
1756 769 1780 794 4.
1795 767 1828 794 de
1843 768 1886 794 oss'.
1902 767 1991 794 Praes.

1147 811 1169 836 l.
1190 810 1230 836 18.
1268 809 1327 835 Etsi
1346 808 1447 835 licitum
1465 814 1569 836 veteres
1589 809 1770 841 crediderunt,
1790 826 1822 831 —
1842 810 1993 837 abstineant.

1147 857 1195 879 etc.
1216 852 1265 879 Th.
1287 851 1318 879 C.
1338 851 1380 878 111.
1402 853 1442 878 12.
1461 862 1482 878 c.
1502 855 1526 879 2.
1547 852 1579 879 de
1599 853 1691 879 incest.
1711 858 1785 891 nupt.

1180 895 1343 923 Lieium.
1382 896 1522 922 consuti
1542 906 1647 931 genus
1672 895 1723 929 (ad
1747 896 1858 933 tegenda
1876 896 1992 923 bominis

1146 938 1209 966 nudi
1228 937 1373 975 pudenda.)
1410 937 1428 964 1.
1448 939 1510 972 Sy.
1528 938 1659 965 Linteum.
1681 938 1737 966 Gai.
1756 939 1798 966 llI.
1820 941 1877 967 191.
1897 950 1938 976 sq.
1959 939 1992 966 cf.

1148 981 1217 1009 Gell.
1229 980 1260 1007 N.
1272 981 1304 1007 A.
1318 980 1363 1007 XI.
1375 982 1415 1007 18.
1435 980 1506 1007 XVI.
1527 983 1566 1008 10.
1605 981 1647 1008 111.
1668 983 1735 1009 Cn.
1755 981 1897 1009 furtorum
1916 992 1993 1018 quae-

1147 1026 1208 1057 stio,
1228 1034 1286 1051 cuin
1305 1023 1380 1050 lance
1399 1028 1425 1050 et
1443 1023 1512 1050 licio.
1532 1023 1561 1051 L.
1581 1024 1630 1051 XII
1650 1024 1733 1052 Tabb.
1754 1025 1822 1052 Ylll.
1844 1027 1883 1052 15.

1182 1067 1326 1095 Lictor-
1373 1068 1529 1094 Minister
1554 1069 1705 1102 publicus
1733 1070 1994 1103 magistratuum

1148 1113 1181 1138 P.
1201 1113 1233 1137 R,
1254 1112 1428 1142 maiorum,
1449 1111 1562 1146 fasces
1583 1116 1728 1145 gestans.
1765 1110 1809 1137 ΙΙΙ.
1831 1112 1897 1138 Gn.
1925 1110 1995 1137 Cum

1149 1155 1175 1180 in
1194 1152 1257 1179 villa
1277 1163 1335 1179 cum
1348 1152 1474 1179 Praetore
1493 1152 1610 1185 fuissem,
1627 1167 1657 1172 -
1681 1154 1731 1180 etsi
1749 1153 1852 1180 lictoris
1871 1163 1994 1191 praesen-

1148 1198 1184 1223 tia
1207 1206 1261 1223 non
1285 1201 1356 1222 esset
1375 1201 1424 1222 etc.
1453 1195 1484 1222 fr.
1504 1197 1528 1222 8.
1555 1194 1587 1222 cf.
1616 1194 1647 1222 l'r.
1666 1197 1708 1223 23.
1734 1195 1767 1222 de
1790 1206 1903 1223 manum.
1922 1196 1993 1223 vind.

1147 1242 1188 1266 40.
1209 1241 1234 1266 2.

1183 1282 1386 1310 Lictorius.
1423 1280 1562 1314 (Adiect.)
1599 1282 1649 1307 Ad
1669 1282 1806 1309 lictores
1829 1288 1994 1316 spectans,

1147 1335 1319 1360 eorumque
1337 1326 1511 1351 decuriam.
1549 1323 1592 1350 111.
1608 1324 1674 1351 Gn.
1695 1323 1811 1351 Ordines
1831 1324 1996 1351 decuriarum

1149 1369 1303 1400 scribarum,
1323 1367 1503 1396 librariorum.
1525 1372 1551 1393 et
1568 1366 1688 1393 lictoriae
1707 1366 1861 1394 consularis.
1892 1367 1942 1394 Th.
1963 1367 1994 1394 C.

1148 1411 1216 1439 UH.
1236 1412 1260 1437 9.
1280 1421 1301 1437 c.
1324 1411 1344 1436 1.
1367 1409 1400 1436 de
1420 1409 1484 1436 lucr.
1505 1409 1575 1436 offic.

1184 1454 1383 1489 Liganlen.
1422 1454 1581 1479 Custodia
1607 1455 1751 1486 arctior,
1775 1455 1921 1481 vinculis
1940 1456 1994 1480 ad-

1149 1499 1272 1525 hibitis.
1310 1496 1353 1523 ΙΙΙ.
1376 1497 1442 1524 Gn.
1467 1495 1497 1522 Si
1522 1496 1582 1532 quis
1602 1504 1709 1522 saevum
1728 1506 1818 1523 canem
1836 1496 1948 1527 habens,
1968 1497 1995 1523 in

1150 1541 1245 1578 plateis
1264 1539 1308 1566 vel
1327 1540 1353 1566 in
1369 1540 1419 1566 viis
1433 1538 1558 1576 publicis,
1578 1548 1636 1564 eum
1656 1540 1682 1565 in
1701 1539 1812 1576 ligamen
1831 1538 1932 1566 diurnis
1951 1538 1996 1566 ho-

1151 1585 1187 1611 ris
1211 1593 1264 1610 non
1288 1582 1427 1619 redegerit.
1456 1581 1498 1608 Fr.
1519 1580 1593 1608 Pauli
1612 1580 1691 1608 I.Cti.
1724 1581 1753 1608 In
1771 1581 1801 1608 L.
1821 1581 1896 1609 Rom.
1916 1582 1995 1619 Burg.

1187 1669 1337 1702 ugare.
1359 1669 1491 1702 colliga
1501 1677 1545 1699 re,
1569 1668 1710 1694 Tine-ire.
1740 1667 1833 1703 [Sy.
1854 1667 1996 1704 Colligare.

1151 1712 1193 1739 Cf.
1213 1711 1238 1738 h.
1258 1722 1282 1737 v.
1320 1709 1363 1737 111.
1384 1711 1450 1738 Gn.
1477 1709 1540 1736 Sive
1564 1711 1618 1736 sint
1637 1711 1754 1746 signatae
1773 1710 1826 1744 (sc.
1846 1711 1997 1738 testamenti

1152 1753 1280 1788 tabulae.)
1301 1755 1358 1780 sive
1377 1763 1430 1779 non
1449 1754 1503 1780 sint
1527 1753 1633 1789 ligatae.
1658 1752 1705 1779 sed
1725 1758 1824 1780 tantum
1843 1753 1998 1780 naturaliter

1152 1797 1263 1825 clausae.
1293 1796 1323 1823 l'r.
1342 1798 1367 1822 3.
1396 1797 1418 1830 ξ.
1439 1798 1479 1823 19.
1505 1795 1537 1823 de
1557 1795 1623 1823 S.C.
1649 1795 1730 1822 Silan.
1750 1798 1791 1823 29.
1811 1798 1836 1822 5.
1861 1796 1892 1822 cf.
1920 1796 1951 1822 fr.
1973 1797 1996 1822 1.

1152 1841 1250 1876 5§.10.
1271 1849 1310 1876 sq.
1337 1839 1369 1866 de
1388 1839 1419 1866 B.
1440 1839 1468 1866 P.
1489 1849 1509 1866 s.
1530 1844 1547 1866 t.
1567 1841 1608 1866 37.
1631 1840 1670 1865 11.
1701 1838 1768 1866 Nov.
1789 1838 1838 1866 Th.
1858 1838 1888 1865 11.
1908 1838 1941 1865 de
1959 1843 1997 1865 te-

1152 1889 1226 1911 stam.
1246 1883 1265 1910 I.
1287 1884 1326 1909 16.
1347 1893 1368 1909 c.
1390 1884 1412 1909 l.
1432 1883 1454 1917 ξ.
1475 1884 1499 1908 2.
1537 1881 1632 1913 Ferro.
1657 1891 1677 1907 s.
1698 1880 1803 1908 Ferreis
1824 1881 1948 1913 nexibus.
1968 1880 1998 1908 li-

1152 1928 1215 1964 gari.
1244 1925 1295 1953 Th.
1315 1924 1345 1952 C.
1366 1924 1398 1952 V.
1418 1926 1441 1952 9.
1463 1935 1484 1952 c.
1505 1927 1527 1952 l.
1549 1924 1571 1959 ξ.
1593 1926 1615 1951 l.
1635 1924 1668 1951 de
1686 1923 1759 1960 fugit.
1779 1923 1865 1951 colon.
1885 1923 1952 1951 vul.
1971 1926 1995 1950 ὃ.

1154 1980 1177 1997 c.
1189 1972 1213 1997 9.
1233 1969 1265 1996 de
1284 1973 1400 1995 exsecut.

1189 2012 1406 2047 Lignarius.
1444 2010 1486 2038 Cf.
1505 2020 1530 2037 v.
1550 2009 1698 2046 Tignarius.

1189 2056 1368 2090 Ligneum
1388 2053 1518 2087 (Adiect.)
1558 2055 1622 2086 Qui
1640 2059 1686 2080 est
1704 2063 1718 2079 e
1735 2055 1835 2088 ligno.
1866 2051 1910 2078 111.
1930 2052 1996 2080 Gn.

1154 2098 1271 2130 Fictilis,
1291 2102 1335 2124 aut
1354 2096 1451 2133 lignea,
1471 2101 1515 2123 aut
1533 2096 1629 2126 vitrea,
1649 2100 1693 2121 aut
1712 2105 1785 2122 aerea
1804 2094 1919 2131 denique
1938 2095 1998 2128 (su—

1154 2141 1267 2179 pellex.)
1294 2140 1324 2166 sr.
1345 2141 1367 2166 7.
1394 2140 1416 2173 ς’.
1437 2141 1459 2166 1.
1484 2139 1517 2166 de
1542 2137 1638 2175 supell.
1664 2137 1713 2174 leg.
1737 2139 1778 2164 33.
1800 2139 1840 2164 10.
1882 2137 1946 2164 Sive
1969 2148 1998 2165 ea

1155 2185 1203 2218 (sc.
1222 2185 1309 2220 septa)
1330 2182 1414 2219 lignea
1433 2186 1504 2214 sunt,
1527 2182 1584 2208 sive
1603 2180 1718 2218 lapidea,
1737 2181 1794 2206 sive
1813 2179 1931 2216 qualibet
1949 2180 1999 2208 alia

1154 2227 1268 2254 materia.
1288 2225 1320 2252 sr.
1340 2227 1363 2252 1.
1383 2226 1404 2259 §
1424 2227 1448 2251 4.
1469 2224 1501 2251 de
1520 2225 1569 2251 riv.
1588 2225 1629 2250 43.
1648 2225 1690 2250 21.
1710 2222 1742 2250 cf.
1763 2223 1793 2250 l'r.
1816 2225 1836 2250 l.
1856 2233 1895 2260 pr.
1915 2222 1948 2250 de
1966 2223 1997 2250 B.

1154 2269 1183 2297 P.
1203 2279 1223 2296 s.
1243 2274 1261 2296 t.
1280 2270 1322 2295 37.
1344 2270 1384 2294 11.
1421 2268 1462 2294 Ex
1485 2266 1583 2294 tabulis
1602 2266 1695 2303 ligneis
1715 2265 1811 2293 sactum
1831 2265 1998 2300 (horreum.)

1156 2312 1186 2339 fr.
1206 2314 1247 2339 60.
1268 2311 1300 2338 de
1319 2311 1351 2337 A.
1371 2310 1402 2337 R.
1422 2311 1455 2337 D.
1475 2312 1516 2337 41.
1538 2311 1561 2336 l.
1598 2308 1637 2336 Ne
1660 2309 1714 2335 sint
1738 2310 1798 2345 equi
1823 2308 1910 2346 lignei.
1933 2319 1954 2336 c.
1973 2310 1997 2336 3.

1157 2355 1189 2382 de
1209 2354 1314 2381 aleator.
1331 2355 1356 2380 3.
1376 2355 1417 2380 43,

1192 2399 1367 2432 Lignum.
1414 2397 1444 2429 §.
1469 2397 1503 2422 1.
1534 2396 1693 2421 Arborum
1722 2398 1876 2427 materia,
1905 2397 2000 2429 operi

1158 2448 1250 2477 apta,
1274 2446 1331 2467 aut
1355 2441 1434 2474 igni.
1472 2437 1514 2464 111.
1534 2439 1599 2465 Cn.
1624 2437 1744 2469 Materia.
1771 2448 1836 2474 quae
1860 2437 1892 2464 ad
1911 2438 1999 2465 acdifi-

1160 2483 1283 2511 candum.
1309 2481 1467 2509 fulciendum
1487 2481 1634 2507 necessaria
1654 2486 1701 2507 est.
1723 2497 1752 2501 —
1777 2480 1901 2517 Lignum,
1925 2480 1999 2518 quid-

1160 2526 1224 2564 quid
1243 2524 1414 2553 combnrendi
1438 2533 1515 2550 causa
1538 2528 1655 2560 paratum
1680 2529 1728 2550 est.
1756 2523 1786 2550 fr.
1805 2526 1846 2550 55.
1866 2534 1906 2561 pr.
1933 2524 1955 2558 ᾖ.
1973 2524 1997 2550 3.

1161 2570 1191 2597 sr.
1211 2571 1252 2595 56.
1279 2568 1311 2595 de
1334 2567 1409 2603 legat.
1435 2566 1476 2593 111.
1501 2567 1576 2599 (32.)
1613 2566 1707 2603 Ligna,
1731 2576 1797 2603 quae
1820 2566 1871 2593 alio
1894 2567 1998 2593 nomine

1160 2623 1212 2639 non
1232 2610 1410 2648 adpelhntur,
1433 2608 1514 2635 veluti
1533 2610 1632 2646 virgae,
1657 2609 1798 2641 carbones,
1818 2609 1903 2636 nuclei
1921 2608 1997 2635 oliva-

1160 2665 1224 2682 rum.
1246 2654 1274 2680 fr.
1294 2655 1334 2679 55.
1355 2653 1376 2686 9·
1398 2654 1419 2678 1.
1441 2652 1474 2678 ib.
1495 2653 1562 2685 (32.)
1600 2652 1719 2684 Materia,
1738 2652 1848 2689 lignum,
1868 2657 1945 2688 atque
1962 2655 1997 2677 ta-

1161 2698 1254 2725 bulata.
1283 2695 1334 2722 Th.
1355 2695 1385 2721 C.
1406 2694 1449 2721 XI.
1472 2697 1510 2721 lli.
1536 2706 1556 2721 c.
1580 2697 1618 2721 15.
1643 2705 1664 2721 c.
1687 2697 1725 2721 1⁸.
1751 2695 1783 2721 de
1802 2700 1866 2722 extr.
1885 2703 1905 2720 s.
1925 2693 1997 2720 sord.

1161 2740 1217 2767 Nec
1242 2740 1348 2766 materia
1373 2748 1430 2764 cnm
1451 2740 1505 2771 (sc.
1526 2738 1764 2770 usufructuarium)
1786 2748 1834 2775 pro
1853 2737 1920 2772 ligno
1939 2746 1998 2762 usu-

1161 2793 1227 2810 rum.
1248 2783 1270 2808 si
1290 2782 1383 2807 haheat.
1404 2780 1472 2807 unde
1492 2786 1578 2807 utatur
1596 2780 1673 2816 ligno.
1698 2780 1728 2807 fr.
1750 2782 1788 2807 12.
1808 2790 1846 2817 pr.
1866 2778 1898 2805 de
1917 2778 1997 2805 ususr.

1162 2827 1184 2852 7.
1207 2827 1228 2851 1.
1267 2824 1430 2851 Not-vssariis
1453 2824 1545 2855 robus.
1569 2823 1627 2850 oleo
1648 2829 1674 2851 et
1691 2823 1773 2859 ligno,
1798 2822 1887 2848 aliisve
1909 2821 1998 2848 huius-

1920 2864 1998 2893 modi.
