<?xml version="1.0" encoding="UTF-8"?>
<!DOCTYPE html PUBLIC "-//W3C//DTD XHTML 1.0 Transitional//EN"
    "http://www.w3.org/TR/xhtml1/DTD/xhtml1-transitional.dtd">
<html xmlns="http://www.w3.org/1999/xhtml" xml:lang="en" lang="en">
 <head>
  <title>
</title>
<meta http-equiv="Content-Type" content="text/html;charset=utf-8" />
  <meta name='ocr-system' content='tesseract 3.04.00' />
  <meta name='ocr-capabilities' content='ocr_page ocr_carea ocr_par ocr_line ocrx_word'/>
</head>
<body>
  <div class='ocr_page' id='page_1' title='image "./manualelatinitat00dirk_0400.png"; bbox 0 0 2197 3121; ppageno 0'>
   <div class='ocr_carea' id='block_1_1' title="bbox 259 174 323 205">
    <p class='ocr_par' dir='ltr' id='par_1_1' title="bbox 259 174 323 205">
     <span class='ocr_line' id='line_1_1' title="bbox 259 174 323 205; baseline 0.031 -2"><span class='ocrx_word' id='word_1_1' title='bbox 259 174 323 205; x_wconf 82' lang='lat'>:386</span> 
     </span>
    </p>
   </div>
   <div class='ocr_carea' id='block_1_2' title="bbox 258 255 1106 594">
    <p class='ocr_par' dir='ltr' id='par_1_2' title="bbox 258 255 1106 594">
     <span class='ocr_line' id='line_1_2' title="bbox 260 255 1106 293; baseline -0.001 -10"><span class='ocrx_word' id='word_1_2' title='bbox 260 256 278 283; x_wconf 92' lang='grc'>1.</span> <span class='ocrx_word' id='word_1_3' title='bbox 299 258 361 291; x_wconf 73' lang='lat' dir='ltr'>Sy.</span> <span class='ocrx_word' id='word_1_4' title='bbox 382 256 477 283; x_wconf 60' lang='lat' dir='ltr'>Pax-Fre</span> <span class='ocrx_word' id='word_1_5' title='bbox 497 256 661 289; x_wconf 68' lang='lat' dir='ltr'>(actionem.)</span> <span class='ocrx_word' id='word_1_6' title='bbox 686 256 716 282; x_wconf 86' lang='lat' dir='ltr'>fr.</span> <span class='ocrx_word' id='word_1_7' title='bbox 737 258 760 282; x_wconf 88' lang='lat'>7.</span> <span class='ocrx_word' id='word_1_8' title='bbox 780 256 818 290; x_wconf 87' lang='lat'>55.</span> <span class='ocrx_word' id='word_1_9' title='bbox 837 257 861 282; x_wconf 86' lang='grc'>4.</span> <span class='ocrx_word' id='word_1_10' title='bbox 882 265 921 293; x_wconf 86' lang='lat' dir='ltr'>sq.</span> <span class='ocrx_word' id='word_1_11' title='bbox 941 255 974 282; x_wconf 76' lang='lat' dir='ltr'>dc</span> <span class='ocrx_word' id='word_1_12' title='bbox 993 261 1062 293; x_wconf 83' lang='lat' dir='ltr'>pact.</span> <span class='ocrx_word' id='word_1_13' title='bbox 1081 258 1106 283; x_wconf 75' lang='lat'>⁴2.</span> 
     </span>
     <span class='ocr_line' id='line_1_3' title="bbox 261 299 1106 337; baseline -0.001 -11"><span class='ocrx_word' id='word_1_14' title='bbox 261 302 301 326; x_wconf 76' lang='grc'>14.</span> <span class='ocrx_word' id='word_1_15' title='bbox 339 300 381 326; x_wconf 94' lang='lat'>111.</span> <span class='ocrx_word' id='word_1_16' title='bbox 403 301 470 327; x_wconf 71' lang='lat' dir='ltr'>Cn.</span> <span class='ocrx_word' id='word_1_17' title='bbox 507 299 562 326; x_wconf 59' lang='lat' dir='ltr'>Nee</span> <span class='ocrx_word' id='word_1_18' title='bbox 586 310 633 337; x_wconf 77' lang='lat' dir='ltr'>per</span> <span class='ocrx_word' id='word_1_19' title='bbox 657 304 775 325; x_wconf 83' lang='lat' dir='ltr'>naturam</span> <span class='ocrx_word' id='word_1_20' title='bbox 799 299 926 326; x_wconf 82' lang='lat' dir='ltr'>humanae</span> <span class='ocrx_word' id='word_1_21' title='bbox 946 299 1106 326; x_wconf 82' lang='lat' dir='ltr'>conditionis</span> 
     </span>
     <span class='ocr_line' id='line_1_4' title="bbox 261 342 1106 380; baseline -0.001 -11"><span class='ocrx_word' id='word_1_22' title='bbox 261 342 341 369; x_wconf 81' lang='lat' dir='ltr'>alium</span> <span class='ocrx_word' id='word_1_23' title='bbox 361 347 464 380; x_wconf 88' lang='lat' dir='ltr'>partum</span> <span class='ocrx_word' id='word_1_24' title='bbox 485 342 596 369; x_wconf 83' lang='lat' dir='ltr'>formare</span> <span class='ocrx_word' id='word_1_25' title='bbox 615 347 704 380; x_wconf 82' lang='lat' dir='ltr'>potest</span> <span class='ocrx_word' id='word_1_26' title='bbox 724 343 774 375; x_wconf 89' lang='lat' dir='ltr'>(sc.</span> <span class='ocrx_word' id='word_1_27' title='bbox 793 342 908 374; x_wconf 79' lang='lat' dir='ltr'>mulier.)</span> <span class='ocrx_word' id='word_1_28' title='bbox 929 342 958 368; x_wconf 81' lang='lat' dir='ltr'>fr.</span> <span class='ocrx_word' id='word_1_29' title='bbox 978 344 1019 368; x_wconf 85' lang='grc'>30.</span> <span class='ocrx_word' id='word_1_30' title='bbox 1039 342 1061 375; x_wconf 99' lang='lat'><em>5</em></span> <span class='ocrx_word' id='word_1_31' title='bbox 1081 343 1106 368; x_wconf 85' lang='grc'>6.</span> 
     </span>
     <span class='ocr_line' id='line_1_5' title="bbox 260 385 1106 419; baseline -0.001 -7"><span class='ocrx_word' id='word_1_32' title='bbox 260 386 293 412; x_wconf 85' lang='lat' dir='ltr'>dc</span> <span class='ocrx_word' id='word_1_33' title='bbox 313 386 344 412; x_wconf 81' lang='grc' dir='ltr'>Α.</span> <span class='ocrx_word' id='word_1_34' title='bbox 365 396 389 412; x_wconf 82' lang='lat' dir='ltr'>v.</span> <span class='ocrx_word' id='word_1_35' title='bbox 410 386 435 411; x_wconf 90' lang='lat' dir='ltr'>O</span> <span class='ocrx_word' id='word_1_36' title='bbox 464 385 495 412; x_wconf 88' lang='lat' dir='ltr'>II.</span> <span class='ocrx_word' id='word_1_37' title='bbox 514 388 555 411; x_wconf 86' lang='lat'>29.</span> <span class='ocrx_word' id='word_1_38' title='bbox 576 388 600 412; x_wconf 91' lang='lat'>2.</span> <span class='ocrx_word' id='word_1_39' title='bbox 630 401 662 405; x_wconf 90' lang='lat'><em>-</em></span> <span class='ocrx_word' id='word_1_40' title='bbox 690 386 721 419; x_wconf 84' lang='lat'>§.</span> <span class='ocrx_word' id='word_1_41' title='bbox 745 387 781 412; x_wconf 73' lang='lat'>2.</span> <span class='ocrx_word' id='word_1_42' title='bbox 802 387 994 419; x_wconf 74' lang='lat' dir='ltr'><em>Concipere,</em></span> <span class='ocrx_word' id='word_1_43' title='bbox 1016 386 1106 412; x_wconf 85' lang='lat' dir='ltr'>Com—</span> 
     </span>
     <span class='ocr_line' id='line_1_6' title="bbox 258 427 1104 464; baseline -0.001 -9"><span class='ocrx_word' id='word_1_44' title='bbox 258 439 385 464; x_wconf 73' lang='lat' dir='ltr'>ponere.</span> <span class='ocrx_word' id='word_1_45' title='bbox 421 428 464 454; x_wconf 89' lang='lat'>111.</span> <span class='ocrx_word' id='word_1_46' title='bbox 493 429 558 455; x_wconf 80' lang='grc' dir='ltr'>(ἠ.</span> <span class='ocrx_word' id='word_1_47' title='bbox 597 427 636 454; x_wconf 64' lang='lat' dir='ltr'>Ne</span> <span class='ocrx_word' id='word_1_48' title='bbox 660 429 834 455; x_wconf 84' lang='lat' dir='ltr'>instrumenta</span> <span class='ocrx_word' id='word_1_49' title='bbox 857 429 963 454; x_wconf 86' lang='lat' dir='ltr'>omnino</span> <span class='ocrx_word' id='word_1_50' title='bbox 983 427 1104 460; x_wconf 68' lang='lat' dir='ltr'>forment.</span> 
     </span>
     <span class='ocr_line' id='line_1_7' title="bbox 260 470 1104 507; baseline -0.001 -9"><span class='ocrx_word' id='word_1_51' title='bbox 260 482 327 498; x_wconf 80' lang='lat' dir='ltr'>neve</span> <span class='ocrx_word' id='word_1_52' title='bbox 346 471 453 498; x_wconf 79' lang='lat' dir='ltr'>libellos</span> <span class='ocrx_word' id='word_1_53' title='bbox 473 472 634 507; x_wconf 77' lang='lat' dir='ltr'>concipiant,</span> <span class='ocrx_word' id='word_1_54' title='bbox 653 471 696 497; x_wconf 81' lang='lat' dir='ltr'>vel</span> <span class='ocrx_word' id='word_1_55' title='bbox 716 473 870 498; x_wconf 76' lang='lat' dir='ltr'>testationes</span> <span class='ocrx_word' id='word_1_56' title='bbox 891 472 1053 506; x_wconf 72' lang='lat' dir='ltr'>consignent.</span> <span class='ocrx_word' id='word_1_57' title='bbox 1074 470 1104 497; x_wconf 86' lang='lat' dir='ltr'>fr.</span> 
     </span>
     <span class='ocr_line' id='line_1_8' title="bbox 259 513 1104 550; baseline -0.001 -9"><span class='ocrx_word' id='word_1_58' title='bbox 259 516 283 541; x_wconf 89' lang='grc'>9.</span> <span class='ocrx_word' id='word_1_59' title='bbox 304 515 326 549; x_wconf 94' lang='lat'>5.</span> <span class='ocrx_word' id='word_1_60' title='bbox 346 517 370 541; x_wconf 81' lang='lat'>5.</span> <span class='ocrx_word' id='word_1_61' title='bbox 391 515 422 541; x_wconf 86' lang='lat' dir='ltr'>de</span> <span class='ocrx_word' id='word_1_62' title='bbox 442 523 517 550; x_wconf 82' lang='lat' dir='ltr'>poen.</span> <span class='ocrx_word' id='word_1_63' title='bbox 538 516 579 540; x_wconf 57' lang='lat'>45.</span> <span class='ocrx_word' id='word_1_64' title='bbox 602 515 641 540; x_wconf 98' lang='lat'>19.</span> <span class='ocrx_word' id='word_1_65' title='bbox 678 514 775 541; x_wconf 82' lang='lat' dir='ltr'>Libelli</span> <span class='ocrx_word' id='word_1_66' title='bbox 800 515 834 540; x_wconf 89' lang='lat' dir='ltr'>ita</span> <span class='ocrx_word' id='word_1_67' title='bbox 859 513 996 540; x_wconf 85' lang='lat' dir='ltr'>formandi.</span> <span class='ocrx_word' id='word_1_68' title='bbox 1020 513 1104 540; x_wconf 68' lang='lat' dir='ltr'>Yatic.</span> 
     </span>
     <span class='ocr_line' id='line_1_9' title="bbox 260 556 1106 594; baseline 0 -11"><span class='ocrx_word' id='word_1_69' title='bbox 260 558 282 592; x_wconf 85' lang='lat'>5.</span> <span class='ocrx_word' id='word_1_70' title='bbox 305 558 361 583; x_wconf 89' lang='lat'>166.</span> <span class='ocrx_word' id='word_1_71' title='bbox 404 556 543 587; x_wconf 79' lang='lat' dir='ltr'>codicilli.</span> <span class='ocrx_word' id='word_1_72' title='bbox 569 567 615 583; x_wconf 84' lang='lat' dir='ltr'>seu</span> <span class='ocrx_word' id='word_1_73' title='bbox 639 558 770 594; x_wconf 79' lang='lat' dir='ltr'>scriptura</span> <span class='ocrx_word' id='word_1_74' title='bbox 795 556 915 594; x_wconf 80' lang='lat' dir='ltr'>quolibet</span> <span class='ocrx_word' id='word_1_75' title='bbox 939 562 1031 583; x_wconf 83' lang='lat' dir='ltr'>tenore.</span> <span class='ocrx_word' id='word_1_76' title='bbox 1055 556 1106 583; x_wconf 88' lang='lat' dir='ltr'>for-</span> 
     </span>
    </p>
   </div>
   <div class='ocr_carea' id='block_1_3' title="bbox 259 599 1105 637">
    <p class='ocr_par' dir='ltr' id='par_1_3' title="bbox 259 591 1129 638">
     <span class='ocr_line' id='line_1_10' title="bbox 259 599 1105 637; baseline -0.001 -10"><span class='ocrx_word' id='word_1_77' title='bbox 259 605 334 627; x_wconf 85' lang='lat' dir='ltr'>mata.</span> <span class='ocrx_word' id='word_1_78' title='bbox 355 610 375 625; x_wconf 80' lang='lat' dir='ltr'>c.</span> <span class='ocrx_word' id='word_1_79' title='bbox 395 601 419 625; x_wconf 86' lang='grc'>4.</span> <span class='ocrx_word' id='word_1_80' title='bbox 458 599 586 635; x_wconf 86' lang='lat' dir='ltr'>Quemad.</span> <span class='ocrx_word' id='word_1_81' title='bbox 607 605 709 627; x_wconf 77' lang='lat' dir='ltr'>testam.</span> <span class='ocrx_word' id='word_1_82' title='bbox 730 610 800 637; x_wconf 84' lang='lat' dir='ltr'>aper.</span> <span class='ocrx_word' id='word_1_83' title='bbox 821 602 844 626; x_wconf 86' lang='grc'>6.</span> <span class='ocrx_word' id='word_1_84' title='bbox 864 601 905 626; x_wconf 94' lang='lat'>32.</span> <span class='ocrx_word' id='word_1_85' title='bbox 935 599 966 626; x_wconf 88' lang='lat' dir='ltr'>cf.</span> <span class='ocrx_word' id='word_1_86' title='bbox 987 610 1008 626; x_wconf 90' lang='lat' dir='ltr'>c.</span> <span class='ocrx_word' id='word_1_87' title='bbox 1027 601 1052 626; x_wconf 90' lang='grc'>3.</span> <span class='ocrx_word' id='word_1_88' title='bbox 1073 599 1105 626; x_wconf 89' lang='lat' dir='ltr'>de</span> 
     </span>
    </p>
   </div>
   <div class='ocr_carea' id='block_1_4' title="bbox 256 642 1125 2865">
    <p class='ocr_par' dir='ltr' id='par_1_4' title="bbox 258 642 1106 1017">
     <span class='ocr_line' id='line_1_11' title="bbox 260 642 1105 669; baseline -0.001 0"><span class='ocrx_word' id='word_1_89' title='bbox 260 643 336 669; x_wconf 72' lang='lat' dir='ltr'>edict.</span> <span class='ocrx_word' id='word_1_90' title='bbox 359 643 391 669; x_wconf 83' lang='lat'>1).</span> <span class='ocrx_word' id='word_1_91' title='bbox 411 642 490 669; x_wconf 74' lang='lat' dir='ltr'>Hadr.</span> <span class='ocrx_word' id='word_1_92' title='bbox 515 644 539 668; x_wconf 84' lang='grc'>6.</span> <span class='ocrx_word' id='word_1_93' title='bbox 563 644 604 669; x_wconf 75' lang='lat'>33.</span> <span class='ocrx_word' id='word_1_94' title='bbox 643 643 678 669; x_wconf 67' lang='lat' dir='ltr'>Vt</span> <span class='ocrx_word' id='word_1_95' title='bbox 702 643 781 669; x_wconf 79' lang='lat' dir='ltr'>iudex</span> <span class='ocrx_word' id='word_1_96' title='bbox 800 658 833 662; x_wconf 87' lang='lat'>-—</span> <span class='ocrx_word' id='word_1_97' title='bbox 853 643 888 668; x_wconf 90' lang='lat' dir='ltr'>ita</span> <span class='ocrx_word' id='word_1_98' title='bbox 908 653 981 669; x_wconf 84' lang='lat' dir='ltr'>suam</span> <span class='ocrx_word' id='word_1_99' title='bbox 1000 647 1105 669; x_wconf 85' lang='lat' dir='ltr'>senten-</span> 
     </span>
     <span class='ocr_line' id='line_1_12' title="bbox 260 685 1103 722; baseline -0.001 -10"><span class='ocrx_word' id='word_1_100' title='bbox 260 687 321 712; x_wconf 85' lang='lat' dir='ltr'>tiam</span> <span class='ocrx_word' id='word_1_101' title='bbox 340 686 427 722; x_wconf 89' lang='lat' dir='ltr'>possit</span> <span class='ocrx_word' id='word_1_102' title='bbox 446 685 566 712; x_wconf 86' lang='lat' dir='ltr'>formare.</span> <span class='ocrx_word' id='word_1_103' title='bbox 592 685 622 712; x_wconf 84' lang='lat' dir='ltr'>fr.</span> <span class='ocrx_word' id='word_1_104' title='bbox 643 688 685 712; x_wconf 84' lang='lat'>25.</span> <span class='ocrx_word' id='word_1_105' title='bbox 709 687 731 719; x_wconf 94' lang='lat'>5.</span> <span class='ocrx_word' id='word_1_106' title='bbox 751 688 775 712; x_wconf 97' lang='grc'>3.</span> <span class='ocrx_word' id='word_1_107' title='bbox 802 685 834 712; x_wconf 84' lang='lat' dir='ltr'>de</span> <span class='ocrx_word' id='word_1_108' title='bbox 853 686 956 722; x_wconf 88' lang='lat' dir='ltr'>probat.</span> <span class='ocrx_word' id='word_1_109' title='bbox 975 687 1018 712; x_wconf 87' lang='lat'>22.</span> <span class='ocrx_word' id='word_1_110' title='bbox 1038 687 1062 712; x_wconf 85' lang='lat'>3.</span> <span class='ocrx_word' id='word_1_111' title='bbox 1083 696 1103 712; x_wconf 88' lang='lat' dir='ltr'>c.</span> 
     </span>
     <span class='ocr_line' id='line_1_13' title="bbox 258 728 1104 757; baseline -0.001 -2"><span class='ocrx_word' id='word_1_112' title='bbox 258 730 299 755; x_wconf 73' lang='lat'>23.</span> <span class='ocrx_word' id='word_1_113' title='bbox 320 728 352 754; x_wconf 82' lang='lat' dir='ltr'>ad</span> <span class='ocrx_word' id='word_1_114' title='bbox 371 728 400 754; x_wconf 88' lang='lat' dir='ltr'>L.</span> <span class='ocrx_word' id='word_1_115' title='bbox 421 728 468 755; x_wconf 88' lang='lat' dir='ltr'>Iul.</span> <span class='ocrx_word' id='word_1_116' title='bbox 494 728 527 755; x_wconf 86' lang='lat' dir='ltr'>de</span> <span class='ocrx_word' id='word_1_117' title='bbox 551 728 632 755; x_wconf 87' lang='lat' dir='ltr'>adult.</span> <span class='ocrx_word' id='word_1_118' title='bbox 657 730 680 755; x_wconf 89' lang='lat'>9.</span> <span class='ocrx_word' id='word_1_119' title='bbox 706 730 728 754; x_wconf 84' lang='lat'>9.</span> <span class='ocrx_word' id='word_1_120' title='bbox 766 728 801 754; x_wconf 87' lang='lat' dir='ltr'>Et</span> <span class='ocrx_word' id='word_1_121' title='bbox 827 730 894 755; x_wconf 85' lang='lat' dir='ltr'>actio</span> <span class='ocrx_word' id='word_1_122' title='bbox 920 728 1059 757; x_wconf 85' lang='lat' dir='ltr'>formatur.</span> <span class='ocrx_word' id='word_1_123' title='bbox 1080 733 1104 754; x_wconf 84' lang='lat' dir='ltr'>et</span> 
     </span>
     <span class='ocr_line' id='line_1_14' title="bbox 259 770 1103 805; baseline 0 -8"><span class='ocrx_word' id='word_1_124' title='bbox 259 771 443 798; x_wconf 68' lang='lat' dir='ltr'>condemnatio</span> <span class='ocrx_word' id='word_1_125' title='bbox 463 771 622 798; x_wconf 73' lang='lat' dir='ltr'>moderatur.</span> <span class='ocrx_word' id='word_1_126' title='bbox 644 771 674 797; x_wconf 83' lang='lat' dir='ltr'>fr.</span> <span class='ocrx_word' id='word_1_127' title='bbox 696 773 736 797; x_wconf 82' lang='lat'>15.</span> <span class='ocrx_word' id='word_1_128' title='bbox 757 771 789 798; x_wconf 82' lang='lat' dir='ltr'>de</span> <span class='ocrx_word' id='word_1_129' title='bbox 810 770 841 797; x_wconf 61' lang='lat' dir='ltr'>N.</span> <span class='ocrx_word' id='word_1_130' title='bbox 856 771 887 798; x_wconf 90' lang='lat' dir='ltr'>G.</span> <span class='ocrx_word' id='word_1_131' title='bbox 907 774 931 798; x_wconf 88' lang='lat'>3.</span> <span class='ocrx_word' id='word_1_132' title='bbox 951 773 975 797; x_wconf 87' lang='lat'>5.</span> <span class='ocrx_word' id='word_1_133' title='bbox 996 781 1017 797; x_wconf 90' lang='lat' dir='ltr'>c.</span> <span class='ocrx_word' id='word_1_134' title='bbox 1039 773 1061 797; x_wconf 96' lang='lat' dir='ltr'>l.</span> <span class='ocrx_word' id='word_1_135' title='bbox 1082 771 1103 805; x_wconf 90' lang='lat'>5.</span> 
     </span>
     <span class='ocr_line' id='line_1_15' title="bbox 259 814 1105 850; baseline -0.001 -9"><span class='ocrx_word' id='word_1_136' title='bbox 259 816 300 841; x_wconf 85' lang='lat' dir='ltr'>ll.</span> <span class='ocrx_word' id='word_1_137' title='bbox 319 814 353 841; x_wconf 86' lang='lat' dir='ltr'>dc</span> <span class='ocrx_word' id='word_1_138' title='bbox 371 814 403 841; x_wconf 84' lang='lat' dir='ltr'>R.</span> <span class='ocrx_word' id='word_1_139' title='bbox 423 814 454 841; x_wconf 82' lang='lat' dir='ltr'>V.</span> <span class='ocrx_word' id='word_1_140' title='bbox 476 815 506 841; x_wconf 88' lang='grc' dir='ltr'>Λ.</span> <span class='ocrx_word' id='word_1_141' title='bbox 527 817 550 841; x_wconf 96' lang='grc'>5.</span> <span class='ocrx_word' id='word_1_142' title='bbox 574 816 611 840; x_wconf 84' lang='grc'>13.</span> <span class='ocrx_word' id='word_1_143' title='bbox 645 830 677 833; x_wconf 83' lang='grc'>-</span> <span class='ocrx_word' id='word_1_144' title='bbox 709 814 740 847; x_wconf 66' lang='grc' dir='ltr'>ξ.</span> <span class='ocrx_word' id='word_1_145' title='bbox 765 816 803 841; x_wconf 80' lang='lat'>3.</span> <span class='ocrx_word' id='word_1_146' title='bbox 828 816 1031 850; x_wconf 75' lang='lat' dir='ltr'>luformtzrc,</span> <span class='ocrx_word' id='word_1_147' title='bbox 1052 816 1105 841; x_wconf 86' lang='lat' dir='ltr'>In-</span> 
     </span>
     <span class='ocr_line' id='line_1_16' title="bbox 259 856 1105 894; baseline -0.001 -10"><span class='ocrx_word' id='word_1_148' title='bbox 259 864 395 884; x_wconf 77' lang='lat' dir='ltr'>struere.</span> <span class='ocrx_word' id='word_1_149' title='bbox 432 857 474 883; x_wconf 87' lang='lat'>111.</span> <span class='ocrx_word' id='word_1_150' title='bbox 502 859 568 884; x_wconf 71' lang='lat' dir='ltr'>Cn.</span> <span class='ocrx_word' id='word_1_151' title='bbox 606 857 726 883; x_wconf 81' lang='lat' dir='ltr'>Cunctos</span> <span class='ocrx_word' id='word_1_152' title='bbox 750 856 856 883; x_wconf 83' lang='lat' dir='ltr'>formari</span> <span class='ocrx_word' id='word_1_153' title='bbox 881 856 986 894; x_wconf 78' lang='lat' dir='ltr'>plenius</span> <span class='ocrx_word' id='word_1_154' title='bbox 1012 867 1105 883; x_wconf 74' lang='lat' dir='ltr'>convc-</span> 
     </span>
     <span class='ocr_line' id='line_1_17' title="bbox 261 900 1104 938; baseline -0.001 -11"><span class='ocrx_word' id='word_1_155' title='bbox 261 901 329 932; x_wconf 77' lang='lat' dir='ltr'>niet.</span> <span class='ocrx_word' id='word_1_156' title='bbox 354 906 381 927; x_wconf 91' lang='lat' dir='ltr'>nt</span> <span class='ocrx_word' id='word_1_157' title='bbox 407 905 454 927; x_wconf 82' lang='lat' dir='ltr'>etc.</span> <span class='ocrx_word' id='word_1_158' title='bbox 488 900 537 926; x_wconf 89' lang='lat' dir='ltr'>Th.</span> <span class='ocrx_word' id='word_1_159' title='bbox 558 900 589 927; x_wconf 83' lang='lat' dir='ltr'>C.</span> <span class='ocrx_word' id='word_1_160' title='bbox 610 900 654 926; x_wconf 75' lang='lat' dir='ltr'>XI.</span> <span class='ocrx_word' id='word_1_161' title='bbox 681 902 720 926; x_wconf 88' lang='lat'>15.</span> <span class='ocrx_word' id='word_1_162' title='bbox 750 910 771 926; x_wconf 88' lang='lat' dir='ltr'>c.</span> <span class='ocrx_word' id='word_1_163' title='bbox 790 902 815 926; x_wconf 86' lang='lat'>2.</span> <span class='ocrx_word' id='word_1_164' title='bbox 840 900 873 926; x_wconf 89' lang='lat' dir='ltr'>de</span> <span class='ocrx_word' id='word_1_165' title='bbox 896 900 970 938; x_wconf 83' lang='lat' dir='ltr'>publ.</span> <span class='ocrx_word' id='word_1_166' title='bbox 990 910 1104 937; x_wconf 88' lang='lat' dir='ltr'>compar.</span> 
     </span>
     <span class='ocr_line' id='line_1_18' title="bbox 259 943 1106 980; baseline -0.001 -10"><span class='ocrx_word' id='word_1_167' title='bbox 259 944 335 980; x_wconf 95' lang='lat' dir='ltr'>Quae</span> <span class='ocrx_word' id='word_1_168' title='bbox 354 945 404 977; x_wconf 80' lang='lat' dir='ltr'>(se.</span> <span class='ocrx_word' id='word_1_169' title='bbox 425 943 580 980; x_wconf 77' lang='lat' dir='ltr'>dispositio)</span> <span class='ocrx_word' id='word_1_170' title='bbox 601 953 728 980; x_wconf 79' lang='lat' dir='ltr'>expresse</span> <span class='ocrx_word' id='word_1_171' title='bbox 748 943 924 970; x_wconf 77' lang='lat' dir='ltr'>navicularios</span> <span class='ocrx_word' id='word_1_172' title='bbox 939 944 965 970; x_wconf 89' lang='lat' dir='ltr'>in</span> <span class='ocrx_word' id='word_1_173' title='bbox 979 943 1048 970; x_wconf 86' lang='lat' dir='ltr'>hune</span> <span class='ocrx_word' id='word_1_174' title='bbox 1065 953 1106 969; x_wconf 89' lang='lat' dir='ltr'>or—</span> 
     </span>
     <span class='ocr_line' id='line_1_19' title="bbox 258 985 1075 1017; baseline -0.002 -3"><span class='ocrx_word' id='word_1_175' title='bbox 258 987 345 1014; x_wconf 80' lang='lat' dir='ltr'>dinem</span> <span class='ocrx_word' id='word_1_176' title='bbox 366 987 495 1017; x_wconf 75' lang='lat' dir='ltr'>formavit.</span> <span class='ocrx_word' id='word_1_177' title='bbox 516 991 544 1012; x_wconf 84' lang='lat' dir='ltr'>ut</span> <span class='ocrx_word' id='word_1_178' title='bbox 564 991 613 1012; x_wconf 81' lang='lat' dir='ltr'>ete.</span> <span class='ocrx_word' id='word_1_179' title='bbox 633 986 671 1013; x_wconf 87' lang='lat' dir='ltr'>lb.</span> <span class='ocrx_word' id='word_1_180' title='bbox 691 985 759 1012; x_wconf 84' lang='lat' dir='ltr'>XIII.</span> <span class='ocrx_word' id='word_1_181' title='bbox 779 989 802 1013; x_wconf 92' lang='lat'>5.</span> <span class='ocrx_word' id='word_1_182' title='bbox 825 996 846 1012; x_wconf 81' lang='lat' dir='ltr'>c.</span> <span class='ocrx_word' id='word_1_183' title='bbox 866 988 889 1013; x_wconf 91' lang='lat'>6.</span> <span class='ocrx_word' id='word_1_184' title='bbox 911 985 944 1012; x_wconf 72' lang='lat' dir='ltr'>de</span> <span class='ocrx_word' id='word_1_185' title='bbox 962 986 1075 1013; x_wconf 79' lang='lat' dir='ltr'>navicnl.</span> 
     </span>
    </p>

    <p class='ocr_par' dir='ltr' id='par_1_5' title="bbox 257 1028 1105 1238">
     <span class='ocr_line' id='line_1_20' title="bbox 294 1028 1104 1065; baseline -0.002 -8"><span class='ocrx_word' id='word_1_186' title='bbox 294 1029 525 1057; x_wconf 73' lang='lat' dir='ltr'>Formensis.</span> <span class='ocrx_word' id='word_1_187' title='bbox 545 1028 675 1062; x_wconf 73' lang='lat' dir='ltr'>(Adiect.)</span> <span class='ocrx_word' id='word_1_188' title='bbox 714 1031 761 1055; x_wconf 62' lang='lat' dir='ltr'>..tel</span> <span class='ocrx_word' id='word_1_189' title='bbox 773 1031 907 1065; x_wconf 80' lang='lat' dir='ltr'>formas</span> <span class='ocrx_word' id='word_1_190' title='bbox 926 1039 1104 1064; x_wconf 77' lang='lat' dir='ltr'>aquarum,</span> 
     </span>
     <span class='ocr_line' id='line_1_21' title="bbox 258 1071 1104 1107; baseline -0.001 -8"><span class='ocrx_word' id='word_1_191' title='bbox 258 1084 277 1099; x_wconf 83' lang='lat' dir='ltr'>s.</span> <span class='ocrx_word' id='word_1_192' title='bbox 302 1074 562 1107; x_wconf 75' lang='lat' dir='ltr'>aequaednctus,</span> <span class='ocrx_word' id='word_1_193' title='bbox 586 1074 756 1106; x_wconf 77' lang='lat' dir='ltr'>pertinens</span> <span class='ocrx_word' id='word_1_194' title='bbox 802 1072 844 1098; x_wconf 92' lang='grc'>111.</span> <span class='ocrx_word' id='word_1_195' title='bbox 867 1073 934 1099; x_wconf 72' lang='lat' dir='ltr'>Cn.</span> <span class='ocrx_word' id='word_1_196' title='bbox 966 1071 1001 1098; x_wconf 62' lang='lat' dir='ltr'>Vt</span> <span class='ocrx_word' id='word_1_197' title='bbox 1021 1088 1053 1091; x_wconf 96' lang='lat'><strong>—</strong></span> <span class='ocrx_word' id='word_1_198' title='bbox 1073 1072 1104 1098; x_wconf 88' lang='lat' dir='ltr'>ab</span> 
     </span>
     <span class='ocr_line' id='line_1_22' title="bbox 259 1114 1105 1152; baseline 0 -11"><span class='ocrx_word' id='word_1_199' title='bbox 259 1115 430 1142; x_wconf 79' lang='lat' dir='ltr'>exsolvendis</span> <span class='ocrx_word' id='word_1_200' title='bbox 455 1131 488 1134; x_wconf 81' lang='lat'>—-</span> <span class='ocrx_word' id='word_1_201' title='bbox 511 1125 596 1152; x_wconf 80' lang='lat' dir='ltr'>nuper</span> <span class='ocrx_word' id='word_1_202' title='bbox 619 1115 726 1142; x_wconf 85' lang='lat' dir='ltr'>indictis</span> <span class='ocrx_word' id='word_1_203' title='bbox 750 1125 859 1152; x_wconf 77' lang='lat' dir='ltr'>caespes</span> <span class='ocrx_word' id='word_1_204' title='bbox 884 1114 1039 1147; x_wconf 66' lang='lat' dir='ltr'>formensis,</span> <span class='ocrx_word' id='word_1_205' title='bbox 1064 1118 1105 1141; x_wconf 63' lang='lat' dir='ltr'>at}-</span> 
     </span>
     <span class='ocr_line' id='line_1_23' title="bbox 258 1157 1104 1195; baseline 0 -11"><span class='ocrx_word' id='word_1_206' title='bbox 258 1159 354 1185; x_wconf 83' lang='lat' dir='ltr'>riensis</span> <span class='ocrx_word' id='word_1_207' title='bbox 374 1163 423 1185; x_wconf 87' lang='lat' dir='ltr'>etc.</span> <span class='ocrx_word' id='word_1_208' title='bbox 443 1158 570 1185; x_wconf 86' lang='lat' dir='ltr'>habeatur</span> <span class='ocrx_word' id='word_1_209' title='bbox 587 1159 718 1185; x_wconf 91' lang='lat' dir='ltr'>immunis.</span> <span class='ocrx_word' id='word_1_210' title='bbox 738 1157 806 1184; x_wconf 60' lang='grc' dir='ltr'>Νῦν.</span> <span class='ocrx_word' id='word_1_211' title='bbox 820 1157 878 1184; x_wconf 67' lang='lat' dir='ltr'>Yal.</span> <span class='ocrx_word' id='word_1_212' title='bbox 900 1157 941 1184; x_wconf 93' lang='lat' dir='ltr'>III.</span> <span class='ocrx_word' id='word_1_213' title='bbox 962 1157 996 1184; x_wconf 90' lang='lat' dir='ltr'>de</span> <span class='ocrx_word' id='word_1_214' title='bbox 1014 1163 1104 1195; x_wconf 82' lang='lat' dir='ltr'>panta-</span> 
     </span>
     <span class='ocr_line' id='line_1_24' title="bbox 257 1201 579 1238; baseline 0 -11"><span class='ocrx_word' id='word_1_215' title='bbox 257 1201 312 1238; x_wconf 88' lang='lat' dir='ltr'>pol.</span> <span class='ocrx_word' id='word_1_216' title='bbox 333 1201 363 1227; x_wconf 91' lang='lat' dir='ltr'>II.</span> <span class='ocrx_word' id='word_1_217' title='bbox 383 1203 406 1227; x_wconf 82' lang='lat'>5.</span> <span class='ocrx_word' id='word_1_218' title='bbox 427 1212 449 1228; x_wconf 88' lang='lat' dir='ltr'>c.</span> <span class='ocrx_word' id='word_1_219' title='bbox 470 1203 493 1228; x_wconf 91' lang='lat' dir='ltr'>l.</span> <span class='ocrx_word' id='word_1_220' title='bbox 513 1202 535 1235; x_wconf 88' lang='lat'>5.</span> <span class='ocrx_word' id='word_1_221' title='bbox 555 1203 579 1227; x_wconf 80' lang='lat'>4.</span> 
     </span>
    </p>

    <p class='ocr_par' dir='ltr' id='par_1_6' title="bbox 256 1244 1104 1367">
     <span class='ocr_line' id='line_1_25' title="bbox 294 1244 1104 1278; baseline -0.001 -7"><span class='ocrx_word' id='word_1_222' title='bbox 294 1244 536 1272; x_wconf 79' lang='lat' dir='ltr'>Formianus.</span> <span class='ocrx_word' id='word_1_223' title='bbox 574 1246 621 1271; x_wconf 72' lang='lat' dir='ltr'>Ad</span> <span class='ocrx_word' id='word_1_224' title='bbox 639 1246 791 1271; x_wconf 81' lang='lat' dir='ltr'>Formias</span> <span class='ocrx_word' id='word_1_225' title='bbox 810 1246 988 1278; x_wconf 79' lang='lat' dir='ltr'>pertinens,</span> <span class='ocrx_word' id='word_1_226' title='bbox 1009 1246 1104 1271; x_wconf 84' lang='lat' dir='ltr'>Cam-</span> 
     </span>
     <span class='ocr_line' id='line_1_26' title="bbox 256 1286 1104 1322; baseline 0 -8"><span class='ocrx_word' id='word_1_227' title='bbox 256 1289 379 1322; x_wconf 75' lang='lat' dir='ltr'>punine</span> <span class='ocrx_word' id='word_1_228' title='bbox 397 1289 579 1314; x_wconf 74' lang='lat' dir='ltr'>cit-itatem.</span> <span class='ocrx_word' id='word_1_229' title='bbox 616 1287 659 1313; x_wconf 90' lang='lat' dir='ltr'>III.</span> <span class='ocrx_word' id='word_1_230' title='bbox 687 1288 752 1315; x_wconf 72' lang='lat'>011.</span> <span class='ocrx_word' id='word_1_231' title='bbox 784 1287 965 1313; x_wconf 85' lang='lat' dir='ltr'>Piscatoribus</span> <span class='ocrx_word' id='word_1_232' title='bbox 990 1286 1104 1314; x_wconf 81' lang='lat' dir='ltr'>Formia-</span> 
     </span>
     <span class='ocr_line' id='line_1_27' title="bbox 258 1330 1067 1367; baseline 0.001 -11"><span class='ocrx_word' id='word_1_233' title='bbox 258 1331 300 1356; x_wconf 89' lang='lat' dir='ltr'>nis</span> <span class='ocrx_word' id='word_1_234' title='bbox 319 1335 345 1356; x_wconf 82' lang='lat' dir='ltr'>et</span> <span class='ocrx_word' id='word_1_235' title='bbox 364 1330 507 1367; x_wconf 83' lang='lat' dir='ltr'>Capenatis</span> <span class='ocrx_word' id='word_1_236' title='bbox 526 1331 672 1367; x_wconf 80' lang='lat' dir='ltr'>rescripsit.</span> <span class='ocrx_word' id='word_1_237' title='bbox 692 1330 722 1356; x_wconf 89' lang='lat' dir='ltr'>fr.</span> <span class='ocrx_word' id='word_1_238' title='bbox 742 1332 766 1356; x_wconf 77' lang='grc'>4.</span> <span class='ocrx_word' id='word_1_239' title='bbox 786 1341 825 1367; x_wconf 88' lang='lat' dir='ltr'>pr.</span> <span class='ocrx_word' id='word_1_240' title='bbox 846 1330 878 1357; x_wconf 84' lang='lat' dir='ltr'>de</span> <span class='ocrx_word' id='word_1_241' title='bbox 898 1330 929 1356; x_wconf 82' lang='lat' dir='ltr'>R.</span> <span class='ocrx_word' id='word_1_242' title='bbox 944 1331 977 1357; x_wconf 93' lang='lat' dir='ltr'>D.</span> <span class='ocrx_word' id='word_1_243' title='bbox 999 1332 1022 1356; x_wconf 96' lang='lat'>1.</span> <span class='ocrx_word' id='word_1_244' title='bbox 1042 1332 1067 1357; x_wconf 71' lang='lat' dir='ltr'>S.</span> 
     </span>
    </p>

    <p class='ocr_par' dir='ltr' id='par_1_7' title="bbox 257 1372 1102 1491">
     <span class='ocr_line' id='line_1_28' title="bbox 293 1372 1102 1406; baseline -0.001 -5"><span class='ocrx_word' id='word_1_245' title='bbox 293 1374 574 1401; x_wconf 79' lang='lat' dir='ltr'>Formidnbilis.</span> <span class='ocrx_word' id='word_1_246' title='bbox 601 1372 730 1406; x_wconf 82' lang='lat' dir='ltr'>(Adiect.)</span> <span class='ocrx_word' id='word_1_247' title='bbox 756 1374 956 1400; x_wconf 58' lang='lat' dir='ltr'>Metuendae</span> <span class='ocrx_word' id='word_1_248' title='bbox 978 1374 1020 1400; x_wconf 93' lang='grc'>111.</span> <span class='ocrx_word' id='word_1_249' title='bbox 1036 1375 1102 1402; x_wconf 70' lang='lat'>(⁷11.</span> 
     </span>
     <span class='ocr_line' id='line_1_29' title="bbox 257 1415 1101 1451; baseline 0 -8"><span class='ocrx_word' id='word_1_250' title='bbox 257 1417 431 1443; x_wconf 78' lang='lat' dir='ltr'>Auctoritatis</span> <span class='ocrx_word' id='word_1_251' title='bbox 451 1426 513 1442; x_wconf 85' lang='lat' dir='ltr'>suae</span> <span class='ocrx_word' id='word_1_252' title='bbox 532 1415 698 1442; x_wconf 77' lang='lat' dir='ltr'>formidabile</span> <span class='ocrx_word' id='word_1_253' title='bbox 711 1417 886 1443; x_wconf 85' lang='lat' dir='ltr'>ministerium</span> <span class='ocrx_word' id='word_1_254' title='bbox 905 1417 1032 1444; x_wconf 88' lang='lat' dir='ltr'>obiiciant</span> <span class='ocrx_word' id='word_1_255' title='bbox 1051 1418 1101 1451; x_wconf 92' lang='lat' dir='ltr'>(sc.</span> 
     </span>
     <span class='ocr_line' id='line_1_30' title="bbox 258 1458 857 1491; baseline 0 -5"><span class='ocrx_word' id='word_1_256' title='bbox 258 1459 382 1491; x_wconf 85' lang='lat' dir='ltr'>iudices.)</span> <span class='ocrx_word' id='word_1_257' title='bbox 402 1458 452 1485; x_wconf 85' lang='lat' dir='ltr'>Th.</span> <span class='ocrx_word' id='word_1_258' title='bbox 473 1458 504 1485; x_wconf 80' lang='lat' dir='ltr'>C.</span> <span class='ocrx_word' id='word_1_259' title='bbox 524 1458 568 1486; x_wconf 72' lang='grc' dir='ltr'>ΙΥ.</span> <span class='ocrx_word' id='word_1_260' title='bbox 589 1461 630 1485; x_wconf 83' lang='lat'>22.</span> <span class='ocrx_word' id='word_1_261' title='bbox 651 1470 671 1485; x_wconf 89' lang='lat' dir='ltr'>c.</span> <span class='ocrx_word' id='word_1_262' title='bbox 694 1461 716 1485; x_wconf 93' lang='lat' dir='ltr'>l.</span> <span class='ocrx_word' id='word_1_263' title='bbox 736 1458 806 1485; x_wconf 86' lang='lat' dir='ltr'>unde</span> <span class='ocrx_word' id='word_1_264' title='bbox 824 1460 857 1486; x_wconf 79' lang='lat' dir='ltr'>vi.</span> 
     </span>
    </p>

    <p class='ocr_par' dir='ltr' id='par_1_8' title="bbox 294 1501 882 1530">
     <span class='ocr_line' id='line_1_31' title="bbox 294 1501 882 1530; baseline -0.002 0"><span class='ocrx_word' id='word_1_265' title='bbox 294 1502 587 1530; x_wconf 72' lang='lat' dir='ltr'>For-nidandus.</span> <span class='ocrx_word' id='word_1_266' title='bbox 625 1502 656 1528; x_wconf 89' lang='lat' dir='ltr'>cf.</span> <span class='ocrx_word' id='word_1_267' title='bbox 676 1512 700 1528; x_wconf 80' lang='lat' dir='ltr'>v.</span> <span class='ocrx_word' id='word_1_268' title='bbox 721 1501 882 1529; x_wconf 80' lang='lat' dir='ltr'>Formidare.</span> 
     </span>
    </p>

    <p class='ocr_par' dir='ltr' id='par_1_9' title="bbox 257 1545 1103 1883">
     <span class='ocr_line' id='line_1_32' title="bbox 293 1545 1102 1577; baseline 0 -5"><span class='ocrx_word' id='word_1_269' title='bbox 293 1545 531 1572; x_wconf 71' lang='lat' dir='ltr'>Formidare.</span> <span class='ocrx_word' id='word_1_270' title='bbox 555 1546 680 1577; x_wconf 73' lang='lat' dir='ltr'>Vereri,</span> <span class='ocrx_word' id='word_1_271' title='bbox 701 1547 946 1573; x_wconf 78' lang='lat' dir='ltr'>Pertimescere.</span> <span class='ocrx_word' id='word_1_272' title='bbox 972 1545 1014 1572; x_wconf 93' lang='lat' dir='ltr'>III.</span> <span class='ocrx_word' id='word_1_273' title='bbox 1036 1547 1102 1573; x_wconf 68' lang='lat' dir='ltr'>Cn.</span> 
     </span>
     <span class='ocr_line' id='line_1_33' title="bbox 260 1587 1103 1624; baseline 0 -9"><span class='ocrx_word' id='word_1_274' title='bbox 260 1588 371 1615; x_wconf 84' lang='lat' dir='ltr'>Cunctis</span> <span class='ocrx_word' id='word_1_275' title='bbox 388 1588 497 1614; x_wconf 85' lang='lat' dir='ltr'>facimus</span> <span class='ocrx_word' id='word_1_276' title='bbox 509 1592 643 1624; x_wconf 64' lang='lat' dir='ltr'>potestat,</span> <span class='ocrx_word' id='word_1_277' title='bbox 659 1598 745 1624; x_wconf 89' lang='lat' dir='ltr'>neque</span> <span class='ocrx_word' id='word_1_278' title='bbox 760 1587 873 1624; x_wconf 83' lang='lat' dir='ltr'>aliquam</span> <span class='ocrx_word' id='word_1_279' title='bbox 888 1589 999 1614; x_wconf 85' lang='lat' dir='ltr'>sinimus</span> <span class='ocrx_word' id='word_1_280' title='bbox 1014 1598 1103 1624; x_wconf 85' lang='lat' dir='ltr'>quem-</span> 
     </span>
     <span class='ocr_line' id='line_1_34' title="bbox 257 1629 1100 1667; baseline 0.001 -10"><span class='ocrx_word' id='word_1_281' title='bbox 257 1641 335 1667; x_wconf 90' lang='lat' dir='ltr'>quam</span> <span class='ocrx_word' id='word_1_282' title='bbox 351 1630 505 1657; x_wconf 85' lang='lat' dir='ltr'>calumniam</span> <span class='ocrx_word' id='word_1_283' title='bbox 521 1630 668 1656; x_wconf 81' lang='lat' dir='ltr'>formidare.</span> <span class='ocrx_word' id='word_1_284' title='bbox 689 1640 710 1657; x_wconf 85' lang='lat' dir='ltr'>c.</span> <span class='ocrx_word' id='word_1_285' title='bbox 724 1632 746 1656; x_wconf 96' lang='lat'>1.</span> <span class='ocrx_word' id='word_1_286' title='bbox 761 1629 794 1656; x_wconf 85' lang='lat' dir='ltr'>de</span> <span class='ocrx_word' id='word_1_287' title='bbox 806 1635 891 1657; x_wconf 83' lang='lat' dir='ltr'>venat.</span> <span class='ocrx_word' id='word_1_288' title='bbox 912 1630 987 1657; x_wconf 85' lang='lat' dir='ltr'>ferar.</span> <span class='ocrx_word' id='word_1_289' title='bbox 1003 1633 1044 1658; x_wconf 86' lang='lat'>11.</span> <span class='ocrx_word' id='word_1_290' title='bbox 1059 1633 1100 1658; x_wconf 87' lang='grc'>44.</span> 
     </span>
     <span class='ocr_line' id='line_1_35' title="bbox 257 1672 1101 1711; baseline 0.001 -11"><span class='ocrx_word' id='word_1_291' title='bbox 257 1673 290 1700; x_wconf 87' lang='lat' dir='ltr'>cf.</span> <span class='ocrx_word' id='word_1_292' title='bbox 304 1684 326 1700; x_wconf 88' lang='lat' dir='ltr'>c.</span> <span class='ocrx_word' id='word_1_293' title='bbox 341 1676 380 1700; x_wconf 87' lang='grc'>10.</span> <span class='ocrx_word' id='word_1_294' title='bbox 395 1673 427 1700; x_wconf 83' lang='lat' dir='ltr'>de</span> <span class='ocrx_word' id='word_1_295' title='bbox 441 1674 534 1709; x_wconf 74' lang='lat' dir='ltr'>vectig.</span> <span class='ocrx_word' id='word_1_296' title='bbox 549 1677 575 1699; x_wconf 88' lang='lat' dir='ltr'>et</span> <span class='ocrx_word' id='word_1_297' title='bbox 589 1683 680 1699; x_wconf 89' lang='lat' dir='ltr'>comm.</span> <span class='ocrx_word' id='word_1_298' title='bbox 695 1675 718 1699; x_wconf 91' lang='grc'>4.</span> <span class='ocrx_word' id='word_1_299' title='bbox 733 1674 774 1699; x_wconf 87' lang='grc'>61.</span> <span class='ocrx_word' id='word_1_300' title='bbox 806 1672 981 1700; x_wconf 69' lang='lat' dir='ltr'>Nullus-ad</span> <span class='ocrx_word' id='word_1_301' title='bbox 995 1684 1101 1711; x_wconf 82' lang='lat' dir='ltr'>posses-</span> 
     </span>
     <span class='ocr_line' id='line_1_36' title="bbox 257 1715 1100 1754; baseline 0.001 -11"><span class='ocrx_word' id='word_1_302' title='bbox 257 1718 347 1743; x_wconf 89' lang='lat' dir='ltr'>siones</span> <span class='ocrx_word' id='word_1_303' title='bbox 359 1727 457 1744; x_wconf 78' lang='lat' dir='ltr'>eorum.</span> <span class='ocrx_word' id='word_1_304' title='bbox 469 1716 540 1753; x_wconf 80' lang='lat' dir='ltr'>quod</span> <span class='ocrx_word' id='word_1_305' title='bbox 555 1717 666 1742; x_wconf 77' lang='lat' dir='ltr'>maxime</span> <span class='ocrx_word' id='word_1_306' title='bbox 679 1715 828 1748; x_wconf 77' lang='lat' dir='ltr'>formidant,</span> <span class='ocrx_word' id='word_1_307' title='bbox 841 1717 976 1754; x_wconf 88' lang='lat' dir='ltr'>inspector</span> <span class='ocrx_word' id='word_1_308' title='bbox 987 1717 1100 1744; x_wconf 75' lang='lat' dir='ltr'>accedat.</span> 
     </span>
     <span class='ocr_line' id='line_1_37' title="bbox 258 1758 1101 1797; baseline 0 -11"><span class='ocrx_word' id='word_1_309' title='bbox 258 1770 279 1786; x_wconf 90' lang='lat' dir='ltr'>c.</span> <span class='ocrx_word' id='word_1_310' title='bbox 302 1762 341 1786; x_wconf 87' lang='lat'>12.</span> <span class='ocrx_word' id='word_1_311' title='bbox 361 1760 394 1786; x_wconf 84' lang='lat' dir='ltr'>de</span> <span class='ocrx_word' id='word_1_312' title='bbox 413 1769 507 1786; x_wconf 90' lang='lat' dir='ltr'>annon.</span> <span class='ocrx_word' id='word_1_313' title='bbox 528 1764 554 1786; x_wconf 89' lang='lat' dir='ltr'>et</span> <span class='ocrx_word' id='word_1_314' title='bbox 578 1758 668 1785; x_wconf 84' lang='lat' dir='ltr'>tribut.</span> <span class='ocrx_word' id='word_1_315' title='bbox 690 1760 730 1784; x_wconf 88' lang='grc'>10.</span> <span class='ocrx_word' id='word_1_316' title='bbox 752 1759 792 1784; x_wconf 87' lang='grc'>16.</span> <span class='ocrx_word' id='word_1_317' title='bbox 830 1758 870 1785; x_wconf 65' lang='lat' dir='ltr'>Ne</span> <span class='ocrx_word' id='word_1_318' title='bbox 889 1760 1101 1797; x_wconf 84' lang='lat' dir='ltr'>iurisperitorum</span> 
     </span>
     <span class='ocr_line' id='line_1_38' title="bbox 259 1802 1102 1839; baseline 0.002 -11"><span class='ocrx_word' id='word_1_319' title='bbox 259 1818 290 1822; x_wconf 93' lang='lat'>—</span> <span class='ocrx_word' id='word_1_320' title='bbox 304 1802 377 1829; x_wconf 81' lang='lat' dir='ltr'>velut</span> <span class='ocrx_word' id='word_1_321' title='bbox 397 1802 428 1828; x_wconf 84' lang='lat' dir='ltr'>ab</span> <span class='ocrx_word' id='word_1_322' title='bbox 448 1803 514 1839; x_wconf 91' lang='lat' dir='ltr'>ipsis</span> <span class='ocrx_word' id='word_1_323' title='bbox 534 1802 630 1838; x_wconf 72' lang='lat' dir='ltr'>adytis,</span> <span class='ocrx_word' id='word_1_324' title='bbox 650 1806 868 1839; x_wconf 77' lang='lat' dir='ltr'>exspectarentur</span> <span class='ocrx_word' id='word_1_325' title='bbox 887 1802 1050 1830; x_wconf 85' lang='lat' dir='ltr'>formidanda</span> <span class='ocrx_word' id='word_1_326' title='bbox 1063 1813 1102 1830; x_wconf 88' lang='lat' dir='ltr'>re-</span> 
     </span>
     <span class='ocr_line' id='line_1_39' title="bbox 257 1844 1087 1883; baseline 0.001 -12"><span class='ocrx_word' id='word_1_327' title='bbox 257 1854 364 1882; x_wconf 84' lang='lat' dir='ltr'>sponsa.</span> <span class='ocrx_word' id='word_1_328' title='bbox 380 1845 473 1872; x_wconf 88' lang='lat' dir='ltr'>Const.</span> <span class='ocrx_word' id='word_1_329' title='bbox 489 1845 538 1872; x_wconf 92' lang='lat' dir='ltr'>Th.</span> <span class='ocrx_word' id='word_1_330' title='bbox 550 1845 579 1871; x_wconf 86' lang='grc'>11.</span> <span class='ocrx_word' id='word_1_331' title='bbox 594 1845 627 1872; x_wconf 88' lang='lat' dir='ltr'>de</span> <span class='ocrx_word' id='word_1_332' title='bbox 637 1844 686 1871; x_wconf 83' lang='lat' dir='ltr'>Th.</span> <span class='ocrx_word' id='word_1_333' title='bbox 702 1845 732 1871; x_wconf 84' lang='lat' dir='ltr'>C.</span> <span class='ocrx_word' id='word_1_334' title='bbox 748 1850 815 1871; x_wconf 86' lang='lat' dir='ltr'>auct.</span> <span class='ocrx_word' id='word_1_335' title='bbox 831 1845 852 1878; x_wconf 92' lang='lat'>5.</span> <span class='ocrx_word' id='word_1_336' title='bbox 868 1847 890 1871; x_wconf 94' lang='lat'>1.</span> <span class='ocrx_word' id='word_1_337' title='bbox 906 1845 997 1879; x_wconf 82' lang='lat' dir='ltr'>(ch.</span> <span class='ocrx_word' id='word_1_338' title='bbox 1012 1856 1037 1883; x_wconf 88' lang='lat' dir='ltr'>p.</span> <span class='ocrx_word' id='word_1_339' title='bbox 1050 1846 1087 1877; x_wconf 85' lang='lat'>9.)</span> 
     </span>
    </p>

    <p class='ocr_par' dir='ltr' id='par_1_10' title="bbox 258 1888 1125 2223">
     <span class='ocr_line' id='line_1_40' title="bbox 295 1888 1102 1917; baseline 0.002 -3"><span class='ocrx_word' id='word_1_340' title='bbox 295 1888 485 1915; x_wconf 79' lang='lat' dir='ltr'>Formido.</span> <span class='ocrx_word' id='word_1_341' title='bbox 525 1889 631 1915; x_wconf 71' lang='lat' dir='ltr'>Metus</span> <span class='ocrx_word' id='word_1_342' title='bbox 653 1889 875 1914; x_wconf 78' lang='lat' dir='ltr'>vehementior.</span> <span class='ocrx_word' id='word_1_343' title='bbox 912 1888 954 1915; x_wconf 88' lang='lat'>111.</span> <span class='ocrx_word' id='word_1_344' title='bbox 976 1890 1042 1917; x_wconf 75' lang='lat' dir='ltr'>Gn.</span> <span class='ocrx_word' id='word_1_345' title='bbox 1062 1888 1102 1916; x_wconf 67' lang='lat' dir='ltr'>Ne</span> 
     </span>
     <span class='ocr_line' id='line_1_41' title="bbox 259 1930 1103 1969; baseline 0.002 -12"><span class='ocrx_word' id='word_1_346' title='bbox 259 1941 308 1968; x_wconf 85' lang='lat' dir='ltr'>per</span> <span class='ocrx_word' id='word_1_347' title='bbox 326 1930 444 1956; x_wconf 78' lang='lat' dir='ltr'>diversas</span> <span class='ocrx_word' id='word_1_348' title='bbox 463 1932 657 1967; x_wconf 80' lang='lat' dir='ltr'>provinciarum</span> <span class='ocrx_word' id='word_1_349' title='bbox 682 1935 771 1967; x_wconf 83' lang='lat' dir='ltr'>partes</span> <span class='ocrx_word' id='word_1_350' title='bbox 791 1947 823 1950; x_wconf 97' lang='lat'><strong>—</strong></span> <span class='ocrx_word' id='word_1_351' title='bbox 842 1931 977 1968; x_wconf 82' lang='lat' dir='ltr'>adparitor</span> <span class='ocrx_word' id='word_1_352' title='bbox 999 1942 1103 1969; x_wconf 75' lang='lat' dir='ltr'>vagare-</span> 
     </span>
     <span class='ocr_line' id='line_1_42' title="bbox 258 1973 1100 2005; baseline 0.004 -6"><span class='ocrx_word' id='word_1_353' title='bbox 258 1978 317 2005; x_wconf 84' lang='lat' dir='ltr'>tur,</span> <span class='ocrx_word' id='word_1_354' title='bbox 342 1973 384 2000; x_wconf 80' lang='lat' dir='ltr'>vel</span> <span class='ocrx_word' id='word_1_355' title='bbox 408 1973 528 1999; x_wconf 89' lang='lat' dir='ltr'>militaris</span> <span class='ocrx_word' id='word_1_356' title='bbox 552 1978 638 2000; x_wconf 90' lang='lat' dir='ltr'>terror</span> <span class='ocrx_word' id='word_1_357' title='bbox 660 1973 769 2000; x_wconf 85' lang='lat' dir='ltr'>inferret</span> <span class='ocrx_word' id='word_1_358' title='bbox 796 1973 969 2001; x_wconf 83' lang='lat' dir='ltr'>formidinem.</span> <span class='ocrx_word' id='word_1_359' title='bbox 995 1975 1044 2001; x_wconf 85' lang='lat' dir='ltr'>Th.</span> <span class='ocrx_word' id='word_1_360' title='bbox 1069 1975 1100 2002; x_wconf 88' lang='lat' dir='ltr'>C.</span> 
     </span>
     <span class='ocr_line' id='line_1_43' title="bbox 258 2015 1102 2044; baseline 0.001 -1"><span class='ocrx_word' id='word_1_361' title='bbox 258 2015 327 2043; x_wconf 71' lang='lat' dir='ltr'>Vlll.</span> <span class='ocrx_word' id='word_1_362' title='bbox 347 2017 370 2042; x_wconf 70' lang='lat'>8.</span> <span class='ocrx_word' id='word_1_363' title='bbox 392 2026 412 2042; x_wconf 91' lang='lat' dir='ltr'>c.</span> <span class='ocrx_word' id='word_1_364' title='bbox 433 2017 457 2042; x_wconf 97' lang='grc'>6.</span> <span class='ocrx_word' id='word_1_365' title='bbox 478 2016 510 2042; x_wconf 85' lang='lat' dir='ltr'>de.</span> <span class='ocrx_word' id='word_1_366' title='bbox 531 2021 646 2043; x_wconf 80' lang='lat' dir='ltr'>exsecut.</span> <span class='ocrx_word' id='word_1_367' title='bbox 667 2021 693 2042; x_wconf 89' lang='lat' dir='ltr'>et</span> <span class='ocrx_word' id='word_1_368' title='bbox 712 2021 795 2043; x_wconf 74' lang='lat' dir='ltr'>exact.</span> <span class='ocrx_word' id='word_1_369' title='bbox 816 2016 847 2043; x_wconf 88' lang='lat' dir='ltr'>cf.</span> <span class='ocrx_word' id='word_1_370' title='bbox 868 2016 912 2043; x_wconf 70' lang='lat' dir='ltr'>U.</span> <span class='ocrx_word' id='word_1_371' title='bbox 926 2019 967 2043; x_wconf 88' lang='grc'>36.</span> <span class='ocrx_word' id='word_1_372' title='bbox 989 2028 1010 2044; x_wconf 90' lang='lat' dir='ltr'>c.</span> <span class='ocrx_word' id='word_1_373' title='bbox 1026 2020 1048 2044; x_wconf 93' lang='lat'>1.</span> <span class='ocrx_word' id='word_1_374' title='bbox 1069 2018 1102 2044; x_wconf 87' lang='lat' dir='ltr'>de</span> 
     </span>
     <span class='ocr_line' id='line_1_44' title="bbox 259 2059 1125 2098; baseline 0.003 -13"><span class='ocrx_word' id='word_1_375' title='bbox 259 2064 374 2095; x_wconf 85' lang='lat' dir='ltr'>cquestr.</span> <span class='ocrx_word' id='word_1_376' title='bbox 399 2059 468 2094; x_wconf 65' lang='lat' dir='ltr'>dign.</span> <span class='ocrx_word' id='word_1_377' title='bbox 511 2059 587 2086; x_wconf 80' lang='lat' dir='ltr'>Vnde</span> <span class='ocrx_word' id='word_1_378' title='bbox 616 2069 672 2086; x_wconf 81' lang='lat' dir='ltr'>euni</span> <span class='ocrx_word' id='word_1_379' title='bbox 699 2064 749 2085; x_wconf 91' lang='lat' dir='ltr'>tam</span> <span class='ocrx_word' id='word_1_380' title='bbox 769 2059 867 2086; x_wconf 87' lang='lat' dir='ltr'>furiosa</span> <span class='ocrx_word' id='word_1_381' title='bbox 886 2059 999 2087; x_wconf 68' lang='lat' dir='ltr'>formido</span> <span class='ocrx_word' id='word_1_382' title='bbox 1018 2062 1103 2098; x_wconf 87' lang='lat' dir='ltr'>prori-</span> <span class='ocrx_word' id='word_1_383' title='bbox 1123 2065 1125 2078; x_wconf 57' lang='lat'><em>2</em></span> 
     </span>
     <span class='ocr_line' id='line_1_45' title="bbox 259 2102 1103 2140; baseline 0.004 -13"><span class='ocrx_word' id='word_1_384' title='bbox 259 2103 324 2139; x_wconf 82' lang='lat' dir='ltr'>puit.</span> <span class='ocrx_word' id='word_1_385' title='bbox 345 2102 381 2128; x_wconf 89' lang='lat' dir='ltr'>lh.</span> <span class='ocrx_word' id='word_1_386' title='bbox 402 2102 446 2128; x_wconf 80' lang='lat' dir='ltr'>lx.</span> <span class='ocrx_word' id='word_1_387' title='bbox 467 2104 507 2128; x_wconf 78' lang='grc'>45.</span> <span class='ocrx_word' id='word_1_388' title='bbox 528 2113 549 2129; x_wconf 90' lang='lat' dir='ltr'>c.</span> <span class='ocrx_word' id='word_1_389' title='bbox 570 2104 593 2128; x_wconf 86' lang='grc'>5.</span> <span class='ocrx_word' id='word_1_390' title='bbox 614 2102 646 2129; x_wconf 81' lang='lat' dir='ltr'>dc</span> <span class='ocrx_word' id='word_1_391' title='bbox 665 2102 690 2128; x_wconf 95' lang='grc' dir='ltr'>1ι.</span> <span class='ocrx_word' id='word_1_392' title='bbox 711 2113 753 2139; x_wconf 93' lang='lat' dir='ltr'>qu.</span> <span class='ocrx_word' id='word_1_393' title='bbox 774 2102 805 2129; x_wconf 86' lang='lat' dir='ltr'>ad</span> <span class='ocrx_word' id='word_1_394' title='bbox 820 2102 883 2129; x_wconf 78' lang='lat' dir='ltr'>eccl.</span> <span class='ocrx_word' id='word_1_395' title='bbox 920 2103 1103 2140; x_wconf 87' lang='lat' dir='ltr'>Quoscunque</span> 
     </span>
     <span class='ocr_line' id='line_1_46' title="bbox 261 2146 1101 2183; baseline 0.005 -13"><span class='ocrx_word' id='word_1_396' title='bbox 261 2154 330 2170; x_wconf 81' lang='lat' dir='ltr'>nunc</span> <span class='ocrx_word' id='word_1_397' title='bbox 350 2155 423 2179; x_wconf 67' lang='lat' dir='ltr'>aegra</span> <span class='ocrx_word' id='word_1_398' title='bbox 444 2146 607 2182; x_wconf 84' lang='lat' dir='ltr'>exspectatio</span> <span class='ocrx_word' id='word_1_399' title='bbox 626 2146 797 2181; x_wconf 83' lang='lat' dir='ltr'>quaestionis.</span> <span class='ocrx_word' id='word_1_400' title='bbox 816 2156 970 2183; x_wconf 78' lang='lat' dir='ltr'>poenaeque</span> <span class='ocrx_word' id='word_1_401' title='bbox 988 2146 1101 2174; x_wconf 86' lang='lat' dir='ltr'>formido</span> 
     </span>
     <span class='ocr_line' id='line_1_47' title="bbox 261 2187 928 2223; baseline 0.001 -10"><span class='ocrx_word' id='word_1_402' title='bbox 261 2187 396 2213; x_wconf 81' lang='lat' dir='ltr'>sollicitat.</span> <span class='ocrx_word' id='word_1_403' title='bbox 416 2188 453 2214; x_wconf 78' lang='lat' dir='ltr'>Il).</span> <span class='ocrx_word' id='word_1_404' title='bbox 473 2187 518 2214; x_wconf 76' lang='lat' dir='ltr'>IX.</span> <span class='ocrx_word' id='word_1_405' title='bbox 538 2190 579 2214; x_wconf 64' lang='grc'>38.</span> <span class='ocrx_word' id='word_1_406' title='bbox 601 2199 622 2215; x_wconf 87' lang='lat' dir='ltr'>c.</span> <span class='ocrx_word' id='word_1_407' title='bbox 642 2190 665 2214; x_wconf 81' lang='grc'>4.</span> <span class='ocrx_word' id='word_1_408' title='bbox 687 2187 719 2214; x_wconf 80' lang='lat' dir='ltr'>(Ic</span> <span class='ocrx_word' id='word_1_409' title='bbox 738 2188 835 2223; x_wconf 69' lang='lat' dir='ltr'>indulg.</span> <span class='ocrx_word' id='word_1_410' title='bbox 856 2190 928 2215; x_wconf 79' lang='lat' dir='ltr'>crini.</span> 
     </span>
    </p>

    <p class='ocr_par' dir='ltr' id='par_1_11' title="bbox 259 2231 1101 2395">
     <span class='ocr_line' id='line_1_48' title="bbox 294 2231 1100 2265; baseline 0.004 -9"><span class='ocrx_word' id='word_1_411' title='bbox 294 2231 587 2258; x_wconf 69' lang='lat' dir='ltr'>Formidolosus.</span> <span class='ocrx_word' id='word_1_412' title='bbox 625 2231 754 2265; x_wconf 63' lang='lat' dir='ltr'>(Adit-ct.)</span> <span class='ocrx_word' id='word_1_413' title='bbox 798 2233 1020 2258; x_wconf 68' lang='lat' dir='ltr'>Jletn&#39;culosus.</span> <span class='ocrx_word' id='word_1_414' title='bbox 1057 2232 1100 2259; x_wconf 83' lang='lat'>111.</span> 
     </span>
     <span class='ocr_line' id='line_1_49' title="bbox 260 2272 1101 2311; baseline 0.002 -11"><span class='ocrx_word' id='word_1_415' title='bbox 260 2273 327 2300; x_wconf 71' lang='lat' dir='ltr'>Cn.</span> <span class='ocrx_word' id='word_1_416' title='bbox 347 2272 472 2299; x_wconf 73' lang='lat' dir='ltr'>Homines</span> <span class='ocrx_word' id='word_1_417' title='bbox 488 2274 660 2303; x_wconf 66' lang='lat' dir='ltr'>fin-midolosi.</span> <span class='ocrx_word' id='word_1_418' title='bbox 681 2275 726 2311; x_wconf 80' lang='lat' dir='ltr'>qui</span> <span class='ocrx_word' id='word_1_419' title='bbox 743 2278 765 2299; x_wconf 86' lang='lat' dir='ltr'>et</span> <span class='ocrx_word' id='word_1_420' title='bbox 782 2285 810 2299; x_wconf 82' lang='lat' dir='ltr'>ea</span> <span class='ocrx_word' id='word_1_421' title='bbox 825 2275 924 2300; x_wconf 81' lang='lat' dir='ltr'>timent.</span> <span class='ocrx_word' id='word_1_422' title='bbox 945 2285 1011 2311; x_wconf 82' lang='lat' dir='ltr'>quae</span> <span class='ocrx_word' id='word_1_423' title='bbox 1029 2275 1101 2302; x_wconf 84' lang='lat' dir='ltr'>nulla</span> 
     </span>
     <span class='ocr_line' id='line_1_50' title="bbox 259 2315 1099 2354; baseline 0.004 -13"><span class='ocrx_word' id='word_1_424' title='bbox 259 2315 335 2351; x_wconf 79' lang='lat' dir='ltr'>digna</span> <span class='ocrx_word' id='word_1_425' title='bbox 355 2320 417 2341; x_wconf 86' lang='lat' dir='ltr'>sunt</span> <span class='ocrx_word' id='word_1_426' title='bbox 436 2318 594 2352; x_wconf 79' lang='lat' dir='ltr'>suspicione.</span> <span class='ocrx_word' id='word_1_427' title='bbox 616 2328 637 2344; x_wconf 78' lang='lat' dir='ltr'>c.</span> <span class='ocrx_word' id='word_1_428' title='bbox 657 2320 699 2343; x_wconf 90' lang='lat'>22.</span> <span class='ocrx_word' id='word_1_429' title='bbox 719 2327 758 2354; x_wconf 86' lang='lat' dir='ltr'>pr.</span> <span class='ocrx_word' id='word_1_430' title='bbox 783 2316 816 2343; x_wconf 78' lang='lat' dir='ltr'>(le</span> <span class='ocrx_word' id='word_1_431' title='bbox 840 2318 896 2343; x_wconf 83' lang='lat' dir='ltr'>iure</span> <span class='ocrx_word' id='word_1_432' title='bbox 915 2316 994 2344; x_wconf 85' lang='lat' dir='ltr'>dclib.</span> <span class='ocrx_word' id='word_1_433' title='bbox 1015 2320 1038 2344; x_wconf 88' lang='lat'>6.</span> <span class='ocrx_word' id='word_1_434' title='bbox 1058 2320 1099 2344; x_wconf 87' lang='grc'>30.</span> 
     </span>
     <span class='ocr_line' id='line_1_51' title="bbox 260 2358 751 2395; baseline 0.002 -10"><span class='ocrx_word' id='word_1_435' title='bbox 260 2359 291 2385; x_wconf 89' lang='lat' dir='ltr'>cf.</span> <span class='ocrx_word' id='word_1_436' title='bbox 311 2359 333 2392; x_wconf 88' lang='lat'>5.</span> <span class='ocrx_word' id='word_1_437' title='bbox 352 2360 376 2385; x_wconf 82' lang='lat'>3.</span> <span class='ocrx_word' id='word_1_438' title='bbox 397 2359 414 2385; x_wconf 92' lang='lat'>1.</span> <span class='ocrx_word' id='word_1_439' title='bbox 436 2358 467 2384; x_wconf 79' lang='lat' dir='ltr'>de</span> <span class='ocrx_word' id='word_1_440' title='bbox 486 2369 548 2395; x_wconf 89' lang='lat' dir='ltr'>pup.</span> <span class='ocrx_word' id='word_1_441' title='bbox 569 2360 652 2386; x_wconf 78' lang='lat' dir='ltr'>snhst.</span> <span class='ocrx_word' id='word_1_442' title='bbox 671 2363 695 2385; x_wconf 76' lang='lat'>2.</span> <span class='ocrx_word' id='word_1_443' title='bbox 712 2362 751 2386; x_wconf 87' lang='lat'>16.</span> 
     </span>
    </p>

    <p class='ocr_par' dir='ltr' id='par_1_12' title="bbox 294 2401 724 2429">
     <span class='ocr_line' id='line_1_52' title="bbox 294 2401 724 2429; baseline 0 -1"><span class='ocrx_word' id='word_1_444' title='bbox 294 2402 458 2428; x_wconf 79' lang='lat' dir='ltr'>Formio.</span> <span class='ocrx_word' id='word_1_445' title='bbox 497 2401 528 2428; x_wconf 79' lang='lat' dir='ltr'>cs.</span> <span class='ocrx_word' id='word_1_446' title='bbox 549 2412 572 2427; x_wconf 77' lang='lat' dir='ltr'>v.</span> <span class='ocrx_word' id='word_1_447' title='bbox 594 2402 724 2429; x_wconf 83' lang='lat' dir='ltr'>Phormio.</span> 
     </span>
    </p>

    <p class='ocr_par' dir='ltr' id='par_1_13' title="bbox 258 2445 1122 2865">
     <span class='ocr_line' id='line_1_53' title="bbox 295 2445 1099 2479; baseline 0.004 -9"><span class='ocrx_word' id='word_1_448' title='bbox 295 2445 487 2471; x_wconf 73' lang='lat' dir='ltr'>Fon-mula.</span> <span class='ocrx_word' id='word_1_449' title='bbox 525 2445 556 2477; x_wconf 77' lang='lat'>§-</span> <span class='ocrx_word' id='word_1_450' title='bbox 580 2446 613 2471; x_wconf 86' lang='lat'>1.</span> <span class='ocrx_word' id='word_1_451' title='bbox 636 2447 767 2479; x_wconf 70' lang='lat' dir='ltr'>Forma,</span> <span class='ocrx_word' id='word_1_452' title='bbox 788 2448 953 2473; x_wconf 77' lang='lat' dir='ltr'>Recensiv.</span> <span class='ocrx_word' id='word_1_453' title='bbox 974 2445 1017 2472; x_wconf 93' lang='grc'>111.</span> <span class='ocrx_word' id='word_1_454' title='bbox 1033 2448 1099 2474; x_wconf 61' lang='lat' dir='ltr'>sn.</span> 
     </span>
     <span class='ocr_line' id='line_1_54' title="bbox 258 2486 1098 2526; baseline 0.005 -14"><span class='ocrx_word' id='word_1_455' title='bbox 258 2486 299 2513; x_wconf 81' lang='lat' dir='ltr'>Ex</span> <span class='ocrx_word' id='word_1_456' title='bbox 319 2486 428 2513; x_wconf 81' lang='lat' dir='ltr'>formula</span> <span class='ocrx_word' id='word_1_457' title='bbox 449 2497 552 2519; x_wconf 86' lang='lat' dir='ltr'>census,</span> <span class='ocrx_word' id='word_1_458' title='bbox 573 2497 638 2523; x_wconf 78' lang='lat' dir='ltr'>quac</span> <span class='ocrx_word' id='word_1_459' title='bbox 653 2487 940 2526; x_wconf 72' lang='lat' dir='ltr'>l&#39;unnae—proposita</span> <span class='ocrx_word' id='word_1_460' title='bbox 959 2490 1016 2515; x_wconf 90' lang='lat' dir='ltr'>erit.</span> <span class='ocrx_word' id='word_1_461' title='bbox 1034 2489 1098 2516; x_wconf 88' lang='lat' dir='ltr'>Tab.</span> 
     </span>
     <span class='ocr_line' id='line_1_55' title="bbox 259 2528 1122 2567; baseline 0.003 -12"><span class='ocrx_word' id='word_1_462' title='bbox 259 2528 359 2556; x_wconf 84' lang='lat' dir='ltr'>Ileracl.</span> <span class='ocrx_word' id='word_1_463' title='bbox 381 2529 425 2558; x_wconf 76' lang='lat' dir='ltr'>lin..</span> <span class='ocrx_word' id='word_1_464' title='bbox 446 2531 486 2556; x_wconf 82' lang='lat'>73.</span> <span class='ocrx_word' id='word_1_465' title='bbox 507 2540 546 2566; x_wconf 84' lang='lat' dir='ltr'>sq.</span> <span class='ocrx_word' id='word_1_466' title='bbox 571 2540 621 2556; x_wconf 89' lang='lat' dir='ltr'>aer.</span> <span class='ocrx_word' id='word_1_467' title='bbox 642 2529 723 2566; x_wconf 52' lang='lat' dir='ltr'>Res-p.</span> <span class='ocrx_word' id='word_1_468' title='bbox 752 2532 805 2566; x_wconf 84' lang='lat' dir='ltr'>Qui</span> <span class='ocrx_word' id='word_1_469' title='bbox 833 2533 858 2558; x_wconf 88' lang='lat' dir='ltr'>in</span> <span class='ocrx_word' id='word_1_470' title='bbox 883 2542 913 2558; x_wconf 78' lang='lat' dir='ltr'>co</span> <span class='ocrx_word' id='word_1_471' title='bbox 933 2542 1007 2567; x_wconf 72' lang='lat' dir='ltr'>agro,</span> <span class='ocrx_word' id='word_1_472' title='bbox 1030 2532 1097 2563; x_wconf 66' lang='lat' dir='ltr'>loco.</span> <span class='ocrx_word' id='word_1_473' title='bbox 1121 2559 1122 2562; x_wconf 57' lang='grc'>,</span> 
     </span>
     <span class='ocr_line' id='line_1_56' title="bbox 261 2571 1100 2611; baseline 0.005 -14"><span class='ocrx_word' id='word_1_474' title='bbox 261 2572 309 2597; x_wconf 86' lang='lat' dir='ltr'>civ.</span> <span class='ocrx_word' id='word_1_475' title='bbox 331 2571 360 2598; x_wconf 69' lang='grc'>11.</span> <span class='ocrx_word' id='word_1_476' title='bbox 381 2573 516 2598; x_wconf 74' lang='lat' dir='ltr'>sociumve.</span> <span class='ocrx_word' id='word_1_477' title='bbox 535 2573 647 2599; x_wconf 78' lang='lat' dir='ltr'>nominis</span> <span class='ocrx_word' id='word_1_478' title='bbox 667 2572 752 2604; x_wconf 76' lang='lat' dir='ltr'>latini,</span> <span class='ocrx_word' id='word_1_479' title='bbox 773 2586 803 2600; x_wconf 68' lang='lat' dir='ltr'>cx</span> <span class='ocrx_word' id='word_1_480' title='bbox 824 2574 933 2601; x_wconf 80' lang='lat' dir='ltr'>formula</span> <span class='ocrx_word' id='word_1_481' title='bbox 954 2579 1100 2611; x_wconf 70' lang='lat' dir='ltr'>togatorum</span> 
     </span>
     <span class='ocr_line' id='line_1_57' title="bbox 261 2613 773 2650; baseline 0.006 -11"><span class='ocrx_word' id='word_1_482' title='bbox 261 2617 309 2639; x_wconf 79' lang='lat' dir='ltr'>etc.</span> <span class='ocrx_word' id='word_1_483' title='bbox 331 2613 371 2640; x_wconf 75' lang='lat' dir='ltr'>Fr.</span> <span class='ocrx_word' id='word_1_484' title='bbox 392 2614 457 2650; x_wconf 65' lang='lat' dir='ltr'>legis</span> <span class='ocrx_word' id='word_1_485' title='bbox 477 2615 598 2642; x_wconf 79' lang='lat' dir='ltr'>Thuriae.</span> <span class='ocrx_word' id='word_1_486' title='bbox 627 2631 658 2635; x_wconf 81' lang='lat'>—-</span> <span class='ocrx_word' id='word_1_487' title='bbox 688 2616 718 2648; x_wconf 60' lang='grc' dir='ltr'>ξ.</span> <span class='ocrx_word' id='word_1_488' title='bbox 739 2618 773 2642; x_wconf 69' lang='lat'>2.</span> 
     </span>
     <span class='ocr_line' id='line_1_58' title="bbox 261 2657 1122 2693; baseline 0.008 -13"><span class='ocrx_word' id='word_1_489' title='bbox 261 2657 346 2681; x_wconf 81' lang='grc' dir='ltr'>ιιίιιιιι</span> <span class='ocrx_word' id='word_1_490' title='bbox 377 2661 557 2692; x_wconf 67' lang='lat' dir='ltr'>conceptio,</span> <span class='ocrx_word' id='word_1_491' title='bbox 589 2660 743 2693; x_wconf 70' lang='lat' dir='ltr'>inprimis</span> <span class='ocrx_word' id='word_1_492' title='bbox 774 2662 950 2686; x_wconf 66' lang='lat' dir='ltr'>nerianum.</span> <span class='ocrx_word' id='word_1_493' title='bbox 994 2662 1122 2687; x_wconf 56' lang='lat' dir='ltr'>fichol</span> 
     </span>
     <span class='ocr_line' id='line_1_59' title="bbox 261 2697 1097 2738; baseline 0.007 -15"><span class='ocrx_word' id='word_1_494' title='bbox 261 2697 279 2724; x_wconf 90' lang='lat'>1.</span> <span class='ocrx_word' id='word_1_495' title='bbox 300 2699 361 2732; x_wconf 71' lang='lat' dir='ltr'>Sy.</span> <span class='ocrx_word' id='word_1_496' title='bbox 384 2699 483 2726; x_wconf 72' lang='lat' dir='ltr'>Forma.</span> <span class='ocrx_word' id='word_1_497' title='bbox 521 2700 562 2727; x_wconf 70' lang='lat' dir='ltr'>Cf.</span> <span class='ocrx_word' id='word_1_498' title='bbox 584 2700 607 2726; x_wconf 92' lang='lat' dir='ltr'>h.</span> <span class='ocrx_word' id='word_1_499' title='bbox 627 2711 651 2727; x_wconf 79' lang='lat' dir='ltr'>v.</span> <span class='ocrx_word' id='word_1_500' title='bbox 671 2701 693 2734; x_wconf 96' lang='lat'>5.</span> <span class='ocrx_word' id='word_1_501' title='bbox 712 2703 736 2727; x_wconf 77' lang='grc'>4.</span> <span class='ocrx_word' id='word_1_502' title='bbox 775 2701 911 2738; x_wconf 68' lang='lat' dir='ltr'>Coum-pta</span> <span class='ocrx_word' id='word_1_503' title='bbox 931 2702 1017 2729; x_wconf 77' lang='lat' dir='ltr'>verba.</span> <span class='ocrx_word' id='word_1_504' title='bbox 1041 2703 1097 2729; x_wconf 89' lang='lat' dir='ltr'>Gai.</span> 
     </span>
     <span class='ocr_line' id='line_1_60' title="bbox 260 2739 1098 2783; baseline 0.007 -17"><span class='ocrx_word' id='word_1_505' title='bbox 260 2739 304 2766; x_wconf 83' lang='lat' dir='ltr'>IV.</span> <span class='ocrx_word' id='word_1_506' title='bbox 319 2743 360 2766; x_wconf 76' lang='grc'>30.</span> <span class='ocrx_word' id='word_1_507' title='bbox 398 2742 539 2779; x_wconf 67' lang='lat' dir='ltr'>stipulatio</span> <span class='ocrx_word' id='word_1_508' title='bbox 559 2745 598 2777; x_wconf 90' lang='lat' dir='ltr'>(in</span> <span class='ocrx_word' id='word_1_509' title='bbox 618 2743 677 2769; x_wconf 84' lang='lat' dir='ltr'>albo</span> <span class='ocrx_word' id='word_1_510' title='bbox 697 2745 854 2781; x_wconf 86' lang='lat' dir='ltr'>proposita.)</span> <span class='ocrx_word' id='word_1_511' title='bbox 874 2744 902 2770; x_wconf 89' lang='lat' dir='ltr'>L.</span> <span class='ocrx_word' id='word_1_512' title='bbox 918 2745 985 2771; x_wconf 88' lang='lat' dir='ltr'>Gall.</span> <span class='ocrx_word' id='word_1_513' title='bbox 997 2745 1098 2783; x_wconf 81' lang='lat' dir='ltr'>Cisalp.</span> 
     </span>
     <span class='ocr_line' id='line_1_61' title="bbox 261 2782 1121 2822; baseline 0.007 -14"><span class='ocrx_word' id='word_1_514' title='bbox 261 2782 279 2808; x_wconf 96' lang='lat'>1.</span> <span class='ocrx_word' id='word_1_515' title='bbox 299 2784 322 2808; x_wconf 93' lang='grc'>6.</span> <span class='ocrx_word' id='word_1_516' title='bbox 343 2792 382 2819; x_wconf 86' lang='lat' dir='ltr'>sq.</span> <span class='ocrx_word' id='word_1_517' title='bbox 402 2786 442 2809; x_wconf 67' lang='lat'>253.</span> <span class='ocrx_word' id='word_1_518' title='bbox 464 2796 501 2820; x_wconf 78' lang='lat' dir='ltr'>sq.</span> <span class='ocrx_word' id='word_1_519' title='bbox 522 2788 562 2812; x_wconf 62' lang='lat' dir='ltr'>sn.</span> <span class='ocrx_word' id='word_1_520' title='bbox 584 2796 623 2822; x_wconf 79' lang='lat' dir='ltr'>sq.</span> <span class='ocrx_word' id='word_1_521' title='bbox 662 2787 747 2813; x_wconf 68' lang='lat' dir='ltr'>Actio.</span> <span class='ocrx_word' id='word_1_522' title='bbox 768 2786 809 2813; x_wconf 81' lang='lat' dir='ltr'>Cf.</span> <span class='ocrx_word' id='word_1_523' title='bbox 825 2787 848 2813; x_wconf 95' lang='grc' dir='ltr'>Ιι.</span> <span class='ocrx_word' id='word_1_524' title='bbox 863 2797 887 2813; x_wconf 79' lang='lat' dir='ltr'>v.</span> <span class='ocrx_word' id='word_1_525' title='bbox 907 2788 928 2820; x_wconf 86' lang='lat'>5.</span> <span class='ocrx_word' id='word_1_526' title='bbox 947 2790 967 2813; x_wconf 90' lang='lat'>1.</span> <span class='ocrx_word' id='word_1_527' title='bbox 988 2787 1098 2822; x_wconf 80' lang='grc' dir='ltr'>11οΡ.</span> <span class='ocrx_word' id='word_1_528' title='bbox 1120 2810 1121 2818; x_wconf 70' lang='lat'>.</span> 
     </span>
     <span class='ocr_line' id='line_1_62' title="bbox 261 2822 1121 2865; baseline 0.007 -14"><span class='ocrx_word' id='word_1_529' title='bbox 261 2825 438 2852; x_wconf 81' lang='lat' dir='ltr'>Interdictum.</span> <span class='ocrx_word' id='word_1_530' title='bbox 460 2826 541 2853; x_wconf 72' lang='lat' dir='ltr'>Vatir.</span> <span class='ocrx_word' id='word_1_531' title='bbox 562 2829 582 2861; x_wconf 82' lang='lat'>5.</span> <span class='ocrx_word' id='word_1_532' title='bbox 602 2831 660 2856; x_wconf 76' lang='lat'>312.</span> <span class='ocrx_word' id='word_1_533' title='bbox 699 2829 741 2856; x_wconf 94' lang='lat' dir='ltr'>III.</span> <span class='ocrx_word' id='word_1_534' title='bbox 762 2831 827 2858; x_wconf 77' lang='lat' dir='ltr'>Gn.</span> <span class='ocrx_word' id='word_1_535' title='bbox 859 2829 912 2865; x_wconf 82' lang='lat' dir='ltr'>Qui</span> <span class='ocrx_word' id='word_1_536' title='bbox 932 2831 996 2856; x_wconf 83' lang='lat' dir='ltr'>iuris</span> <span class='ocrx_word' id='word_1_537' title='bbox 1015 2842 1044 2857; x_wconf 81' lang='lat' dir='ltr'>ac</span> <span class='ocrx_word' id='word_1_538' title='bbox 1063 2830 1097 2857; x_wconf 80' lang='lat' dir='ltr'>le.-</span> <span class='ocrx_word' id='word_1_539' title='bbox 1119 2822 1121 2839; x_wconf 53' lang='lat'><em>³</em></span> 
     </span>
    </p>
   </div>
   <div class='ocr_carea' id='block_1_5' title="bbox 798 2619 1122 2659">
    <p class='ocr_par' dir='ltr' id='par_1_14' title="bbox 798 2619 1122 2659">
     <span class='ocr_line' id='line_1_63' title="bbox 798 2619 1122 2659; baseline 0.006 -17"><span class='ocrx_word' id='word_1_540' title='bbox 798 2619 968 2644; x_wconf 71' lang='lat' dir='ltr'>Verborum</span> <span class='ocrx_word' id='word_1_541' title='bbox 988 2621 1099 2644; x_wconf 79' lang='lat' dir='ltr'>sulem·</span> <span class='ocrx_word' id='word_1_542' title='bbox 1121 2646 1122 2659; x_wconf 19' lang='grc' dir='ltr'>ἵ</span> 
     </span>
    </p>
   </div>
   <div class='ocr_carea' id='block_1_6' title="bbox 1126 725 1272 756">
    <p class='ocr_par' dir='ltr' id='par_1_15' title="bbox 1126 725 1272 756">
     <span class='ocr_line' id='line_1_64' title="bbox 1126 725 1272 756; baseline 0.007 -1"><span class='ocrx_word' id='word_1_543' title='bbox 1126 725 1128 731; x_wconf 70' lang='lat'><em>&#39;</em></span> <span class='ocrx_word' id='word_1_544' title='bbox 1151 729 1193 756; x_wconf 88' lang='lat'>111.</span> <span class='ocrx_word' id='word_1_545' title='bbox 1213 732 1272 756; x_wconf 77' lang='lat'>222.</span> 
     </span>
    </p>
   </div>
   <div class='ocr_carea' id='block_1_7' title="bbox 1120 269 1133 2903">
    <p class='ocr_par' dir='ltr' id='par_1_16' title="bbox 1120 269 1133 2903">
     <span class='ocr_line' id='line_1_65' title="bbox 1120 269 1133 2903; baseline 0 0"><span class='ocrx_word' id='word_1_546' title='bbox 1120 269 1133 2903; x_wconf 95' lang='lat' dir='ltr'> </span> 
     </span>
    </p>
   </div>
   <div class='ocr_carea' id='block_1_8' title="bbox 1084 173 1182 206">
    <p class='ocr_par' dir='ltr' id='par_1_17' title="bbox 1084 173 1182 206">
     <span class='ocr_line' id='line_1_66' title="bbox 1084 173 1182 206; baseline 0 -2"><span class='ocrx_word' id='word_1_547' title='bbox 1084 173 1182 206; x_wconf 79' lang='lat' dir='ltr'>FOR.</span> 
     </span>
    </p>
   </div>
   <div class='ocr_carea' id='block_1_9' title="bbox 1129 255 1998 294">
    <p class='ocr_par' dir='ltr' id='par_1_18' title="bbox 1129 255 1998 294">
     <span class='ocr_line' id='line_1_67' title="bbox 1129 255 1998 294; baseline 0.007 -13"><span class='ocrx_word' id='word_1_548' title='bbox 1129 260 1131 264; x_wconf 91' lang='grc'><strong>“</strong></span> <span class='ocrx_word' id='word_1_549' title='bbox 1153 266 1213 292; x_wconf 77' lang='lat' dir='ltr'>gum</span> <span class='ocrx_word' id='word_1_550' title='bbox 1231 255 1361 282; x_wconf 86' lang='lat' dir='ltr'>formulas</span> <span class='ocrx_word' id='word_1_551' title='bbox 1381 257 1506 293; x_wconf 79' lang='lat' dir='ltr'>pandant.</span> <span class='ocrx_word' id='word_1_552' title='bbox 1537 257 1586 285; x_wconf 87' lang='lat' dir='ltr'>Th.</span> <span class='ocrx_word' id='word_1_553' title='bbox 1608 258 1639 285; x_wconf 92' lang='lat' dir='ltr'>C.</span> <span class='ocrx_word' id='word_1_554' title='bbox 1660 258 1730 285; x_wconf 67' lang='lat' dir='ltr'>XIV.</span> <span class='ocrx_word' id='word_1_555' title='bbox 1751 261 1774 286; x_wconf 92' lang='lat'>9.</span> <span class='ocrx_word' id='word_1_556' title='bbox 1795 270 1816 286; x_wconf 87' lang='lat' dir='ltr'>c.</span> <span class='ocrx_word' id='word_1_557' title='bbox 1835 262 1859 287; x_wconf 84' lang='lat'>3.</span> <span class='ocrx_word' id='word_1_558' title='bbox 1879 261 1901 294; x_wconf 97' lang='lat'>5.</span> <span class='ocrx_word' id='word_1_559' title='bbox 1923 263 1944 287; x_wconf 91' lang='lat' dir='ltr'>l.</span> <span class='ocrx_word' id='word_1_560' title='bbox 1965 261 1998 287; x_wconf 78' lang='lat' dir='ltr'>de</span> 
     </span>
    </p>
   </div>
   <div class='ocr_carea' id='block_1_10' title="bbox 1150 298 1997 811">
    <p class='ocr_par' dir='ltr' id='par_1_19' title="bbox 1150 298 1997 811">
     <span class='ocr_line' id='line_1_68' title="bbox 1152 298 1997 339; baseline 0.007 -15"><span class='ocrx_word' id='word_1_561' title='bbox 1152 298 1222 325; x_wconf 86' lang='lat' dir='ltr'>stud.</span> <span class='ocrx_word' id='word_1_562' title='bbox 1244 299 1345 325; x_wconf 84' lang='lat' dir='ltr'>liberal.</span> <span class='ocrx_word' id='word_1_563' title='bbox 1366 299 1422 326; x_wconf 90' lang='lat' dir='ltr'>urb.</span> <span class='ocrx_word' id='word_1_564' title='bbox 1443 300 1474 327; x_wconf 72' lang='lat' dir='ltr'>lt.</span> <span class='ocrx_word' id='word_1_565' title='bbox 1512 300 1634 327; x_wconf 84' lang='lat' dir='ltr'>Formnla</span> <span class='ocrx_word' id='word_1_566' title='bbox 1654 302 1719 328; x_wconf 88' lang='lat' dir='ltr'>iuris</span> <span class='ocrx_word' id='word_1_567' title='bbox 1739 303 1848 339; x_wconf 78' lang='lat' dir='ltr'>antiqui,</span> <span class='ocrx_word' id='word_1_568' title='bbox 1867 309 1893 330; x_wconf 82' lang='lat' dir='ltr'>et</span> <span class='ocrx_word' id='word_1_569' title='bbox 1912 305 1997 330; x_wconf 91' lang='lat' dir='ltr'>inanis</span> 
     </span>
     <span class='ocr_line' id='line_1_69' title="bbox 1150 342 1997 378; baseline 0.005 -10"><span class='ocrx_word' id='word_1_570' title='bbox 1150 342 1294 369; x_wconf 71' lang='lat' dir='ltr'>verborum</span> <span class='ocrx_word' id='word_1_571' title='bbox 1313 344 1482 378; x_wconf 78' lang='lat' dir='ltr'>conquisitio.</span> <span class='ocrx_word' id='word_1_572' title='bbox 1503 343 1571 371; x_wconf 74' lang='lat' dir='ltr'>Nov.</span> <span class='ocrx_word' id='word_1_573' title='bbox 1591 344 1649 370; x_wconf 63' lang='lat' dir='ltr'>Yal.</span> <span class='ocrx_word' id='word_1_574' title='bbox 1669 344 1711 370; x_wconf 91' lang='grc'>111.</span> <span class='ocrx_word' id='word_1_575' title='bbox 1732 345 1764 371; x_wconf 81' lang='lat' dir='ltr'>de</span> <span class='ocrx_word' id='word_1_576' title='bbox 1783 350 1884 372; x_wconf 79' lang='lat' dir='ltr'>testam.</span> <span class='ocrx_word' id='word_1_577' title='bbox 1904 346 1934 373; x_wconf 90' lang='lat'>11.</span> <span class='ocrx_word' id='word_1_578' title='bbox 1954 349 1997 372; x_wconf 90' lang='lat'>21.</span> 
     </span>
     <span class='ocr_line' id='line_1_70' title="bbox 1152 385 1996 425; baseline 0.005 -14"><span class='ocrx_word' id='word_1_579' title='bbox 1152 396 1173 412; x_wconf 85' lang='lat' dir='ltr'>c.</span> <span class='ocrx_word' id='word_1_580' title='bbox 1201 387 1222 411; x_wconf 91' lang='lat' dir='ltr'>l.</span> <span class='ocrx_word' id='word_1_581' title='bbox 1246 395 1286 422; x_wconf 85' lang='lat' dir='ltr'>pr.</span> <span class='ocrx_word' id='word_1_582' title='bbox 1312 385 1375 411; x_wconf 87' lang='lat' dir='ltr'>lust.</span> <span class='ocrx_word' id='word_1_583' title='bbox 1403 386 1434 412; x_wconf 78' lang='lat' dir='ltr'>C.</span> <span class='ocrx_word' id='word_1_584' title='bbox 1459 397 1481 413; x_wconf 88' lang='lat' dir='ltr'>c.</span> <span class='ocrx_word' id='word_1_585' title='bbox 1508 389 1529 413; x_wconf 94' lang='lat'>1.</span> <span class='ocrx_word' id='word_1_586' title='bbox 1554 386 1587 413; x_wconf 85' lang='lat' dir='ltr'>dc</span> <span class='ocrx_word' id='word_1_587' title='bbox 1612 387 1715 413; x_wconf 82' lang='lat' dir='ltr'>formul.</span> <span class='ocrx_word' id='word_1_588' title='bbox 1741 392 1766 414; x_wconf 78' lang='lat' dir='ltr'>ct</span> <span class='ocrx_word' id='word_1_589' title='bbox 1789 389 1891 425; x_wconf 81' lang='lat' dir='ltr'>impetr.</span> <span class='ocrx_word' id='word_1_590' title='bbox 1910 391 1934 416; x_wconf 79' lang='lat'>2.</span> <span class='ocrx_word' id='word_1_591' title='bbox 1954 391 1996 417; x_wconf 82' lang='lat'>58.</span> 
     </span>
     <span class='ocr_line' id='line_1_71' title="bbox 1153 428 1995 467; baseline 0.005 -13"><span class='ocrx_word' id='word_1_592' title='bbox 1153 428 1291 455; x_wconf 72' lang='lat' dir='ltr'>formulae</span> <span class='ocrx_word' id='word_1_593' title='bbox 1309 428 1459 457; x_wconf 73' lang='lat' dir='ltr'>verborum.</span> <span class='ocrx_word' id='word_1_594' title='bbox 1480 434 1505 455; x_wconf 86' lang='lat' dir='ltr'>et</span> <span class='ocrx_word' id='word_1_595' title='bbox 1524 431 1720 467; x_wconf 65' lang='lat' dir='ltr'>conceptiones</span> <span class='ocrx_word' id='word_1_596' title='bbox 1744 430 1801 457; x_wconf 87' lang='lat' dir='ltr'>Gai.</span> <span class='ocrx_word' id='word_1_597' title='bbox 1822 430 1866 457; x_wconf 76' lang='lat' dir='ltr'>lv.</span> <span class='ocrx_word' id='word_1_598' title='bbox 1888 433 1945 458; x_wconf 85' lang='lat'>139.</span> <span class='ocrx_word' id='word_1_599' title='bbox 1965 431 1995 458; x_wconf 86' lang='lat' dir='ltr'>fr.</span> 
     </span>
     <span class='ocr_line' id='line_1_72' title="bbox 1150 470 1997 505; baseline 0.005 -8"><span class='ocrx_word' id='word_1_600' title='bbox 1150 474 1192 498; x_wconf 82' lang='grc'>47.</span> <span class='ocrx_word' id='word_1_601' title='bbox 1212 472 1234 505; x_wconf 96' lang='lat'>5.</span> <span class='ocrx_word' id='word_1_602' title='bbox 1256 473 1279 497; x_wconf 97' lang='lat' dir='ltr'>l.</span> <span class='ocrx_word' id='word_1_603' title='bbox 1300 470 1332 497; x_wconf 89' lang='lat' dir='ltr'>de</span> <span class='ocrx_word' id='word_1_604' title='bbox 1349 470 1377 497; x_wconf 66' lang='lat' dir='ltr'>N.</span> <span class='ocrx_word' id='word_1_605' title='bbox 1393 472 1425 498; x_wconf 89' lang='lat' dir='ltr'>G.</span> <span class='ocrx_word' id='word_1_606' title='bbox 1445 473 1470 498; x_wconf 90' lang='lat'>3.</span> <span class='ocrx_word' id='word_1_607' title='bbox 1490 474 1514 499; x_wconf 85' lang='lat'>5.</span> <span class='ocrx_word' id='word_1_608' title='bbox 1551 473 1646 499; x_wconf 88' lang='lat' dir='ltr'>Damni</span> <span class='ocrx_word' id='word_1_609' title='bbox 1667 473 1757 500; x_wconf 78' lang='lat' dir='ltr'>infecti</span> <span class='ocrx_word' id='word_1_610' title='bbox 1777 484 1809 500; x_wconf 81' lang='lat' dir='ltr'>ex</span> <span class='ocrx_word' id='word_1_611' title='bbox 1829 473 1939 501; x_wconf 87' lang='lat' dir='ltr'>formula</span> <span class='ocrx_word' id='word_1_612' title='bbox 1958 485 1997 501; x_wconf 82' lang='lat' dir='ltr'>re-</span> 
     </span>
     <span class='ocr_line' id='line_1_73' title="bbox 1150 514 1996 553; baseline 0.002 -12"><span class='ocrx_word' id='word_1_613' title='bbox 1150 514 1283 552; x_wconf 81' lang='lat' dir='ltr'>stipulari.</span> <span class='ocrx_word' id='word_1_614' title='bbox 1303 515 1402 540; x_wconf 78' lang='lat' dir='ltr'>satisve</span> <span class='ocrx_word' id='word_1_615' title='bbox 1422 516 1548 552; x_wconf 80' lang='lat' dir='ltr'>accipere.</span> <span class='ocrx_word' id='word_1_616' title='bbox 1568 515 1597 542; x_wconf 92' lang='lat' dir='ltr'>L.</span> <span class='ocrx_word' id='word_1_617' title='bbox 1613 516 1681 542; x_wconf 88' lang='lat' dir='ltr'>Gall.</span> <span class='ocrx_word' id='word_1_618' title='bbox 1696 516 1798 553; x_wconf 87' lang='lat' dir='ltr'>Cisalp.</span> <span class='ocrx_word' id='word_1_619' title='bbox 1819 516 1836 543; x_wconf 97' lang='lat'>1.</span> <span class='ocrx_word' id='word_1_620' title='bbox 1851 518 1874 543; x_wconf 82' lang='lat'>6.</span> <span class='ocrx_word' id='word_1_621' title='bbox 1895 527 1934 553; x_wconf 91' lang='lat' dir='ltr'>sq.</span> <span class='ocrx_word' id='word_1_622' title='bbox 1957 519 1996 543; x_wconf 89' lang='grc'>10.</span> 
     </span>
     <span class='ocr_line' id='line_1_74' title="bbox 1151 556 1997 594; baseline 0.004 -11"><span class='ocrx_word' id='word_1_623' title='bbox 1151 567 1190 594; x_wconf 88' lang='lat' dir='ltr'>sq.</span> <span class='ocrx_word' id='word_1_624' title='bbox 1212 559 1252 583; x_wconf 71' lang='lat'>18.</span> <span class='ocrx_word' id='word_1_625' title='bbox 1273 566 1312 593; x_wconf 89' lang='lat' dir='ltr'>sq.</span> <span class='ocrx_word' id='word_1_626' title='bbox 1352 556 1402 583; x_wconf 87' lang='lat' dir='ltr'>Per</span> <span class='ocrx_word' id='word_1_627' title='bbox 1421 557 1546 584; x_wconf 86' lang='lat' dir='ltr'>formulas</span> <span class='ocrx_word' id='word_1_628' title='bbox 1560 557 1670 594; x_wconf 81' lang='lat' dir='ltr'>litigare.</span> <span class='ocrx_word' id='word_1_629' title='bbox 1691 560 1747 586; x_wconf 88' lang='lat' dir='ltr'>Gai.</span> <span class='ocrx_word' id='word_1_630' title='bbox 1762 559 1806 586; x_wconf 85' lang='lat' dir='ltr'>lV.</span> <span class='ocrx_word' id='word_1_631' title='bbox 1819 561 1862 586; x_wconf 82' lang='lat'>30.</span> <span class='ocrx_word' id='word_1_632' title='bbox 1898 559 1941 585; x_wconf 84' lang='lat' dir='ltr'>Ad</span> <span class='ocrx_word' id='word_1_633' title='bbox 1959 561 1997 586; x_wconf 84' lang='lat' dir='ltr'>iu—</span> 
     </span>
     <span class='ocr_line' id='line_1_75' title="bbox 1151 600 1996 638; baseline 0.001 -11"><span class='ocrx_word' id='word_1_634' title='bbox 1151 600 1243 631; x_wconf 77' lang='lat' dir='ltr'>dicem.</span> <span class='ocrx_word' id='word_1_635' title='bbox 1263 605 1498 637; x_wconf 77' lang='lat' dir='ltr'>recuperatoresvc</span> <span class='ocrx_word' id='word_1_636' title='bbox 1518 602 1578 633; x_wconf 73' lang='lat' dir='ltr'>itur,</span> <span class='ocrx_word' id='word_1_637' title='bbox 1598 607 1623 627; x_wconf 88' lang='lat' dir='ltr'>et</span> <span class='ocrx_word' id='word_1_638' title='bbox 1637 602 1673 628; x_wconf 88' lang='lat' dir='ltr'>ibi</span> <span class='ocrx_word' id='word_1_639' title='bbox 1692 601 1769 628; x_wconf 82' lang='lat' dir='ltr'>editis</span> <span class='ocrx_word' id='word_1_640' title='bbox 1784 601 1905 628; x_wconf 84' lang='lat' dir='ltr'>formulis</span> <span class='ocrx_word' id='word_1_641' title='bbox 1919 612 1996 638; x_wconf 82' lang='lat' dir='ltr'>quae—</span> 
     </span>
     <span class='ocr_line' id='line_1_76' title="bbox 1150 642 1997 671; baseline 0.001 -1"><span class='ocrx_word' id='word_1_642' title='bbox 1150 645 1224 670; x_wconf 86' lang='lat' dir='ltr'>ritur.</span> <span class='ocrx_word' id='word_1_643' title='bbox 1246 642 1303 670; x_wconf 83' lang='lat' dir='ltr'>Gai.</span> <span class='ocrx_word' id='word_1_644' title='bbox 1324 642 1367 669; x_wconf 75' lang='lat' dir='ltr'>1V.</span> <span class='ocrx_word' id='word_1_645' title='bbox 1390 645 1447 670; x_wconf 79' lang='grc'>141.</span> <span class='ocrx_word' id='word_1_646' title='bbox 1468 643 1499 669; x_wconf 84' lang='lat' dir='ltr'>ct&#39;.</span> <span class='ocrx_word' id='word_1_647' title='bbox 1519 645 1560 670; x_wconf 79' lang='lat'>93.</span> <span class='ocrx_word' id='word_1_648' title='bbox 1582 644 1612 670; x_wconf 85' lang='lat' dir='ltr'>cf.</span> <span class='ocrx_word' id='word_1_649' title='bbox 1628 644 1697 671; x_wconf 61' lang='lat' dir='ltr'>Call.</span> <span class='ocrx_word' id='word_1_650' title='bbox 1712 644 1764 671; x_wconf 85' lang='lat' dir='ltr'>LL.</span> <span class='ocrx_word' id='word_1_651' title='bbox 1785 645 1818 671; x_wconf 78' lang='lat' dir='ltr'>M.</span> <span class='ocrx_word' id='word_1_652' title='bbox 1839 645 1868 671; x_wconf 93' lang='lat'>11.</span> <span class='ocrx_word' id='word_1_653' title='bbox 1884 646 1908 671; x_wconf 90' lang='lat'>6.</span> <span class='ocrx_word' id='word_1_654' title='bbox 1936 643 1997 671; x_wconf 75' lang='lat' dir='ltr'>Non</span> 
     </span>
     <span class='ocr_line' id='line_1_77' title="bbox 1151 685 1996 724; baseline 0.002 -12"><span class='ocrx_word' id='word_1_655' title='bbox 1151 687 1311 723; x_wconf 84' lang='lat' dir='ltr'>proponitur</span> <span class='ocrx_word' id='word_1_656' title='bbox 1330 685 1381 712; x_wconf 89' lang='lat' dir='ltr'>ulla</span> <span class='ocrx_word' id='word_1_657' title='bbox 1402 686 1522 718; x_wconf 87' lang='lat' dir='ltr'>formula,</span> <span class='ocrx_word' id='word_1_658' title='bbox 1541 697 1590 713; x_wconf 82' lang='lat' dir='ltr'>nec</span> <span class='ocrx_word' id='word_1_659' title='bbox 1604 691 1701 714; x_wconf 82' lang='lat' dir='ltr'>temere</span> <span class='ocrx_word' id='word_1_660' title='bbox 1719 689 1820 724; x_wconf 80' lang='lat' dir='ltr'>petenti</span> <span class='ocrx_word' id='word_1_661' title='bbox 1834 687 1917 714; x_wconf 86' lang='lat' dir='ltr'>datur.</span> <span class='ocrx_word' id='word_1_662' title='bbox 1939 687 1996 714; x_wconf 83' lang='lat' dir='ltr'>Gai.</span> 
     </span>
     <span class='ocr_line' id='line_1_78' title="bbox 1311 728 1996 766; baseline 0.003 -11"><span class='ocrx_word' id='word_1_663' title='bbox 1311 728 1458 756; x_wconf 70' lang='lat' dir='ltr'>formulae.</span> <span class='ocrx_word' id='word_1_664' title='bbox 1479 740 1546 766; x_wconf 87' lang='lat' dir='ltr'>qnae</span> <span class='ocrx_word' id='word_1_665' title='bbox 1565 729 1706 756; x_wconf 77' lang='lat' dir='ltr'>subtituto</span> <span class='ocrx_word' id='word_1_666' title='bbox 1726 731 1758 757; x_wconf 81' lang='lat' dir='ltr'>de</span> <span class='ocrx_word' id='word_1_667' title='bbox 1780 732 1806 757; x_wconf 91' lang='lat' dir='ltr'>in</span> <span class='ocrx_word' id='word_1_668' title='bbox 1822 732 1861 757; x_wconf 91' lang='lat' dir='ltr'>ius</span> <span class='ocrx_word' id='word_1_669' title='bbox 1875 730 1996 757; x_wconf 81' lang='lat' dir='ltr'>vocando</span> 
     </span>
     <span class='ocr_line' id='line_1_79' title="bbox 1150 772 1997 811; baseline 0.002 -13"><span class='ocrx_word' id='word_1_670' title='bbox 1150 774 1304 810; x_wconf 77' lang='lat' dir='ltr'>propositae</span> <span class='ocrx_word' id='word_1_671' title='bbox 1328 777 1397 798; x_wconf 87' lang='lat' dir='ltr'>sunt.</span> <span class='ocrx_word' id='word_1_672' title='bbox 1422 772 1459 798; x_wconf 82' lang='lat' dir='ltr'>lb.</span> <span class='ocrx_word' id='word_1_673' title='bbox 1485 772 1528 799; x_wconf 63' lang='lat' dir='ltr'>lv.</span> <span class='ocrx_word' id='word_1_674' title='bbox 1553 775 1594 799; x_wconf 84' lang='grc'>46.</span> <span class='ocrx_word' id='word_1_675' title='bbox 1632 772 1782 803; x_wconf 71' lang='lat' dir='ltr'>formulae.</span> <span class='ocrx_word' id='word_1_676' title='bbox 1804 774 1900 810; x_wconf 81' lang='lat' dir='ltr'>quihus</span> <span class='ocrx_word' id='word_1_677' title='bbox 1919 783 1997 811; x_wconf 82' lang='lat' dir='ltr'>pecu-</span> 
     </span>
    </p>
   </div>
   <div class='ocr_carea' id='block_1_11' title="bbox 1150 814 1995 890">
    <p class='ocr_par' dir='ltr' id='par_1_20' title="bbox 1150 814 1995 890">
     <span class='ocr_line' id='line_1_80' title="bbox 1150 814 1995 852; baseline 0.002 -11"><span class='ocrx_word' id='word_1_678' title='bbox 1150 817 1218 842; x_wconf 83' lang='lat' dir='ltr'>niam</span> <span class='ocrx_word' id='word_1_679' title='bbox 1238 832 1271 835; x_wconf 97' lang='lat'><strong>—</strong></span> <span class='ocrx_word' id='word_1_680' title='bbox 1290 814 1368 841; x_wconf 84' lang='lat' dir='ltr'>nobis</span> <span class='ocrx_word' id='word_1_681' title='bbox 1392 814 1454 841; x_wconf 81' lang='lat' dir='ltr'>dare</span> <span class='ocrx_word' id='word_1_682' title='bbox 1480 821 1604 852; x_wconf 80' lang='lat' dir='ltr'>oportere</span> <span class='ocrx_word' id='word_1_683' title='bbox 1628 816 1796 843; x_wconf 78' lang='lat' dir='ltr'>intendimus.</span> <span class='ocrx_word' id='word_1_684' title='bbox 1824 817 1862 843; x_wconf 92' lang='lat' dir='ltr'>lb.</span> <span class='ocrx_word' id='word_1_685' title='bbox 1882 816 1925 843; x_wconf 87' lang='lat' dir='ltr'>IV.</span> <span class='ocrx_word' id='word_1_686' title='bbox 1953 818 1995 843; x_wconf 81' lang='grc'>33.</span> 
     </span>
     <span class='ocr_line' id='line_1_81' title="bbox 1150 858 1995 890; baseline 0.001 -5"><span class='ocrx_word' id='word_1_687' title='bbox 1150 858 1182 885; x_wconf 87' lang='lat' dir='ltr'>cf.</span> <span class='ocrx_word' id='word_1_688' title='bbox 1202 860 1244 885; x_wconf 86' lang='lat'>50.</span> <span class='ocrx_word' id='word_1_689' title='bbox 1281 858 1431 885; x_wconf 85' lang='lat' dir='ltr'>Praescribi</span> <span class='ocrx_word' id='word_1_690' title='bbox 1451 858 1528 890; x_wconf 79' lang='lat' dir='ltr'>solet.</span> <span class='ocrx_word' id='word_1_691' title='bbox 1549 875 1580 878; x_wconf 97' lang='lat'><strong>—</strong></span> <span class='ocrx_word' id='word_1_692' title='bbox 1602 858 1697 885; x_wconf 81' lang='lat' dir='ltr'>deinde</span> <span class='ocrx_word' id='word_1_693' title='bbox 1717 859 1828 886; x_wconf 82' lang='lat' dir='ltr'>formula</span> <span class='ocrx_word' id='word_1_694' title='bbox 1848 859 1995 886; x_wconf 82' lang='lat' dir='ltr'>subiicitur.</span> 
     </span>
    </p>
   </div>
   <div class='ocr_carea' id='block_1_12' title="bbox 1145 900 1996 2354">
    <p class='ocr_par' dir='ltr' id='par_1_21' title="bbox 1148 900 1996 1323">
     <span class='ocr_line' id='line_1_82' title="bbox 1151 900 1995 929; baseline 0.002 -2"><span class='ocrx_word' id='word_1_695' title='bbox 1151 901 1187 928; x_wconf 89' lang='lat' dir='ltr'>lb.</span> <span class='ocrx_word' id='word_1_696' title='bbox 1208 901 1252 928; x_wconf 83' lang='lat' dir='ltr'>IV.</span> <span class='ocrx_word' id='word_1_697' title='bbox 1273 903 1331 928; x_wconf 82' lang='lat'>137.</span> <span class='ocrx_word' id='word_1_698' title='bbox 1352 900 1384 927; x_wconf 83' lang='lat' dir='ltr'>ef.</span> <span class='ocrx_word' id='word_1_699' title='bbox 1403 903 1446 928; x_wconf 85' lang='grc'>34.</span> <span class='ocrx_word' id='word_1_700' title='bbox 1466 903 1507 928; x_wconf 78' lang='lat'>60.</span> <span class='ocrx_word' id='word_1_701' title='bbox 1545 901 1636 928; x_wconf 77' lang='lat' dir='ltr'>Partes</span> <span class='ocrx_word' id='word_1_702' title='bbox 1660 901 1830 929; x_wconf 82' lang='lat' dir='ltr'>formularum</span> <span class='ocrx_word' id='word_1_703' title='bbox 1855 902 1903 929; x_wconf 82' lang='lat' dir='ltr'>hae</span> <span class='ocrx_word' id='word_1_704' title='bbox 1921 907 1995 929; x_wconf 89' lang='lat' dir='ltr'>sunt:</span> 
     </span>
     <span class='ocr_line' id='line_1_83' title="bbox 1150 944 1995 977; baseline 0.001 -6"><span class='ocrx_word' id='word_1_705' title='bbox 1150 944 1350 973; x_wconf 74' lang='lat' dir='ltr'>demonstratio,</span> <span class='ocrx_word' id='word_1_706' title='bbox 1369 944 1490 977; x_wconf 85' lang='lat' dir='ltr'>intentio,</span> <span class='ocrx_word' id='word_1_707' title='bbox 1503 944 1670 977; x_wconf 64' lang='lat' dir='ltr'>adiudicatm,</span> <span class='ocrx_word' id='word_1_708' title='bbox 1691 945 1882 972; x_wconf 76' lang='lat' dir='ltr'>condemnatio.</span> <span class='ocrx_word' id='word_1_709' title='bbox 1902 944 1995 972; x_wconf 81' lang='lat' dir='ltr'>1b.1V.</span> 
     </span>
     <span class='ocr_line' id='line_1_84' title="bbox 1149 986 1996 1023; baseline 0.001 -9"><span class='ocrx_word' id='word_1_710' title='bbox 1149 988 1191 1014; x_wconf 89' lang='lat'>39.</span> <span class='ocrx_word' id='word_1_711' title='bbox 1212 997 1271 1023; x_wconf 88' lang='lat' dir='ltr'>sqq.</span> <span class='ocrx_word' id='word_1_712' title='bbox 1310 986 1387 1013; x_wconf 74' lang='lat' dir='ltr'>Nulla</span> <span class='ocrx_word' id='word_1_713' title='bbox 1413 986 1524 1014; x_wconf 86' lang='lat' dir='ltr'>formula</span> <span class='ocrx_word' id='word_1_714' title='bbox 1547 987 1579 1014; x_wconf 89' lang='lat' dir='ltr'>ad</span> <span class='ocrx_word' id='word_1_715' title='bbox 1603 988 1780 1014; x_wconf 85' lang='lat' dir='ltr'>condictionis</span> <span class='ocrx_word' id='word_1_716' title='bbox 1799 989 1934 1015; x_wconf 84' lang='lat' dir='ltr'>fictionem</span> <span class='ocrx_word' id='word_1_717' title='bbox 1953 999 1996 1015; x_wconf 78' lang='lat' dir='ltr'>ex·</span> 
     </span>
     <span class='ocr_line' id='line_1_85' title="bbox 1150 1029 1995 1068; baseline 0.001 -12"><span class='ocrx_word' id='word_1_718' title='bbox 1150 1031 1280 1067; x_wconf 86' lang='lat' dir='ltr'>primitur.</span> <span class='ocrx_word' id='word_1_719' title='bbox 1306 1029 1343 1056; x_wconf 84' lang='lat' dir='ltr'>lb.</span> <span class='ocrx_word' id='word_1_720' title='bbox 1369 1030 1413 1058; x_wconf 78' lang='lat' dir='ltr'>IV.</span> <span class='ocrx_word' id='word_1_721' title='bbox 1439 1032 1481 1057; x_wconf 89' lang='lat'>33.</span> <span class='ocrx_word' id='word_1_722' title='bbox 1501 1030 1532 1057; x_wconf 81' lang='lat' dir='ltr'>cf.</span> <span class='ocrx_word' id='word_1_723' title='bbox 1552 1032 1594 1057; x_wconf 72' lang='lat'>34.</span> <span class='ocrx_word' id='word_1_724' title='bbox 1632 1030 1778 1063; x_wconf 70' lang='lat' dir='ltr'>Formulas.</span> <span class='ocrx_word' id='word_1_725' title='bbox 1799 1033 1825 1058; x_wconf 87' lang='lat' dir='ltr'>in</span> <span class='ocrx_word' id='word_1_726' title='bbox 1846 1032 1942 1068; x_wconf 87' lang='lat' dir='ltr'>quibus</span> <span class='ocrx_word' id='word_1_727' title='bbox 1962 1031 1995 1058; x_wconf 83' lang='lat' dir='ltr'>de</span> 
     </span>
     <span class='ocr_line' id='line_1_86' title="bbox 1150 1074 1996 1110; baseline 0 -10"><span class='ocrx_word' id='word_1_728' title='bbox 1150 1075 1207 1100; x_wconf 91' lang='lat' dir='ltr'>iure</span> <span class='ocrx_word' id='word_1_729' title='bbox 1227 1074 1375 1110; x_wconf 77' lang='lat' dir='ltr'>quaeritur,</span> <span class='ocrx_word' id='word_1_730' title='bbox 1395 1075 1421 1100; x_wconf 90' lang='lat' dir='ltr'>iu</span> <span class='ocrx_word' id='word_1_731' title='bbox 1440 1075 1481 1100; x_wconf 90' lang='lat' dir='ltr'>ius</span> <span class='ocrx_word' id='word_1_732' title='bbox 1501 1078 1643 1110; x_wconf 85' lang='lat' dir='ltr'>conceptas</span> <span class='ocrx_word' id='word_1_733' title='bbox 1663 1084 1796 1101; x_wconf 85' lang='lat' dir='ltr'>vocamus.</span> <span class='ocrx_word' id='word_1_734' title='bbox 1816 1090 1848 1094; x_wconf 90' lang='lat'>—</span> <span class='ocrx_word' id='word_1_735' title='bbox 1869 1074 1996 1101; x_wconf 78' lang='lat' dir='ltr'>Caeteras</span> 
     </span>
     <span class='ocr_line' id='line_1_87' title="bbox 1149 1116 1996 1154; baseline 0 -11"><span class='ocrx_word' id='word_1_736' title='bbox 1149 1127 1212 1143; x_wconf 77' lang='lat' dir='ltr'>vero</span> <span class='ocrx_word' id='word_1_737' title='bbox 1233 1117 1259 1142; x_wconf 89' lang='lat' dir='ltr'>in</span> <span class='ocrx_word' id='word_1_738' title='bbox 1278 1116 1375 1143; x_wconf 84' lang='lat' dir='ltr'>factum</span> <span class='ocrx_word' id='word_1_739' title='bbox 1395 1121 1537 1153; x_wconf 80' lang='lat' dir='ltr'>conceptas</span> <span class='ocrx_word' id='word_1_740' title='bbox 1557 1127 1689 1143; x_wconf 78' lang='lat' dir='ltr'>vocamus.</span> <span class='ocrx_word' id='word_1_741' title='bbox 1708 1117 1746 1143; x_wconf 87' lang='lat' dir='ltr'>lb.</span> <span class='ocrx_word' id='word_1_742' title='bbox 1766 1117 1810 1143; x_wconf 74' lang='lat' dir='ltr'>lv.</span> <span class='ocrx_word' id='word_1_743' title='bbox 1823 1120 1866 1144; x_wconf 81' lang='grc'>45.</span> <span class='ocrx_word' id='word_1_744' title='bbox 1879 1126 1938 1154; x_wconf 84' lang='lat' dir='ltr'>sqq.</span> <span class='ocrx_word' id='word_1_745' title='bbox 1966 1116 1996 1143; x_wconf 85' lang='lat' dir='ltr'>In</span> 
     </span>
     <span class='ocr_line' id='line_1_88' title="bbox 1149 1158 1996 1197; baseline 0 -11"><span class='ocrx_word' id='word_1_746' title='bbox 1149 1161 1258 1186; x_wconf 86' lang='lat' dir='ltr'>incertis</span> <span class='ocrx_word' id='word_1_747' title='bbox 1278 1159 1398 1186; x_wconf 85' lang='lat' dir='ltr'>formulis</span> <span class='ocrx_word' id='word_1_748' title='bbox 1418 1159 1479 1197; x_wconf 85' lang='lat' dir='ltr'>plus</span> <span class='ocrx_word' id='word_1_749' title='bbox 1498 1160 1553 1196; x_wconf 84' lang='lat' dir='ltr'>peti</span> <span class='ocrx_word' id='word_1_750' title='bbox 1572 1169 1625 1185; x_wconf 92' lang='lat' dir='ltr'>non</span> <span class='ocrx_word' id='word_1_751' title='bbox 1643 1169 1732 1196; x_wconf 81' lang='lat' dir='ltr'>posse.</span> <span class='ocrx_word' id='word_1_752' title='bbox 1751 1160 1788 1186; x_wconf 87' lang='lat' dir='ltr'>lb.</span> <span class='ocrx_word' id='word_1_753' title='bbox 1807 1159 1851 1186; x_wconf 80' lang='lat' dir='ltr'>IV.</span> <span class='ocrx_word' id='word_1_754' title='bbox 1870 1161 1912 1186; x_wconf 88' lang='grc'>54.</span> <span class='ocrx_word' id='word_1_755' title='bbox 1931 1158 1996 1186; x_wconf 89' lang='lat' dir='ltr'>Vul-</span> 
     </span>
     <span class='ocr_line' id='line_1_89' title="bbox 1149 1202 1995 1239; baseline 0 -10"><span class='ocrx_word' id='word_1_756' title='bbox 1149 1204 1217 1239; x_wconf 76' lang='lat' dir='ltr'>garis</span> <span class='ocrx_word' id='word_1_757' title='bbox 1242 1202 1353 1229; x_wconf 86' lang='lat' dir='ltr'>formula</span> <span class='ocrx_word' id='word_1_758' title='bbox 1377 1204 1404 1229; x_wconf 90' lang='lat' dir='ltr'>in</span> <span class='ocrx_word' id='word_1_759' title='bbox 1430 1202 1564 1229; x_wconf 86' lang='lat' dir='ltr'>dominum</span> <span class='ocrx_word' id='word_1_760' title='bbox 1589 1202 1674 1228; x_wconf 84' lang='lat' dir='ltr'>danda</span> <span class='ocrx_word' id='word_1_761' title='bbox 1697 1208 1745 1229; x_wconf 81' lang='lat' dir='ltr'>est.</span> <span class='ocrx_word' id='word_1_762' title='bbox 1774 1203 1804 1230; x_wconf 88' lang='lat' dir='ltr'>fr.</span> <span class='ocrx_word' id='word_1_763' title='bbox 1828 1204 1870 1228; x_wconf 72' lang='lat'>42.</span> <span class='ocrx_word' id='word_1_764' title='bbox 1895 1213 1935 1239; x_wconf 89' lang='lat' dir='ltr'>pr.</span> <span class='ocrx_word' id='word_1_765' title='bbox 1962 1202 1995 1229; x_wconf 90' lang='lat' dir='ltr'>de</span> 
     </span>
     <span class='ocr_line' id='line_1_90' title="bbox 1148 1244 1994 1283; baseline 0 -11"><span class='ocrx_word' id='word_1_766' title='bbox 1148 1246 1208 1273; x_wconf 84' lang='lat' dir='ltr'>furt.</span> <span class='ocrx_word' id='word_1_767' title='bbox 1229 1248 1270 1273; x_wconf 78' lang='grc'>47.</span> <span class='ocrx_word' id='word_1_768' title='bbox 1289 1248 1314 1272; x_wconf 81' lang='lat'>2.</span> <span class='ocrx_word' id='word_1_769' title='bbox 1352 1246 1470 1283; x_wconf 85' lang='lat' dir='ltr'>Iniquam</span> <span class='ocrx_word' id='word_1_770' title='bbox 1494 1244 1632 1271; x_wconf 80' lang='lat' dir='ltr'>formulam</span> <span class='ocrx_word' id='word_1_771' title='bbox 1655 1247 1782 1283; x_wconf 79' lang='lat' dir='ltr'>accipere.</span> <span class='ocrx_word' id='word_1_772' title='bbox 1805 1246 1862 1273; x_wconf 82' lang='lat' dir='ltr'>Gai.</span> <span class='ocrx_word' id='word_1_773' title='bbox 1887 1245 1932 1272; x_wconf 89' lang='lat' dir='ltr'>IV.</span> <span class='ocrx_word' id='word_1_774' title='bbox 1951 1247 1994 1272; x_wconf 85' lang='lat'>57.</span> 
     </span>
     <span class='ocr_line' id='line_1_91' title="bbox 1149 1287 1876 1323; baseline 0 -8"><span class='ocrx_word' id='word_1_775' title='bbox 1149 1289 1261 1316; x_wconf 88' lang='lat' dir='ltr'>Fabiana</span> <span class='ocrx_word' id='word_1_776' title='bbox 1281 1288 1393 1315; x_wconf 90' lang='lat' dir='ltr'>formula</span> <span class='ocrx_word' id='word_1_777' title='bbox 1412 1304 1445 1308; x_wconf 90' lang='lat'>—</span> <span class='ocrx_word' id='word_1_778' title='bbox 1465 1289 1592 1315; x_wconf 80' lang='lat' dir='ltr'>revocari.</span> <span class='ocrx_word' id='word_1_779' title='bbox 1611 1287 1684 1314; x_wconf 87' lang='lat' dir='ltr'>Paul.</span> <span class='ocrx_word' id='word_1_780' title='bbox 1704 1288 1746 1314; x_wconf 66' lang='lat'>111¹.</span> <span class='ocrx_word' id='word_1_781' title='bbox 1765 1290 1790 1315; x_wconf 80' lang='lat'>3.</span> <span class='ocrx_word' id='word_1_782' title='bbox 1810 1289 1832 1323; x_wconf 88' lang='lat'>5.</span> <span class='ocrx_word' id='word_1_783' title='bbox 1854 1290 1876 1315; x_wconf 97' lang='lat' dir='ltr'>l.</span> 
     </span>
    </p>

    <p class='ocr_par' dir='ltr' id='par_1_22' title="bbox 1147 1330 1994 1498">
     <span class='ocr_line' id='line_1_92' title="bbox 1184 1330 1993 1367; baseline -0.002 -7"><span class='ocrx_word' id='word_1_784' title='bbox 1184 1333 1456 1360; x_wconf 77' lang='lat' dir='ltr'>Fornaearius.</span> <span class='ocrx_word' id='word_1_785' title='bbox 1494 1330 1624 1364; x_wconf 77' lang='lat' dir='ltr'>(Adiect.)</span> <span class='ocrx_word' id='word_1_786' title='bbox 1662 1333 1710 1357; x_wconf 76' lang='lat' dir='ltr'>Ad</span> <span class='ocrx_word' id='word_1_787' title='bbox 1726 1333 1899 1367; x_wconf 80' lang='lat' dir='ltr'>fornacem</span> <span class='ocrx_word' id='word_1_788' title='bbox 1918 1341 1993 1366; x_wconf 78' lang='lat' dir='ltr'>per-</span> 
     </span>
     <span class='ocr_line' id='line_1_93' title="bbox 1147 1374 1994 1408; baseline 0 -7"><span class='ocrx_word' id='word_1_789' title='bbox 1147 1377 1264 1402; x_wconf 77' lang='lat' dir='ltr'>tinens.</span> <span class='ocrx_word' id='word_1_790' title='bbox 1284 1374 1326 1401; x_wconf 89' lang='lat'>111.</span> <span class='ocrx_word' id='word_1_791' title='bbox 1340 1377 1405 1403; x_wconf 75' lang='lat' dir='ltr'>Cn.</span> <span class='ocrx_word' id='word_1_792' title='bbox 1418 1374 1447 1401; x_wconf 89' lang='lat' dir='ltr'>Si</span> <span class='ocrx_word' id='word_1_793' title='bbox 1465 1374 1628 1401; x_wconf 82' lang='lat' dir='ltr'>fornacarius</span> <span class='ocrx_word' id='word_1_794' title='bbox 1648 1374 1692 1407; x_wconf 91' lang='lat' dir='ltr'>[al.</span> <span class='ocrx_word' id='word_1_795' title='bbox 1712 1374 1880 1408; x_wconf 86' lang='lat' dir='ltr'>fornicarius]</span> <span class='ocrx_word' id='word_1_796' title='bbox 1900 1384 1994 1401; x_wconf 74' lang='lat' dir='ltr'>servus</span> 
     </span>
     <span class='ocr_line' id='line_1_94' title="bbox 1148 1416 1994 1451; baseline 0 -7"><span class='ocrx_word' id='word_1_797' title='bbox 1148 1417 1236 1444; x_wconf 91' lang='lat' dir='ltr'>coloni</span> <span class='ocrx_word' id='word_1_798' title='bbox 1255 1418 1287 1445; x_wconf 87' lang='lat' dir='ltr'>ad</span> <span class='ocrx_word' id='word_1_799' title='bbox 1307 1418 1439 1445; x_wconf 80' lang='lat' dir='ltr'>fornacem</span> <span class='ocrx_word' id='word_1_800' title='bbox 1463 1417 1677 1444; x_wconf 79' lang='lat' dir='ltr'>obdormivisset.</span> <span class='ocrx_word' id='word_1_801' title='bbox 1702 1416 1732 1444; x_wconf 83' lang='lat' dir='ltr'>fr.</span> <span class='ocrx_word' id='word_1_802' title='bbox 1751 1419 1793 1444; x_wconf 80' lang='lat'>27.</span> <span class='ocrx_word' id='word_1_803' title='bbox 1818 1417 1839 1451; x_wconf 83' lang='lat'>5.</span> <span class='ocrx_word' id='word_1_804' title='bbox 1860 1419 1884 1444; x_wconf 88' lang='lat'>9.</span> <span class='ocrx_word' id='word_1_805' title='bbox 1912 1417 1944 1444; x_wconf 86' lang='lat' dir='ltr'>ad</span> <span class='ocrx_word' id='word_1_806' title='bbox 1963 1416 1994 1444; x_wconf 88' lang='lat' dir='ltr'>L.</span> 
     </span>
     <span class='ocr_line' id='line_1_95' title="bbox 1147 1461 1305 1498; baseline 0.006 -11"><span class='ocrx_word' id='word_1_807' title='bbox 1147 1461 1216 1498; x_wconf 79' lang='lat' dir='ltr'>Aqu.</span> <span class='ocrx_word' id='word_1_808' title='bbox 1237 1462 1261 1488; x_wconf 88' lang='grc'>9.</span> <span class='ocrx_word' id='word_1_809' title='bbox 1280 1463 1305 1488; x_wconf 78' lang='lat'>2.</span> 
     </span>
    </p>

    <p class='ocr_par' dir='ltr' id='par_1_23' title="bbox 1146 1505 1994 1669">
     <span class='ocr_line' id='line_1_96' title="bbox 1183 1505 1994 1539; baseline -0.001 -8"><span class='ocrx_word' id='word_1_810' title='bbox 1183 1506 1433 1531; x_wconf 68' lang='lat' dir='ltr'>Fon-natator.</span> <span class='ocrx_word' id='word_1_811' title='bbox 1479 1505 1543 1537; x_wconf 78' lang='lat' dir='ltr'>Qui</span> <span class='ocrx_word' id='word_1_812' title='bbox 1565 1505 1738 1539; x_wconf 77' lang='lat' dir='ltr'>fornacem</span> <span class='ocrx_word' id='word_1_813' title='bbox 1767 1505 1937 1530; x_wconf 66' lang='lat' dir='ltr'>succendit</span> <span class='ocrx_word' id='word_1_814' title='bbox 1964 1510 1994 1530; x_wconf 82' lang='lat' dir='ltr'>et</span> 
     </span>
     <span class='ocr_line' id='line_1_97' title="bbox 1147 1545 1991 1582; baseline -0.001 -9"><span class='ocrx_word' id='word_1_815' title='bbox 1147 1549 1301 1574; x_wconf 75' lang='lat' dir='ltr'>custodit.</span> <span class='ocrx_word' id='word_1_816' title='bbox 1339 1547 1381 1573; x_wconf 92' lang='lat' dir='ltr'>III.</span> <span class='ocrx_word' id='word_1_817' title='bbox 1404 1548 1470 1574; x_wconf 67' lang='lat' dir='ltr'>Cn.</span> <span class='ocrx_word' id='word_1_818' title='bbox 1494 1546 1672 1573; x_wconf 84' lang='lat' dir='ltr'>Instrumento</span> <span class='ocrx_word' id='word_1_819' title='bbox 1692 1545 1825 1572; x_wconf 84' lang='lat' dir='ltr'>balneario</span> <span class='ocrx_word' id='word_1_820' title='bbox 1844 1546 1939 1582; x_wconf 78' lang='lat' dir='ltr'>legato.</span> <span class='ocrx_word' id='word_1_821' title='bbox 1960 1563 1991 1566; x_wconf 97' lang='lat'><strong>—</strong></span> 
     </span>
     <span class='ocr_line' id='line_1_98' title="bbox 1147 1588 1991 1623; baseline -0.001 -7"><span class='ocrx_word' id='word_1_822' title='bbox 1147 1591 1298 1617; x_wconf 86' lang='lat' dir='ltr'>continetur</span> <span class='ocrx_word' id='word_1_823' title='bbox 1317 1594 1343 1616; x_wconf 87' lang='lat' dir='ltr'>et</span> <span class='ocrx_word' id='word_1_824' title='bbox 1361 1589 1518 1616; x_wconf 80' lang='lat' dir='ltr'>fornacator.</span> <span class='ocrx_word' id='word_1_825' title='bbox 1545 1589 1574 1616; x_wconf 86' lang='lat' dir='ltr'>fr.</span> <span class='ocrx_word' id='word_1_826' title='bbox 1596 1591 1635 1615; x_wconf 75' lang='lat'>13.</span> <span class='ocrx_word' id='word_1_827' title='bbox 1661 1589 1728 1623; x_wconf 92' lang='lat'>5.1.</span> <span class='ocrx_word' id='word_1_828' title='bbox 1753 1589 1783 1616; x_wconf 87' lang='lat' dir='ltr'>fr.</span> <span class='ocrx_word' id='word_1_829' title='bbox 1805 1591 1844 1615; x_wconf 84' lang='grc'>14.</span> <span class='ocrx_word' id='word_1_830' title='bbox 1864 1588 1897 1615; x_wconf 84' lang='lat' dir='ltr'>de.</span> <span class='ocrx_word' id='word_1_831' title='bbox 1915 1590 1991 1615; x_wconf 87' lang='lat' dir='ltr'>instr.</span> 
     </span>
     <span class='ocr_line' id='line_1_99' title="bbox 1146 1633 1303 1669; baseline 0 -10"><span class='ocrx_word' id='word_1_832' title='bbox 1146 1633 1198 1669; x_wconf 80' lang='lat' dir='ltr'>leg.</span> <span class='ocrx_word' id='word_1_833' title='bbox 1216 1634 1259 1659; x_wconf 83' lang='lat'>33.</span> <span class='ocrx_word' id='word_1_834' title='bbox 1280 1634 1303 1659; x_wconf 80' lang='lat'>7.</span> 
     </span>
    </p>

    <p class='ocr_par' dir='ltr' id='par_1_24' title="bbox 1146 1674 1993 1880">
     <span class='ocr_line' id='line_1_100' title="bbox 1181 1674 1993 1710; baseline -0.002 -8"><span class='ocrx_word' id='word_1_835' title='bbox 1181 1677 1347 1702; x_wconf 78' lang='lat' dir='ltr'>Fornax.</span> <span class='ocrx_word' id='word_1_836' title='bbox 1385 1677 1547 1702; x_wconf 69' lang='lat' dir='ltr'>Cominus.</span> <span class='ocrx_word' id='word_1_837' title='bbox 1586 1675 1628 1701; x_wconf 93' lang='grc'>111.</span> <span class='ocrx_word' id='word_1_838' title='bbox 1659 1676 1724 1702; x_wconf 74' lang='lat' dir='ltr'>Cn.</span> <span class='ocrx_word' id='word_1_839' title='bbox 1761 1674 1791 1700; x_wconf 86' lang='lat' dir='ltr'>Si</span> <span class='ocrx_word' id='word_1_840' title='bbox 1814 1674 1881 1701; x_wconf 85' lang='lat' dir='ltr'>alius</span> <span class='ocrx_word' id='word_1_841' title='bbox 1906 1675 1993 1710; x_wconf 78' lang='lat' dir='ltr'>iguem</span> 
     </span>
     <span class='ocr_line' id='line_1_101' title="bbox 1146 1717 1992 1754; baseline -0.001 -10"><span class='ocrx_word' id='word_1_842' title='bbox 1146 1718 1290 1744; x_wconf 87' lang='lat' dir='ltr'>subiecerit</span> <span class='ocrx_word' id='word_1_843' title='bbox 1309 1718 1416 1750; x_wconf 72' lang='lat' dir='ltr'>fornaci,</span> <span class='ocrx_word' id='word_1_844' title='bbox 1436 1717 1503 1744; x_wconf 84' lang='lat' dir='ltr'>alius</span> <span class='ocrx_word' id='word_1_845' title='bbox 1528 1718 1690 1754; x_wconf 72' lang='lat' dir='ltr'>negligenter</span> <span class='ocrx_word' id='word_1_846' title='bbox 1709 1717 1872 1744; x_wconf 86' lang='lat' dir='ltr'>custodierit.</span> <span class='ocrx_word' id='word_1_847' title='bbox 1900 1717 1929 1744; x_wconf 84' lang='lat' dir='ltr'>fr.</span> <span class='ocrx_word' id='word_1_848' title='bbox 1949 1719 1992 1744; x_wconf 77' lang='lat'>27.</span> 
     </span>
     <span class='ocr_line' id='line_1_102' title="bbox 1146 1760 1993 1798; baseline -0.001 -11"><span class='ocrx_word' id='word_1_849' title='bbox 1146 1762 1167 1795; x_wconf 86' lang='lat'>5.</span> <span class='ocrx_word' id='word_1_850' title='bbox 1188 1762 1212 1787; x_wconf 86' lang='lat'>9.</span> <span class='ocrx_word' id='word_1_851' title='bbox 1232 1760 1264 1787; x_wconf 86' lang='lat' dir='ltr'>ad</span> <span class='ocrx_word' id='word_1_852' title='bbox 1283 1760 1313 1787; x_wconf 89' lang='lat' dir='ltr'>L.</span> <span class='ocrx_word' id='word_1_853' title='bbox 1333 1761 1403 1798; x_wconf 86' lang='lat' dir='ltr'>Aqu.</span> <span class='ocrx_word' id='word_1_854' title='bbox 1423 1762 1446 1788; x_wconf 85' lang='lat'>9.</span> <span class='ocrx_word' id='word_1_855' title='bbox 1465 1763 1490 1787; x_wconf 83' lang='lat'>2.</span> <span class='ocrx_word' id='word_1_856' title='bbox 1528 1761 1570 1787; x_wconf 85' lang='lat' dir='ltr'>Ad</span> <span class='ocrx_word' id='word_1_857' title='bbox 1586 1761 1757 1787; x_wconf 83' lang='lat' dir='ltr'>refectionem</span> <span class='ocrx_word' id='word_1_858' title='bbox 1776 1760 1899 1787; x_wconf 75' lang='lat' dir='ltr'>fornacis.</span> <span class='ocrx_word' id='word_1_859' title='bbox 1918 1760 1993 1786; x_wconf 85' lang='lat' dir='ltr'>fistu-</span> 
     </span>
     <span class='ocr_line' id='line_1_103' title="bbox 1146 1803 1991 1840; baseline -0.001 -10"><span class='ocrx_word' id='word_1_860' title='bbox 1146 1804 1238 1836; x_wconf 70' lang='lat' dir='ltr'>larum,</span> <span class='ocrx_word' id='word_1_861' title='bbox 1257 1803 1436 1840; x_wconf 85' lang='lat' dir='ltr'>similiumque</span> <span class='ocrx_word' id='word_1_862' title='bbox 1455 1814 1542 1830; x_wconf 89' lang='lat' dir='ltr'>rcrum</span> <span class='ocrx_word' id='word_1_863' title='bbox 1561 1804 1605 1837; x_wconf 86' lang='lat' dir='ltr'>(C.</span> <span class='ocrx_word' id='word_1_864' title='bbox 1620 1805 1718 1831; x_wconf 88' lang='lat' dir='ltr'>nummi</span> <span class='ocrx_word' id='word_1_865' title='bbox 1732 1808 1760 1830; x_wconf 87' lang='lat' dir='ltr'>ut</span> <span class='ocrx_word' id='word_1_866' title='bbox 1773 1804 1991 1840; x_wconf 80' lang='lat' dir='ltr'>praestarentur.)</span> 
     </span>
     <span class='ocr_line' id='line_1_104' title="bbox 1146 1846 1527 1880; baseline 0 -7"><span class='ocrx_word' id='word_1_867' title='bbox 1146 1847 1177 1874; x_wconf 87' lang='lat' dir='ltr'>fr.</span> <span class='ocrx_word' id='word_1_868' title='bbox 1197 1848 1239 1873; x_wconf 83' lang='lat'>58.</span> <span class='ocrx_word' id='word_1_869' title='bbox 1259 1846 1281 1880; x_wconf 85' lang='lat'>5.</span> <span class='ocrx_word' id='word_1_870' title='bbox 1301 1849 1326 1873; x_wconf 88' lang='lat'>2.</span> <span class='ocrx_word' id='word_1_871' title='bbox 1346 1846 1422 1874; x_wconf 84' lang='lat' dir='ltr'>locat.</span> <span class='ocrx_word' id='word_1_872' title='bbox 1444 1848 1484 1873; x_wconf 88' lang='lat'>19.</span> <span class='ocrx_word' id='word_1_873' title='bbox 1503 1849 1527 1873; x_wconf 82' lang='lat'>2.</span> 
     </span>
    </p>

    <p class='ocr_par' dir='ltr' id='par_1_25' title="bbox 1182 1888 1975 1921">
     <span class='ocr_line' id='line_1_105' title="bbox 1182 1888 1975 1921; baseline -0.003 -4"><span class='ocrx_word' id='word_1_874' title='bbox 1182 1890 1442 1917; x_wconf 81' lang='lat' dir='ltr'>Fornicarius.</span> <span class='ocrx_word' id='word_1_875' title='bbox 1463 1889 1505 1916; x_wconf 87' lang='lat' dir='ltr'>Cf.</span> <span class='ocrx_word' id='word_1_876' title='bbox 1525 1899 1550 1916; x_wconf 84' lang='lat' dir='ltr'>v.</span> <span class='ocrx_word' id='word_1_877' title='bbox 1570 1888 1728 1921; x_wconf 76' lang='lat' dir='ltr'>Foricarius.</span> <span class='ocrx_word' id='word_1_878' title='bbox 1747 1899 1772 1916; x_wconf 78' lang='lat' dir='ltr'>v.</span> <span class='ocrx_word' id='word_1_879' title='bbox 1792 1888 1975 1916; x_wconf 82' lang='lat' dir='ltr'>Fornacarius.</span> 
     </span>
    </p>

    <p class='ocr_par' dir='ltr' id='par_1_26' title="bbox 1145 1932 1989 2354">
     <span class='ocr_line' id='line_1_106' title="bbox 1181 1932 1989 1964; baseline -0.002 -4"><span class='ocrx_word' id='word_1_880' title='bbox 1181 1934 1343 1964; x_wconf 80' lang='lat' dir='ltr'>Forsan,</span> <span class='ocrx_word' id='word_1_881' title='bbox 1359 1942 1380 1959; x_wconf 88' lang='lat' dir='ltr'>s.</span> <span class='ocrx_word' id='word_1_882' title='bbox 1395 1933 1586 1960; x_wconf 78' lang='lat' dir='ltr'>Forsitan.</span> <span class='ocrx_word' id='word_1_883' title='bbox 1619 1934 1811 1963; x_wconf 76' lang='lat' dir='ltr'>Fortasse,</span> <span class='ocrx_word' id='word_1_884' title='bbox 1826 1942 1847 1958; x_wconf 90' lang='lat' dir='ltr'>s.</span> <span class='ocrx_word' id='word_1_885' title='bbox 1861 1932 1989 1959; x_wconf 79' lang='lat' dir='ltr'>Forte.</span> 
     </span>
     <span class='ocr_line' id='line_1_107' title="bbox 1146 1973 1989 2012; baseline -0.002 -10"><span class='ocrx_word' id='word_1_886' title='bbox 1146 1975 1260 2009; x_wconf 86' lang='lat' dir='ltr'>(Advb.)</span> <span class='ocrx_word' id='word_1_887' title='bbox 1297 1976 1328 2009; x_wconf 61' lang='grc' dir='ltr'>ς.</span> <span class='ocrx_word' id='word_1_888' title='bbox 1348 1976 1384 2001; x_wconf 91' lang='lat'>1.</span> <span class='ocrx_word' id='word_1_889' title='bbox 1416 1977 1553 2002; x_wconf 83' lang='lat' dir='ltr'>Fereute</span> <span class='ocrx_word' id='word_1_890' title='bbox 1566 1977 1720 2012; x_wconf 75' lang='lat' dir='ltr'>fortuna.</span> <span class='ocrx_word' id='word_1_891' title='bbox 1756 1974 1799 2001; x_wconf 83' lang='lat'>111.</span> <span class='ocrx_word' id='word_1_892' title='bbox 1824 1976 1889 2002; x_wconf 71' lang='lat' dir='ltr'>Gn.</span> <span class='ocrx_word' id='word_1_893' title='bbox 1914 1973 1989 2009; x_wconf 82' lang='lat' dir='ltr'>Quae</span> 
     </span>
     <span class='ocr_line' id='line_1_108' title="bbox 1146 2016 1987 2054; baseline -0.002 -9"><span class='ocrx_word' id='word_1_894' title='bbox 1146 2018 1214 2045; x_wconf 79' lang='lat' dir='ltr'>forte</span> <span class='ocrx_word' id='word_1_895' title='bbox 1233 2028 1285 2045; x_wconf 91' lang='lat' dir='ltr'>uno</span> <span class='ocrx_word' id='word_1_896' title='bbox 1305 2017 1393 2054; x_wconf 82' lang='lat' dir='ltr'>aliquo</span> <span class='ocrx_word' id='word_1_897' title='bbox 1413 2028 1476 2044; x_wconf 88' lang='lat' dir='ltr'>casu</span> <span class='ocrx_word' id='word_1_898' title='bbox 1494 2017 1614 2045; x_wconf 82' lang='lat' dir='ltr'>accidere</span> <span class='ocrx_word' id='word_1_899' title='bbox 1636 2022 1758 2054; x_wconf 86' lang='lat' dir='ltr'>possunt.</span> <span class='ocrx_word' id='word_1_900' title='bbox 1784 2016 1814 2043; x_wconf 88' lang='lat' dir='ltr'>fr.</span> <span class='ocrx_word' id='word_1_901' title='bbox 1835 2018 1859 2043; x_wconf 89' lang='grc'>4.</span> <span class='ocrx_word' id='word_1_902' title='bbox 1883 2016 1916 2043; x_wconf 86' lang='lat' dir='ltr'>de</span> <span class='ocrx_word' id='word_1_903' title='bbox 1934 2016 1987 2043; x_wconf 87' lang='lat' dir='ltr'>LL.</span> 
     </span>
     <span class='ocr_line' id='line_1_109' title="bbox 1147 2059 1987 2097; baseline -0.001 -10"><span class='ocrx_word' id='word_1_904' title='bbox 1147 2063 1170 2087; x_wconf 95' lang='lat' dir='ltr'>l.</span> <span class='ocrx_word' id='word_1_905' title='bbox 1189 2062 1214 2087; x_wconf 83' lang='lat'>3.</span> <span class='ocrx_word' id='word_1_906' title='bbox 1252 2061 1385 2097; x_wconf 83' lang='lat' dir='ltr'>Quotiens</span> <span class='ocrx_word' id='word_1_907' title='bbox 1409 2061 1472 2097; x_wconf 91' lang='lat' dir='ltr'>quid</span> <span class='ocrx_word' id='word_1_908' title='bbox 1496 2065 1587 2087; x_wconf 82' lang='lat' dir='ltr'>contra</span> <span class='ocrx_word' id='word_1_909' title='bbox 1610 2065 1728 2086; x_wconf 88' lang='lat' dir='ltr'>naturam</span> <span class='ocrx_word' id='word_1_910' title='bbox 1747 2061 1877 2091; x_wconf 85' lang='lat' dir='ltr'>nascitur,</span> <span class='ocrx_word' id='word_1_911' title='bbox 1901 2059 1987 2086; x_wconf 85' lang='lat' dir='ltr'>tribus</span> 
     </span>
     <span class='ocr_line' id='line_1_110' title="bbox 1146 2101 1986 2140; baseline -0.002 -10"><span class='ocrx_word' id='word_1_912' title='bbox 1146 2104 1266 2130; x_wconf 87' lang='lat' dir='ltr'>manibus</span> <span class='ocrx_word' id='word_1_913' title='bbox 1286 2103 1369 2134; x_wconf 78' lang='lat' dir='ltr'>forte,</span> <span class='ocrx_word' id='word_1_914' title='bbox 1393 2108 1437 2129; x_wconf 78' lang='lat' dir='ltr'>aut</span> <span class='ocrx_word' id='word_1_915' title='bbox 1459 2103 1581 2140; x_wconf 83' lang='lat' dir='ltr'>pedibus.</span> <span class='ocrx_word' id='word_1_916' title='bbox 1606 2102 1636 2129; x_wconf 83' lang='lat' dir='ltr'>fr.</span> <span class='ocrx_word' id='word_1_917' title='bbox 1655 2104 1698 2129; x_wconf 65' lang='lat'>36.</span> <span class='ocrx_word' id='word_1_918' title='bbox 1723 2101 1755 2129; x_wconf 84' lang='lat' dir='ltr'>de</span> <span class='ocrx_word' id='word_1_919' title='bbox 1776 2102 1805 2128; x_wconf 88' lang='lat' dir='ltr'>V.</span> <span class='ocrx_word' id='word_1_920' title='bbox 1827 2102 1855 2129; x_wconf 91' lang='lat' dir='ltr'>S.</span> <span class='ocrx_word' id='word_1_921' title='bbox 1879 2104 1921 2129; x_wconf 82' lang='lat'>50.</span> <span class='ocrx_word' id='word_1_922' title='bbox 1946 2104 1986 2129; x_wconf 86' lang='lat'>16.</span> 
     </span>
     <span class='ocr_line' id='line_1_111' title="bbox 1146 2145 1986 2179; baseline -0.001 -7"><span class='ocrx_word' id='word_1_923' title='bbox 1146 2145 1205 2173; x_wconf 70' lang='lat' dir='ltr'>Nisi</span> <span class='ocrx_word' id='word_1_924' title='bbox 1224 2146 1291 2172; x_wconf 88' lang='lat' dir='ltr'>forte</span> <span class='ocrx_word' id='word_1_925' title='bbox 1309 2146 1418 2172; x_wconf 86' lang='lat' dir='ltr'>morbus</span> <span class='ocrx_word' id='word_1_926' title='bbox 1438 2151 1482 2172; x_wconf 86' lang='lat' dir='ltr'>aut</span> <span class='ocrx_word' id='word_1_927' title='bbox 1499 2145 1623 2172; x_wconf 79' lang='lat' dir='ltr'>valetudo</span> <span class='ocrx_word' id='word_1_928' title='bbox 1642 2146 1668 2172; x_wconf 88' lang='lat' dir='ltr'>in</span> <span class='ocrx_word' id='word_1_929' title='bbox 1688 2155 1765 2171; x_wconf 88' lang='lat' dir='ltr'>causa</span> <span class='ocrx_word' id='word_1_930' title='bbox 1785 2146 1827 2171; x_wconf 91' lang='lat' dir='ltr'>sit.</span> <span class='ocrx_word' id='word_1_931' title='bbox 1852 2145 1882 2172; x_wconf 84' lang='lat' dir='ltr'>fr.</span> <span class='ocrx_word' id='word_1_932' title='bbox 1904 2147 1944 2172; x_wconf 84' lang='lat'>15.</span> <span class='ocrx_word' id='word_1_933' title='bbox 1964 2146 1986 2179; x_wconf 89' lang='lat'>5.</span> 
     </span>
     <span class='ocr_line' id='line_1_112' title="bbox 1145 2188 1986 2226; baseline 0 -11"><span class='ocrx_word' id='word_1_934' title='bbox 1145 2192 1169 2215; x_wconf 87' lang='lat'>2.</span> <span class='ocrx_word' id='word_1_935' title='bbox 1190 2189 1223 2215; x_wconf 88' lang='lat' dir='ltr'>de</span> <span class='ocrx_word' id='word_1_936' title='bbox 1242 2188 1330 2226; x_wconf 85' lang='lat' dir='ltr'>adopt.</span> <span class='ocrx_word' id='word_1_937' title='bbox 1357 2191 1379 2215; x_wconf 93' lang='lat' dir='ltr'>l.</span> <span class='ocrx_word' id='word_1_938' title='bbox 1405 2190 1428 2215; x_wconf 78' lang='lat'>7.</span> <span class='ocrx_word' id='word_1_939' title='bbox 1449 2188 1479 2215; x_wconf 84' lang='lat' dir='ltr'>fr.</span> <span class='ocrx_word' id='word_1_940' title='bbox 1503 2190 1545 2214; x_wconf 72' lang='lat'>41.</span> <span class='ocrx_word' id='word_1_941' title='bbox 1569 2188 1603 2214; x_wconf 83' lang='lat' dir='ltr'>de.</span> <span class='ocrx_word' id='word_1_942' title='bbox 1625 2198 1730 2225; x_wconf 86' lang='lat' dir='ltr'>procur.</span> <span class='ocrx_word' id='word_1_943' title='bbox 1754 2189 1778 2214; x_wconf 87' lang='lat'>3.</span> <span class='ocrx_word' id='word_1_944' title='bbox 1799 2189 1823 2214; x_wconf 89' lang='grc'>3.</span> <span class='ocrx_word' id='word_1_945' title='bbox 1867 2188 1897 2214; x_wconf 90' lang='lat' dir='ltr'>Si</span> <span class='ocrx_word' id='word_1_946' title='bbox 1916 2188 1986 2215; x_wconf 80' lang='lat' dir='ltr'>forte</span> 
     </span>
     <span class='ocr_line' id='line_1_113' title="bbox 1146 2232 1987 2268; baseline -0.001 -9"><span class='ocrx_word' id='word_1_947' title='bbox 1146 2232 1257 2259; x_wconf 82' lang='lat' dir='ltr'>Praeses</span> <span class='ocrx_word' id='word_1_948' title='bbox 1276 2232 1318 2258; x_wconf 89' lang='lat' dir='ltr'>Pr.</span> <span class='ocrx_word' id='word_1_949' title='bbox 1339 2232 1527 2264; x_wconf 78' lang='lat' dir='ltr'>inanuiniserit,</span> <span class='ocrx_word' id='word_1_950' title='bbox 1541 2232 1739 2268; x_wconf 76' lang='lat' dir='ltr'>——priusquam</span> <span class='ocrx_word' id='word_1_951' title='bbox 1759 2232 1912 2267; x_wconf 70' lang='lat' dir='ltr'>cognoverit</span> <span class='ocrx_word' id='word_1_952' title='bbox 1929 2241 1987 2258; x_wconf 82' lang='lat' dir='ltr'>sue-</span> 
     </span>
     <span class='ocr_line' id='line_1_114' title="bbox 1146 2273 1988 2302; baseline -0.001 0"><span class='ocrx_word' id='word_1_953' title='bbox 1146 2285 1279 2302; x_wconf 83' lang='lat' dir='ltr'>cessorem</span> <span class='ocrx_word' id='word_1_954' title='bbox 1303 2274 1450 2301; x_wconf 84' lang='lat' dir='ltr'>advenisse.</span> <span class='ocrx_word' id='word_1_955' title='bbox 1475 2274 1506 2301; x_wconf 87' lang='lat' dir='ltr'>fr.</span> <span class='ocrx_word' id='word_1_956' title='bbox 1532 2276 1571 2300; x_wconf 83' lang='lat'>17.</span> <span class='ocrx_word' id='word_1_957' title='bbox 1596 2273 1629 2301; x_wconf 84' lang='lat' dir='ltr'>de</span> <span class='ocrx_word' id='word_1_958' title='bbox 1653 2274 1696 2300; x_wconf 80' lang='lat' dir='ltr'>off.</span> <span class='ocrx_word' id='word_1_959' title='bbox 1721 2273 1809 2300; x_wconf 74' lang='lat' dir='ltr'>Praes.</span> <span class='ocrx_word' id='word_1_960' title='bbox 1836 2275 1858 2300; x_wconf 92' lang='lat'>1.</span> <span class='ocrx_word' id='word_1_961' title='bbox 1880 2275 1920 2300; x_wconf 86' lang='lat'>18.</span> <span class='ocrx_word' id='word_1_962' title='bbox 1957 2273 1988 2301; x_wconf 83' lang='lat' dir='ltr'>Si</span> 
     </span>
     <span class='ocr_line' id='line_1_115' title="bbox 1145 2316 1985 2354; baseline -0.002 -9"><span class='ocrx_word' id='word_1_963' title='bbox 1145 2319 1213 2345; x_wconf 88' lang='lat' dir='ltr'>forte</span> <span class='ocrx_word' id='word_1_964' title='bbox 1233 2319 1259 2344; x_wconf 91' lang='lat' dir='ltr'>in</span> <span class='ocrx_word' id='word_1_965' title='bbox 1279 2317 1400 2345; x_wconf 81' lang='lat' dir='ltr'>exsilium</span> <span class='ocrx_word' id='word_1_966' title='bbox 1424 2317 1496 2344; x_wconf 80' lang='lat' dir='ltr'>salva</span> <span class='ocrx_word' id='word_1_967' title='bbox 1519 2318 1624 2343; x_wconf 80' lang='lat' dir='ltr'>civitate</span> <span class='ocrx_word' id='word_1_968' title='bbox 1647 2316 1719 2343; x_wconf 84' lang='lat' dir='ltr'>abiit.</span> <span class='ocrx_word' id='word_1_969' title='bbox 1745 2316 1774 2342; x_wconf 93' lang='lat' dir='ltr'>fr.</span> <span class='ocrx_word' id='word_1_970' title='bbox 1794 2318 1819 2343; x_wconf 89' lang='grc'>4.</span> <span class='ocrx_word' id='word_1_971' title='bbox 1838 2327 1878 2354; x_wconf 85' lang='lat' dir='ltr'>pr.</span> <span class='ocrx_word' id='word_1_972' title='bbox 1898 2317 1922 2343; x_wconf 89' lang='lat' dir='ltr'>si</span> <span class='ocrx_word' id='word_1_973' title='bbox 1941 2327 1985 2354; x_wconf 89' lang='lat' dir='ltr'>qu.</span> 
     </span>
    </p>
   </div>
   <div class='ocr_carea' id='block_1_13' title="bbox 1122 2358 1987 2401">
    <p class='ocr_par' dir='ltr' id='par_1_27' title="bbox 1122 2358 1987 2401">
     <span class='ocr_line' id='line_1_116' title="bbox 1122 2358 1987 2401; baseline -0.001 -14"><span class='ocrx_word' id='word_1_974' title='bbox 1122 2393 1124 2401; x_wconf 66' lang='lat'>‚</span> <span class='ocrx_word' id='word_1_975' title='bbox 1145 2366 1223 2388; x_wconf 87' lang='lat' dir='ltr'>cautt.</span> <span class='ocrx_word' id='word_1_976' title='bbox 1244 2364 1268 2387; x_wconf 90' lang='lat'>2.</span> <span class='ocrx_word' id='word_1_977' title='bbox 1290 2363 1329 2387; x_wconf 94' lang='lat'>11.</span> <span class='ocrx_word' id='word_1_978' title='bbox 1366 2360 1460 2387; x_wconf 80' lang='lat' dir='ltr'>Minori</span> <span class='ocrx_word' id='word_1_979' title='bbox 1480 2370 1584 2396; x_wconf 84' lang='lat' dir='ltr'>quoque</span> <span class='ocrx_word' id='word_1_980' title='bbox 1603 2358 1679 2385; x_wconf 72' lang='lat' dir='ltr'>XXV</span> <span class='ocrx_word' id='word_1_981' title='bbox 1693 2360 1767 2385; x_wconf 92' lang='lat' dir='ltr'>annis</span> <span class='ocrx_word' id='word_1_982' title='bbox 1780 2359 1987 2386; x_wconf 84' lang='lat' dir='ltr'>succurrendum</span> 
     </span>
    </p>
   </div>
   <div class='ocr_carea' id='block_1_14' title="bbox 1143 2402 1985 2522">
    <p class='ocr_par' dir='ltr' id='par_1_28' title="bbox 1143 2402 1985 2522">
     <span class='ocr_line' id='line_1_117' title="bbox 1145 2402 1985 2439; baseline -0.001 -9"><span class='ocrx_word' id='word_1_983' title='bbox 1145 2409 1194 2436; x_wconf 72' lang='lat' dir='ltr'>est.</span> <span class='ocrx_word' id='word_1_984' title='bbox 1215 2404 1327 2430; x_wconf 84' lang='lat' dir='ltr'>fortasse</span> <span class='ocrx_word' id='word_1_985' title='bbox 1347 2408 1373 2430; x_wconf 87' lang='lat' dir='ltr'>et</span> <span class='ocrx_word' id='word_1_986' title='bbox 1391 2403 1501 2429; x_wconf 87' lang='lat' dir='ltr'>mulieri.</span> <span class='ocrx_word' id='word_1_987' title='bbox 1522 2402 1551 2428; x_wconf 89' lang='lat' dir='ltr'>fr.</span> <span class='ocrx_word' id='word_1_988' title='bbox 1571 2404 1595 2428; x_wconf 80' lang='lat'>8.</span> <span class='ocrx_word' id='word_1_989' title='bbox 1615 2403 1637 2436; x_wconf 92' lang='lat'>5.</span> <span class='ocrx_word' id='word_1_990' title='bbox 1657 2404 1680 2428; x_wconf 84' lang='lat'>2.</span> <span class='ocrx_word' id='word_1_991' title='bbox 1702 2403 1753 2437; x_wconf 83' lang='lat' dir='ltr'>Qu.</span> <span class='ocrx_word' id='word_1_992' title='bbox 1774 2402 1865 2429; x_wconf 83' lang='lat' dir='ltr'>satisd.</span> <span class='ocrx_word' id='word_1_993' title='bbox 1886 2412 1941 2439; x_wconf 80' lang='lat' dir='ltr'>cog.</span> <span class='ocrx_word' id='word_1_994' title='bbox 1959 2405 1985 2429; x_wconf 74' lang='lat'>2.</span> 
     </span>
     <span class='ocr_line' id='line_1_118' title="bbox 1143 2445 1984 2483; baseline -0.001 -10"><span class='ocrx_word' id='word_1_995' title='bbox 1143 2448 1168 2473; x_wconf 73' lang='lat'>8.</span> <span class='ocrx_word' id='word_1_996' title='bbox 1189 2447 1218 2473; x_wconf 88' lang='lat' dir='ltr'>fr.</span> <span class='ocrx_word' id='word_1_997' title='bbox 1244 2448 1284 2473; x_wconf 70' lang='lat'>43.</span> <span class='ocrx_word' id='word_1_998' title='bbox 1309 2456 1348 2483; x_wconf 85' lang='lat' dir='ltr'>pr.</span> <span class='ocrx_word' id='word_1_999' title='bbox 1373 2446 1406 2473; x_wconf 68' lang='lat' dir='ltr'>«le</span> <span class='ocrx_word' id='word_1_1000' title='bbox 1429 2455 1534 2482; x_wconf 86' lang='lat' dir='ltr'>procur.</span> <span class='ocrx_word' id='word_1_1001' title='bbox 1557 2446 1581 2471; x_wconf 80' lang='grc'>3.</span> <span class='ocrx_word' id='word_1_1002' title='bbox 1601 2447 1625 2470; x_wconf 87' lang='grc'>3.</span> <span class='ocrx_word' id='word_1_1003' title='bbox 1664 2445 1785 2472; x_wconf 77' lang='lat' dir='ltr'>Movetur</span> <span class='ocrx_word' id='word_1_1004' title='bbox 1804 2456 1848 2478; x_wconf 83' lang='lat' dir='ltr'>eo,</span> <span class='ocrx_word' id='word_1_1005' title='bbox 1869 2445 1984 2482; x_wconf 87' lang='lat' dir='ltr'>quod-</span> 
     </span>
     <span class='ocr_line' id='line_1_119' title="bbox 1145 2486 1982 2522; baseline -0.001 -6"><span class='ocrx_word' id='word_1_1006' title='bbox 1145 2490 1267 2516; x_wconf 82' lang='lat' dir='ltr'>fortassis</span> <span class='ocrx_word' id='word_1_1007' title='bbox 1286 2489 1350 2515; x_wconf 80' lang='lat' dir='ltr'>siant</span> <span class='ocrx_word' id='word_1_1008' title='bbox 1369 2489 1424 2515; x_wconf 84' lang='lat' dir='ltr'>eius</span> <span class='ocrx_word' id='word_1_1009' title='bbox 1445 2492 1494 2520; x_wconf 73' lang='lat' dir='ltr'>(sc.</span> <span class='ocrx_word' id='word_1_1010' title='bbox 1516 2486 1640 2519; x_wconf 84' lang='lat' dir='ltr'>fructus.)</span> <span class='ocrx_word' id='word_1_1011' title='bbox 1659 2488 1689 2514; x_wconf 87' lang='lat' dir='ltr'>fr.</span> <span class='ocrx_word' id='word_1_1012' title='bbox 1712 2489 1751 2514; x_wconf 92' lang='lat'>12.</span> <span class='ocrx_word' id='word_1_1013' title='bbox 1771 2488 1793 2522; x_wconf 89' lang='lat'>5.</span> <span class='ocrx_word' id='word_1_1014' title='bbox 1813 2491 1836 2514; x_wconf 87' lang='lat'>5.</span> <span class='ocrx_word' id='word_1_1015' title='bbox 1857 2488 1890 2515; x_wconf 85' lang='lat' dir='ltr'>de</span> <span class='ocrx_word' id='word_1_1016' title='bbox 1902 2487 1982 2515; x_wconf 75' lang='lat' dir='ltr'>usufr-</span> 
     </span>
    </p>
   </div>
   <div class='ocr_carea' id='block_1_15' title="bbox 1122 2522 1981 2611">
    <p class='ocr_par' dir='ltr' id='par_1_29' title="bbox 1122 2522 1981 2611">
     <span class='ocr_line' id='line_1_120' title="bbox 1122 2522 1981 2566; baseline -0.005 -7"><span class='ocrx_word' id='word_1_1017' title='bbox 1122 2522 1123 2537; x_wconf 25' lang='grc' dir='ltr'>ζ</span> <span class='ocrx_word' id='word_1_1018' title='bbox 1147 2534 1169 2559; x_wconf 82' lang='lat'>7.</span> <span class='ocrx_word' id='word_1_1019' title='bbox 1191 2534 1212 2559; x_wconf 96' lang='lat' dir='ltr'>l.</span> <span class='ocrx_word' id='word_1_1020' title='bbox 1226 2548 1259 2552; x_wconf 93' lang='lat'>-</span> <span class='ocrx_word' id='word_1_1021' title='bbox 1273 2532 1304 2565; x_wconf 83' lang='lat'>§.</span> <span class='ocrx_word' id='word_1_1022' title='bbox 1317 2533 1354 2558; x_wconf 65' lang='lat'>2.</span> <span class='ocrx_word' id='word_1_1023' title='bbox 1382 2532 1519 2565; x_wconf 79' lang='lat' dir='ltr'>thuta.</span> <span class='ocrx_word' id='word_1_1024' title='bbox 1544 2532 1646 2557; x_wconf 69' lang='lat' dir='ltr'>Velut.</span> <span class='ocrx_word' id='word_1_1025' title='bbox 1683 2530 1726 2557; x_wconf 88' lang='lat'>111.</span> <span class='ocrx_word' id='word_1_1026' title='bbox 1739 2532 1804 2558; x_wconf 77' lang='lat' dir='ltr'>Gn.</span> <span class='ocrx_word' id='word_1_1027' title='bbox 1825 2531 1938 2566; x_wconf 81' lang='lat' dir='ltr'>Quodsi,</span> <span class='ocrx_word' id='word_1_1028' title='bbox 1957 2540 1981 2557; x_wconf 87' lang='lat' dir='ltr'>v.</span> 
     </span>
     <span class='ocr_line' id='line_1_121' title="bbox 1135 2573 1980 2611; baseline -0.002 -10"><span class='ocrx_word' id='word_1_1029' title='bbox 1135 2574 1225 2601; x_wconf 67' lang='lat' dir='ltr'>‘Plane</span> <span class='ocrx_word' id='word_1_1030' title='bbox 1245 2576 1281 2607; x_wconf 86' lang='lat' dir='ltr'>si,</span> <span class='ocrx_word' id='word_1_1031' title='bbox 1301 2590 1334 2594; x_wconf 86' lang='lat'><em>-</em></span> <span class='ocrx_word' id='word_1_1032' title='bbox 1353 2573 1420 2600; x_wconf 85' lang='lat' dir='ltr'>forte</span> <span class='ocrx_word' id='word_1_1033' title='bbox 1445 2574 1467 2599; x_wconf 91' lang='lat' dir='ltr'>si</span> <span class='ocrx_word' id='word_1_1034' title='bbox 1493 2578 1541 2599; x_wconf 83' lang='lat' dir='ltr'>etc.</span> <span class='ocrx_word' id='word_1_1035' title='bbox 1566 2573 1595 2600; x_wconf 85' lang='lat' dir='ltr'>fr.</span> <span class='ocrx_word' id='word_1_1036' title='bbox 1618 2576 1657 2600; x_wconf 91' lang='grc'>10.</span> <span class='ocrx_word' id='word_1_1037' title='bbox 1682 2573 1714 2600; x_wconf 84' lang='lat' dir='ltr'>de</span> <span class='ocrx_word' id='word_1_1038' title='bbox 1737 2574 1807 2611; x_wconf 76' lang='lat' dir='ltr'>pign.</span> <span class='ocrx_word' id='word_1_1039' title='bbox 1828 2578 1877 2600; x_wconf 86' lang='lat' dir='ltr'>act.</span> <span class='ocrx_word' id='word_1_1040' title='bbox 1898 2575 1937 2600; x_wconf 88' lang='lat'>13.</span> <span class='ocrx_word' id='word_1_1041' title='bbox 1958 2574 1980 2599; x_wconf 81' lang='lat'>7.</span> 
     </span>
    </p>
   </div>
   <div class='ocr_carea' id='block_1_16' title="bbox 1142 2616 1980 2867">
    <p class='ocr_par' dir='ltr' id='par_1_30' title="bbox 1142 2616 1980 2867">
     <span class='ocr_line' id='line_1_122' title="bbox 1144 2616 1980 2653; baseline -0.005 -9"><span class='ocrx_word' id='word_1_1042' title='bbox 1144 2618 1174 2644; x_wconf 90' lang='lat' dir='ltr'>fr.</span> <span class='ocrx_word' id='word_1_1043' title='bbox 1197 2620 1254 2644; x_wconf 69' lang='lat'>198.</span> <span class='ocrx_word' id='word_1_1044' title='bbox 1273 2617 1306 2643; x_wconf 84' lang='lat' dir='ltr'>de</span> <span class='ocrx_word' id='word_1_1045' title='bbox 1319 2616 1351 2643; x_wconf 88' lang='lat' dir='ltr'>V.</span> <span class='ocrx_word' id='word_1_1046' title='bbox 1371 2616 1398 2643; x_wconf 93' lang='lat' dir='ltr'>S.</span> <span class='ocrx_word' id='word_1_1047' title='bbox 1419 2618 1460 2642; x_wconf 87' lang='grc'>50.</span> <span class='ocrx_word' id='word_1_1048' title='bbox 1476 2618 1515 2642; x_wconf 84' lang='lat'>16.</span> <span class='ocrx_word' id='word_1_1049' title='bbox 1553 2616 1638 2643; x_wconf 74' lang='lat' dir='ltr'>Aliter</span> <span class='ocrx_word' id='word_1_1050' title='bbox 1656 2616 1774 2648; x_wconf 73' lang='lat' dir='ltr'>forsitan,</span> <span class='ocrx_word' id='word_1_1051' title='bbox 1794 2621 1872 2653; x_wconf 76' lang='lat' dir='ltr'>atque.</span> <span class='ocrx_word' id='word_1_1052' title='bbox 1890 2617 1913 2642; x_wconf 87' lang='lat' dir='ltr'>si</span> <span class='ocrx_word' id='word_1_1053' title='bbox 1931 2620 1980 2641; x_wconf 86' lang='lat' dir='ltr'>etc.</span> 
     </span>
     <span class='ocr_line' id='line_1_123' title="bbox 1144 2657 1980 2693; baseline -0.004 -7"><span class='ocrx_word' id='word_1_1054' title='bbox 1144 2660 1174 2686; x_wconf 88' lang='lat' dir='ltr'>fr.</span> <span class='ocrx_word' id='word_1_1055' title='bbox 1193 2662 1235 2686; x_wconf 68' lang='lat'>43.</span> <span class='ocrx_word' id='word_1_1056' title='bbox 1254 2660 1276 2693; x_wconf 88' lang='lat'>5.</span> <span class='ocrx_word' id='word_1_1057' title='bbox 1295 2661 1319 2686; x_wconf 85' lang='lat'>5.</span> <span class='ocrx_word' id='word_1_1058' title='bbox 1339 2659 1372 2685; x_wconf 78' lang='lat' dir='ltr'>(le</span> <span class='ocrx_word' id='word_1_1059' title='bbox 1390 2658 1475 2685; x_wconf 71' lang='lat' dir='ltr'>Aedil.</span> <span class='ocrx_word' id='word_1_1060' title='bbox 1497 2659 1574 2685; x_wconf 79' lang='lat' dir='ltr'>edict.</span> <span class='ocrx_word' id='word_1_1061' title='bbox 1593 2661 1634 2685; x_wconf 84' lang='lat'>21.</span> <span class='ocrx_word' id='word_1_1062' title='bbox 1651 2661 1671 2684; x_wconf 92' lang='lat'>1.</span> <span class='ocrx_word' id='word_1_1063' title='bbox 1709 2658 1765 2686; x_wconf 82' lang='lat' dir='ltr'>Hoc</span> <span class='ocrx_word' id='word_1_1064' title='bbox 1784 2659 1893 2685; x_wconf 83' lang='lat' dir='ltr'>forsitan</span> <span class='ocrx_word' id='word_1_1065' title='bbox 1911 2657 1980 2689; x_wconf 81' lang='lat' dir='ltr'>ideo,</span> 
     </span>
     <span class='ocr_line' id='line_1_124' title="bbox 1142 2700 1978 2729; baseline -0.004 0"><span class='ocrx_word' id='word_1_1066' title='bbox 1142 2713 1166 2729; x_wconf 82' lang='lat' dir='ltr'>v.</span> <span class='ocrx_word' id='word_1_1067' title='bbox 1186 2702 1248 2729; x_wconf 84' lang='lat' dir='ltr'>Ideo</span> <span class='ocrx_word' id='word_1_1068' title='bbox 1267 2701 1387 2728; x_wconf 85' lang='lat' dir='ltr'>fortasse.</span> <span class='ocrx_word' id='word_1_1069' title='bbox 1413 2702 1469 2728; x_wconf 87' lang='lat' dir='ltr'>Gai.</span> <span class='ocrx_word' id='word_1_1070' title='bbox 1494 2702 1524 2729; x_wconf 92' lang='lat'>11.</span> <span class='ocrx_word' id='word_1_1071' title='bbox 1551 2704 1592 2728; x_wconf 79' lang='grc'>64.</span> <span class='ocrx_word' id='word_1_1072' title='bbox 1617 2702 1647 2728; x_wconf 82' lang='grc' dir='ltr'>1“ι·.</span> <span class='ocrx_word' id='word_1_1073' title='bbox 1671 2704 1696 2728; x_wconf 78' lang='lat'>2.</span> <span class='ocrx_word' id='word_1_1074' title='bbox 1721 2702 1754 2728; x_wconf 85' lang='lat' dir='ltr'>de</span> <span class='ocrx_word' id='word_1_1075' title='bbox 1777 2700 1868 2729; x_wconf 81' lang='lat' dir='ltr'>edend.</span> <span class='ocrx_word' id='word_1_1076' title='bbox 1893 2702 1917 2726; x_wconf 77' lang='lat'>2.</span> <span class='ocrx_word' id='word_1_1077' title='bbox 1939 2701 1978 2727; x_wconf 88' lang='grc'>13.</span> 
     </span>
     <span class='ocr_line' id='line_1_125' title="bbox 1142 2742 1978 2776; baseline -0.002 -5"><span class='ocrx_word' id='word_1_1078' title='bbox 1142 2744 1193 2772; x_wconf 71' lang='lat' dir='ltr'>Vel</span> <span class='ocrx_word' id='word_1_1079' title='bbox 1212 2746 1238 2771; x_wconf 91' lang='lat' dir='ltr'>in</span> <span class='ocrx_word' id='word_1_1080' title='bbox 1258 2754 1348 2771; x_wconf 83' lang='lat' dir='ltr'>omnes</span> <span class='ocrx_word' id='word_1_1081' title='bbox 1368 2755 1418 2776; x_wconf 78' lang='lat' dir='ltr'>res,</span> <span class='ocrx_word' id='word_1_1082' title='bbox 1438 2744 1479 2771; x_wconf 83' lang='lat' dir='ltr'>vel</span> <span class='ocrx_word' id='word_1_1083' title='bbox 1500 2746 1526 2771; x_wconf 93' lang='lat' dir='ltr'>iu</span> <span class='ocrx_word' id='word_1_1084' title='bbox 1545 2755 1620 2771; x_wconf 87' lang='lat' dir='ltr'>unam</span> <span class='ocrx_word' id='word_1_1085' title='bbox 1641 2744 1708 2771; x_wconf 88' lang='lat' dir='ltr'>forte</span> <span class='ocrx_word' id='word_1_1086' title='bbox 1727 2749 1770 2771; x_wconf 85' lang='lat' dir='ltr'>aut</span> <span class='ocrx_word' id='word_1_1087' title='bbox 1788 2744 1860 2770; x_wconf 89' lang='lat' dir='ltr'>duas.</span> <span class='ocrx_word' id='word_1_1088' title='bbox 1883 2742 1941 2769; x_wconf 80' lang='lat' dir='ltr'>Gai.</span> <span class='ocrx_word' id='word_1_1089' title='bbox 1961 2743 1978 2769; x_wconf 93' lang='grc'>1.</span> 
     </span>
     <span class='ocr_line' id='line_1_126' title="bbox 1143 2785 1978 2824; baseline -0.004 -10"><span class='ocrx_word' id='word_1_1090' title='bbox 1143 2790 1200 2814; x_wconf 88' lang='lat'>150.</span> <span class='ocrx_word' id='word_1_1091' title='bbox 1238 2786 1267 2814; x_wconf 91' lang='lat' dir='ltr'>Si</span> <span class='ocrx_word' id='word_1_1092' title='bbox 1287 2789 1346 2824; x_wconf 90' lang='lat' dir='ltr'>quis</span> <span class='ocrx_word' id='word_1_1093' title='bbox 1366 2787 1433 2814; x_wconf 80' lang='lat' dir='ltr'>forte.</span> <span class='ocrx_word' id='word_1_1094' title='bbox 1452 2789 1566 2823; x_wconf 77' lang='lat' dir='ltr'>ignoret,</span> <span class='ocrx_word' id='word_1_1095' title='bbox 1587 2804 1613 2807; x_wconf 96' lang='lat'><strong>—</strong></span> <span class='ocrx_word' id='word_1_1096' title='bbox 1638 2787 1751 2814; x_wconf 81' lang='lat' dir='ltr'>fortasse</span> <span class='ocrx_word' id='word_1_1097' title='bbox 1775 2791 1802 2812; x_wconf 87' lang='lat' dir='ltr'>et.</span> <span class='ocrx_word' id='word_1_1098' title='bbox 1822 2786 1927 2812; x_wconf 83' lang='lat' dir='ltr'>serviat.</span> <span class='ocrx_word' id='word_1_1099' title='bbox 1948 2785 1978 2812; x_wconf 88' lang='lat' dir='ltr'>fr.</span> 
     </span>
     <span class='ocr_line' id='line_1_127' title="bbox 1144 2828 1978 2867; baseline -0.004 -10"><span class='ocrx_word' id='word_1_1100' title='bbox 1144 2833 1165 2857; x_wconf 92' lang='lat' dir='ltr'>l.</span> <span class='ocrx_word' id='word_1_1101' title='bbox 1190 2831 1212 2865; x_wconf 85' lang='lat'>5.</span> <span class='ocrx_word' id='word_1_1102' title='bbox 1232 2832 1256 2856; x_wconf 77' lang='lat'>2.</span> <span class='ocrx_word' id='word_1_1103' title='bbox 1283 2830 1315 2857; x_wconf 83' lang='lat' dir='ltr'>dc</span> <span class='ocrx_word' id='word_1_1104' title='bbox 1339 2831 1386 2857; x_wconf 91' lang='lat' dir='ltr'>iur.</span> <span class='ocrx_word' id='word_1_1105' title='bbox 1413 2836 1439 2857; x_wconf 88' lang='lat' dir='ltr'>et</span> <span class='ocrx_word' id='word_1_1106' title='bbox 1462 2830 1520 2857; x_wconf 84' lang='lat' dir='ltr'>fact.</span> <span class='ocrx_word' id='word_1_1107' title='bbox 1544 2831 1594 2867; x_wconf 80' lang='lat' dir='ltr'>ign.</span> <span class='ocrx_word' id='word_1_1108' title='bbox 1617 2833 1659 2857; x_wconf 77' lang='lat'>22.</span> <span class='ocrx_word' id='word_1_1109' title='bbox 1679 2831 1702 2856; x_wconf 83' lang='lat'>6.</span> <span class='ocrx_word' id='word_1_1110' title='bbox 1739 2829 1844 2860; x_wconf 73' lang='lat' dir='ltr'>Potest.</span> <span class='ocrx_word' id='word_1_1111' title='bbox 1863 2833 1892 2855; x_wconf 84' lang='lat' dir='ltr'>nt</span> <span class='ocrx_word' id='word_1_1112' title='bbox 1911 2828 1978 2855; x_wconf 83' lang='lat' dir='ltr'>forte</span> 
     </span>
    </p>
   </div>
  </div>
 </body>
</html>
