2197 3121
258 168 320 200 518

260 251 331 277 licito
355 251 530 286 imponuntur.
556 247 585 274 sr.
607 249 629 273 7.
654 246 675 279 5.
699 247 723 272 3.
749 244 781 271 de
805 254 877 282 oper.
901 243 986 270 libert.
1009 243 1050 268 38.
1070 244 1094 268 2.
1116 244 1118 275 ἶ

261 293 345 329 Quam
365 293 417 325 (sc.
438 292 506 320 vim)
525 291 690 325 magistratus
709 293 780 314 recte
799 286 901 318 intulit.
921 286 1022 313 seilicet
1041 286 1096 311 iure
1116 288 1118 303 ⁴

260 336 341 363 licito.
362 340 386 360 et
406 336 461 360 iure
480 333 596 360 honoris.
617 342 692 369 quem
712 331 831 357 sustinet.
857 330 887 356 fr.
907 331 929 355 3.
953 330 974 363 5.
996 330 1018 354 l.
1044 328 1095 364 Qu.
1117 363 1119 375 Ι

262 383 320 405 met.
342 388 362 403 c.
379 379 402 403 Δ.
415 380 438 403 2.
469 375 497 402 In
517 386 543 401 re
563 375 692 402 conununi
712 374 839 400 neminem
858 373 1022 399 dominorum
1042 372 1096 397 iure

261 421 344 448 facere
363 419 503 456 quidquam
522 420 605 444 invito
624 418 705 444 altero
724 426 812 454 posse..
835 414 868 442 fr.
887 417 928 441 28.
948 424 1039 440 comm.
1059 413 1096 440 di-

261 463 312 489 vid.
336 465 373 488 10.
393 464 409 488 3
454 460 496 491 Vt.
517 461 587 498 quod
607 462 666 497 quis
685 460 718 486 ob
739 458 845 486 tutelam
866 458 984 494 corporis
1003 458 1043 483 sui
1063 456 1098 483 l'e-

262 507 339 537 eerit,
365 506 419 531 iure
439 504 533 530 fecisse
553 505 724 530 existimetur.
744 502 774 528 fr.
794 503 818 528 3.
839 501 869 527 cf.
890 500 919 527 sr.
941 502 962 526 1.
983 500 1004 534 5.
1024 501 1047 526 ⁴.
1067 499 1096 526 sr.

260 552 285 574 2.
305 548 337 574 de
357 547 373 573 1.
399 552 424 573 et
447 546 464 573 1.
487 548 508 572 1.
530 548 551 573 l.
589 546 617 573 Si
642 547 676 573 im
700 546 804 576 occisit,
833 545 888 570 iure
911 552 1003 570 caesus
1028 543 1097 569 esto!

260 591 290 618 L.
310 591 356 617 xl!
376 589 458 616 Tabb.
474 588 541 615 VIII.
559 591 599 616 12.
615 605 646 609 -—
671 590 702 623 §.
723 589 806 614 2.A.
845 588 1017 618 racanas,
1039 588 1097 612 Co-

260 636 330 668 pia,
352 635 558 659 Commodum.
588 632 606 658 1.
618 633 679 666 Sy.
699 631 820 657 Potestas
841 628 930 665 (gladii
950 630 1011 661 etc.)
1031 628 1061 654 sr.
1073 629 1097 654 6.

261 687 300 714 pr.
321 675 353 702 de
373 675 416 701 off.
430 674 504 701 Proc.
525 679 551 700 et
563 674 624 711 Leg.
647 677 667 700 1.
683 675 721 700 16.
742 672 772 699 fr.
786 674 809 698 6.
829 672 850 706 5.
864 673 888 698 8.
909 671 940 698 de
954 672 998 698 off.
1011 670 1098 697 Praes.

262 721 284 745 1.
307 720 345 745 18.
382 718 473 750 Posse,
493 717 569 747 Esse.
589 727 613 743 v.
633 717 742 743 Habere.
762 716 810 742 ius.
848 714 974 741 Concedi.
1001 714 1056 741 Gai.
1069 713 1098 740 II.

261 764 301 788 49.
323 761 353 788 sr.
374 763 414 787 12.
434 760 464 787 sr.
487 762 526 786 15.
551 760 582 786 de
602 760 644 786 off.
665 759 740 785 Proc.
761 763 787 784 et
805 757 866 794 Leg.
888 760 909 784 1.
932 759 970 784 16.
990 757 1019 784 fr.
1043 758 1097 783 163.

261 805 293 832 fr.
315 806 371 830 165.
392 803 424 830 de
443 803 473 830 R.
493 803 511 829 l.
536 805 576 829 50.
598 804 636 828 17.
678 801 806 828 Honorari
830 800 965 832 (liberis.)
997 799 1099 826 Habere

261 850 302 875 ius
322 847 500 880 (liberorum.)
523 845 578 872 Gai.
599 845 640 871 III.
660 847 693 871 50
720 855 778 881 sqq.
799 843 859 880 ΠΡ.
879 843 976 870 XXIX.
995 845 1019 869 5.
1040 853 1098 880 sqq.

261 890 391 918 facultas.
411 889 448 916 Cf
472 888 496 914 h.
516 898 540 914 v.
560 889 582 922 5.
604 890 626 914 l.
661 887 838 924 Privilegium.
857 886 1027 917 Beneficium.
1047 885 1098 912 Ius.

261 933 303 961 Cf.
327 943 350 959 v.
370 932 538 959 Beneficium.
572 931 594 965 5.
619 933 644 957 2.
675 930 856 957 Commodum.
882 929 922 956 Cf.
942 929 967 955 h.
986 939 1009 954 v.
1034 929 1055 962 5.
1075 930 1099 955 3.

260 976 304 1004 III.
318 977 383 1004 Gn.
402 975 444 1001 Ius
463 979 633 1011 potestasque
652 979 718 1005 esto.
738 978 765 1000 ut
783 973 832 999 hac
851 972 907 1008 lege
926 973 1047 1009 sequenti
1067 971 1097 998 li·
1121 984 1123 1008 Ι

262 1020 351 1051 cebit.)
370 1018 401 1045 fr.
424 1020 444 1044 1.
463 1027 502 1054 pr.
523 1016 554 1043 ad
573 1016 602 1043 L.
622 1016 692 1043 Falc.
711 1018 752 1043 35.
771 1018 795 1042 2.
832 1016 873 1042 Ex
892 1017 948 1042 iure
968 1025 1098 1041 concesso

263 1061 426 1095 (abducere.)
451 1059 534 1086 Yatic.
554 1060 576 1094 5.
595 1061 619 1086 6.
657 1060 710 1095 Qui
729 1059 756 1086 id
775 1058 845 1090 fecit,
865 1058 935 1095 quod
956 1057 1041 1084 facere
1059 1059 1100 1084 ius

262 1115 314 1131 non
340 1103 418 1130 babet
449 1102 478 1129 fr.
501 1104 557 1128 151.
582 1102 615 1129 de
634 1102 664 1129 R.
690 1102 707 1128 1.
727 1104 767 1128 50.
791 1103 828 1127 17.
873 1100 970 1127 Inferi-e
994 1102 1020 1127 in
1045 1110 1102 1126 eum

262 1148 356 1177 locum.
377 1156 428 1183 quo
448 1146 471 1171 ei
489 1146 530 1171 ius
550 1145 678 1172 inferendi
698 1149 776 1171 esset.
799 1144 829 1170 fr.
843 1145 865 1170 8.
887 1144 908 1177 5.
929 1145 952 1170 5.
975 1142 1006 1169 cs.
1026 1142 1057 1170 fr.
1077 1145 1101 1169 2.

262 1192 284 1226 5.
302 1193 326 1217 2.
346 1190 376 1216 sr.
399 1191 436 1215 11.
456 1188 489 1215 de
509 1187 581 1225 relig.
600 1190 639 1215 11.
660 1189 682 1214 7.
720 1187 748 1213 In
770 1197 819 1224 qua
840 1188 888 1218 (sc.
909 1187 948 1218 re)
968 1187 1025 1212 iure
1044 1195 1101 1212 meo

262 1243 326 1261 usus
352 1242 416 1258 sum.
441 1231 472 1257 fr.
491 1232 533 1257 24.
557 1231 640 1264 5.12.
664 1230 694 1257 sr.
714 1232 754 1256 26.
781 1230 813 1256 de
838 1229 921 1256 damu.
947 1228 990 1255 ius.
1015 1230 1058 1255 39.
1077 1231 1101 1254 2.

263 1277 338 1313 Quae
358 1276 413 1301 iure
432 1275 597 1309 magistratus
617 1278 776 1311 competunt.
797 1273 826 1299 fr.
843 1274 864 1299 l.
879 1283 916 1310 pr.
932 1271 963 1298 de
977 1271 1020 1298 off.
1038 1273 1102 1298 eius.

264 1321 287 1345 1.
306 1320 348 1344 21.
386 1317 525 1354 Imperium
544 1317 614 1345 eius,
639 1318 682 1353 qui
702 1315 808 1343 iubendi
828 1316 868 1341 ius
888 1314 974 1341 babet.
994 1314 1024 1342 fr.
1043 1316 1102 1341 214.

264 1361 294 1388 sr.
313 1362 372 1388 239.
392 1361 414 1394 5.
433 1361 456 1386 3.
476 1358 509 1385 de
528 1358 560 1385 V.
580 1359 606 1385 S.
626 1361 666 1385 50,
688 1361 726 1386 16.
763 1357 856 1384 Edicta
876 1368 979 1389 eorum,
999 1359 1043 1394 qui
1063 1359 1103 1384 ius
1125 1357 1127 1364 '

265 1403 384 1431 edicendi
404 1402 508 1429 babent.
528 1401 584 1428 Gai.
599 1402 617 1428 1.
631 1404 655 1428 2.
669 1403 692 1429 6.
731 1401 922 1428 Commercium
942 1406 982 1427 est
1001 1401 1104 1428 emendi

265 1445 449 1481 vendendique
469 1445 580 1471 invicem
598 1445 648 1471 ius.
672 1444 817 1482 Ylp.X1X.
837 1447 860 1470 5.
898 1443 981 1470 Cuius
1001 1449 1041 1470 est
1060 1444 1105 1470 do-

265 1489 353 1520 nandi,
373 1487 457 1514 eidem
477 1491 502 1513 et
521 1486 650 1513 vendendi
665 1492 690 1513 et
704 1486 864 1514 concedendi
879 1488 919 1513 ius
933 1492 979 1514 est.
1000 1487 1031 1514 fr.
1048 1489 1105 1514 163.

266 1532 299 1559 de
312 1531 341 1558 R.
362 1530 436 1556 150.
452 1531 491 1556 17.
520 1529 616 1556 Datum
636 1534 677 1556 est
696 1531 719 1556 ei
737 1531 787 1559 ius.
807 1534 836 1556 ut
855 1535 903 1556 etc.
923 1530 954 1556 fr.
966 1532 990 1556 2.
1010 1530 1047 1564 55.
1064 1532 1104 1557 11.

267 1577 308 1602 47.
328 1574 359 1600 de
380 1573 413 1599 Ο.
434 1572 451 1599 1.
473 1575 495 1599 1.
514 1574 539 1599 2.
576 1572 632 1599 Lex
650 1572 729 1610 Papia
753 1572 780 1599 id
799 1573 863 1599 iuris
883 1572 955 1599 dedit
974 1578 1022 1599 etc.
1053 1573 1105 1604 lus,

267 1616 337 1654 quod
357 1616 413 1652 lege
432 1615 511 1653 Papia
531 1616 700 1642 constituitur
719 1616 901 1648 (coniunctis.)
926 1615 986 1652 le.
1006 1616 1104 1642 XXIX.

266 1662 290 1686 5.
311 1669 369 1696 sqq.
390 1658 447 1685 Gai.
468 1658 496 1685 11.
516 1660 574 1685 208.
594 1658 636 1684 111.
655 1660 697 1684 50.
711 1667 768 1694 sqq.
783 1657 815 1684 cf.
830 1659 871 1684 73.
901 1657 1028 1690 Italicum,
1042 1658 1106 1694 Qui-

266 1703 354 1729 ritium
373 1706 422 1728 etc.
442 1702 492 1727 ius.
517 1700 558 1727 Cf.
578 1700 602 1727 b.
622 1710 664 1727 vv.
702 1700 769 1727 Cum
788 1701 829 1726 ius
848 1701 963 1727 omnium
982 1702 1008 1727 in
1027 1711 1106 1728 unum

267 1744 396 1772 reciderit.
423 1743 453 1770 fr.
473 1745 495 1770 7.
520 1744 542 1778 5.
561 1745 585 1770 2.
611 1743 662 1779 Qu.
682 1745 732 1770 cui.
751 1744 821 1769 univ.
841 1753 908 1769 nom.
928 1745 951 1770 3.
971 1745 995 1769 4.
1032 1743 1106 1777 Rem,

268 1787 309 1814 vel
329 1789 369 1814 ius
388 1797 472 1817 sumu,
493 1796 648 1812 conservare
662 1791 711 1812 etc.
730 1785 761 1812 fr.
775 1787 816 1812 41.
837 1785 869 1812 de
880 1784 932 1812 LL.
945 1788 1001 1812 1.3.
1022 1786 1106 1812 Nemo

268 1830 328 1868 plus
348 1831 412 1856 iuris
432 1829 463 1856 ad
483 1829 561 1855 alium
581 1828 723 1855 transferre
741 1834 840 1865 potest,
859 1839 936 1865 quam
954 1830 1011 1866 ipse
1030 1829 1107 1855 babe—

268 1878 314 1900 ret..
340 1872 370 1899 sr.
390 1875 430 1898 54.
451 1871 482 1898 cf.
507 1871 536 1898 t'r.
559 1873 615 1898 160.
645 1872 666 1905 5.
685 1874 717 1900 2..
729 1871 762 1898 de
780 1871 811 1898 R.
831 1871 848 1898 1.
869 1874 910 1899 50.
931 1873 970 1898 17.
1006 1872 1107 1898 Auctor

268 1926 350 1947 meus,
370 1926 383 1942 a
403 1924 453 1951 quo
474 1915 513 1940 ius
534 1915 560 1941 in
584 1925 624 1941 me
649 1915 760 1940 transiit.
787 1913 818 1940 t'r.
840 1916 895 1941 175.
921 1915 941 1948 5.
963 1917 984 1941 l.
1011 1914 1044 1941 ib.
1065 1917 1105 1941 50.

271 1961 310 1985 17.
346 1958 404 1985 lura
423 1958 508 1983 omnia
527 1957 644 1994 perdere.
665 1972 696 1976 —
722 1956 817 1982 Omnia
841 1959 951 1994 pristina
970 1959 1025 1984 iura
1044 1958 1107 1984 reci-

270 2011 340 2039 pere.
361 2000 391 2027 sr.
413 2002 450 2026 14.
472 1999 504 2025 de
523 1999 609 2036 adopt.
632 2001 654 2025 l.
675 2001 698 2024 7.
727 1998 784 2026 Gai.
798 1999 815 2026 I.
838 2002 893 2027 129.
925 2000 976 2033 Ius,
996 2011 1021 2027 v.
1035 2000 1107 2027 Nihil

270 2045 343 2074 iuris,
363 2043 459 2069 babere
478 2042 504 2067 in
523 2047 571 2068 etc.
591 2042 621 2068 fr.
641 2044 682 2068 49.
702 2041 734 2068 de
753 2042 840 2068 bered.
862 2048 912 2080 pet.
933 2046 957 2070 5.
977 2045 1001 2070 3.
1021 2044 1050 2070 t'r.
1067 2045 1106 2070 ll.

271 2086 302 2113 de
323 2086 382 2112 bon.
403 2085 489 2111 libert.
508 2086 549 2110 38.
569 2086 593 2111 2.
613 2100 645 2104 —-
669 2085 700 2117 §.
724 2086 815 2111 213.
841 2087 1012 2120 (lauditio,
1033 2089 1108 2113 Sta-

270 2136 339 2160 ens,
361 2130 478 2154 Causa.
514 2126 532 2153 1.
557 2128 618 2161 Sy.
638 2127 736 2153 Status.
757 2127 787 2153 sr.
804 2130 842 2154 15.
864 2128 893 2155 fr.
907 2131 947 2155 33.
968 2129 1000 2155 de
1019 2129 1107 2166 adopt.

274 2173 294 2197 1.
317 2173 338 2196 7.
359 2170 451 2197 Causa.
473 2169 513 2196 Cf.
534 2169 558 2196 h.
579 2180 602 2196 v.
622 2170 644 2203 5.
665 2172 686 2196 7.
716 2169 898 2197 Necessitudo.
928 2172 1108 2208 Cognationis‚

273 2213 316 2240 vel
336 2213 476 2239 adfinitatis
497 2214 544 2239 ius.
565 2213 595 2239 fr.
617 2214 656 2239 ll.
676 2212 709 2239 de
727 2212 745 2239 I.
766 2218 790 2239 et
810 2213 828 2240 l.
851 2215 871 2240 1.
889 2216 910 2240 1.
935 2215 991 2241 Gai.
1012 2215 1029 2241 I.
1051 2216 1107 2240 156.

272 2255 315 2283 111.
336 2256 401 2283 Cn·
427 2255 530 2289 Quibus
549 2255 645 2282 suerint
664 2257 718 2282 iura
737 2266 794 2282 cum
819 2256 965 2293 patri—sam..
989 2257 1108 2284 honestis

273 2298 456 2326 familiaritatis
476 2299 591 2333 quaesita
610 2298 763 2325 rationibus.
784 2298 813 2325 sr.
832 2301 889 2325 223.
910 2300 931 2333 5.
947 2302 968 2326 l.
989 2299 1021 2326 de
1034 2299 1065 2326 V.
1080 2300 1108 2326 S.

273 2344 314 2367 50.
337 2342 376 2366 16.
414 2339 528 2365 Debebit
547 2341 652 2376 gradum
672 2341 771 2373 dicere,
792 2357 822 2361 -—
843 2347 867 2368 et
887 2343 926 2368 ius
947 2344 1108 2379 cognationis

274 2384 429 2421 exprimere.
455 2381 537 2408 tatic.
557 2383 578 2416 5.
598 2386 656 2410 210.
686 2384 834 2411 Vicinitatis
854 2385 909 2411 iure.
928 2395 1002 2411 nemo
1022 2387 1110 2422 potior

275 2427 447 2453 existimetur.
477 2424 512 2451 lb.
537 2425 558 2458 5
580 2428 635 2452 158.
672 2427 712 2453 De
736 2429 791 2453 iure
815 2438 986 2464 personarum
1005 2427 1109 2454 divisio.

275 2468 332 2495 Gai.
353 2468 371 2494 1.
386 2470 409 2495 9.
429 2470 470 2494 18.
508 2467 535 2493 111
554 2468 641 2494 eadem
662 2480 737 2496 causa
758 2471 859 2501 sistere,
875 2487 905 2490 -
919 2472 963 2507 qui
983 2470 1014 2497 ad
1034 2481 1110 2508 expe-

276 2510 394 2538 riendum
414 2521 465 2536 non
485 2510 545 2536 facit
569 2512 609 2537 ius
633 2513 729 2538 actoris
754 2512 877 2540 deterius
902 2514 931 2540 fr.
954 2515 974 2540 l.
1000 2514 1021 2547 5.
1043 2516 1063 2539 1.
1088 2515 1111 2540 si

277 2565 308 2580 ex
329 2564 388 2580 nox.
409 2564 430 2579 e.
450 2557 474 2579 2.
494 2555 516 2579 9.
538 2553 568 2580 sr.
584 2557 608 2580 ὅ.
628 2555 651 2580 si
670 2564 712 2590 qu.
733 2559 843 2582 canstat.
867 2558 904 2582 11.
942 2555 978 2582 Vt
997 2551 1110 2589 omnind,

278 2597 322 2631 qui
341 2601 482 2633 comparat,
502 2597 538 2622 rei
558 2602 719 2634 comparatae
739 2598 778 2623 ius
798 2604 937 2634 eognoscat
956 2604 981 2625 et
997 2609 1110 2625 censum.

279 2638 361 2664 tatic.
387 2640 407 2673 5.
427 2641 467 2665 35.
510 2638 541 2665 111
566 2641 687 2666 conventi
711 2650 771 2665 mox
796 2641 843 2666 iuri
868 2652 986 2677 agrorum
1010 2641 1111 2668 debitas
1134 2676 1135 2679 Ἴ

279 2691 404 2717 personas
424 2682 554 2708 retrabere
574 2682 705 2708 festinent.
734 2681 929 2710 Τ11.(Σ.Χ.“.’0.
950 2695 971 2710 c.
995 2686 1033 2710 10.
1053 2685 1111 2718 5.1.

280 2723 312 2749 de
332 2723 446 2759 murileg.
468 2740 499 2744 —
528 2725 558 2757 ξ,
579 2726 662 2752 2.(Ῐ.
695 2725 804 2757 Ditio.
830 2728 994 2759 Poturae,
1019 2729 1113 2754 Arbi-

280 2767 387 2792 trium.
426 2766 443 2791 1.
464 2770 523 2801 Sy.
544 2767 671 2793 Potestas.
692 2768 747 2793 Gai.
768 2767 786 2793 1.
800 2769 840 2793 99.
857 2770 940 2794 lisa.
960 2772 1002 2795 86.
1020 2772 1112 2806 89511.

280 2810 320 2834 95.
342 2807 381 2833 111.
394 2811 434 2834 ³2.
450 2819 505 2845 sqq.
526 2809 569 2836 lv.
585 2812 640 2837 153.
678 2810 707 2836 ln
726 2820 798 2837 suam
818 2810 932 2842 tutelam,
953 2816 978 2836 et
997 2812 1022 2837 in
1041 2822 1114 2838 suam

1076 159 1155 190 IUS.

1141 245 1296 278 potestatem
1315 242 1460 277 pervenire.
1498 240 1545 268 Sui
1564 242 1628 268 iuris
1647 242 1711 268 fieri.
1732 242 1762 269 fr.
1781 245 1823 270 50.
1842 253 1881 281 pr.
1901 243 1976 277 55.1.

1141 286 1163 310 4.
1184 283 1216 310 de
1235 283 1310 320 legat.
1330 282 1374 310 III.
1393 284 1469 316 (32.)
1489 283 1519 310 sr.
1540 286 1580 310 -14,
1600 294 1639 321 pr.
1660 283 1693 311 de
1712 284 1814 312 liberali
1833 296 1854 312 c.
1874 287 1915 311 40.
1938 287 1978 312 12.

1140 327 1170 353 11.
1192 329 1258 361 01).
1286 326 1333 353 Sui
1353 326 1471 354 heredes.
1494 343 1526 346 —
1558 328 1611 362 Qui
1636 329 1770 354 testatoris
1794 329 1844 354 iuri
1867 328 1979 355 subiecti

1118 394 1119 399 .
1141 380 1193 396 non
1213 375 1281 396 sunt.
1307 369 1363 396 Gai.
1382 369 1413 396 II.
1435 372 1491 396 157.
1509 380 1567 407 sqq.
1589 372 1644 396 161.
1665 370 1707 397 III.
1726 372 1768 397 84.
1787 370 1831 397 IV.
1851 372 1892 397 80.
1929 370 1980 397 Vel

1141 415 1166 440 in
1187 412 1267 439 tutela
1287 423 1354 441 esse.
1373 412 1416 439 vel
1435 413 1461 439 in
1481 414 1621 440 curatione.
1642 429 1674 433 —-
1694 413 1794 440 Neutro
1814 414 1869 440 iure
1888 414 1980 440 teucri.

1141 456 1177 483 lb.
1202 456 1220 482 1.
1247 458 1303 482 1-12.
1344 455 1373 482 In
1394 460 1526 493 potestate
1550 458 1632 494 patris
1656 457 1789 493 degentes.
1814 472 1846 476 —
1876 455 1981 493 Proprii

1142 500 1205 526 iuris
1230 500 1374 526 constituti.
1404 509 1425 525 c.
1448 500 1486 524 15.
1511 498 1542 525 de
1562 499 1622 526 don.
1642 500 1673 526 A.
1695 499 1726 526 N.
1746 502 1769 526 5.
1789 501 1814 526 3.
1850 499 1894 525 III.
1915 501 1981 527 Gn.

1143 542 1195 578 Qui
1215 543 1298 568 nostri
1319 542 1382 568 iuris
1402 546 1472 573 sunt,
1492 546 1518 568 et
1536 548 1625 569 nostra
1645 543 1743 570 debent
1761 542 1894 569 custodire
1913 551 1983 568 man-

1143 584 1210 611 data.
1229 584 1279 611 Th.
1300 584 1331 611 C.
1350 584 1383 611 X.
1403 586 1426 611 4.
1447 595 1467 611 e.
1490 586 1513 611 1.
1533 584 1565 611 de
1583 591 1663 612 actor.
1683 595 1787 623 procur.
1824 584 1894 611 Intra
1913 583 1983 610 Afri-

1143 637 1220 654 canas
1238 629 1398 664 provincias.
1418 627 1448 654 ad
1464 628 1504 654 ius
1518 633 1637 655 nostrum
1650 630 1824 666 pertinentes
1843 626 1910 653 Νῦν.
1924 626 1982 653 val.

1142 671 1185 697 111.
1205 670 1237 697 de
1256 671 1345 697 tribut.
1364 671 1420 697 fise.
1441 670 1471 697 II.
1493 673 1532 698 19.
1553 682 1574 698 c.
1596 673 1618 698 l.
1637 673 1659 706 5.
1676 674 1715 698 12.
1744 671 1837 703 Pilius,
1855 669 1898 697 vel
1917 679 1984 706 quae

1143 713 1192 740 alia
1211 724 1324 751 persona
1343 715 1393 740 iuri
1413 715 1468 740 eius
1488 714 1614 741 subiecta.
1639 714 1670 741 sr.
1689 717 1713 741 5.
1733 715 1755 748 5.
1775 715 1799 740 6.
1819 713 1852 740 de
1871 717 1938 739 auct.
1959 717 1985 739 et

1144 766 1215 783 cons.
1235 757 1277 782 26.
1297 760 1320 782 δ’.
1341 756 1371 783 sr.
1384 758 1409 783 3.
1429 757 1466 791 55.
1485 759 1508 784 2.
1529 767 1568 793 sq.
1588 757 1621 784 de
1640 757 1700 784 don.
1721 759 1768 784 int.
1786 756 1818 783 V.
1831 758 1872 782 24.
1888 758 1909 782 1.
1924 766 1945 782 c.
1959 758 1984 782 4.

1144 799 1202 826 cod.
1222 801 1245 826 5.
1268 800 1308 825 16.
1344 798 1454 826 Liberae
1472 809 1613 836 personae,
1639 801 1666 826 in
1685 810 1749 837 quas
1769 798 1870 826 nullum
1889 799 1930 825 ius
1949 803 1985 824 te-

1145 847 1229 869 stator
1247 842 1375 868 babuerit.
1400 842 1430 869 fr.
1452 845 1490 869 15.
1514 843 1535 877 5.
1555 844 1579 869 3.
1606 842 1639 869 de
1657 842 1687 869 L.
1707 842 1788 869 Corn.
1813 841 1846 868 de
1865 841 1923 869 fals.
1943 842 1984 868 48.

1148 887 1186 911 10.
1223 884 1312 912 Liberi
1331 885 1459 917 homines,
1480 895 1546 922 quos
1566 896 1652 922 neque
1670 886 1721 912 iuri
1740 889 1831 911 nostro
1851 884 1985 911 subiectos

1144 928 1279 959 habemus,
1300 938 1385 964 neque
1404 928 1428 955 b.
1449 928 1464 954 f.
1484 928 1661 966 possidemus.
1684 928 1740 954 Gai.
1760 927 1790 954 II.
1809 929 1851 954 95.
1870 927 1985 954 111.103.

1145 982 1184 1008 sq.
1204 970 1247 997 IV.
1270 972 1326 996 135.
1347 970 1377 997 l‘r.
1397 972 1420 997 6.
1439 971 1462 1005 5.
1481 974 1505 998 2.
1526 971 1558 997 de
1577 971 1659 998 usul'r.
1681 973 1704 997 7.
1726 973 1748 997 l.
1773 970 1803 997 l'r.
1823 972 1849 997 9.
1868 971 1890 1004 5.
1909 971 1933 996 6.
1954 969 1987 996 de

1145 1015 1234 1041 interr.
1254 1015 1280 1040 in
1300 1015 1364 1040 iure.
1380 1015 1419 1040 11.
1435 1015 1456 1040 1.
1488 1014 1563 1049 Quae
1583 1015 1633 1047 (sc.
1653 1013 1762 1045 tutelae)
1782 1014 1807 1040 in
1828 1014 1883 1040 iure
1902 1012 1987 1039 alieno

1146 1058 1268 1094 personis
1287 1058 1383 1094 positis
1403 1056 1563 1083 deferuntur.
1588 1056 1618 1083 fr.
1639 1059 1662 1083 7.
1687 1067 1726 1094 pr.
1751 1056 1784 1083 de
1808 1067 1862 1094 cap.
1882 1057 1943 1082 min.
1962 1057 1987 1082 4.

1146 1102 1170 1126 5.
1209 1100 1256 1126 Sin
1276 1100 1431 1136 emancipati
1451 1110 1463 1125 a
1482 1104 1557 1136 patre
1580 1099 1689 1131 suerint,
1713 1099 1756 1126 vel
1779 1099 1830 1126 alio
1849 1099 1928 1126 modo
1947 1099 1989 1125 sui

1147 1144 1210 1170 iuris
1231 1142 1325 1169 effecti.
1345 1142 1376 1169 fr.
1395 1143 1437 1169 38.
1457 1152 1496 1180 pr.
1517 1142 1549 1168 de
1567 1142 1629 1169 bon.
1649 1142 1736 1169 libert.
1755 1143 1796 1169 33.
1816 1144 1840 1168 2.
1872 1142 1940 1169 Cum
1953 1143 1988 1168 ita

1124 1211 1126 1223 ‹
1148 1196 1206 1212 eum
1226 1190 1300 1223 pater
1319 1185 1351 1212 de
1370 1190 1503 1223 potestate
1522 1184 1642 1216 dimittit,
1662 1190 1690 1212 ut
1709 1186 1749 1212 sui
1768 1186 1833 1212 iuris
1852 1185 1988 1212 efficiatur.

1148 1228 1204 1255 Gai.
1225 1228 1243 1255 Ι.
1264 1228 1365 1255 134.οΓ.
1386 1230 1442 1254 124.
1456 1238 1540 1264 sq.—
1560 1228 1591 1261 §.
1607 1229 1694 1256 gJ),
1713 1230 1767 1256 lus
1786 1230 1875 1256 circa
1895 1230 1986 1262 bona,

1148 1278 1211 1298 {am
1234 1273 1373 1306 propria
1399 1281 1491 1305 quam
1515 1273 1635 1298 aliena.
1673 1273 1729 1298 111³
1752 1273 1785 1298 in
1808 1281 1848 1298 re.
1885 1270 1904 1297 1.
1925 1272 1987 1305 Sy.

1149 1314 1306 1341 Servitutes.
1344 1313 1402 1340 Iura
1425 1313 1600 1351 praediorum.
1629 1313 1660 1340 fr.
1681 1315 1720 1340 ll.
1748 1314 1770 1348 5.
1790 1315 1814 1340 3.
1842 1313 1873 1341 fr.
1894 1315 1934 1340 12.
1956 1313 1989 1340 de

1148 1359 1250 1395 pigner.
1269 1359 1311 1383 20.
1332 1359 1355 1383 l.
1375 1356 1405 1383 sr.
1427 1357 1484 1383 126.
1504 1356 1537 1383 de
1555 1355 1587 1383 V.
1608 1356 1635 1383 S.
1655 1358 1696 1383 50.
1717 1358 1758 1383 16.
1794 1355 1909 1383 Titulus.
1936 1356 1988 1383 Ins.

1125 1391 1127 1412 Ι
1149 1400 1198 1427 Τ11.
1220 1400 1250 1427 C.
1270 1399 1315 1427 XI.
1336 1401 1377 1426 16.
1402 1410 1423 1426 c.
1443 1401 1484 1426 20.
1510 1399 1542 1426 de
1561 1404 1627 1426 extr.
1647 1409 1668 1426 S.
1689 1399 1759 1426 sord.
1796 1398 1827 1426 II.
1848 1400 1915 1433 ⁰1).
1939 1398 1989 1426 Ne-

1126 1475 1127 1479 *
1149 1454 1200 1480 que
1219 1445 1265 1472 rei.
1285 1444 1320 1476 (s.
1340 1442 1483 1479 corporis)
1502 1452 1588 1479 neque
1606 1443 1671 1469 iuris
1690 1442 1762 1469 velut
1780 1451 1929 1479 possessor.
1957 1442 1988 1469 [r.

1150 1488 1190 1513 18.
1210 1487 1232 1521 5.
1254 1488 1276 1513 1.
1296 1485 1329 1512 de
1347 1485 1436 1512 hered.
1462 1490 1515 1522 pet.
1534 1487 1558 1512 5.
1578 1487 1602 1511 3.
1627 1485 1659 1512 cf.
1680 1484 1710 1512 fr.
1729 1487 1753 1512 3.
1773 1486 1795 1519 5.
1816 1487 1839 1512 l.
1859 1484 1892 1511 de
1910 1484 1940 1511 B.
1959 1484 1988 1511 P.

1149 1532 1191 1557 37.
1212 1531 1234 1556 1.
1272 1528 1336 1556 Tam
1356 1527 1508 1565 corporales
1527 1538 1583 1559 res,
1604 1538 1680 1565 quam
1701 1538 1766 1564 quae
1785 1528 1812 1554 in
1830 1528 1886 1554 iure
1905 1529 1990 1554 cousi-

1150 1577 1231 1599 stunt.
1263 1571 1336 1599 Paul.
1355 1571 1397 1597 Ill.
1417 1572 1440 1597 6.
1461 1571 1543 1605 5.11.
1568 1571 1625 1598 Gai.
1644 1570 1688 1597 IV.
1707 1572 1732 1597 3.
1769 1570 1832 1597 Sive
1850 1571 1914 1599 iura.
1933 1571 1990 1598 sive

1151 1625 1262 1652 corpora
1281 1616 1342 1641 sint.
1367 1614 1399 1641 fr.
1419 1616 1459 1640 18.
1483 1613 1504 1647 5.
1524 1617 1548 1640 2.
1573 1613 1606 1640 de
1628 1613 1717 1640 bered.
1737 1618 1790 1651 pet.
1809 1616 1833 1640 5.
1852 1615 1876 1640 3.
1906 1613 1989 1640 Vatic.

1150 1659 1172 1692 5.
1186 1660 1227 1685 92.
1252 1657 1369 1684 Praedia.
1384 1673 1415 1676 -
1435 1656 1493 1683 Iura
1512 1667 1610 1683 eorum.
1631 1656 1660 1683 fr.
1680 1658 1704 1683 9.
1724 1656 1746 1690 5.
1760 1658 1784 1682 5.
1804 1656 1836 1683 de
1855 1657 1909 1683 reb.
1923 1661 1990 1683 auct.

1151 1701 1203 1728 iud.
1223 1703 1265 1727 42.
1284 1702 1308 1726 5.
1337 1699 1400 1726 Sive
1419 1699 1517 1726 domini
1536 1700 1597 1728 sint.
1618 1700 1674 1726 sive
1693 1698 1792 1735 aliquid
1811 1700 1838 1726 in
1858 1710 1886 1726 ea
1906 1710 1934 1726 re
1948 1701 1991 1726 ius

1150 1744 1271 1771 habeant.
1295 1743 1325 1770 fr.
1347 1744 1386 1768 19.
1406 1752 1445 1779 pr.
1472 1742 1503 1768 cf.
1531 1742 1560 1768 fr.
1582 1744 1621 1768 13.
1642 1743 1663 1776 5.
1686 1744 1708 1769 l.
1728 1741 1760 1769 de
1779 1742 1863 1769 damn.
1884 1742 1929 1769 ins.
1947 1744 1990 1770 39.

1150 1789 1174 1814 2.
1194 1786 1224 1814 fr.
1237 1788 1280 1812 20.
1299 1785 1333 1812 de
1351 1785 1427 1821 legat.
1440 1784 1484 1811 111.
1504 1786 1570 1817 (32.)
1602 1785 1653 1812 Vel
1672 1787 1697 1811 in
1717 1785 1803 1817 bonis,
1822 1785 1865 1812 vel
1884 1796 1916 1812 ex
1935 1786 1991 1813 iure

1152 1830 1303 1866 Quiritium.
1323 1828 1364 1855 vel
1381 1838 1412 1854 ex
1427 1833 1538 1864 utroque
1551 1829 1606 1855 iure.
1620 1830 1786 1864 (cuiusquam
1800 1829 1880 1861 esse.)
1901 1828 1957 1856 Gai.
1970 1828 1989 1856 Ι.

1151 1875 1192 1899 54.
1212 1872 1243 1900 cf.
1265 1874 1304 1898 15.
1325 1873 1364 1897 17.
1384 1870 1470 1897 11.40.
1485 1881 1524 1907 sq.
1539 1873 1597 1898 222.
1626 1871 1668 1897 111.
1685 1873 1750 1899 Gn.
1770 1871 1831 1907 Quo
1851 1872 1915 1903 iure,
1930 1881 1991 1908 qua-

1151 1926 1202 1952 que
1221 1914 1372 1942 condilione
1392 1925 1420 1940 ea
1439 1914 1544 1951 praedia
1563 1913 1593 1940 L.
1614 1913 1678 1940 Titii
1702 1913 1781 1940 bodie
1804 1919 1875 1940 sunt.
1899 1914 1928 1940 fr.
1948 1915 1988 1940 81.

1151 1959 1174 1992 5.
1196 1960 1217 1984 1.
1238 1957 1270 1984 dc
1289 1962 1372 1983 contr.
1392 1961 1451 1982 emt.
1472 1958 1511 1983 18.
1533 1959 1554 1983 l.
1584 1957 1659 1992 Quae
1677 1957 1733 1983 iure
1752 1956 1839 1993 aliquo
1857 1956 1990 1993 possidea-

1151 2010 1222 2032 mus,
1247 2001 1365 2036 quamvis
1390 2010 1442 2026 nou
1462 2001 1515 2026 siut
1535 1999 1642 2026 dominii
1662 2001 1753 2026 nostri.
1779 2000 1808 2026 t'r.
1830 2000 1886 2025 181.
1907 1999 1939 2025 de
1958 1999 1989 2025 V.

1152 2043 1179 2070 S.
1199 2045 1240 2070 50.
1262 2044 1300 2069 16.
1326 2042 1357 2069 cf.
1385 2042 1474 2069 sr.19.
1499 2052 1538 2079 pr.
1564 2042 1597 2068 de
1621 2042 1705 2068 damn.
1730 2042 1774 2068 inf.
1793 2043 1834 2068 39.
1853 2043 1876 2067 2.
1916 2042 1991 2077 Quae

1152 2088 1178 2112 iu
1197 2087 1253 2112 iure
1273 2086 1429 2111 consistunt.
1449 2084 1479 2111 fr.
1501 2086 1523 2110 l.
1543 2085 1564 2118 5.
1586 2086 1607 2110 l.
1628 2084 1661 2111 de
1679 2084 1710 2111 R.
1724 2084 1758 2111 D.
1774 2086 1795 2110 1.
1808 2086 1832 2111 8.
1852 2084 1884 2110 cl'.
1905 2084 1935 2111 sr.
1949 2086 1990 2112 66.

1152 2129 1174 2163 5.
1194 2130 1217 2154 6.
1238 2128 1270 2154 de
1289 2128 1364 2163 legat.
1378 2127 1410 2154 II.
1430 2128 1496 2161 (31.)
1534 2127 1617 2153 Etiam
1637 2128 1694 2153 sine
1713 2127 1767 2154 ullo
1788 2137 1906 2164 corpore,
1927 2129 1991 2154 iuris

1152 2170 1315 2198 intellectum
1334 2170 1418 2196 babet.
1442 2170 1473 2196 sr.
1492 2171 1533 2196 50.
1553 2179 1591 2206 pr.
1613 2169 1644 2196 de
1664 2169 1751 2196 hered.
1772 2174 1823 2207 pet.
1843 2172 1867 2196 5.
1887 2172 1911 2196 3.
1942 2169 1992 2198 Rei

1153 2213 1329 2251 adpellatione
1353 2218 1378 2239 et
1403 2223 1495 2239 causae
1520 2217 1546 2239 et
1569 2213 1624 2239 iura
1648 2214 1822 2239 continentur.
1848 2212 1878 2240 sr.
1897 2214 1939 2239 23.
1959 2213 1992 2240 de

1154 2257 1185 2284 V.
1206 2256 1233 2283 S.
1247 2259 1288 2283 50.
1305 2258 1343 2283 16.
1376 2257 1404 2282 Si
1425 2255 1559 2293 praedium
1579 2255 1626 2282 fuit
1644 2257 1819 2292 pigneratum,
1840 2260 1865 2282 et
1885 2255 1917 2282 de
1936 2257 1993 2283 iure

1154 2301 1210 2326 eius
1234 2298 1468 2336 repromittentium
1492 2303 1539 2325 est.
1568 2298 1597 2324 I'r.
1620 2299 1658 2324 15.
1684 2298 1716 2324 de
1740 2300 1808 2336 pigu.
1833 2303 1881 2325 aet.
1907 2300 1947 2325 13.
1968 2301 1990 2325 7.

1155 2343 1185 2369 ei'.
1206 2342 1237 2369 fr.
1258 2344 1315 2368 126.
1336 2342 1368 2368 de
1389 2341 1419 2368 V.
1439 2342 1466 2367 S.
1486 2343 1527 2367 50.
1549 2342 1586 2366 16,
1616 2340 1715 2377 Legare
1734 2341 1839 2368 domum
1859 2351 1917 2368 cum
1935 2343 1992 2368 iure

1155 2396 1202 2412 suo
1223 2386 1301 2417 omni,
1322 2390 1347 2411 et
1366 2386 1547 2414 instrumento.
1568 2388 1592 2409 ct
1612 2384 1786 2420 supellectile.
1806 2383 1837 2411 fr.
1854 2385 1877 2410 8.
1898 2384 1931 2411 de
1950 2394 1992 2412 su-

1155 2428 1216 2466 pell.
1238 2428 1286 2464 leg.
1305 2429 1407 2454 33.10.
1427 2426 1458 2453 cl'.
1478 2426 1508 2452 fr.
1531 2427 1569 2451 12.
1590 2426 1610 2460 5.
1631 2428 1671 2453 42.
1692 2427 1724 2453 de
1743 2428 1818 2453 instr.
1837 2427 1886 2463 leg.
1906 2429 1947 2454 33.
1968 2429 1990 2454 7.

1131 2474 1133 2507 ξ
1156 2471 1226 2497 Paul.
1247 2471 1289 2497 III.
1309 2473 1332 2498 6.
1352 2471 1390 2504 55.
1409 2471 1449 2495 48.
1469 2470 1509 2495 58.
1530 2468 1672 2495 Tl1.c.x.
1686 2470 1709 2496 8.
1731 2480 1751 2496 c.
1768 2472 1789 2496 l.
1809 2469 1841 2496 de
1861 2470 1921 2496 bon.
1936 2480 1989 2496 vac.

1132 2538 1133 2541 .
1156 2513 1264 2540 Praedia
1283 2514 1309 2539 in
1328 2512 1417 2539 Italico
1437 2511 1504 2541 solo.
1526 2528 1553 2531 -
1576 2513 1636 2538 item
1657 2513 1710 2538 iura
1730 2512 1896 2549 praediorum
1916 2513 1990 2539 rusti-

1132 2548 1133 2558 ¹
1156 2566 1252 2583 eorum.
1281 2555 1342 2592 le.
1360 2554 1431 2581 XIX.
1453 2557 1474 2580 l.
1496 2554 1526 2580 cf.
1547 2555 1595 2580 Gai
1622 2554 1652 2581 ll.
1672 2557 1713 2582 29.
1743 2556 1856 2591 Quoties
1875 2556 1929 2587 via,
1947 2559 1989 2581 aut

1156 2599 1263 2636 aliquod
1282 2600 1321 2625 ius
1341 2596 1413 2623 fundi
1433 2602 1568 2623 emeretur.
1594 2597 1623 2624 l'r.
1642 2600 1684 2624 ⁴20.
1710 2597 1742 2624 de
1761 2599 1850 2624 servit.
1869 2599 1893 2625 8.
1915 2599 1937 2624 l.
1957 2596 1988 2623 cf.

1134 2656 1135 2660 =
1157 2642 1213 2668 Gai.
1233 2641 1263 2667 11.
1282 2642 1324 2666 31.
1361 2640 1423 2665 Sive
1443 2640 1482 2665 ius
1502 2639 1643 2676 stipulatus
1663 2641 1722 2676 quis
1741 2641 1788 2671 sit,
1807 2640 1888 2667 veluti
1907 2648 1990 2666 usum-

1158 2684 1202 2716 sr.,
1230 2683 1272 2710 vel
1296 2683 1447 2708 servitutem
1467 2687 1636 2719 utrorumque
1659 2683 1834 2720 praediorum.
1858 2682 1887 2709 t'r.
1909 2683 1929 2707 1.
1949 2691 1988 2718 pr.

1158 2727 1190 2753 de
1214 2725 1325 2752 condiet.
1351 2726 1428 2751 tritic.
1455 2727 1493 2752 13.
1517 2728 1541 2752 3.
1579 2725 1652 2752 Citra
1676 2726 1840 2757 servitutem,
1864 2725 1920 2750 iure
1941 2733 1989 2750 suo

1158 2779 1239 2806 posse
1261 2767 1417 2794 intercidere
1441 2771 1494 2800 (sc.
1518 2769 1654 2794 traiectum
1676 2766 1875 2805 aquaeductus)
1899 2765 1929 2792 fr.
1947 2767 1988 2792 29.

1158 2812 1179 2845 5.
1203 2813 1224 2837 1.
1244 2811 1276 2837 ad
1295 2810 1323 2837 L.
1344 2811 1411 2847 Aqu.
1431 2813 1454 2838 9.
1470 2813 1494 2837 2.
1508 2827 1540 2831 —
1561 2811 1592 2844 ἓ.
1606 2811 1693 2837 2.E.
1718 2810 1922 2838 νηίου-εἰὶσε
1941 2811 1988 2835 bo-
