2197 3121
958 151 1036 182 PEL
1052 170 1090 175 —
1104 151 1198 182 PEN.

202 241 251 263 etc.
271 235 321 262 Th.
342 234 373 262 C.
393 234 463 262 XVI.
483 236 507 261 5.
527 245 549 262 c.
567 236 609 262 20.
630 233 662 260 de
681 233 777 260 haeret.
799 233 830 259 cf.
850 232 920 260 XIV.
937 235 960 260 9.
981 244 1002 260 c.
1016 234 1040 260 3.

202 279 235 306 de
254 278 324 305 stud.
349 278 423 305 liber.
443 278 500 304 urb.
520 277 551 304 R.
589 276 774 304 conductores
794 276 892 313 pellere
911 278 981 309 (non
1000 287 1042 303 so-

201 322 264 348 lutis
283 321 479 359 pensionibus.)
498 319 529 346 fr.
549 322 588 346 10.
609 320 629 353 5.
652 321 673 346 l.
695 319 726 346 de
746 319 876 356 publican.
895 321 937 345 39.
951 321 974 345 4.
1012 319 1041 346 Si

201 364 234 391 de
252 366 425 402 possessione
443 369 469 390 te
488 362 593 400 pulsum
612 362 802 389 animadvertit.
828 362 910 389 vatic.
939 362 960 395 5.
979 364 1039 388 312.

201 408 254 444 Qui
273 408 409 445 prohibuit
428 416 505 443 quem
522 406 613 431 venire
632 406 658 431 in
672 406 878 442 possessionem,
897 404 944 430 sed
963 406 1039 431 etiam

200 461 266 483 eum,
287 451 330 487 qui
352 449 396 483 [al.
411 459 478 481 enm,
497 459 510 474 a
530 458 581 484 quo
602 449 674 484 quis]
695 449 866 485 possessione
878 447 971 484 pulsus
989 453 1038 481 est,

199 503 257 519 cnm
275 494 393 519 venisset
417 493 443 518 in
463 491 667 529 possessionem.
694 491 724 517 fr.
745 493 768 517 l.
792 491 812 525 5.
832 493 856 517 3.
883 500 915 516 nc
934 491 974 516 vis
993 490 1039 516 fiat

199 537 230 562 ei.
249 537 291 562 43.
310 538 334 562 4.

234 579 379 606 Pollex.
403 578 596 604 Concubina.
634 576 725 611 LSy.
744 576 781 603 Ea
801 586 876 612 quae,
896 585 954 601 eum
968 586 1035 602 uxor

197 631 250 647 non
269 625 348 652 essct,
369 630 427 646 cum
447 619 535 656 aliquo
554 625 640 646 tamen
659 619 772 646 vivebat.
792 618 823 644 fr.
839 619 894 644 144.
916 618 949 644 de
968 618 1035 645 VS.

197 665 236 689 50.
258 664 297 689 16.
335 662 498 689 Concubina.
527 662 568 689 Cs.
593 662 616 688 h.
641 672 664 688 v.
690 663 711 695 5.
733 663 754 687 1.
797 660 839 687 III.
861 662 926 688 Gn.
946 661 1037 688 Pellex

196 715 264 732 aram
282 705 389 732 Iunonis
409 716 442 732 ne
461 706 567 741 tangito.
589 704 709 731 F1·r.LL.
723 703 823 730 Numae
836 703 927 740 Pomp.
947 713 988 730 no.
999 705 1022 730 8.

233 749 434 775 Peuicere.
481 750 683 779 Excantare,
722 748 929 773 Carminibus
961 757 1035 773 ava-

194 801 275 818 care.
313 790 357 817 III.
378 792 445 818 Gn.
472 790 546 817 Neve
569 790 677 817 alienam
696 794 811 825 segetem
829 789 980 826 pellexeris.
1003 789 1033 816 L.

193 833 243 860 XII
261 833 346 860 Tabb.
366 832 432 859 VIII.
452 833 476 859 8.

230 876 423 903 Pellicius.
443 875 573 908 (Adiect.)
594 877 642 902 Ex
659 877 743 909 pelle
756 876 881 911 factas.
909 874 950 901 III.
966 876 1032 902 Gn.

193 918 310 945 Tunicae
334 923 360 945 et
385 918 499 954 stragula
523 917 627 956 pellicia
648 917 699 951 [al.
723 917 858 955 pellicea.]
884 917 914 944 fr.
933 919 975 944 24.
1001 917 1033 944 de

193 972 255 988 auro
275 972 326 998 arg.
345 963 387 988 34.
407 963 430 987 2.

229 1004 363 1031 Pellio.
410 1005 473 1037 Qui
499 1013 535 1030 ex
559 1005 700 1038 pellibus
722 1005 816 1039 facit
844 1013 956 1037 opera,
987 1007 1031 1034 (et

191 1049 338 1073 tentoria
356 1048 524 1076 militum.)
562 1045 604 1072 III.
617 1047 682 1074 Gn.
697 1046 840 1075 Sti-atores.
855 1051 880 1073 et
893 1046 1031 1084 pelliones,

191 1089 235 1123 [al.
255 1089 409 1127 Polliones,]
429 1093 455 1115 et
474 1088 599 1115 custodes
619 1099 747 1115 armornm
768 1094 816 1115 etc.
836 1089 866 1115 fr.
880 1091 904 1116 6.
925 1088 957 1115 de
976 1090 1031 1115 iure

190 1134 259 1158 imm.
278 1135 319 1159 50.
339 1133 362 1158 6.
398 1132 524 1158 Artifices
543 1133 644 1163 artium,
660 1148 690 1152 —
705 1131 828 1164 fullones,
848 1132 929 1168 figuli,
949 1132 1031 1169 plum-

190 1175 263 1206 barii,
283 1174 421 1212 pelliones.
447 1174 497 1200 Th.
517 1173 546 1200 C.
567 1174 636 1201 XIII.
656 1176 680 1201 4.
701 1185 722 1201 c.
742 1177 766 1201 2.
786 1176 818 1201 de
838 1185 926 1204 excus.
946 1175 1012 1201 artis.

227 1218 355 1244 Pelflis.
395 1218 636 1251 Operimentam
656 1220 806 1252 corporis
826 1220 1029 1245 animalium.

188 1260 231 1287 III.
250 1261 316 1288 Gn·
345 1259 433 1286 Pelles
456 1259 566 1286 lanatae.
609 1259 696 1286 Pelles
721 1262 842 1297 caprinae
865 1266 891 1287 et
914 1262 1029 1297 agninae.

188 1303 218 1330 l'r.
238 1305 278 1330 70.
307 1303 328 1337 5.
349 1304 371 1329 8,
397 1302 429 1329 de
453 1302 528 1338 legat.
550 1302 591 1328 III.
612 1303 689 1336 (32.)
716 1303 746 1330 fr.
766 1306 807 1330 25.
828 1304 850 1337 5.
870 1305 893 1330 8.
915 1304 946 1330 de
967 1314 1029 1330 auro

187 1355 237 1382 arg.
257 1347 299 1372 34.
318 1347 342 1371 2.
372 1344 460 1371 Pelles
474 1345 660 1381 Babylonicae,
680 1346 764 1383 pelles
779 1346 923 1373 Parthicae.
943 1346 973 1373 fr.
990 1348 1027 1373 16.

186 1389 208 1422 5.
229 1390 251 1415 7.
272 1387 304 1414 de
323 1387 454 1425 publican.
474 1389 515 1414 39.
536 1390 560 1414 4.
598 1388 684 1415 Pelles
710 1389 865 1415 indutoriae.
893 1389 966 1416 Paul.
986 1389 1028 1416 III.

185 1432 210 1457 6.
230 1431 251 1465 ξ,
272 1432 312 1457 79.
349 1430 445 1462 Pelles,
466 1430 562 1466 quibus
582 1431 753 1458 involvuntur
771 1432 984 1459 vestimenta-fr.
1004 1435 1029 1459 5.

185 1474 207 1507 5.
229 1475 251 1500 l.
272 1473 303 1500 cf.
323 1473 354 1500 fr.
374 1475 396 1499 7.
417 1483 456 1510 pr.
477 1473 509 1499 de
528 1473 624 1510 supell.
644 1474 693 1510 leg.
712 1476 754 1501 33.
775 1477 814 1501 10.

223 1517 520 1549 Peloponnesus-
535 1518 713 1544 Peninsala
725 1520 891 1545 Graeciae.
911 1518 1027 1546 111ίή.

185 1559 334 1595 Quinquies
354 1565 496 1595 quaternos
516 1561 618 1586 enixam
637 1560 828 1597 Peloponnesi,
849 1561 896 1594 [al.
917 1561 1028 1598 Pelopo-

184 1603 289 1635 nensi‚]
314 1602 409 1628 multas
428 1602 543 1639 Aegypti
568 1613 620 1629 uno
644 1608 719 1629 utero
743 1609 876 1641 septenos
902 1604 932 1630 sr.
952 1606 976 1631 3.
1002 1605 1024 1630 si

184 1654 246 1681 pars
269 1644 357 1671 hered.
377 1647 400 1672 5.
421 1647 444 1671 4.

222 1688 362 1715 Pelvis.
404 1689 464 1714 l‘as
489 1691 673 1723 aquariam.
710 1688 753 1715 III.
780 1690 845 1717 Cn.
870 1689 1024 1727 Delphicae,

183 1729 283 1767 pelveS‚
305 1730 427 1762 conchae,
448 1731 620 1767 aquiminalia.
640 1731 712 1758 Paul.
733 1731 773 1758 III.
792 1733 814 1758 6.
835 1732 857 1765 5.
877 1734 918 1759 56.
956 1732 1025 1759 Vasa

184 1778 312 1809 argentea,
333 1790 363 1793 —
385 1773 527 1805 acetabula,
547 1774 655 1807 trullae,
673 1774 773 1812 pelves.
794 1774 823 1800 sr.
845 1776 884 1801 19.
904 1775 926 1808 5.
948 1776 972 1801 9.
992 1775 1024 1802 de

183 1826 246 1842 auro
266 1825 317 1851 arg.
336 1818 377 1842 34.
397 1818 421 1842 2.

220 1860 399 1885 Penates.
437 1860 577 1886 Numina
600 1862 764 1886 tutelaria
788 1862 895 1886 domus
918 1868 947 1887 et
965 1863 1023 1897 fa-

182 1903 303 1928 miliae.
340 1901 358 1927 I.
372 1903 434 1935 Sy.
453 1901 629 1928 Domicilium.
650 1902 717 1928 Nov.
731 1902 781 1928 Th.
795 1902 824 1929 II.
839 1902 871 1929 dc
884 1904 1022 1940 patrimon.

181 1944 200 1970 I.
220 1945 243 1971 3.
264 1954 285 1970 c.
307 1946 328 1970 l.
348 1944 384 1977 55.
404 1946 428 1970 2.
449 1954 488 1980 sq.
527 1944 569 1970 III.
590 1946 656 1972 011.
680 1944 772 1971 Larem
796 1946 867 1981 igne,
892 1956 963 1972 mero
982 1956 1023 1982 ge-

181 1987 261 2018 nium,
280 1991 388 2024 penates
408 1986 501 2013 nidore
519 1993 667 2014 veneratus.
688 1987 737 2013 Th.
753 1987 783 2014 C.
798 1988 868 2014 XVI.
885 1990 923 2015 10.
945 1999 965 2015 c.
983 1991 1022 2015 12.

181 2039 219 2066 pr.
235 2029 267 2055 de
281 2039 371 2066 pagan.
408 2029 437 2055 In
456 2030 595 2066 penatibus
615 2031 740 2067 propriiS,
759 2031 801 2057 vel
820 2032 846 2057 in
860 2031 1023 2068 quibuslibet

181 2071 247 2098 locis
267 2073 379 2103 (annum
400 2073 568 2108 transigere.)
588 2072 623 2099 lb.
645 2072 700 2100 Vll.
722 2075 760 2100 18.
782 2084 802 2100 c.
825 2075 863 2100 16.
884 2073 916 2100 de
935 2074 1022 2100 deser-

181 2119 231 2141 tor.
267 2114 310 2141 Ad
329 2115 508 2152 disponendas
528 2125 570 2141 res
589 2125 664 2147 suas,
684 2117 934 2153 componendosque
953 2127 1021 2143 moe-

182 2161 238 2182 stos
257 2162 365 2193 penates
385 2159 509 2195 (spatium
529 2158 630 2191 tribui.)
658 2158 694 2185 lb.
715 2158 759 2185 IX.
779 2161 803 2186 2.
824 2170 846 2186 c.
864 2162 888 2187 3.
909 2160 941 2187 de
960 2160 1019 2187 exli.

181 2209 206 2225 v.
225 2204 330 2226 transm.

219 2242 405 2270 remu-ere.
455 2244 485 2276 ξ.
511 2246 545 2270 1.
579 2245 773 2276 Cohaerere,
806 2247 1019 2273 Coninactum

180 2294 257 2310 esse.
294 2284 312 2310 I.
327 2286 388 2318 Sy.
408 2286 460 2321 Qui
481 2286 621 2313 cohaerent
637 2286 753 2319 (fundo)
773 2287 889 2316 Stantes.
902 2288 1020 2315 Penden-

180 2332 221 2353 tes
241 2326 375 2359 (fructus.)
393 2327 464 2355 Paul.
486 2329 527 2355 III.
547 2331 570 2355 6.
591 2330 612 2363 5.
633 2331 674 2356 46.
695 2330 723 2356 fr.
744 2332 785 2356 44.
806 2330 838 2356 de
857 2331 887 2357 R.
908 2331 939 2358 V.
957 2333 979 2357 6.
997 2334 1018 2358 1.

180 2370 211 2396 fr.
230 2371 271 2395 27.
291 2380 330 2406 pr.
351 2369 383 2395 de
401 2371 481 2397 usufr.
502 2374 524 2398 7.
546 2374 568 2398 1.
589 2372 618 2399 fr.
638 2374 679 2398 26.
700 2374 721 2406 5.
744 2375 766 2399 l.
791 2373 820 2399 sr.
841 2375 881 2399 61.
901 2374 922 2407 5.
943 2375 966 2400 8.
987 2375 1019 2401 de

181 2412 240 2438 l'urt.
260 2414 301 2438 47.
321 2414 346 2438 2.
382 2411 424 2438 ΙΙΙ.
442 2414 506 2440 Cn.
525 2415 689 2452 Decerpere,
714 2415 756 2441 vel
776 2415 911 2447 desecare,
938 2417 1019 2454 Sepa-

180 2465 251 2486 rare,
277 2454 376 2481 fruetus
401 2455 552 2491 pendentes.
580 2458 610 2484 sr.
631 2460 672 2484 12.
697 2459 718 2492 5.
739 2461 762 2484 5.
788 2458 820 2485 de
844 2459 924 2486 usufr.
952 2462 973 2486 7.
995 2463 1016 2487 1.

180 2497 292 2523 Fructus
311 2497 457 2533 pendentes
471 2513 502 2517 —
516 2501 658 2537 percipere.
680 2501 762 2527 Vatic.
779 2502 800 2534 5.
817 2504 855 2528 15.
894 2502 1017 2529 Fructum

180 2540 263 2566 olivae
291 2539 430 2576 pendentis
460 2540 582 2567 vendere.
609 2559 641 2563 —
672 2543 831 2570 Pendentem
862 2545 1018 2572 vindemiam

179 2593 272 2609 emere.
291 2582 321 2608 fr.
340 2584 382 2609 39.
402 2583 424 2616 ξ.
445 2584 467 2608 l.
488 2582 520 2609 de
539 2588 622 2610 contr.
642 2591 700 2613 emt.
722 2588 761 2613 18.
784 2589 805 2613 1.
826 2586 855 2613 fr.
871 2590 913 2614 25.
934 2587 966 2614 de
984 2589 1016 2615 A.

179 2626 208 2652 E.
222 2625 252 2651 V.
270 2627 307 2650 19.
323 2626 344 2650 1.
357 2641 387 2644 —
408 2626 438 2658 §.
453 2627 488 2652 2.
511 2626 704 2660 Obnoxiam,
725 2632 923 2662 Subiectum,
943 2642 1014 2658 esse.

179 2668 197 2694 I.
217 2669 278 2702 Sy.
297 2666 446 2699 Proficisci,
466 2667 575 2699 Venire,
597 2678 628 2695 ex
647 2669 715 2706 (lege
735 2674 796 2704 etc..)
817 2672 872 2699 Gai.
892 2673 936 2700 IV.
957 2675 1015 2701 110.

179 2710 209 2737 fr.
229 2712 270 2737 35.
291 2710 322 2736 tle
342 2709 374 2736 Ο.
400 2715 426 2736 et
443 2710 474 2737 A.
495 2712 535 2737 44.
557 2713 579 2737 7.
606 2710 636 2737 fr.
655 2713 679 2738 5.
705 2723 744 2749 pr.
769 2715 801 2741 [le
824 2715 855 2742 V,
876 2715 909 2742 Ο,
929 2718 970 2743 45,
991 2719 1014 2744 1,

178 2752 209 2779 II.
221 2755 288 2787 Op.
308 2752 401 2779 Vtrum
420 2752 486 2788 frugi
505 2754 574 2780 vitae
588 2754 638 2787 (sc.
652 2755 726 2787 sint,)
746 2759 789 2792 qui
809 2758 872 2785 alias
892 2758 1013 2786 sufficere

179 2795 230 2822 sibi
247 2796 364 2833 possint;
389 2805 421 2822 an
439 2797 585 2833 sequioris,
605 2797 649 2833 qui
669 2796 701 2823 dc
719 2797 846 2827 alimentis
865 2801 1013 2838 pendeant?

1865 153 1926 182 693

1087 233 1118 260 sr.
1139 234 1163 260 8.
1189 233 1211 267 5.
1233 235 1273 260 ll.
1298 233 1330 260 dc
1354 239 1474 261 transact.
1499 236 1523 260 2.
1544 234 1583 260 15.
1621 232 1663 260 III.
1683 233 1748 260 011.
1774 231 1924 259 Testamen-

1086 281 1172 303 torum
1196 277 1251 302 iura
1275 277 1332 314 ipsa
1355 288 1402 314 per
1427 287 1455 303 se.
1479 278 1552 303 firma
1577 286 1635 303 esse
1659 280 1798 313 oportere,
1821 285 1873 301 non
1893 285 1924 301 ex

1085 319 1170 345 alieno
1195 319 1302 345 arbitrio
1326 320 1448 356 pendere.
1474 320 1503 346 fr.
1522 322 1563 345 32.
1583 330 1622 356 pr.
1642 319 1674 345 de
1694 318 1782 344 het-ed.
1802 319 1862 344 inst.
1881 320 1923 344 ⁴275.

1085 363 1108 388 5.
1146 362 1289 394 Damnum,
1317 362 1359 388 vel
1387 362 1500 394 lucrum,
1528 362 1646 399 pendens
1675 371 1707 388 ex
1732 371 1760 387 ea
1789 361 1922 387 societate.

1084 404 1114 431 fr.
1134 406 1175 431 38.
1195 415 1234 442 pr.
1255 404 1286 431 cf.
1307 404 1337 431 fr.
1359 407 1398 431 12.
1423 415 1470 442 pro
1496 415 1550 432 soc.
1572 407 1611 431 17.
1631 406 1657 430 2.
1694 403 1740 430 Illa
1764 414 1796 430 ex
1819 402 1923 429 iurisdi-

1084 448 1170 474 ctione
1193 447 1311 485 pendens
1336 450 1463 484 quaestio.
1489 448 1519 474 fr.
1539 449 1579 474 88.
1606 447 1638 473 de
1662 446 1740 473 solut.
1764 448 1805 472 46.
1825 448 1849 472 3.
1886 445 1923 472 Vt

1082 490 1196 527 pendeat
1214 490 1322 517 libertas
1342 501 1373 517 ex
1393 491 1550 517 conditione.
1577 490 1606 516 sr.
1628 491 1667 515 16.
1687 490 1708 523 5.
1728 490 1752 515 4.
1791 489 1844 524 Qui
1864 493 1889 514 et
1908 498 1921 514 a

1083 533 1153 569 quib.
1173 543 1240 559 man.
1259 535 1300 559 40.
1320 534 1344 559 9.
1363 549 1396 553 —
1415 534 1446 566 §.
1470 534 1506 559 ³.
1527 535 1710 564 Imminere,
1729 534 1852 558 Adesse.
1889 530 1921 557 II.

1083 577 1150 610 Op.
1169 576 1226 602 Hoc
1245 575 1277 602 de
1291 575 1467 612 pendentibus
1482 576 1602 602 sanxisse
1618 575 1744 605 snfficiat3
1764 576 1790 600 in
1804 574 1921 600 futurum

1080 629 1143 645 vero
1164 624 1213 645 etc.
1238 618 1306 645 Νῦν,
1325 618 1416 645 Maior.
1436 618 1468 644 de
1489 618 1577 645 curial.
1597 617 1640 644 lV.
1661 620 1683 644 7.
1712 628 1733 644 c.
1755 620 1777 644 l.
1801 617 1823 651 5.
1843 618 1866 642 4.
1887 632 1920 635 ——

1081 662 1111 695 §.
1127 664 1166 688 4.
1188 664 1342 694 Haerere,
1364 664 1539 692 Incertam,
1560 662 1626 687 Non
1647 662 1828 687 ahsolutum
1846 669 1918 686 esse.

1079 703 1098 729 1.
1117 705 1178 739 Sy.
1198 704 1225 730 In
1245 714 1377 742 suspenso
1397 714 1463 730 esse.
1484 703 1540 729 Gai.
1560 702 1577 729 I.
1600 705 1658 729 129.
1679 702 1739 739 Ylp.
1754 703 1785 729 X.
1805 705 1829 728 4.
1849 702 1879 728 sr.
1894 703 1917 728 9.

1080 747 1100 780 5.
1120 748 1144 773 2.
1170 746 1202 772 de
1227 746 1271 773 lib.
1297 752 1323 773 et
1346 747 1433 785 posth.
1457 747 1499 772 28.
1517 748 1542 772 2.
1567 745 1597 772 fr.
1616 747 1658 772 32.
1682 746 1704 779 5.
1726 747 1748 771 1.
1773 745 1804 771 de.
1828 744 1918 771 hered.

1079 790 1139 815 inst.
1159 790 1200 816 28.
1221 791 1245 816 5.
1282 789 1312 816 Si
1335 790 1459 827 pendeat,
1483 799 1514 815 an
1534 793 1582 815 etc.
1619 788 1753 815 Pendente
1778 787 1832 821 (die
1856 787 1918 819 etc.)

1078 831 1188 864 Interea,
1207 831 1321 860 Interim.
1342 832 1383 859 Cf.
1402 843 1426 859 v.
1445 832 1554 864 Interea,
1574 842 1597 859 v.
1614 832 1727 858 Interim.
1747 831 1769 865 5.
1790 833 1812 856 l.
1848 830 1919 856 Ante

1079 879 1200 901 eventum
1221 876 1420 911 (cognitionis.)
1457 875 1591 902 Pendente
1610 873 1801 910 (cognitione.)
1826 872 1855 899 I'r.
1877 875 1916 898 17.

1078 918 1099 951 5.
1118 919 1142 944 2.
1163 917 1195 943 de
1215 917 1238 944 d.
1260 928 1291 944 ιιι.
1313 929 1367 944 exc.
1388 920 1429 944 44.
1448 920 1472 944 4.
1509 917 1539 944 Il.
1561 920 1627 952 Op.
1653 917 1830 943 indubitatum
1850 925 1916 941 esse.

1077 960 1107 986 fr.
1127 961 1151 986 3.
1172 960 1194 994 5.
1214 963 1237 986 5.
1258 960 1289 986 de
1309 961 1387 987 Carb.
1408 961 1485 987 edict.
1500 963 1541 987 37.
1557 963 1596 987 10.
1633 959 1736 991 Valere,
1756 958 1856 985 Locum
1874 957 1917 983 ha-

1077 1002 1146 1029 bere.
1167 1003 1198 1029 fr.
1218 1005 1241 1029 6.
1262 1004 1282 1037 5.
1304 1005 1327 1030 4.
1353 1003 1384 1029 de
1404 1003 1476 1030 tutel.
1495 1005 1537 1030 26.
1559 1006 1579 1030 l.
1604 1003 1634 1029 fr.
1656 1005 1695 1029 15.
1715 1012 1754 1039 pr.
1775 1001 1807 1028 de
1826 1011 1916 1038 usurp.

1075 1047 1116 1072 41.
1136 1047 1160 1072 3.
1197 1045 1328 1078 Pendens,
1349 1062 1379 1066 —-
1399 1046 1539 1073 Exsistcns
1559 1045 1709 1079 (conditio.)
1729 1044 1785 1071 Gai.
1800 1044 1841 1070 III.
1858 1045 1915 1070 179.

1075 1088 1105 1115 fr.
1127 1091 1166 1115 12.
1187 1089 1238 1124 Qu.
1258 1089 1349 1115 satisd.
1371 1099 1425 1125 cog.
1444 1092 1468 1115 2.
1483 1091 1506 1116 8.
1527 1089 1556 1115 sr.
1573 1090 1611 1115 16.
1627 1099 1666 1126 pr.
1687 1087 1719 1114 dc
1732 1087 1807 1114 cond.
1827 1086 1914 1113 indeb.

1076 1133 1115 1157 12.
1136 1133 1160 1157 6.
1197 1132 1240 1158 III.
1261 1133 1326 1160 Gn.
1351 1131 1418 1158 Cum
1438 1142 1516 1169 opera
1535 1131 1660 1158 nonnulla
1680 1136 1723 1157 aut
1742 1135 1834 1168 coepta
1853 1139 1916 1167 pen·

1075 1174 1176 1206 derent,
1196 1179 1239 1201 aut
1258 1174 1375 1211 neglecta
1395 1180 1523 1201 nutarent.
1545 1174 1594 1201 Th.
1615 1174 1645 1201 C.
1664 1173 1721 1200 XV.
1737 1176 1759 1200 l.
1780 1184 1800 1200 c.
1820 1174 1861 1199 29.
1882 1172 1916 1198 de

1075 1227 1136 1254 opp.
1156 1217 1218 1254 pub.
1255 1217 1423 1253 Liligatorem
1444 1218 1493 1244 snb
1513 1217 1713 1243 consultationis
1727 1217 1847 1252 ambiguo
1862 1216 1915 1251 iugi

1075 1261 1273 1297 exspectatione
1297 1260 1419 1297 pendere.
1451 1261 1488 1287 lb.
1507 1260 1551 1286 XI.
1576 1262 1617 1286 30.
1643 1270 1664 1286 c.
1684 1262 1725 1286 55.
1752 1259 1784 1286 de
1809 1269 1868 1296 app.
1889 1263 1915 1284 et

1074 1313 1151 1339 poen,
1189 1303 1217 1329 In
1243 1303 1327 1330 adhuc
1352 1303 1541 1340 pendentibus,
1568 1308 1593 1329 et
1617 1302 1731 1329 iudiciali
1750 1303 1861 1328 termino
1881 1317 1913 1320 —

1074 1345 1185 1372 necdum
1205 1347 1300 1383 sopitis
1320 1347 1467 1379 (casibus.)
1493 1356 1514 1373 c.
1532 1348 1574 1372 22.
1595 1346 1615 1379 5.
1638 1348 1660 1372 1.
1680 1345 1712 1371 de
1732 1344 1785 1371 SS.
1806 1343 1868 1371 eccl.
1891 1346 1912 1369 l.

1072 1391 1097 1415 2.
1136 1389 1230 1424 Quoad
1255 1400 1338 1426 usque
1363 1389 1504 1427 adpellatio
1527 1388 1646 1426 pendeat.
1683 1388 1817 1414 pendente
1837 1397 1914 1414 causa

1073 1431 1266 1469 adpellationis.
1287 1432 1316 1458 fr.
1336 1434 1377 1458 21.
1398 1433 1419 1466 5.
1433 1435 1457 1458 2.
1479 1432 1508 1458 fr.
1523 1433 1564 1458 28.
1585 1433 1606 1466 5.
1619 1434 1642 1459 2.
1663 1431 1695 1457 dc
1715 1442 1772 1469 app.
1793 1436 1819 1457 et
1837 1430 1912 1457 relat.

1073 1476 1114 1501 49.
1140 1476 1161 1500 l.
1198 1474 1282 1501 Mutui
1306 1475 1375 1501 datio
1400 1476 1503 1501 interim
1530 1474 1641 1510 pendet,
1674 1479 1701 1500 nt
1726 1485 1757 1500 ex
1781 1473 1913 1511 postfacto

1073 1518 1250 1544 confirmetur.
1274 1517 1304 1544 fr.
1324 1521 1348 1544 ὅ.
1369 1517 1400 1544 de
1419 1517 1450 1544 li.
1470 1517 1500 1544 C.
1522 1519 1560 1543 12.
1582 1519 1603 1543 l.
1642 1517 1671 1543 Si
1694 1516 1772 1553 legati
1796 1517 1912 1543 conditio

1072 1561 1192 1598 pendeat,
1211 1560 1274 1587 licet
1292 1562 1378 1598 possit
1397 1560 1510 1587 deiicere
1529 1565 1576 1586 etc.
1601 1559 1631 1586 fr.
1653 1561 1693 1585 14.
1718 1560 1739 1593 5.
1761 1561 1783 1585 l.
1808 1560 1859 1595 Qu.
1880 1570 1913 1586 cx

1072 1614 1093 1630 c.
1114 1605 1141 1630 in
1160 1613 1232 1641 poss.
1252 1605 1293 1629 42.
1314 1605 1338 1630 4.
1376 1603 1406 1630 Si
1425 1604 1517 1629 mortis
1537 1608 1655 1639 tempore
1674 1602 1812 1639 pependit,
1833 1604 1912 1629 exsti-

1070 1647 1102 1672 tit
1121 1651 1207 1673 tamen
1227 1651 1365 1683 antequam
1383 1651 1495 1683 patrono
1510 1646 1641 1672 deseratur
1654 1645 1684 1671 B.
1699 1644 1725 1671 P.
1746 1645 1776 1671 fr.
1790 1647 1814 1672 3.
1835 1646 1856 1679 ς’.
1870 1647 1910 1672 12.

1070 1689 1102 1716 de
1125 1689 1187 1715 bon.
1211 1689 1298 1715 libert.
1321 1690 1362 1715 38.
1382 1692 1406 1715 2.
1444 1689 1556 1725 Propter
1583 1689 1623 1714 ius
1647 1688 1801 1724 postliminii
1826 1689 1911 1725 patria

1069 1737 1188 1769 potestas
1208 1733 1311 1758 interim
1331 1731 1464 1769 pendebit.
1485 1731 1546 1768 le.
1560 1731 1591 1757 X.
1606 1733 1628 1757 4.
1650 1731 1706 1757 Gai.
1720 1731 1738 1757 I.
1754 1733 1810 1757 135.
1830 1731 1911 1767 Quod

1069 1774 1211 1800 absurdum
1231 1779 1279 1806 est,
1299 1776 1321 1801 si
1341 1776 1367 1801 in
1386 1774 1520 1811 pendenti,
1540 1779 1568 1800 ut
1588 1773 1660 1806 alias,
1681 1776 1746 1800 etin
1760 1774 1808 1801 hac
1821 1775 1910 1811 specie

1069 1817 1210 1843 habeamus
1230 1817 1351 1844 dominia.
1376 1817 1406 1844 fr.
1427 1819 1466 1843 19.
1491 1818 1513 1851 5.
1533 1819 1557 1843 5.
1582 1817 1614 1843 de
1634 1822 1710 1844 castr.
1730 1828 1786 1854 pec.
1806 1819 1847 1844 49.
1868 1819 1908 1843 17.

1068 1860 1189 1886 inutilem
1213 1870 1272 1886 esse
1296 1860 1505 1896 stipulationem.
1530 1861 1588 1896 quia
1614 1871 1666 1887 non
1690 1862 1777 1898 possit
1800 1862 1826 1887 in
1846 1870 1909 1898 pen-

1068 1903 1140 1929 denti
1160 1912 1219 1929 esse
1238 1902 1388 1940 stipulatio,
1413 1913 1460 1929 nec
1484 1903 1608 1940 adparere
1628 1909 1675 1930 etc.
1701 1904 1730 1930 sr.
1750 1906 1792 1930 21.
1813 1903 1844 1929 de
1863 1904 1908 1929 sti-

1067 1946 1121 1983 pul.
1141 1956 1209 1972 serv.
1230 1947 1270 1973 45,
1290 1948 1314 1972 2.
1352 1946 1379 1972 In
1403 1945 1528 1983 pendenti
1548 1956 1607 1972 csse
1627 1946 1770 1973 dominium
1790 1948 1861 1978 eius,
1882 1952 1908 1972 et

1067 1990 1276 2015 numerationem
1286 1990 1363 2026 pretii
1377 1988 1574 2021 declaraturam,
1595 1991 1668 2016 cuius
1682 1991 1724 2016 sit.
1745 1990 1774 2016 sr.
1788 1991 1829 2015 25.
1849 1990 1870 2023 ξ.
1884 1991 1905 2016 1.

1067 2031 1099 2058 de
1119 2031 1200 2058 nsnfr.
1221 2033 1243 2057 7.
1265 2033 1287 2058 l.
1325 2032 1353 2058 In
1372 2031 1497 2069 pendenti
1517 2042 1589 2064 esse,
1608 2032 1691 2059 donec
1711 2038 1760 2059 etc.
1780 2042 1799 2058 S.
1820 2041 1906 2068 quam-

1067 2075 1111 2101 diu
1132 2079 1180 2101 etc.
1207 2074 1237 2101 fr.
1258 2076 1298 2101 80,
1325 2074 1356 2101 de
1380 2076 1435 2101 iure
1461 2075 1514 2101 dot.
1534 2077 1575 2102 23.
1595 2077 1619 2102 3.
1639 2075 1669 2102 fr.
1692 2077 1747 2102 106.
1768 2075 1800 2101 de
1818 2073 1851 2101 V.
1871 2074 1904 2100 Ο.

1065 2119 1106 2144 45.
1129 2120 1151 2144 l.

1103 2159 1293 2188 Pendere.
1335 2161 1367 2194 ξ.
1391 2162 1426 2187 1.
1463 2162 1623 2188 Tratiaae
1648 2171 1777 2187 atamen
1805 2162 1903 2187 susti-

1064 2215 1143 2231 nere.
1180 2204 1223 2230 Ill.
1247 2206 1313 2232 Cn.
1338 2203 1433 2230 Tritici
1452 2203 1554 2230 modios
1574 2203 1610 2235 C,
1636 2205 1680 2240 qui
1699 2203 1795 2240 singuli
1813 2202 1903 2241 pondo

1065 2246 1088 2273 C
1107 2247 1251 2284 pendeant,
1279 2247 1355 2273 heres
1376 2247 1444 2273 dato.
1469 2246 1499 2273 sr.
1520 2248 1542 2272 7.
1562 2246 1583 2279 5.
1606 2248 1627 2272 1.
1648 2246 1680 2273 de
1700 2248 1751 2273 trit.
1772 2248 1840 2273 vino.
1860 2247 1902 2272 33.

1064 2291 1088 2316 6.
1110 2306 1142 2310 —
1162 2291 1193 2324 §.
1214 2292 1249 2316 2.
1277 2291 1476 2324 Dependere,
1502 2291 1683 2316 Praestare.
1724 2289 1743 2316 I.
1763 2291 1824 2323 Sy.
1844 2288 1903 2314 Sol-

1063 2343 1133 2364 vere,
1153 2332 1290 2359 Praestare
1303 2332 1449 2366 (tributum,
1464 2342 1487 2358 v.
1502 2334 1616 2365 usuras.)
1635 2332 1665 2359 fr.
1683 2335 1721 2358 10.
1742 2332 1763 2365 5.
1777 2334 1800 2357 3.
1815 2330 1900 2357 mand.

1064 2378 1103 2402 17.
1126 2378 1147 2402 l.
1168 2376 1198 2402 fr.
1218 2377 1259 2401 24.
1280 2375 1312 2401 de
1331 2385 1444 2412 praescr.
1464 2384 1506 2400 vv.
1522 2376 1561 2401 19.
1575 2377 1599 2401 5.
1619 2375 1702 2401 [⁸1:37.
1723 2374 1755 2401 de
1775 2384 1844 2400 usur.
1858 2375 1899 2399 22.

1064 2420 1085 2444 l.
1122 2418 1165 2445 III.
1186 2420 1251 2446 Cn.
1280 2418 1385 2444 Cel-tam
1409 2419 1545 2454 pecuniam
1569 2428 1687 2449 sumere,
1717 2423 1742 2443 et
1765 2417 1900 2443 foenerare

1062 2461 1180 2498 periculo
1206 2471 1267 2491 sun,
1296 2462 1330 2486 ita
1355 2465 1383 2487 ut
1406 2466 1489 2488 certas
1514 2471 1606 2489 usuras
1634 2461 1738 2487 domino
1763 2459 1899 2497 penderet.

1061 2503 1092 2529 fr.
1112 2505 1135 2530 6.
1161 2505 1182 2538 5.
1202 2505 1226 2530 6.
1250 2503 1279 2529 fr.
1301 2504 1340 2529 16.
1367 2504 1388 2537 5.
1408 2505 1432 2530 3.
1458 2504 1542 2530 mand.
1564 2506 1603 2530 17.
1625 2506 1645 2529 1.
1670 2503 1699 2529 sr.
1721 2505 1760 2529 17.
1781 2503 1802 2536 ξ.
1822 2503 1846 2529 8.
1866 2502 1899 2529 de

1061 2556 1132 2573 nsnr.
1152 2548 1193 2572 22.
1215 2548 1237 2571 1.
1275 2545 1396 2578 Sumtus,
1416 2563 1448 2566 —
1473 2548 1516 2583 qni
1540 2548 1565 2573 in
1590 2556 1644 2572 eam
1664 2546 1712 2579 (sc.
1733 2547 1898 2579 societatem)

1060 2590 1137 2626 pensi
1156 2588 1204 2621 [al.
1224 2589 1351 2625 impensi]
1371 2594 1439 2616 sunt..
1460 2590 1488 2615 sr.
1508 2591 1548 2615 52.
1568 2590 1590 2622 ξ.
1611 2591 1650 2614 15.
1670 2599 1718 2625 pro
1738 2599 1791 2615 soc.
1813 2591 1852 2615 17.
1872 2591 1896 2615 2.

1061 2631 1170 2658 Tributa
1195 2631 1310 2668 pendere
1334 2632 1441 2668 praedii.
1470 2632 1499 2658 sr.
1519 2633 1559 2657 52.
1584 2632 1605 2665 5.
1624 2633 1648 2657 ⁴2.
1673 2631 1705 2657 de
1724 2637 1791 2669 pact.
1811 2634 1834 2658 2.
1856 2634 1895 2658 14.

1060 2674 1160 2700 Poenas
1180 2674 1257 2711 pend.
1277 2674 1307 2701 sr.
1327 2677 1368 2700 20.
1389 2674 1420 2700 de
1441 2674 1472 2700 O.
1487 2679 1512 2700 et
1525 2674 1555 2699 A.
1571 2676 1610 2700 44.
1627 2675 1649 2700 7.
1663 2690 1694 2694 —
1714 2675 1745 2708 §.
1761 2676 1798 2702 3.
1817 2677 1894 2702 Per-

1056 2719 1197 2751 pendere.
1235 2717 1277 2744 III.
1301 2719 1366 2745 (7η.
1390 2717 1475 2743 Minus
1499 2726 1582 2753 penso
1602 2716 1649 2750 [al.
1668 2718 1816 2755 perpenso]
1836 2727 1895 2745 con-

1057 2759 1117 2786 silio
1137 2759 1188 2786 hoc
1207 2759 1276 2793 fecit,
1296 2760 1363 2786 sorte
1381 2760 1466 2785 minor
1484 2759 1561 2785 XXV
1580 2761 1662 2787 annis.
1681 2760 1712 2787 fr.
1732 2762 1756 2788 3.
1776 2762 1798 2796 ξ.
1817 2762 1841 2787 3.
1862 2760 1894 2787 de

1057 2802 1123 2829 adm.
1144 2807 1170 2829 et
1189 2804 1268 2840 peric.
1288 2805 1329 2829 26.
1350 2804 1372 2828 7.
1393 2802 1446 2835 (Cf.
1467 2812 1490 2829 v.
1510 2801 1632 2836 Pensns)
