2197 3121
924 165 1010 196 ΑΒΕ
1036 183 1074 189 -
1099 165 1198 197 ARG.

198 246 314 274 Habebat
335 248 393 283 quis
418 257 522 273 servum
541 247 620 273 merci
644 246 754 273 oleariae
774 248 954 284 praepositum
973 247 1037 274 Are·
1057 248 1059 294 l

198 290 249 317 late
269 290 312 323 [al.
334 289 475 323 Arelatae].
497 289 526 315 sr.
548 291 586 316 13,
607 300 646 326 pr.
669 289 701 316 de
721 291 781 316 inst.
802 294 849 316 act.
871 291 910 316 14.
930 292 954 316 3.
1058 303 1059 331 1

231 333 478 360 Arelatensis.
509 332 647 365 (Adiect.)
685 334 731 359 Ad
754 335 908 359 Arelaten
931 333 1060 372 perti-j

197 385 278 402 nens.
316 375 359 401 III.
381 377 446 403 Gn.
475 375 591 412 Respub.
611 375 813 402 Arelatensium.
833 375 862 401 fr.
882 377 924 401 34.
943 385 983 412 pr.
1004 375 1036 401 de
1058 374 1059 398 l

197 427 246 444 usu
267 423 292 444 et.
311 418 378 444 usus.
398 417 447 454 leg.
471 419 512 444 33.
532 420 555 444 2.
592 418 742 454 Episcopus
765 418 937 444 Arelatensis.
968 417 1035 444 Nov.

197 459 301 487 Valent.
320 460 362 486 III.
383 460 415 486 de
435 462 551 497 episcop.
571 460 655 487 ordin.
676 460 706 487 II.
728 462 767 487 17.
787 470 808 486 c.
830 463 852 486 l.
872 461 936 494 3.1.
1057 485 1059 498 4

232 504 372 530 Arena.
409 503 440 535 ξ.
462 505 495 529 1.
526 506 687 530 Sabnlum.
725 502 766 529 III.
792 504 857 529 Gn.
890 502 933 529 Ins
957 502 1059 529 calcis2

197 545 361 581 coquendae,
386 550 411 571 et
435 546 529 583 lapidis
553 546 696 577 eximendi,
721 550 746 571 et
770 555 863 572 arenae.
889 545 1035 572 fodiendae.
1057 550 1058 577 t

196 588 226 614 fr.
247 589 270 614 6.
291 589 312 622 3.
334 590 355 614 l.
377 588 408 614 cf.
429 588 458 614 fr.
480 590 501 615 l.
522 590 543 623 3.
566 591 587 615 l.
607 589 639 615 de
659 588 686 615 S.
706 587 733 614 P.
754 587 785 614 R.
805 590 829 614 8.
848 590 872 614 3.
910 588 1035 625 Tegulanl
1057 581 1058 605 l

196 641 302 667 quoque
322 636 347 656 et
367 630 487 668 lapidem.
508 637 533 657 et
552 636 654 663 testam,
674 635 827 666 caeteraque
846 632 868 657 si
882 641 948 668 quae
968 631 1036 658 aedi-
1057 623 1058 665 ἶ

196 674 264 699 ficiis
285 678 346 700 sunt
366 673 447 702 utilia.
468 690 500 693 -
520 674 569 700 lloc
589 673 700 710 amplius
720 678 745 699 vt.
764 673 870 703 calcem,
890 679 916 700 et
933 684 1035 700 arenam
1056 694 1058 697 .

196 717 339 751 (tignorum
359 716 536 753 adpellatione
556 717 704 747 contineri).
731 716 760 742 fr.
782 718 803 742 l.
824 717 845 750 3.
870 718 892 743 l.
912 716 944 743 de
964 718 1034 752 tigno
1056 721 1057 751 }

196 759 293 785 iuncto.
313 760 354 784 47.
373 760 397 785 3.
425 759 455 785 cf.
477 760 506 785 l'r.
529 761 568 786 17.
588 759 609 792 3.
629 760 653 784 6.
680 758 711 784 de
730 759 761 785 A.
780 759 811 785 E.
831 758 862 785 V.
885 761 924 785 19.
945 761 967 785 1.
1005 759 1034 785 Si

195 803 255 837 quis
280 801 409 827 frumento
434 812 549 833 arenam.
573 801 615 828 vel
639 801 709 828 aliud
738 802 800 838 quid
824 803 977 831 immiscuit.
1007 806 1035 828 ut

195 843 313 870 difficilis
332 846 463 880 separatio
483 846 524 871 sit.
544 844 626 870 [1:27.
640 845 661 878 3
672 847 714 870 20.
734 844 766 871 ad
785 844 806 871 L
831 845 899 881 Aqu.
919 846 942 871 9.
962 847 986 871 2.
1001 861 1033 864 —
1055 876 1056 883 ἵ

175 877 225 920 ‘§.
247 888 281 913 2.
311 889 448 919 Arenae,
472 897 532 924 pro:
557 889 676 919 Locus,
703 890 756 914 ubi
779 898 875 914 arena
889 889 1032 923 foditur.
1054 885 1056 916 ι’

194 929 212 955 l.
228 930 289 964 Sy.
318 930 512 956 Arenifodinae.
540 929 571 955 fr.
591 931 614 955 9.
634 929 656 963 3.
675 931 700 955 2.
720 930 749 956 l'r.
771 932 810 956 13.
830 931 851 964 3.
869 933 892 956 5.
913 930 946 957 de
965 930 1032 956 usus.

194 974 218 998 7.
235 974 256 999 1.
277 973 306 998 1’1’.
322 972 380 1005 7.3.
397 974 435 999 14.
456 972 504 998 sol.
525 973 634 998 matrim.
655 974 696 998 24.
710 974 734 998 3.
755 989 788 992 —
808 974 838 1006 ξ.
858 975 895 999 3.
915 975 1032 1005 Arena,

193 1025 255 1052 pro:
275 1016 523 1048 Amphitheatri
538 1025 619 1049 pars
638 1017 789 1042 interior.
825 1015 867 1042 III.
889 1017 954 1043 Cn.
983 1015 1032 1042 Vel

195 1058 365 1085 circensibus.
386 1057 428 1083 vel
446 1057 616 1083 theatralibus
631 1057 709 1084 ludis.
729 1057 772 1083 vel
785 1068 920 1084 arenarum
933 1063 1033 1095 specta-

194 1101 269 1127 culis.
295 1111 315 1127 c.
330 1104 353 1126 ὅ.
374 1102 394 1135 3
409 1102 433 1126 3
454 1100 486 1126 de
505 1100 595 1137 repud.
615 1102 638 1126 5.
660 1102 700 1126 17.

193 1159 225 1164 —
244 1145 304 1170 inve
324 1154 428 1170 arenam
447 1143 613 1180 depugnandi
632 1153 708 1169 causa
728 1143 760 1169 ad
779 1144 878 1170 bestias
901 1145 1032 1170 iun-omis-

191 1196 238 1213 sus
257 1186 342 1213 suerit.
363 1187 393 1212 sr.
409 1188 431 1212 1.
451 1187 473 1220 3.
489 1188 510 1212 l.
532 1186 563 1212 de
582 1185 648 1212 Ard.
669 1186 708 1212 ed.
728 1188 770 1212 21.
786 1189 808 1212 1.
846 1186 875 1213 Si
894 1188 953 1223 quis
972 1197 1032 1224 ope-

191 1240 234 1256 ras
253 1240 313 1256 suas
333 1229 471 1257 locaverit.
496 1234 524 1255 ut
547 1229 614 1255 seras
638 1234 749 1255 venetur
772 1245 804 1249 —
829 1235 901 1256 extra
920 1240 1030 1256 arenam.

191 1289 224 1292 —
245 1273 299 1308 Qui
318 1273 344 1298 in
364 1282 440 1298 arena
459 1273 531 1308 passi
551 1277 612 1298 sunt.
631 1282 660 1298 se
679 1272 809 1299 honorari.
829 1273 859 1299 fr.
876 1274 897 1299 1.
918 1273 939 1307 3.
954 1275 978 1299 6.
998 1273 1031 1299 de

738 1101 767 1127 Si
786 1101 857 1137 quod
875 1103 1032 1138 mancipium
1053 1119 1055 1126 .

200 1315 289 1342 ›ostuL
308 1317 332 1342 3.
353 1317 375 1341 1.

190 1326 200 1353 l
225 1358 447 1386 Areum-ius.
481 1359 637 1385 Certator
655 1360 688 1385 iu
707 1368 816 1385 arena.
836 1358 878 1384 III.
894 1359 958 1386 Gn.
978 1358 1030 1385 Vbi
1051 1363 1053 1388 ζ

190 1402 336 1428 arenarium
356 1405 458 1431 testem.
479 1400 521 1426 vel
541 1400 652 1427 similem
664 1411 814 1438 personam.
834 1401 970 1428 admittere
989 1412 1030 1428 co-

190 1446 282 1481 gimur.
302 1444 333 1470 fr.
347 1445 388 1469 21.
409 1444 430 1477 3.
444 1446 468 1469 2.
490 1443 521 1469 de
540 1444 628 1470 testib.
647 1446 689 1470 22.
709 1447 733 1470 5.
754 1443 785 1470 cf.
805 1444 835 1470 l'r.
856 1446 879 1471 5.
899 1444 931 1471 ad
950 1445 977 1471 S.
998 1444 1028 1472 C.

190 1487 270 1514 Treb.
290 1488 331 1513 36.
353 1488 375 1512 1.
413 1485 546 1515 Humiles.
566 1486 733 1523 abiectasque
752 1497 888 1523 personas,
907 1503 939 1508 --
959 1487 1029 1514 leno·
1050 1486 1051 1490 ¹

189 1531 232 1556 nis
252 1535 295 1556 aut
314 1530 424 1555 arenarIi
443 1529 531 1555 filiam.
552 1539 573 1555 c..
588 1531 611 1556 7.
632 1529 663 1555 de
683 1531 775 1556 incest.
795 1535 867 1567 nupt.
887 1532 911 1557 5.
925 1534 948 1557 5.
978 1531 1027 1558 Th.

189 1572 221 1600 C.
240 1572 284 1599 IV.
304 1574 327 1598 6.
348 1582 369 1598 c.
388 1574 413 1598 3.
434 1572 548 1605 (ch.)
569 1572 601 1598 de
620 1578 702 1599 natur.
723 1572 759 1599 fil.

224 1615 486 1643 Arenifodina.
528 1617 645 1647 Locus.
674 1626 732 1650 ιμιυ
755 1617 894 1652 foditur
921 1627 1028 1643 arena.

189 1658 207 1684 I.
222 1660 279 1692 Sy.
307 1658 417 1684 Arenae.
456 1657 497 1684 Cf.
516 1668 540 1684 v.
560 1658 655 1684 Arena.
675 1659 696 1692 3
711 1661 735 1685 2.
772 1658 814 1685 Ill.
836 1660 901 1686 Gn.
925 1659 1029 1697 Lapidi-
1050 1677 1051 1683 .

190 1702 275 1732 cinae.
299 1700 340 1727 vel
365 1701 546 1730 cretil'odinae.
572 1701 613 1727 vel
633 1701 818 1728 arenisodinae.
847 1702 877 1728 l'r.
898 1704 937 1728 13.
963 1703 984 1736 3.
1004 1705 1027 1729 5.

190 1743 222 1770 de
241 1743 322 1770 usufr.
344 1745 366 1770 7.
388 1745 409 1770 1.

223 1787 425 1813 Arenosus.
450 1785 579 1819 (Adiect.)
604 1789 710 1814 Arena
728 1790 881 1821 repletus.
907 1787 1027 1816 HLGn.

189 1828 318 1855 Palusu-is
337 1828 403 1859 loci.
427 1829 469 1855 vel
489 1831 592 1855 arenosi
623 1831 740 1861 nomine,
767 1831 841 1866 quasi
865 1831 955 1856 vitiosi
979 1835 1028 1857 etc.
1049 1835 1051 1864 ζ

189 1872 219 1898 fr.
238 1873 280 1898 24.
301 1872 322 1905 3.
342 1874 365 1897 2.
386 1871 419 1897 de.
438 1872 522 1898 damn.
542 1872 587 1898 ins.
607 1874 648 1899 39.
668 1875 692 1898 2.

223 1916 356 1941 Areus.
386 1914 506 1947 (Partic.)
544 1917 675 1942 ,ir-idus.
713 1914 831 1949 11οΡ.
860 1915 1027 1947 Arentes,—

187 1956 328 1985 Humidae.
349 1956 479 1992 (fruges).
510 1956 558 1983 Th.
580 1957 610 1984 C.
631 1958 660 1984 II.
681 1959 722 1984 33.
748 1968 768 1984 c.
790 1960 811 1984 l.
841 1958 874 1984 de
899 1969 968 1985 usur.
996 1959 1026 1985 cs.
1048 1952 1050 1968 ¹

187 1999 243 2026 XII.
264 2002 287 2026 [5.
307 2010 327 2026 c.
350 2001 389 2026 15.
410 2000 442 2026 de
461 2005 609 2037 susceptor.

222 2044 418 2070 Arescere.
456 2045 589 2069 Aridum
608 2045 705 2079 fieri.
743 2043 785 2070 III.
809 2045 874 2071 011·
905 2043 934 2070 Si
959 2045 1026 2070 vites

187 2090 304 2112 mortuae
332 2087 398 2115 sint.
425 2085 467 2112 vel
495 2086 603 2112 arbores
632 2087 754 2113 aruerint.
786 2086 816 2113 fr.
841 2088 864 2112 4.
894 2087 915 2121 3.
944 2089 965 2113 l.
994 2087 1026 2113 de

188 2129 286 2155 censib.
306 2131 346 2154 50.
368 2131 408 2155 15.

222 2173 421 2199 Arescusa.
460 2174 577 2200 Nomen
596 2174 748 2199 ancillae.
785 2171 909 2200 [ILCn.
936 2173 1026 2199 Ancil-

188 2213 238 2240 lam
252 2214 410 2241 Arescusam
430 2215 473 2249 [al.
487 2215 656 2249 Arethusam]
675 2220 832 2241 testamento
845 2214 954 2242 liberam
967 2226 1026 2242 esse
1046 2234 1048 2239 -

188 2257 272 2283 iussit.
305 2257 334 2283 fr.
354 2259 395 2284 38.
416 2258 437 2291 3.
459 2260 481 2284 l.
501 2258 534 2285 de
552 2258 627 2294 legat.
648 2258 690 2284 III.
710 2259 786 2291 (32.)
819 2258 850 2284 cf.
874 2258 904 2284 sr.
925 2260 964 2285 15.
984 2269 1024 2295 sq.

188 2298 220 2325 (le
240 2303 308 2325 statu
327 2299 396 2326 hom.
417 2302 440 2326 1.
460 2302 483 2326 5.
509 2300 539 2327 fr.
558 2303 599 2327 43.
624 2300 656 2327 de
675 2301 706 2327 A.
725 2301 755 2327 E.
776 2301 807 2328 V.
829 2303 868 2327 19.
886 2303 906 2327 l.
945 2301 1025 2337 Quod
1046 2314 1047 2327 i

188 2352 220 2368 ex
245 2342 375 2368 Arescusa
401 2348 488 2369 natum
512 2345 573 2373 erit.
599 2344 675 2370 heres
700 2344 768 2370 dato.
799 2343 829 2370 fr.
851 2346 872 2370 1.
898 2345 919 2378 3.
939 2346 963 2371 3.
993 2345 1024 2371 de
1045 2369 1047 2380 *

189 2383 264 2410 cond.
291 2389 315 2409 et
340 2385 404 2412 dem.
432 2388 473 2412 35.
500 2388 521 2412 1.
551 2386 580 2412 fr.
605 2389 646 2413 25.
674 2387 695 2421 3
723 2389 745 2413 l.
783 2386 835 2422 Qu.
863 2387 920 2414 (lies
948 2388 1022 2425 legat.

186 2428 228 2453 36.
248 2430 271 2453 2.

222 2471 447 2503 Argentare.
485 2474 630 2507 Argenta
654 2475 813 2500 obducere.

188 2518 328 2549 argeutare.
349 2513 378 2538 sr.
392 2508 416 2538 3.
430 2523 468 2549 pr.
483 2515 504 2548 3.
518 2516 542 2541 3.
563 2515 594 2541 dc
614 2525 690 2552 supp.
711 2515 758 2551 leg.
778 2517 819 2542 33.
835 2517 874 2541 10.
903 2516 944 2542 III.
957 2518 1022 2544 Cn.

188 2556 274 2590 Quive
295 2565 337 2581 aes
362 2557 532 2586 inani-averit.
557 2559 729 2594 argentaverit
753 2563 801 2585 etc.
838 2558 909 2586 Paul.
929 2560 960 2587 V.
980 2563 1021 2588 25.

187 2598 209 2632 3.
229 2600 252 2624 5.

221 2641 462 2675 Argentaria.
516 2644 788 2678 Argentariornm
823 2648 1020 2681 negotiatio.

187 2684 229 2710 ΙΙΙ.
251 2686 316 2712 (711.
345 2683 374 2710 Si
394 2685 452 2720 quis
473 2684 594 2717 tutelam.
613 2687 655 2713 vel
675 2698 770 2716 curam.
789 2688 831 2714 vel
850 2690 960 2725 negotia,
979 2690 1021 2716 vel

187 2728 368 2763 argentariam.
389 2727 431 2753 vel
450 2728 513 2764 quid
532 2727 601 2754 aliud
621 2730 689 2757 unde
702 2731 826 2768 obligatio
840 2733 930 2765 oritur,
950 2738 1020 2759 certo

187 2769 238 2795 loci
259 2769 456 2797 administravit.
485 2771 514 2798 sr.
535 2773 574 2798 19.
595 2772 616 2805 3.
637 2775 659 2799 l.
685 2773 717 2800 de
741 2774 819 2801 indic.
842 2776 866 2801 5.
887 2777 909 2801 l.
938 2775 969 2802 cf.
990 2775 1019 2802 fr.

855 2472 873 2499 I.
893 2474 954 2508 sy.
985 2474 1024 2500 In-

188 2813 210 2838 4.
230 2813 267 2846 33
287 2815 310 2838 2.
331 2823 388 2849 sqq.
414 2813 446 2840 de
466 2814 574 2841 edendo.
599 2817 622 2841 2.
643 2817 682 2842 13.
720 2817 799 2852 Quod
823 2828 854 2845 ex
878 2820 1019 2854 argentaria

1081 249 1160 274 venit.
1180 263 1212 267 —-
1233 247 1313 283 Quod
1326 253 1398 275 extra
1412 250 1539 276 rationem
1558 251 1695 286 argentarii
1710 256 1757 277 est.
1778 250 1808 277 sr.
1822 252 1845 277 6.
1861 252 1882 285 3.
1896 254 1919 277 53,

1081 291 1116 317 ib.
1135 293 1159 317 2.
1180 292 1220 317 13.

1114 334 1395 368 Argentarium.
1434 336 1541 367 Cisra,
1566 346 1587 362 v.
1608 338 1706 368 Arca,
1734 339 1766 363 iu
1787 347 1847 371 qua
1867 348 1919 363 ar-

1078 383 1212 411 gentum
1229 378 1362 413 fartum
1387 381 1567 411 reponitur.
1609 378 1650 404 III.
1671 380 1736 406 (711.
1766 378 1801 405 Vt
1820 380 1845 405 in
1865 381 1919 405 iun-

1081 424 1152 445 ctura
1179 424 1298 455 argentea
1323 421 1378 445 scio
1402 430 1442 445 me
1466 420 1578 451 dixisse.
1609 421 1680 457 quod
1705 432 1757 447 non
1781 423 1807 448 in
1832 433 1919 459 argen-

1057 473 1059 479 .
1081 463 1145 488 tario
1174 462 1308 499 paterfam.
1334 463 1484 500 reponebat.
1514 464 1544 490 fr.
1567 465 1605 490 19.
1630 465 1652 498 3.
1672 466 1696 490 8.
1720 464 1752 490 de
1776 475 1839 491 auro
1866 476 1918 502 arg.

1079 507 1120 531 34.
1140 508 1164 532 2.

1114 548 1376 582 Argentarius.
1407 548 1536 581 (Subst.)
1578 550 1609 583 §.
1633 552 1667 576 1.
1700 552 1842 585 Argenti
1868 562 1918 578 ru-

1079 593 1173 617 dendi
1191 594 1329 628 artifex.
1366 591 1407 617 III.
1429 593 1494 618 Gn.
1522 591 1666 629 Lapidarii.
1686 595 1832 629 argentarii.
1852 599 1918 621 stru-

1080 638 1179 662 ctores.
1200 651 1231 653 —
1251 635 1351 665 aerarii,
1370 634 1478 665 ferrarii,
1498 636 1666 663 marmorarii.
1685 635 1862 665 (leauratorrs,
1880 637 1918 663 su-

1079 686 1162 703 soreS.
1197 677 1245 703 Th.
1272 677 1302 704 C.
1326 677 1395 703 XIII.
1414 679 1438 703 4.
1464 688 1484 703 c.
1504 679 1528 704 2.
1553 678 1585 704 de
1605 688 1692 704 exous
1713 679 1778 705 artif.
1809 680 1839 706 es.
1859 680 1916 706 XII.

1080 721 1102 745 1.
1123 730 1144 745 c.
1164 721 1205 746 37.
1227 720 1258 746 de
1278 720 1410 746 decurion.
1440 736 1471 739 —
1501 721 1531 754 §0
1553 722 1587 747 2.
1615 722 1744 747 Mensae
1763 730 1916 758 argenta-

1079 764 1149 788 riae
1172 765 1343 790 exercitur.
1385 762 1403 789 1.
1424 764 1485 797 Sy.
1519 763 1571 798 Qui
1597 765 1766 799 argentariam
1791 765 1863 798 savit,
1892 777 1915 792 v.

1079 810 1190 831 exercet.
1221 806 1251 832 fr.
1272 807 1294 832 4.
1314 816 1353 843 pr.
1379 806 1459 839 331.
1480 816 1538 842 sqq.
1564 806 1596 832 de
1615 806 1724 833 edenda
1749 809 1772 834 2.
1795 811 1833 835 13.
1871 809 1916 836 Di-

1078 853 1190 875 stractor
1209 850 1315 884 argenti.
1336 859 1356 874 c.
1375 850 1417 874 27.
1438 848 1470 875 de
1489 850 1558 885 pign.
1578 854 1602 875 et
1622 850 1732 887 1))ΡυῑΙι.
1752 854 1775 876 5.
1798 853 1836 877 14.
1856 863 1877 878 c.
1891 854 1915 879 2.

1078 892 1099 925 3.
1119 893 1143 918 2.
1163 891 1195 917 de
1215 896 1297 917 const.
1317 902 1372 928 pec.
1393 893 1416 917 4.
1433 894 1471 917 18.
1509 891 1551 918 III.
1572 893 1638 920 Cn.
1658 894 1686 919 Si
1706 895 1816 930 pecunia
1834 905 1916 931 penes

1078 935 1237 970 argentarios
1257 935 1298 960 sit.
1320 950 1351 953 ——
1375 933 1514 960 Pecuniam
1534 934 1565 960 ab
1585 938 1731 971 argentario
1751 935 1864 963 debitam
1884 948 1915 964 ex

1078 981 1212 1003 contractu
1237 993 1268 996 —
1293 978 1348 1003 iure
1372 977 1485 1003 mandati
1509 982 1616 1014 cogetur
1639 979 1785 1005 rcstituere.
1820 980 1849 1006 sr.
1876 983 1914 1007 15.

1078 1019 1100 1054 3.
1122 1022 1160 1046 ll.
1186 1020 1218 1046 (le
1238 1030 1265 1046 rc
1284 1020 1336 1046 iud.
1356 1021 1397 1045 42.
1418 1022 1440 1046 1.
1465 1019 1495 1046 fr.
1514 1022 1556 1046 23.
1580 1020 1612 1047 de
1636 1021 1737 1048 liberat.
1758 1022 1805 1057 leg.
1830 1024 1871 1049 34.
1890 1024 1914 1049 3.

1053 1082 1055 1098 ,⁴
1077 1062 1105 1088 Si
1126 1064 1287 1099 argentarius
1307 1064 1419 1099 pretium
1439 1063 1488 1091 rei.
1513 1073 1578 1098 quae
1602 1065 1628 1089 in
1653 1066 1772 1091 auctione
1796 1066 1915 1092 venierit.

1077 1110 1258 1142 persequatur.
1288 1105 1344 1131 Gai.
1364 1105 1407 1131 IV.
1429 1106 1486 1131 126.
1507 1105 1537 1131 cf.
1558 1105 1588 1132 [Γ.
1604 1108 1643 1132 18.
1657 1117 1695 1143 pr.
1716 1107 1748 1133 de
1767 1109 1841 1144 petit.
1860 1108 1913 1135 her.

1053 1156 1054 1173 ἱ
1076 1151 1100 1174 5.
1120 1150 1144 1174 3.
1182 1148 1243 1184 Arg.
1264 1153 1376 1174 coartor.
1396 1147 1426 1174 fr.
1446 1149 1487 1174 40.
1507 1149 1529 1182 3.
1544 1152 1567 1175 ὅ,
1588 1149 1620 1175 de
1634 1150 1751 1177 statulib.
1770 1152 1811 1177 40.
1826 1153 1848 1177 7.
1877 1151 1914 1181 Si.

1076 1191 1141 1217 facta
1162 1192 1387 1228 compensatione,
1412 1190 1472 1227 plus
1496 1201 1601 1218 nummo
1621 1202 1672 1219 uno
1692 1193 1806 1219 intendat
1827 1204 1915 1230 argen-

1052 1237 1054 1245 ⁴
1076 1235 1164 1260 tarius.
1194 1234 1250 1260 Gai.
1270 1233 1313 1260 IV.
1334 1236 1374 1260 68.
1400 1233 1430 1259 cf.
1450 1235 1492 1260 64.

1109 1278 1371 1312 Argentarius.
1402 1276 1531 1310 (Adiect.)
1565 1278 1596 1311 §.
1616 1279 1650 1305 1.
1680 1281 1727 1305 Aa
1744 1286 1913 1314 argentum

1075 1326 1231 1354 spectans.
1269 1319 1311 1346 ΙΙΙ.
1336 1321 1401 1347 Cn.
1434 1318 1617 1351 Yascularius.
1642 1326 1685 1347 aut
1709 1321 1782 1348 saber
1800 1327 1914 1357 argenta-

1074 1364 1136 1389 rius.
1157 1362 1186 1389 fr.
1200 1365 1242 1389 39.
1262 1373 1301 1400 pr.
1321 1362 1353 1389 de
1373 1372 1435 1388 auro
1455 1372 1506 1399 arg.
1525 1364 1567 1389 34.
1581 1365 1604 1389 2.
1642 1363 1731 1396 Multa,
1750 1374 1774 1390 v.
1794 1364 1914 1397 Functio,

1074 1407 1224 1442 argentaria.
1258 1406 1307 1432 Th.
1329 1405 1358 1432 C.
1378 1405 1424 1432 XI.
1447 1406 1489 1432 36.
1516 1416 1536 1432 c.
1556 1408 1598 1432 ⁴20.
1629 1406 1712 1442 Quor.
1737 1417 1796 1444 app.
1817 1418 1840 1434 n.
1861 1418 1912 1434 rec.

1074 1449 1140 1475 Nov.
1162 1448 1264 1476 Valent.
1290 1448 1332 1475 III.
1357 1448 1389 1475 de
1414 1448 1503 1475 tribut.
1528 1449 1584 1475 fise.
1608 1449 1638 1476 II.
1660 1452 1699 1477 19.
1725 1460 1745 1477 c.
1766 1452 1789 1476 l.
1813 1460 1852 1487 pr.
1881 1467 1913 1470 —

1074 1492 1103 1525 §-
1119 1493 1153 1519 2.
1181 1494 1226 1519 Aa
1244 1494 1512 1527 argentariorum
1531 1495 1789 1528 negotiationem
1807 1496 1913 1527 perti-

1073 1545 1153 1562 nens.
1192 1535 1234 1562 Ill.
1260 1537 1325 1562 (7η.
1355 1535 1408 1570 Qui
1433 1535 1554 1561 tabernas
1573 1537 1745 1571 argentarias.
1769 1535 1812 1562 vel
1832 1541 1913 1563 caete-

1073 1588 1114 1604 ras
1135 1588 1201 1614 quae
1220 1579 1246 1604 in
1266 1578 1323 1604 solo
1343 1577 1450 1615 publico
1470 1583 1539 1607 sunt.
1559 1578 1657 1604 vendit.
1678 1578 1708 1605 sr.
1722 1580 1763 1605 32
1784 1578 1816 1604 de
1829 1583 1911 1605 contr.

1074 1625 1132 1647 emt.
1163 1623 1203 1647 18.
1224 1623 1246 1647 1.
1288 1621 1390 1653 Mensa,
1416 1620 1515 1652 Causa.
1540 1621 1691 1657 argentaria.
1723 1621 1753 1648 fr.
1773 1623 1796 1648 4,
1817 1632 1855 1658 pr.
1880 1621 1912 1648 (1(-

1074 1663 1184 1690 edendo.
1204 1666 1227 1690 2.
1249 1665 1288 1690 13.
1308 1664 1337 1690 sr.
1357 1666 1398 1690 52.
1418 1664 1440 1697 3.
1460 1666 1483 1690 5.
1503 1674 1551 1701 pro
1571 1674 1624 1690 soc.
1646 1666 1685 1691 17.
1704 1666 1728 1690 2.

1107 1708 1331 1741 Argenteus.
1361 1706 1489 1739 (Adiect.)
1520 1709 1569 1734 Ex
1588 1713 1727 1742 argento
1751 1713 1910 1734 constans.

1074 1749 1115 1775 III.
1136 1751 1201 1777 Cn.
1226 1749 1276 1776 Vel
1295 1755 1443 1785 argenteae.
1463 1749 1505 1776 vel
1524 1754 1630 1785 argento
1649 1749 1778 1782 inclusae,
1798 1760 1910 1777 mensae.

1074 1792 1103 1818 sr.
1124 1793 1147 1818 9.
1167 1802 1205 1828 pr.
1227 1792 1258 1818 de
1278 1792 1371 1828 supell.
1391 1792 1439 1828 leg.
1459 1794 1500 1818 33.
1522 1794 1561 1818 10.
1591 1791 1622 1818 cf.
1643 1791 1699 1818 Gai.
1720 1791 1763 1818 IV.
1784 1793 1825 1819 47.
1862 1793 1910 1820 Su-

1072 1834 1206 1871 pellectile
1227 1834 1322 1870 legata,
1347 1850 1379 1853 ——
1404 1839 1429 1861 et
1448 1834 1570 1870 byssina,
1596 1839 1621 1860 et
1646 1834 1801 1867 cristallina,
1828 1841 1854 1862 et
1872 1847 1910 1862 ar-

1073 1882 1180 1913 gentea,
1201 1882 1226 1903 ct
1245 1879 1326 1904 vitrea
1350 1887 1411 1903 vasa
1435 1893 1467 1897 —-
1492 1877 1575 1913 legato
1599 1877 1702 1904 cedunt.
1732 1877 1803 1904 Paul.
1824 1878 1865 1905 III.
1885 1881 1908 1905 6.

1072 1921 1093 1954 3.
1113 1921 1154 1946 67.
1184 1920 1215 1946 cf.
1236 1920 1266 1946 fr.
1286 1922 1310 1947 6.
1330 1921 1351 1954 3.
1371 1922 1395 1946 2.
1421 1919 1450 1946 sr.
1472 1921 1511 1946 19.
1536 1920 1557 1954 3.
1578 1920 1601 1946 8.
1621 1919 1652 1946 fr.
1670 1922 1712 1946 32.
1732 1930 1771 1958 pr.
1795 1921 1828 1947 de
1846 1932 1908 1949 auro

1072 1973 1122 1999 arg.
1141 1965 1183 1989 34.
1203 1965 1226 1990 2.

1105 2006 1407 2041 Argentifodina.
1433 2007 1551 2037 Locus.
1571 2007 1774 2042 ubifoditnr
1792 2017 1907 2042 argen-

1071 2056 1144 2076 tum.
1182 2049 1224 2076 III.
1245 2050 1310 2076 Cn.
1339 2048 1368 2074 Si
1387 2048 1554 2085 lapidicinaS.
1578 2048 1620 2074 vel
1644 2058 1709 2085 quae
1728 2048 1777 2075 alia
1795 2049 1907 2082 metalla,

1072 2108 1103 2111 —
1127 2091 1169 2118 vel
1193 2093 1216 2118 si
1240 2091 1423 2123 cretisodinas,
1447 2091 1664 2127 argentifodinas,
1688 2091 1730 2117 vel
1755 2092 1818 2128 quid
1836 2092 1906 2119 aliud

1070 2134 1131 2161 huic
1150 2134 1243 2165 simile,
1262 2134 1396 2167 (habuit).
1426 2134 1456 2160 fr.
1475 2135 1499 2160 3.
1519 2133 1540 2168 3.
1560 2135 1583 2160 6.
1611 2133 1642 2160 de
1663 2134 1716 2160 reb.
1737 2144 1789 2161 eor.
1816 2146 1858 2172 qu.
1883 2146 1904 2162 s.

1070 2182 1117 2203 tut.
1137 2179 1178 2203 27.
1198 2179 1222 2204 9.
1254 2176 1285 2203 cf.
1304 2177 1335 2203 fr.
1357 2179 1379 2203 l.
1398 2187 1438 2214 pr.
1463 2176 1514 2212 Qu.
1534 2178 1583 2204 cui.
1603 2177 1672 2203 univ.
1692 2187 1760 2203 nom.
1779 2179 1803 2204 3.
1822 2180 1846 2204 4.
1874 2178 1904 2204 sr.

1072 2222 1110 2246 13.
1131 2221 1152 2254 3.
1172 2223 1195 2247 5.
1216 2220 1248 2246 dc
1268 2219 1335 2246 usus.
1356 2222 1379 2246 7.
1400 2222 1422 2246 1.

1104 2265 1324 2297 Argentum.
1363 2263 1394 2296 §.
1415 2264 1449 2289 1.
1482 2263 1593 2289 Massa
1618 2270 1790 2298 argentea.
1821 2264 1903 2289 l'asa

1070 2313 1234 2341 argentea.
1271 2305 1313 2332 Ill.
1339 2307 1404 2333 Cn·
1429 2305 1458 2331 Si
1478 2306 1536 2341 quis
1557 2315 1588 2331 ex
1607 2305 1720 2332 metallis
1740 2305 1903 2332 Caesarianis

1069 2359 1160 2375 aurum
1179 2353 1345 2384 argentumve
1363 2348 1463 2375 furatus
1481 2347 1567 2374 fuerit.
1586 2347 1617 2374 fr.
1636 2349 1660 2374 6.
1679 2349 1693 2382 3
1720 2351 1744 2375 2.
1763 2347 1795 2373 ad
1812 2346 1842 2373 L.
1855 2347 1904 2375 Iul.

1068 2391 1154 2428 pecul.
1176 2393 1218 2417 48.
1239 2393 1278 2417 13.
1315 2391 1456 2423 Pecuniae.
1480 2390 1523 2417 vel
1546 2391 1614 2421 auri,
1637 2391 1678 2417 vel
1703 2391 1800 2426 argenti
1824 2390 1902 2427 depo-

1068 2435 1138 2460 sitio.
1173 2434 1203 2460 fr.
1229 2436 1251 2460 7.
1280 2433 1312 2460 de
1336 2434 1425 2471 stipul.
1449 2433 1564 2460 Praetor.
1592 2434 1632 2459 46.
1656 2435 1679 2459 5.
1724 2432 1816 2459 fundo
1844 2443 1902 2460 culn

1068 2478 1137 2502 omni
1157 2478 1331 2503 instrumento
1350 2476 1448 2513 legato.
1468 2493 1501 2497 —
1520 2482 1571 2503 tam
1590 2475 1718 2512 supellex.
1737 2485 1814 2511 quam
1832 2486 1901 2502 aera—

1066 2525 1194 2551 mentum.
1214 2521 1328 2556 itemque
1353 2525 1498 2556 argentum.
1524 2524 1549 2546 et
1567 2523 1655 2545 vestes
1674 2533 1707 2536 —
1726 2517 1898 2545 debebantur.

1066 2562 1137 2588 Paul.
1156 2562 1198 2588 III.
1218 2564 1242 2589 6.
1262 2563 1283 2596 3.
1303 2564 1345 2590 44.
1365 2562 1396 2589 ct'.
1415 2563 1437 2596 3,
1456 2564 1496 2588 60.
1516 2562 1546 2588 fr.
1562 2563 1600 2587 19.
1620 2570 1658 2596 pr.
1678 2559 1711 2586 de
1730 2570 1800 2587 usur.
1819 2563 1860 2587 22.
1876 2563 1898 2588 l.

1066 2605 1174 2631 Certum
1193 2605 1297 2642 pondus
1317 2607 1372 2632 auri
1390 2605 1433 2632 vel
1452 2606 1558 2641 argenti.
1578 2602 1689 2629 consecti
1707 2602 1749 2629 vel
1768 2604 1793 2629 in
1814 2614 1898 2630 massa

1065 2648 1209 2673 constituti.
1230 2658 1250 2673 c.
1272 2650 1311 2674 12.
1331 2648 1422 2685 depos.
1442 2649 1465 2674 4.
1484 2649 1525 2673 34.
1545 2646 1574 2672 fr.
1594 2646 1618 2671 9.
1638 2645 1667 2672 fr.
1689 2646 1728 2672 19.
1749 2646 1824 2679 331.
1838 2656 1896 2683 sqq.

1065 2690 1095 2716 fr.
1115 2692 1156 2716 27.
1176 2690 1198 2724 ξ.
1217 2692 1241 2717 3,
1262 2690 1293 2718 de
1313 2701 1375 2718 auro
1395 2701 1446 2726 arg.
1464 2691 1505 2715 34.
1524 2690 1548 2714 2.
1584 2687 1728 2725 Argentum
1747 2688 1851 2720 factum,
1865 2705 1896 2709 —

1065 2733 1135 2769 quod
1149 2743 1234 2769 neque
1246 2734 1273 2759 in
1287 2744 1379 2765 massa.
1397 2742 1482 2768 neque
1495 2733 1521 2757 iu
1534 2730 1627 2763 lamna,
1646 2741 1730 2768 neque.
1744 2732 1769 2757 iu
1786 2733 1895 2768 signato,

1064 2786 1150 2812 neque
1169 2777 1195 2802 in
1215 2776 1373 2812 supellectili
1398 2791 1429 2795 --
1449 2774 1519 2800 insit.
1553 2773 1583 2800 fr.
1603 2775 1644 2800 27.
1668 2774 1690 2808 3.
1710 2776 1733 2800 6.
1757 2774 1791 2800 ib.
1810 2776 1852 2800 34.
1871 2776 1887 2799 2

1064 2819 1125 2855 Arg.
1146 2829 1222 2846 omne
1240 2818 1358 2854 legatum.
1386 2816 1458 2844 Paul.
1472 2816 1513 2843 III.
1527 2817 1551 2843 6.
1570 2817 1592 2850 3.
1606 2818 1646 2843 85.
1674 2817 1735 2853 Arg.
1750 2818 1895 2843 viatorium.

1422 2861 1451 2885 ll
