2197 3121
266 188 329 219 772

268 270 300 296 R.
330 278 436 295 censum
464 267 663 305 profitebantur.
692 266 752 303 ΠΡ.
782 266 799 292 1.
823 268 848 292 8.
885 266 938 301 Qui
963 281 994 284 —
1019 264 1111 291 libello
1134 267 1136 291 ἰ

271 312 388 349 Principi
408 311 468 338 dato
488 310 626 347 professus
646 314 694 335 est.
714 309 744 335 fr.
757 311 799 335 21.
819 313 866 335 rat.
887 318 940 335 rem
960 308 1018 334 hab.
1033 309 1074 333 46.
1088 308 1111 334 8.
1134 312 1137 323 ’

271 355 339 382 Cum
358 369 391 374 —-
411 353 479 389 apud
499 358 554 379 aeta
573 352 710 389 professus
730 353 773 383 sit,
793 352 817 377 ei
836 361 865 377 se
884 351 982 377 donare.
996 350 1112 377 fundum.

270 397 354 424 Vatic.
375 398 395 430 ξ.
409 398 467 422 265.
505 395 717 422 lnstrnmentum.
738 405 789 431 quo
810 394 876 420 hanc
896 396 944 425 (sc.
964 394 1112 431 pecuniam)

270 441 320 467 tibi
344 439 417 466 reddi
437 438 579 476 profiteris.
605 448 625 464 c.
646 440 668 464 7.
695 438 727 464 de
747 438 838 475 depos.
857 438 880 463 4.
900 438 943 463 34.
981 436 1009 463 Si
1029 437 1114 463 cuius·
1134 443 1137 464 ξ

271 494 347 520 quam
367 481 456 508 fraude
475 497 507 501 —
527 482 623 508 iniusta
644 481 788 518 cuiuspiam
807 480 978 517 profiteretur
996 480 1114 506 immuni·
1135 492 1136 495 ¹

270 532 318 553 tas.
339 525 388 551 Th.
409 524 440 551 C.
460 524 528 550 XJU.
550 526 589 550 10.
610 534 630 550 c.
651 524 762 557 8:511.
784 523 816 549 de
836 532 916 549 censu
936 533 956 548 s.
977 522 1061 549 adser.
1083 538 1112 541 —

271 570 302 602 ς’.
319 570 354 595 2.
376 569 535 594 peritiam
557 569 739 597 doctrinae,
760 568 922 597 retortis,
940 567 1137 599 palantes-¹

270 614 383 638 [tibere.
420 610 438 636 1.
459 611 520 644 Sy.
541 611 672 637 Exercet-e
691 611 778 641 (artes
798 608 1010 645 improbandas.)
1043 607 1113 634 Colt.

272 654 323 680 LL⁴
344 653 377 680 M.
398 652 456 680 XV.
476 656 499 680 2.
537 653 579 679 111.
596 654 661 680 Cn.
681 652 810 682 Protiteri.
832 656 856 677 et
876 651 982 688 publice
1001 661 1030 677 se
1042 661 1115 688 prae-

272 697 339 723 bere.
363 696 399 722 lb.
421 696 487 722 luris
507 697 592 723 civilis
613 696 748 722 seientiam
769 694 876 732 plurimi
896 699 921 720 et
940 695 1045 720 maximi
1064 694 1114 719 viri

270 739 386 776 professi
405 744 473 765 sunt..
496 754 523 757 —
546 739 683 766 Maximam
702 739 838 764 scientiam
858 739 883 763 in
902 737 1053 775 profitendo
1073 736 1115 762 ha-

270 783 385 809 buerunt
406 787 454 808 etc.
475 781 504 808 fr.
524 783 548 808 2.
569 782 605 815 ἐξ.
626 783 667 807 35.
687 783 728 807 35.
749 780 781 807 de
801 780 834 807 O.
854 780 872 807 1.
894 782 916 807 l.
935 782 960 807 2.
998 780 1052 816 Qui
1064 779 1116 806 Ro-

271 836 327 852 mae
347 825 512 862 profitentur.
533 825 562 851 t'r.
583 826 605 851 9.
627 834 664 861 pr.
685 823 718 850 de
737 834 791 850 vac.
813 828 839 849 et
858 833 946 850 excus.
967 825 1008 849 50.
1025 824 1049 848 5.
1086 822 1115 849 ld

272 868 407 895 doctrinae
426 878 520 904 genus,
545 867 616 904 quod
635 867 817 903 unusquisque
837 867 984 903 profitetur.
1015 865 1063 892 Th.
1084 864 1115 892 C.

276 911 322 938 VI.
342 913 383 938 21.
404 922 425 937 c.
447 913 469 937 l.
490 910 521 937 de
541 910 608 948 prof.
629 920 671 947 qn.
691 911 718 936 in
738 909 802 936 urbe
821 909 914 936 coust.

313 966 538 999 Profiigare.
576 966 607 998 ᾖ.
633 966 668 992 1.
701 966 908 998 Campum-re,
937 966 1114 991 Absolnere.

272 1008 315 1035 III.
339 1010 404 1036 Cn.
432 1008 637 1034 Adsertionibus
667 1008 716 1033 iam
741 1007 881 1038 ordinatis,
911 1011 936 1033 et
959 1006 1114 1044 profligatis,

273 1053 425 1088 exactisque
445 1061 527 1088 paene
547 1051 659 1077 iudiciis.
685 1050 735 1077 Th.
756 1049 786 1076 C.
806 1049 850 1076 IV.
870 1051 893 1076 8.
915 1060 935 1075 ι).
955 1052 979 1076 4.
999 1049 1114 1082 (ch.)

273 1095 305 1122 de
325 1094 426 1121 liberali
447 1105 468 1120 c.
493 1110 525 1113 —
551 1095 582 1127 ἓ.
602 1095 637 1120 2.
663 1095 798 1129 Cogere,
821 1094 977 1128 Exigere.
1014 1092 1032 1118 1.
1053 1093 1114 1126 Sy.

272 1138 392 1173 Exigere.
413 1148 434 1163 c.
453 1139 478 1163 3.
498 1147 536 1174 pr.
557 1137 578 1171 ξ.
600 1139 622 1163 l.
643 1136 675 1163 de
694 1146 764 1162 usur.
785 1136 822 1162 rei
843 1135 895 1162 iud.
917 1137 939 1163 7.
957 1137 997 1161 54.
1018 1134 1068 1161 Th.
1083 1134 1114 1161 C.
1137 1133 1139 1153 l

274 1179 343 1207 Vlll.
358 1181 382 1206 8.
403 1191 423 1206 c.
438 1182 461 1207 9.
483 1180 515 1206 de
536 1184 652 1206 exsecut.
673 1184 697 1205 et
717 1183 796 1205 exact.
823 1178 865 1204 111.
878 1180 943 1206 Cn.
964 1177 1115 1214 Quidquam

273 1223 304 1249 ab
325 1224 362 1249 eis
382 1224 494 1259 exigere.
514 1233 561 1249 seu
580 1222 728 1260 profligare.
749 1232 770 1247 c.
792 1223 830 1247 12.
851 1222 872 1255 ξ.
895 1223 916 1248 1.
940 1221 972 1247 de
991 1231 1066 1258 prox.
1087 1220 1114 1247 S.

272 1266 351 1292 scrin.
374 1267 413 1292 12.
436 1267 473 1292 19.
513 1265 542 1292 Si
562 1265 625 1302 quid
645 1281 677 1284 —
697 1264 856 1291 tributorum
875 1265 980 1291 nomine
1000 1263 1115 1290 solutum
1137 1287 1138 1292 .

274 1313 323 1340 est,
344 1319 396 1335 nou
415 1318 497 1346 posse
517 1309 624 1345 requiri,
644 1318 691 1334 seu
710 1307 843 1345 profligari
864 1307 1029 1333 contendere.
1050 1318 1071 1333 c.
1091 1309 1114 1333 6.

274 1351 306 1378 de
325 1361 440 1388 praescr.
454 1352 539 1378 XXX.
555 1353 576 1378 7.
596 1353 637 1378 39.
652 1351 729 1377 XXX
743 1350 824 1377 librae
845 1366 875 1369 —
895 1350 992 1377 multae
1011 1350 1116 1376 nomine

273 1394 456 1432 profligentur.
477 1394 526 1421 Th.
547 1394 577 1421 C.
596 1393 652 1420 Vll.
674 1396 713 1420 10.
734 1404 754 1420 c.
776 1395 798 1419 1.
819 1394 840 1427 ς’.
862 1395 882 1420 l.
903 1403 935 1420 ne
956 1403 997 1430 qu.
1018 1394 1044 1419 in
1064 1392 1115 1431 pal.

273 1448 341 1464 man.
370 1437 556 1464 Pensitationis
575 1436 755 1474 prossigandae
774 1436 935 1463 solemnitas.
955 1436 992 1463 Ib.
1008 1436 1054 1462 XI.
1073 1438 1116 1462 22.

275 1491 296 1508 c.
318 1483 342 1507 4.
366 1491 398 1507 ne
423 1480 509 1507 collat.
536 1479 624 1506 transl.
668 1480 710 1506 Ad
734 1479 913 1517 profligandos
937 1479 1116 1516 largitionales

275 1523 367 1550 titulos
387 1523 519 1549 iudicibus
540 1539 570 1542 —
591 1522 720 1549 adsistant
739 1522 864 1559 (palatini
883 1522 1053 1555 monitores.)
1078 1521 1115 1548 lb.

274 1567 292 1594 I.
315 1569 354 1593 10.
374 1577 394 1593 c.
412 1568 435 1592 2.
457 1565 561 1599 (Wek.)
581 1565 613 1591 de
633 1565 677 1592 off.
697 1565 772 1592 Com.
793 1565 820 1592 S.
840 1565 919 1602 lat-gg.
940 1564 1006 1592 Nov.
1021 1564 1071 1592 Th.
1085 1564 1116 1591 II.

275 1609 307 1636 de
327 1614 412 1635 metat.
432 1609 450 1635 1.
470 1611 494 1634 5.
515 1619 536 1635 c.
558 1610 580 1634 l.
601 1607 623 1641 ξ.
642 1610 666 1635 2.

315 1659 549 1694 Profligafio.
594 1661 768 1691 Callet-11⁸0,
798 1660 949 1686 Exue-tio.
986 1658 1029 1684 III.
1051 1659 1116 1686 Gn.

276 1703 305 1730 Si
325 1704 383 1739 quis
404 1702 518 1729 iudicum
538 1701 653 1739 palatino
672 1701 714 1727 vel
739 1701 949 1738 profligationem
969 1701 1117 1728 debitorum

275 1747 407 1783 putaverit
431 1756 489 1772 esse
514 1744 684 1771 mandandam
709 1750 757 1771 etc.
782 1744 832 1771 Th.
853 1744 883 1771 C.
903 1744 946 1771 Vl.
967 1746 1008 1771 30.
1035 1755 1055 1771 c.
1077 1746 1116 1771 10.

275 1788 308 1815 de
332 1789 408 1826 palat.
435 1788 462 1815 S.
487 1788 566 1825 largg.
591 1787 657 1815 Ἴον.
682 1787 731 1814 Th.
751 1787 782 1814 II.
807 1787 840 1814 de
863 1787 969 1815 relevat.
995 1787 1013 1814 1.
1033 1790 1074 1814 25.
1095 1798 1116 1814 c.

276 1834 299 1858 1.
319 1843 358 1869 pr.

314 1884 523 1910 Profluere.
560 1883 591 1917 §.
608 1884 642 1909 l.
664 1883 835 1918 Defluere,
856 1883 1045 1909 Dimanare.
1074 1881 1116 1908 111.

277 1926 343 1953 (711.
368 1925 396 1951 Si
420 1931 529 1962 propter
553 1925 579 1952 id
604 1935 671 1963 opus
696 1925 827 1951 sublatum
849 1924 1028 1951 vehementior
1052 1935 1117 1961 aqua
1139 1939 1141 1951 ι

277 1968 399 2005 profluat,
418 1968 460 1994 vel
480 1969 632 1995 corrivetur.
653 1968 682 1994 fr.
698 1970 720 1994 1.
740 1969 761 2001 §.
781 1970 822 1993 22.
843 1967 874 1994 cf.
895 1967 917 2000 ὃ.
937 1970 979 1994 20.
1000 1967 1032 1994 de
1052 1978 1116 2004 aqua

277 2016 304 2037 et
328 2021 385 2047 aqu.
410 2010 446 2048 pl.
471 2013 512 2037 39.
531 2013 555 2037 3.
593 2011 636 2037 Ius
660 2021 741 2047 aquae
761 2026 793 2030 -
814 2020 860 2047 per
884 2015 953 2037 certa
978 2010 1036 2037 loca
1057 2021 1117 2048 pro-

277 2053 391 2080 fluentis.
417 2064 437 2079 c.
458 2055 480 2079 7.
501 2053 532 2079 cf.
557 2064 578 2079 c.
602 2055 626 2079 6.
651 2053 683 2079 de
709 2054 798 2079 servit.
824 2058 849 2079 et
873 2064 945 2090 aqua.
969 2056 993 2080 3.
1017 2055 1058 2080 34.
1084 2070 1114 2073 —

277 2098 309 2131 ἓ.
329 2099 364 2124 2.
389 2099 568 2124 Procedere.
606 2096 648 2122 111.
668 2097 733 2123 Gn.
758 2096 904 2123 tassionem
929 2107 943 2123 e
966 2102 1058 2123 nostro
1078 2107 1116 2123 sa-

279 2141 362 2166 crario
382 2139 550 2177 profluxisse.
571 2138 620 2165 Th.
635 2138 666 2165 C.
679 2138 748 2165 XVI.
768 2142 791 2165 5.
812 2150 832 2166 e.
856 2141 894 2166 16.
914 2139 947 2166 de
965 2139 1062 2167 haeret.
1083 2156 1115 2160 —

277 2183 310 2217 ξ.
331 2184 367 2209 3.
392 2185 495 2209 Elabi.
533 2183 552 2209 l.
571 2184 632 2217 Sy.
653 2182 682 2208 Si
700 2181 869 2219 profluxerit,
894 2182 1036 2209 Emensum
1056 2183 1117 2216 (de,-

279 2226 420 2257 cennium.)
440 2235 460 2251 c.
480 2227 521 2252 27.
541 2225 573 2252 de
592 2229 693 2251 testam.
713 2225 736 2250 6.
755 2225 797 2250 23,
834 2224 876 2250 1Π.
894 2226 959 2252 (711.
979 2226 1055 2261 Quae
1073 2236 1117 2263 pe-

278 2269 327 2294 stis
348 2285 377 2288 —
398 2269 456 2301 (ue)
475 2267 553 2294 latius
572 2272 673 2294 emanet
692 2278 721 2293 ae
740 2267 860 2305 profluat.
882 2267 931 2293 Th.
952 2268 981 2294 C.
1002 2268 1073 2295 XVI.
1092 2271 1115 2296 5.

279 2320 300 2337 c.
319 2312 361 2337 44.
381 2309 413 2336 de
432 2310 529 2336 haeret.

316 2362 539 2395 Profugere.
576 2363 750 2397 Aufugere,
788 2361 806 2387 I.
821 2362 883 2395 Sy.
903 2360 1016 2397 Fugere,
1037 2361 1117 2388 Aufu-

278 2414 345 2440 gere.
371 2403 412 2430 Cf.
432 2414 455 2430 v.
476 2402 583 2436 Fugere.
603 2404 624 2436 ξ.
647 2406 670 2430 1.
708 2403 750 2430 111.
771 2405 837 2432 Gn.
863 2403 956 2430 Vtrum
980 2405 1039 2440 quis
1058 2414 1117 2441 pro-

278 2447 388 2483 fugerit,
412 2456 444 2472 an
467 2456 530 2473 vero
554 2445 652 2472 Romae
676 2457 753 2482 agens
779 2448 881 2484 copiam
906 2447 946 2473 sui
971 2457 1022 2473 non
1048 2447 1116 2473 facit.

278 2489 309 2516 fr.
328 2491 369 2516 36.
390 2489 422 2516 de
441 2489 494 2516 reb.
515 2494 581 2515 auct.
601 2488 654 2515 iud.
674 2491 715 2515 42.
735 2491 758 2515 5.
796 2489 969 2526 Posteaquam
993 2491 1117 2516 conterri-

278 2537 322 2559 tus
341 2532 453 2559 adventu
472 2532 601 2559 latronum
620 2531 770 2569 profugerat
788 2531 877 2558 villam
901 2532 945 2565 [al.
965 2532 997 2559 ad
1016 2532 1116 2566 vittam]

279 2585 359 2602 suam.
384 2575 413 2601 sr.
433 2578 457 2602 2.
483 2575 514 2602 ad
538 2574 604 2601 S.C.
628 2574 709 2601 silan.
733 2576 774 2601 29.
794 2578 818 2601 5.
839 2575 870 2602 cf.
896 2575 926 2602 fr.
951 2577 974 2602 9.
999 2585 1038 2613 pr.
1063 2576 1115 2611 Qu.

279 2623 339 2644 met.
360 2629 380 2644 c.
400 2621 424 2644 4.
443 2620 468 2644 2,

317 2669 551 2702 Profugium.
596 2670 798 2704 Perfugium.
844 2668 887 2695 111.
912 2670 978 2697 (7η.
1007 2669 1061 2705 Qui
1084 2668 1116 2695 ad

281 2710 406 2737 ecclesiae
425 2711 543 2748 profugia
563 2712 681 2737 recurrit.
700 2710 766 2737 Nov.
780 2710 869 2737 Maior.
890 2711 922 2737 de
941 2713 1020 2749 episc.
1038 2711 1114 2739 iudic.

280 2752 324 2779 IV.
343 2754 367 2779 9.
388 2764 408 2779 c.
431 2756 450 2780 1.

318 2796 516 2830 Profugus.
553 2799 742 2832 Fugitivus.
777 2796 796 2823 I.
815 2797 876 2831 Sy.
903 2797 956 2832 Qui
980 2797 1115 2834 aufugerit.

280 2837 330 2865 Th.
351 2838 381 2866 C.
400 2837 446 2865 XJ.
467 2840 488 2864 1.
509 2850 530 2865 c.
550 2841 573 2866 7.
594 2839 626 2866 de
645 2850 703 2866 ann.
723 2844 748 2866 et
767 2839 857 2866 tribut.
894 2839 937 2866 111.
953 2841 1019 2868 Cn.
1039 2840 1115 2867 Miles

1083 182 1181 213 PRO.

1158 263 1294 301 profugus
1313 263 1486 300 desertorque
1505 269 1659 291 castrorum.
1679 265 1716 291 lb.
1730 264 1786 293 Vll.
1801 267 1841 292 18.
1861 277 1882 293 c.
1899 268 1937 293 12.
1957 276 1999 304 pr.

1158 306 1190 333 de
1210 306 1338 333 desertor.

1196 350 1451 377 Profundere.
1487 350 1518 383 §.
1533 352 1568 377 1.
1588 352 1776 386 I’rodigere.
1814 351 1873 384 (Cf.
1892 362 1917 378 v.
1937 351 2000 379 Pro-

1159 392 1253 424 susus.)
1290 392 1333 418 111.
1355 394 1420 420 Gn.
1446 392 1519 418 Bona
1542 403 1588 419 sua
1613 392 1780 419 dilacerando
1800 399 1826 420 et
1845 393 1998 432 dissipando

1158 435 1283 473 profudit.
1309 435 1338 461 fr.
1360 437 1382 461 l.
1401 445 1439 472 pr.
1465 435 1497 461 de,
1521 446 1573 462 cur.
1598 435 1689 462 furios.
1714 438 1757 463 27.
1781 438 1820 463 10.
1850 451 1882 456 -
1912 437 1943 470 ξ.
1963 439 1998 464 8.

1158 480 1330 511 Emiteere,
1356 479 1464 504 Edere.
1500 478 1543 505 111,
1565 480 1631 506 Un-
1657 479 1697 505 Ex
1722 478 1915 517 l'rintipalibus
1940 489 2000 506 con-

1158 521 1340 547 stitutionibus
1360 520 1490 558 profecta.
1516 526 1542 547 et
1561 532 1574 547 a
1597 526 1689 548 nostro
1710 521 1799 548 divino
1819 532 1864 549 ore
1883 522 2000 560 profusa.

1159 575 1179 591 c.
1200 565 1222 590 l.
1243 564 1264 598 §.
1284 565 1308 590 6.
1329 563 1361 590 de
1380 569 1431 590 vet.
1451 565 1507 590 iure
1527 564 1610 591 enucl.
1632 567 1653 591 l.
1674 566 1714 591 17.

1195 607 1424 634 Profundus.
1451 606 1587 640 (Adiect.)
1617 608 1648 641 ς.
1668 609 1703 634 1.
1732 609 1833 634 Altus.
1871 607 1912 634 111.
1933 609 2001 636 G‘n.

1158 649 1341 676 profundioris
1361 650 1486 676 scientiae
1505 655 1582 687 atque
1596 649 1731 676 doctrinae
1744 651 1868 686 magistri.
1889 661 1910 677 c.
1926 652 1948 678 l.
1968 650 2001 678 de

1159 692 1228 719 stud.
1250 692 1348 719 liberal.
1369 692 1425 719 urb.
1445 692 1475 719 R.
1497 695 1536 719 ll.
1559 694 1597 719 18.
1623 708 1655 712 —-
1684 693 1715 726 ᾗ.
1735 694 1771 720 2.
1795 695 2001 729 Profundum

1160 738 1197 773 (p.
1218 746 1247 762 se
1266 736 1335 773 poS.)
1355 736 1371 762 i.
1393 746 1414 762 e.
1436 737 1532 762 Mare.
1569 735 1613 762 111.
1628 736 1694 763 Cn.
1714 735 1741 762 ln
1761 736 1920 773 profundum
1940 736 2002 763 abii-

1161 789 1219 805 cere
1233 778 1374 812 (calicem.)
1389 778 1418 805 l'r.
1434 780 1473 805 l4.
1493 779 1515 812 ξ.
1529 780 1553 804 2.
1573 778 1606 804 de
1618 788 1734 815 praescr.
1752 788 1793 805 vv.
1810 780 1849 806 19.
1863 781 1887 806 5.
1917 780 2002 815 Quasi

1160 832 1207 859 per
1226 821 1339 848 medium
1358 821 1516 859 profundum
1536 826 1635 847 euntes.
1660 820 1779 847 Prooem.
1799 821 1863 848 inst.
1883 822 1905 856 §.
1923 825 1948 849 2.
1968 839 2001 842 —

1160 866 1190 898 §.
1211 866 1248 891 3.
1276 866 1480 901 Profundus,
1505 866 1522 891 i.
1542 875 1561 891 e.
1585 866 1737 896 Abditas,
1763 866 1932 892 Obscurus.
1970 865 2001 892 Π,

1161 909 1228 941 ΟΡ.
1248 907 1276 934 In
1295 907 1426 945 profundo
1446 917 1512 933 esse.
1537 923 1569 926 —
1593 907 1736 945 Adparere.
1760 907 1790 933 sr.
1813 909 1852 934 15.
1872 907 1905 934 de
1924 907 2001 944 legat.

1159 950 1201 977 Ill.
1222 952 1289 983 (32.)
1307 967 1338 970 --
1358 951 1389 984 ᾖ.
1404 952 1442 977 4.
1462 952 1632 986 Prosusus.
1669 949 1712 976 111.
1728 951 1794 977 Cn.
1813 949 2001 978 Patrimonium

1160 1003 1234 1019 suum
1254 993 1383 1030 profunda
1402 992 1559 1019 liberalitate
1573 1009 1603 1012 -—
1619 993 1762 1020 exhaurire.
1788 992 1872 1020 Yatie.
1887 994 1909 1027 §.
1923 995 1983 1021 280.

1198 1036 1392 1062 Profusus.
1434 1037 1674 1062 Immoderatus.
1720 1035 1762 1061 111.
1783 1036 1848 1063 Gn.
1874 1036 2002 1064 Donatio-

1160 1078 1237 1104 nibus
1257 1089 1308 1104 non
1328 1083 1517 1116 temperantes,
1541 1078 1588 1105 sed
1612 1078 1719 1116 profusa
1744 1088 1803 1115 erga
1822 1088 1851 1105 sc
1870 1079 2001 1107 facilitate.

1160 1121 1190 1147 fr.
1212 1123 1234 1147 1.
1255 1121 1286 1147 de
1306 1121 1367 1147 don.
1387 1122 1433 1147 int.
1454 1120 1485 1148 V.
1504 1123 1545 1147 24.
1567 1123 1590 1147 1.

1197 1165 1404 1198 Progener.
1443 1165 1585 1191 Maritus
1610 1166 1726 1198 neptis.
1763 1163 1806 1190 111.
1823 1166 1889 1192 Gn.
1916 1164 2001 1192 Socer

1159 1217 1267 1243 maguus
1287 1207 1383 1233 dicitur
1401 1208 1491 1233 uxoris
1510 1216 1582 1233 meae
1601 1217 1679 1239 avus,
1706 1216 1752 1243 ego
1772 1206 1844 1233 illius
1864 1217 1921 1234 sum
1941 1218 2002 1245 pro·-

1160 1259 1245 1286 gener.
1267 1249 1296 1276 fr.
1311 1251 1334 1277 4.
1354 1251 1375 1284 ξ.
1390 1252 1413 1277 6.
1434 1250 1466 1277 de
1485 1249 1556 1287 grad.
1576 1254 1602 1276 et
1620 1249 1670 1276 adt.
1689 1252 1730 1277 35.
1746 1251 1786 1276 10.
1801 1250 1832 1276 cf.
1852 1250 1883 1277 fr.
1896 1252 1920 1277 3.
1940 1251 1961 1285 §.
1976 1253 2002 1278 2.

1161 1293 1193 1320 de
1212 1292 1310 1330 postul.
1330 1295 1354 1319 3.
1375 1295 1397 1319 l.

1197 1337 1475 1371 Progenerare.
1495 1338 1688 1368 Procreure,
1708 1338 1877 1363 Generare.
1905 1336 1924 1363 Ῑ.
1939 1338 2001 1371 Sy.

1160 1379 1314 1417 Propagare.
1340 1379 1370 1406 fr.
1392 1381 1414 1406 1.
1438 1380 1460 1413 ξ.
1480 1380 1504 1405 6.
1530 1379 1562 1406 de
1586 1378 1656 1415 grad.
1682 1383 1707 1405 et
1727 1378 1777 1405 ads.
1797 1380 1839 1405 38.
1860 1381 1898 1406 10.
1919 1380 1956 1414 §§.
1976 1381 2000 1406 4.

1162 1425 1202 1449 11.
1221 1422 1239 1448 1.
1260 1422 1292 1449 de
1311 1422 1382 1459 grad.
1404 1427 1504 1459 cognat.
1523 1424 1548 1449 3.
1568 1423 1591 1449 6.

1198 1466 1419 1500 Progenies.
1449 1468 1565 1497 Genus,
1586 1466 1743 1492 Familia.
1780 1464 1798 1491 Ι.
1818 1466 1880 1500 Sy.
1898 1465 2001 1498 Proles,

1161 1508 1284 1539 Soboles,
1304 1508 1437 1546 Prosapia.
1458 1518 1479 1534 c.
1499 1509 1540 1534 21.
1561 1507 1593 1534 de
1613 1507 1718 1544 agricol.
1738 1510 1779 1534 11.
1796 1510 1838 1535 47.
1859 1508 1908 1535 Th.
1923 1508 1954 1536 C.
1967 1509 2002 1535 X.

1162 1554 1201 1579 19.
1222 1562 1243 1578 c.
1265 1554 1305 1579 15.
1325 1551 1357 1578 de
1376 1550 1472 1578 metall.
1491 1550 1561 1577 XVI.
1581 1552 1605 1576 2.
1626 1561 1646 1577 c.
1666 1552 1690 1577 6.
1710 1550 1743 1577 de
1762 1552 1841 1588 episc.
1862 1551 1925 1579 eccl.
1957 1551 2002 1579 111.

1161 1596 1227 1622 Cn.
1253 1594 1320 1621 Tota
1340 1595 1493 1632 progenies,
1519 1604 1551 1620 ex
1574 1593 1687 1629 legitima
1713 1593 1805 1620 sobole
1828 1594 2002 1622 descendens.

1161 1648 1182 1664 c.
1205 1639 1243 1664 15.
1263 1647 1302 1674 pr.
1328 1637 1360 1663 de
1385 1637 1455 1673 legit.
1475 1636 1564 1663 hered.
1583 1638 1607 1663 6.
1627 1638 1668 1663 58.
1706 1636 1767 1663 Filii
1785 1638 1838 1669 sui,
1862 1637 1905 1664 vel
1923 1637 2003 1670 filiae,

1138 1687 1139 1696 ¹
1161 1685 1286 1717 nepotes,
1311 1680 1353 1706 vel
1373 1685 1480 1717 neptes,
1504 1679 1547 1706 vel
1566 1679 1692 1717 deinceps
1711 1681 1859 1717 progenies.
1884 1691 1906 1707 c.
1925 1682 1949 1707 6.
1969 1680 2003 1707 de

1162 1724 1287 1760 emaucip.
1308 1725 1331 1749 8.
1351 1724 1392 1749 49.

1200 1766 1439 1800 Progenitus.
1464 1765 1594 1799 (Partic.)
1620 1768 1772 1799 Gemitus,
1792 1768 2002 1794 Procreatus.

1162 1809 1181 1836 Ι.
1201 1810 1263 1844 Sy.
1283 1809 1436 1845 PrognatuS.
1456 1809 1477 1842 §.
1497 1811 1521 1835 2.
1540 1808 1558 1835 l.
1579 1808 1611 1835 de
1631 1809 1741 1836 heredit.
1761 1819 1803 1846 qu.
1823 1809 1854 1836 ab
1873 1810 1919 1836 int.
1938 1811 1963 1836 3.
1980 1811 2002 1836 l.

1162 1852 1205 1879 111.
1225 1854 1292 1880 Gn.
1311 1852 1352 1879 Ex
1370 1851 1412 1878 his
1432 1853 1485 1885 (sc.
1505 1851 1678 1884 mulieribus)
1698 1853 1859 1889 progenitos,
1878 1862 1925 1879 seu
1943 1861 2004 1890 pro-

1163 1895 1298 1922 creandos.
1319 1905 1340 1921 c.
1361 1896 1383 1921 6.
1405 1895 1436 1921 de
1456 1900 1537 1922 natur.
1558 1895 1603 1921 lib.
1623 1897 1646 1922 5.
1667 1897 1709 1922 27.
1746 1895 1868 1928 maritus,
1895 1906 1927 1922 ex
1949 1904 2002 1932 quo

1162 1938 1247 1965 infans
1267 1939 1421 1975 progenitus
1441 1943 1489 1965 est.
1515 1948 1536 1964 c.
1555 1939 1597 1964 33.
1622 1938 1643 1972 ᾗ,
1665 1940 1687 1965 1.
1714 1938 1746 1965 de
1765 1939 1837 1965 inofl'.
1858 1942 1958 1964 testam.
1976 1938 2001 1963 3.

1160 1983 1202 2008 28,
1240 1981 1399 2018 Quicunque
1418 1982 1545 2008 castrensi
1564 1982 1647 2018 stirpe
1665 1983 1803 2018 progeniti.
1824 1980 1873 2008 Th.
1893 1979 1924 2007 C.
1945 1979 2000 2006 VII.

1160 2027 1202 2051 22.
1223 2035 1244 2051 c.
1259 2027 1280 2051 7.
1301 2024 1333 2051 de
1353 2023 1389 2050 fil.
1410 2024 1514 2050 militar.
1542 2023 1649 2060 Ingenui
1662 2025 1800 2061 progeniti.
1820 2023 1904 2050 Vatic.
1922 2023 1944 2056 §.
1957 2024 2000 2048 33.

1161 2067 1311 2104 Progenies,
1331 2077 1397 2104 quae
1411 2077 1442 2093 ex
1455 2066 1609 2093 mulieribus
1629 2066 1805 2104 adscripticiis
1819 2082 1850 2086 —
1863 2066 2000 2103 progenita

1161 2112 1202 2137 sit.
1224 2121 1244 2137 c.
1264 2113 1306 2137 21.
1326 2110 1359 2137 de
1378 2109 1482 2146 agricol.
1504 2111 1543 2136 11.
1562 2111 1604 2136 47.

1198 2154 1444 2188 Progignere.
1470 2154 1617 2187 Giguere.
1643 2152 1661 2179 1.
1672 2153 1733 2187 Sy.
1753 2151 1902 2178 Procreare.
1922 2161 1942 2177 c.
1956 2152 1999 2178 21.

1161 2197 1178 2223 1,
1200 2198 1239 2223 ll.
1259 2198 1300 2223 47.
1322 2196 1353 2222 cf.
1374 2206 1394 2222 c.
1414 2197 1438 2221 2.
1459 2194 1491 2221 de
1510 2195 1600 2222 indict.
1620 2195 1710 2222 viduit.
1730 2195 1752 2220 6.
1772 2195 1814 2219 40.

1199 2240 1424 2274 Prognatus.
1444 2237 1564 2271 (Pax-tic.)
1585 2240 1696 2266 Natus.
1723 2236 1741 2263 1.
1753 2237 1814 2271 Sy.
1833 2235 1999 2273 Progenitus.

1162 2282 1202 2309 Cf.
1223 2282 1247 2309 h.
1267 2292 1292 2308 v.

1199 2326 1461 2359 Programma.
1505 2325 1668 2357 Scriptum
1697 2324 1916 2357 magistratu:
1940 2332 1999 2357 pa-

1161 2371 1222 2395 lam
1240 2370 1454 2402 propositum.
1492 2366 1510 2393 I.
1532 2367 1592 2400 Sy·
1616 2364 1744 2391 Edictum.
1766 2376 1786 2391 c.
1805 2367 1830 2392 3.
1851 2364 1883 2391 de
1902 2365 1998 2401 requir.

1162 2412 1221 2437 reis.
1244 2413 1268 2437 9.
1287 2412 1328 2436 40.
1353 2409 1420 2436 Nov.
1440 2408 1497 2435 Val.
1521 2408 1562 2434 111.
1587 2407 1619 2434 de
1644 2408 1720 2434 tiron.
1745 2407 1774 2434 II.
1795 2409 1818 2434 6.
1845 2418 1865 2434 c.
1886 2409 1908 2434 1.
1932 2408 1954 2442 §.
1973 2409 1998 2434 4.

1162 2453 1193 2480 de
1212 2454 1318 2491 palatin.
1338 2453 1367 2479 11.
1389 2455 1411 2479 7.
1432 2462 1452 2479 c.
1469 2454 1489 2478 l.
1509 2452 1531 2485 ξ.
1550 2453 1573 2477 5.
1610 2450 1652 2476 Ill.
1667 2452 1732 2478 Cn.
1753 2450 1827 2477 Licet
1846 2450 1951 2482 litteris,
1966 2467 1997 2471 —

1161 2507 1207 2523 seu
1226 2500 1424 2534 programmate,
1442 2494 1483 2521 vel
1504 2494 1589 2520 edicto
1603 2509 1634 2512 —
1649 2504 1712 2519 usus
1726 2493 1804 2520 fuerit
1823 2493 1998 2527 (successor.)

1161 2550 1182 2565 c.
1205 2542 1226 2566 l.
1246 2540 1268 2573 ξ,
1290 2541 1311 2566 l.
1337 2543 1365 2565 ut
1383 2547 1449 2564 omn.
1470 2536 1522 2563 iud.
1545 2538 1566 2562 1.
1586 2538 1626 2563 49.
1664 2536 1832 2573 Rescriptum
1851 2552 1883 2556 -—
1902 2546 1998 2573 propo-

1160 2584 1212 2608 sito
1235 2585 1423 2620 programmate
1447 2579 1625 2605 celeberrimis
1650 2581 1676 2605 in
1703 2578 1767 2605 locis
1787 2578 1908 2605 volumus
1928 2583 1997 2605 ante-

1161 2625 1235 2653 ferri.
1259 2630 1284 2651 et
1303 2628 1375 2660 gesta
1395 2638 1426 2641 —
1446 2622 1574 2648 subnecti.
1599 2621 1649 2649 Th.
1670 2621 1700 2648 C.
1720 2621 1790 2648 XVI.
1810 2623 1833 2647 5.
1859 2632 1879 2648 c.
1898 2623 1939 2648 37.
1964 2620 1996 2647 de

1159 2667 1257 2694 haeret.
1294 2666 1344 2693 Per
1367 2675 1456 2691 omnes
1481 2665 1594 2703 populos
1621 2664 1735 2691 iudicum
1762 2663 1995 2701 programmatibus

1161 2710 1289 2746 divulgari
1309 2709 1413 2744 (leges)
1434 2718 1454 2734 c.
1474 2711 1498 2734 3.
1523 2708 1555 2735 de
1573 2707 1626 2734 LL.
1647 2709 1668 2734 1.
1690 2709 1729 2733 14.
1767 2706 1918 2733 Criminalis
1935 2714 1995 2742 pro-

1159 2753 1307 2789 grammatis
1332 2756 1414 2777 tenor.
1440 2750 1489 2777 Th.
1509 2750 1539 2777 C.
1559 2751 1592 2778 X.
1614 2752 1653 2777 10.
1678 2760 1698 2776 c.
1718 2752 1759 2776 29.
1783 2749 1805 2783 §.
1824 2752 1848 2775 2.
1870 2748 1902 2775 de
1921 2748 1993 2785 petit.

1160 2800 1186 2822 et
1204 2795 1273 2822 ultro
1293 2793 1343 2821 dat.

1197 2837 1393 2872 Progredi.
1429 2839 1613 2864 Procedere.
1650 2835 1692 2862 llI.
1712 2837 1778 2864 οη.
1802 2832 1905 2870 Quodsi
1926 2832 1993 2860 ultra
