<?xml version="1.0" encoding="UTF-8"?>
<!DOCTYPE html PUBLIC "-//W3C//DTD XHTML 1.0 Transitional//EN"
    "http://www.w3.org/TR/xhtml1/DTD/xhtml1-transitional.dtd">
<html xmlns="http://www.w3.org/1999/xhtml" xml:lang="en" lang="en">
 <head>
  <title>
</title>
<meta http-equiv="Content-Type" content="text/html;charset=utf-8" />
  <meta name='ocr-system' content='tesseract 3.04.00' />
  <meta name='ocr-capabilities' content='ocr_page ocr_carea ocr_par ocr_line ocrx_word'/>
</head>
<body>
  <div class='ocr_page' id='page_1' title='image "./manualelatinitat00dirk_0991.png"; bbox 0 0 2197 3121; ppageno 0'>
   <div class='ocr_carea' id='block_1_1' title="bbox 1020 153 1120 183">
    <p class='ocr_par' dir='ltr' id='par_1_1' title="bbox 1020 153 1120 183">
     <span class='ocr_line' id='line_1_1' title="bbox 1020 153 1120 183; baseline 0.01 -1"><span class='ocrx_word' id='word_1_1' title='bbox 1020 153 1120 183; x_wconf 92' lang='lat' dir='ltr'><strong>TUT.</strong></span> 
     </span>
    </p>
   </div>
   <div class='ocr_carea' id='block_1_2' title="bbox 200 235 1069 483">
    <p class='ocr_par' dir='ltr' id='par_1_2' title="bbox 200 235 1069 483">
     <span class='ocr_line' id='line_1_2' title="bbox 202 235 1069 270; baseline -0.005 -6"><span class='ocrx_word' id='word_1_2' title='bbox 202 238 319 264; x_wconf 79' lang='lat' dir='ltr'>Munus</span> <span class='ocrx_word' id='word_1_3' title='bbox 343 238 468 263; x_wconf 76' lang='lat' dir='ltr'>tutoris</span> <span class='ocrx_word' id='word_1_4' title='bbox 495 236 648 270; x_wconf 81' lang='lat' dir='ltr'>(pupilli,</span> <span class='ocrx_word' id='word_1_5' title='bbox 667 235 885 270; x_wconf 83' lang='lat' dir='ltr'>feminaeve,)</span> <span class='ocrx_word' id='word_1_6' title='bbox 915 236 1069 268; x_wconf 77' lang='lat' dir='ltr'>eiusque</span> 
     </span>
     <span class='ocr_line' id='line_1_3' title="bbox 201 275 1045 312; baseline -0.005 -6"><span class='ocrx_word' id='word_1_7' title='bbox 201 281 461 306; x_wconf 76' lang='lat' dir='ltr'><strong><em>administratio.</em></strong></span> <span class='ocrx_word' id='word_1_8' title='bbox 498 278 516 305; x_wconf 88' lang='lat'>1.</span> <span class='ocrx_word' id='word_1_9' title='bbox 537 279 599 312; x_wconf 76' lang='lat' dir='ltr'>Sy.</span> <span class='ocrx_word' id='word_1_10' title='bbox 625 275 711 303; x_wconf 82' lang='lat' dir='ltr'>Tutor</span> <span class='ocrx_word' id='word_1_11' title='bbox 730 286 797 302; x_wconf 85' lang='lat' dir='ltr'>esse.</span> <span class='ocrx_word' id='word_1_12' title='bbox 815 275 844 302; x_wconf 87' lang='lat' dir='ltr'>In</span> <span class='ocrx_word' id='word_1_13' title='bbox 863 276 953 303; x_wconf 84' lang='lat' dir='ltr'>tutela.</span> <span class='ocrx_word' id='word_1_14' title='bbox 972 276 1001 303; x_wconf 78' lang='lat' dir='ltr'>fr.</span> <span class='ocrx_word' id='word_1_15' title='bbox 1021 278 1045 302; x_wconf 91' lang='lat'><strong>3</strong></span> 
     </span>
     <span class='ocr_line' id='line_1_4' title="bbox 203 319 1045 358; baseline -0.004 -10"><span class='ocrx_word' id='word_1_16' title='bbox 203 321 225 355; x_wconf 81' lang='lat'>5.</span> <span class='ocrx_word' id='word_1_17' title='bbox 245 323 269 348; x_wconf 88' lang='lat'>5.</span> <span class='ocrx_word' id='word_1_18' title='bbox 298 321 330 348; x_wconf 82' lang='lat' dir='ltr'>de</span> <span class='ocrx_word' id='word_1_19' title='bbox 358 331 431 358; x_wconf 90' lang='lat' dir='ltr'>susp.</span> <span class='ocrx_word' id='word_1_20' title='bbox 460 326 508 347; x_wconf 88' lang='lat' dir='ltr'>tut.</span> <span class='ocrx_word' id='word_1_21' title='bbox 535 321 577 346; x_wconf 87' lang='lat'>26.</span> <span class='ocrx_word' id='word_1_22' title='bbox 603 321 644 345; x_wconf 84' lang='lat'>10.</span> <span class='ocrx_word' id='word_1_23' title='bbox 680 319 810 346; x_wconf 80' lang='lat' dir='ltr'>Desinere</span> <span class='ocrx_word' id='word_1_24' title='bbox 838 328 897 345; x_wconf 80' lang='lat' dir='ltr'>esse</span> <span class='ocrx_word' id='word_1_25' title='bbox 925 324 1045 346; x_wconf 84' lang='lat' dir='ltr'>tutorem.</span> 
     </span>
     <span class='ocr_line' id='line_1_5' title="bbox 200 361 1044 400; baseline -0.001 -10"><span class='ocrx_word' id='word_1_26' title='bbox 200 363 330 390; x_wconf 87' lang='lat' dir='ltr'>Amittere</span> <span class='ocrx_word' id='word_1_27' title='bbox 353 363 468 390; x_wconf 88' lang='lat' dir='ltr'>tutelam.</span> <span class='ocrx_word' id='word_1_28' title='bbox 494 362 554 400; x_wconf 89' lang='lat' dir='ltr'>le.</span> <span class='ocrx_word' id='word_1_29' title='bbox 573 362 618 389; x_wconf 88' lang='lat' dir='ltr'>XI.</span> <span class='ocrx_word' id='word_1_30' title='bbox 639 364 678 389; x_wconf 96' lang='lat'>17.</span> <span class='ocrx_word' id='word_1_31' title='bbox 716 361 828 389; x_wconf 87' lang='lat' dir='ltr'>Tutorio</span> <span class='ocrx_word' id='word_1_32' title='bbox 848 363 967 395; x_wconf 74' lang='lat' dir='ltr'>nomme,</span> <span class='ocrx_word' id='word_1_33' title='bbox 994 362 1044 389; x_wconf 84' lang='lat' dir='ltr'>Pro</span> 
     </span>
     <span class='ocr_line' id='line_1_6' title="bbox 201 403 1046 443; baseline -0.004 -10"><span class='ocrx_word' id='word_1_34' title='bbox 201 406 282 433; x_wconf 87' lang='lat' dir='ltr'>tutela</span> <span class='ocrx_word' id='word_1_35' title='bbox 301 406 420 443; x_wconf 85' lang='lat' dir='ltr'>(agere.)</span> <span class='ocrx_word' id='word_1_36' title='bbox 440 406 481 433; x_wconf 77' lang='lat' dir='ltr'>Cf.</span> <span class='ocrx_word' id='word_1_37' title='bbox 501 416 525 433; x_wconf 86' lang='lat' dir='ltr'>v.</span> <span class='ocrx_word' id='word_1_38' title='bbox 545 405 680 432; x_wconf 88' lang='lat' dir='ltr'>Tutorius.</span> <span class='ocrx_word' id='word_1_39' title='bbox 716 404 748 431; x_wconf 82' lang='lat'>11.</span> <span class='ocrx_word' id='word_1_40' title='bbox 769 406 836 438; x_wconf 78' lang='lat' dir='ltr'>Op.</span> <span class='ocrx_word' id='word_1_41' title='bbox 857 403 940 436; x_wconf 78' lang='lat' dir='ltr'>Cura,</span> <span class='ocrx_word' id='word_1_42' title='bbox 965 404 1046 431; x_wconf 85' lang='lat' dir='ltr'>Cura-</span> 
     </span>
     <span class='ocr_line' id='line_1_7' title="bbox 201 446 1045 483; baseline -0.002 -8"><span class='ocrx_word' id='word_1_43' title='bbox 201 449 247 475; x_wconf 76' lang='lat' dir='ltr'><strong>tio.</strong></span> <span class='ocrx_word' id='word_1_44' title='bbox 266 448 307 475; x_wconf 87' lang='lat' dir='ltr'>Cf.</span> <span class='ocrx_word' id='word_1_45' title='bbox 326 459 350 475; x_wconf 86' lang='lat' dir='ltr'>v.</span> <span class='ocrx_word' id='word_1_46' title='bbox 371 449 448 476; x_wconf 86' lang='lat' dir='ltr'><strong>Cura.</strong></span> <span class='ocrx_word' id='word_1_47' title='bbox 469 449 489 483; x_wconf 88' lang='lat'>5.</span> <span class='ocrx_word' id='word_1_48' title='bbox 509 450 533 475; x_wconf 89' lang='lat'>4.</span> <span class='ocrx_word' id='word_1_49' title='bbox 552 458 576 475; x_wconf 83' lang='lat' dir='ltr'>v.</span> <span class='ocrx_word' id='word_1_50' title='bbox 597 447 713 474; x_wconf 78' lang='lat' dir='ltr'>Curatio.</span> <span class='ocrx_word' id='word_1_51' title='bbox 733 448 754 481; x_wconf 91' lang='lat'>5.</span> <span class='ocrx_word' id='word_1_52' title='bbox 774 449 798 474; x_wconf 98' lang='lat'>3.</span> <span class='ocrx_word' id='word_1_53' title='bbox 835 446 878 473; x_wconf 88' lang='grc' dir='ltr'><strong>ΙΙΙ.</strong></span> <span class='ocrx_word' id='word_1_54' title='bbox 900 448 966 474; x_wconf 74' lang='lat' dir='ltr'>Gn.</span> <span class='ocrx_word' id='word_1_55' title='bbox 993 447 1045 474; x_wconf 90' lang='lat' dir='ltr'>Tu-</span> 
     </span>
    </p>
   </div>
   <div class='ocr_carea' id='block_1_3' title="bbox 201 480 1068 527">
    <p class='ocr_par' dir='ltr' id='par_1_3' title="bbox 201 480 1068 527">
     <span class='ocr_line' id='line_1_8' title="bbox 201 480 1068 527; baseline 0 -10"><span class='ocrx_word' id='word_1_56' title='bbox 201 490 253 517; x_wconf 79' lang='lat' dir='ltr'>tela</span> <span class='ocrx_word' id='word_1_57' title='bbox 272 496 325 523; x_wconf 74' lang='lat' dir='ltr'>est,</span> <span class='ocrx_word' id='word_1_58' title='bbox 354 497 382 518; x_wconf 86' lang='lat' dir='ltr'>ut</span> <span class='ocrx_word' id='word_1_59' title='bbox 402 491 511 518; x_wconf 78' lang='lat' dir='ltr'>Servius</span> <span class='ocrx_word' id='word_1_60' title='bbox 530 491 635 523; x_wconf 71' lang='lat' dir='ltr'>definit.</span> <span class='ocrx_word' id='word_1_61' title='bbox 664 491 702 517; x_wconf 84' lang='lat' dir='ltr'>vis</span> <span class='ocrx_word' id='word_1_62' title='bbox 726 500 755 516; x_wconf 84' lang='lat' dir='ltr'>ac</span> <span class='ocrx_word' id='word_1_63' title='bbox 774 494 891 527; x_wconf 78' lang='lat' dir='ltr'>potestas</span> <span class='ocrx_word' id='word_1_64' title='bbox 914 491 941 516; x_wconf 89' lang='lat' dir='ltr'>in</span> <span class='ocrx_word' id='word_1_65' title='bbox 961 491 1045 527; x_wconf 79' lang='lat' dir='ltr'>eapite</span> <span class='ocrx_word' id='word_1_66' title='bbox 1066 480 1068 518; x_wconf 53' lang='lat' dir='ltr'>l</span> 
     </span>
    </p>
   </div>
   <div class='ocr_carea' id='block_1_4' title="bbox 196 533 1065 1595">
    <p class='ocr_par' dir='ltr' id='par_1_4' title="bbox 196 533 1065 1595">
     <span class='ocr_line' id='line_1_9' title="bbox 201 533 1045 570; baseline -0.001 -10"><span class='ocrx_word' id='word_1_67' title='bbox 201 533 300 566; x_wconf 81' lang='lat' dir='ltr'>libero,</span> <span class='ocrx_word' id='word_1_68' title='bbox 326 534 358 560; x_wconf 88' lang='lat' dir='ltr'>ad</span> <span class='ocrx_word' id='word_1_69' title='bbox 382 534 508 561; x_wconf 84' lang='lat' dir='ltr'>tuendum</span> <span class='ocrx_word' id='word_1_70' title='bbox 537 544 610 566; x_wconf 76' lang='lat' dir='ltr'>eum,</span> <span class='ocrx_word' id='word_1_71' title='bbox 637 534 681 570; x_wconf 88' lang='lat' dir='ltr'>qui</span> <span class='ocrx_word' id='word_1_72' title='bbox 700 537 810 570; x_wconf 86' lang='lat' dir='ltr'>propter</span> <span class='ocrx_word' id='word_1_73' title='bbox 836 536 945 559; x_wconf 75' lang='lat' dir='ltr'>aetatem</span> <span class='ocrx_word' id='word_1_74' title='bbox 972 543 1045 559; x_wconf 82' lang='lat' dir='ltr'>suam</span> 
     </span>
     <span class='ocr_line' id='line_1_10' title="bbox 201 574 1044 614; baseline 0 -12"><span class='ocrx_word' id='word_1_75' title='bbox 201 581 297 613; x_wconf 86' lang='lat' dir='ltr'>sponte</span> <span class='ocrx_word' id='word_1_76' title='bbox 309 586 339 603; x_wconf 86' lang='lat' dir='ltr'>se</span> <span class='ocrx_word' id='word_1_77' title='bbox 353 576 493 603; x_wconf 76' lang='lat' dir='ltr'>defendere</span> <span class='ocrx_word' id='word_1_78' title='bbox 507 578 607 614; x_wconf 80' lang='lat' dir='ltr'>nequit,</span> <span class='ocrx_word' id='word_1_79' title='bbox 626 578 682 603; x_wconf 87' lang='lat' dir='ltr'>iure</span> <span class='ocrx_word' id='word_1_80' title='bbox 702 575 772 602; x_wconf 90' lang='lat' dir='ltr'>civili</span> <span class='ocrx_word' id='word_1_81' title='bbox 793 574 851 601; x_wconf 87' lang='lat' dir='ltr'>data</span> <span class='ocrx_word' id='word_1_82' title='bbox 865 585 894 601; x_wconf 88' lang='lat' dir='ltr'>ae</span> <span class='ocrx_word' id='word_1_83' title='bbox 908 577 1044 612; x_wconf 73' lang='lat' dir='ltr'>permissa.</span> 
     </span>
     <span class='ocr_line' id='line_1_11' title="bbox 201 616 1044 656; baseline 0 -11"><span class='ocrx_word' id='word_1_84' title='bbox 201 618 232 645; x_wconf 81' lang='lat' dir='ltr'>fr.</span> <span class='ocrx_word' id='word_1_85' title='bbox 252 621 273 645; x_wconf 96' lang='lat'>1.</span> <span class='ocrx_word' id='word_1_86' title='bbox 294 629 332 655; x_wconf 88' lang='lat' dir='ltr'>pr.</span> <span class='ocrx_word' id='word_1_87' title='bbox 361 619 393 646; x_wconf 83' lang='lat' dir='ltr'>de</span> <span class='ocrx_word' id='word_1_88' title='bbox 412 619 485 646; x_wconf 89' lang='lat' dir='ltr'>tutel.</span> <span class='ocrx_word' id='word_1_89' title='bbox 503 621 546 646; x_wconf 83' lang='lat'>26.</span> <span class='ocrx_word' id='word_1_90' title='bbox 568 622 590 646; x_wconf 91' lang='lat' dir='ltr'>l.</span> <span class='ocrx_word' id='word_1_91' title='bbox 626 618 754 656; x_wconf 89' lang='lat' dir='ltr'>Pupillari</span> <span class='ocrx_word' id='word_1_92' title='bbox 781 616 879 644; x_wconf 79' lang='lat' dir='ltr'>tutelae</span> <span class='ocrx_word' id='word_1_93' title='bbox 908 618 1044 645; x_wconf 81' lang='lat' dir='ltr'>muliebris</span> 
     </span>
     <span class='ocr_line' id='line_1_12' title="bbox 199 659 1043 699; baseline 0 -12"><span class='ocrx_word' id='word_1_94' title='bbox 199 661 322 698; x_wconf 84' lang='lat' dir='ltr'>praelata.</span> <span class='ocrx_word' id='word_1_95' title='bbox 336 661 377 689; x_wconf 88' lang='lat' dir='ltr'>Fr.</span> <span class='ocrx_word' id='word_1_96' title='bbox 392 662 492 695; x_wconf 73' lang='lat' dir='ltr'>Sabini,</span> <span class='ocrx_word' id='word_1_97' title='bbox 512 662 589 689; x_wconf 75' lang='lat' dir='ltr'><strong>LCti.</strong></span> <span class='ocrx_word' id='word_1_98' title='bbox 612 662 663 699; x_wconf 89' lang='lat' dir='ltr'>Ap.</span> <span class='ocrx_word' id='word_1_99' title='bbox 684 660 752 688; x_wconf 73' lang='lat' dir='ltr'><strong>Gell.</strong></span> <span class='ocrx_word' id='word_1_100' title='bbox 771 659 802 686; x_wconf 90' lang='lat' dir='ltr'>V.</span> <span class='ocrx_word' id='word_1_101' title='bbox 824 662 863 687; x_wconf 78' lang='lat'>13.</span> <span class='ocrx_word' id='word_1_102' title='bbox 901 662 975 696; x_wconf 70' lang='lat' dir='ltr'>Quane</span> <span class='ocrx_word' id='word_1_103' title='bbox 994 662 1043 694; x_wconf 89' lang='lat' dir='ltr'>(sc-</span> 
     </span>
     <span class='ocr_line' id='line_1_13' title="bbox 200 703 1044 739; baseline 0 -9"><span class='ocrx_word' id='word_1_104' title='bbox 200 705 313 738; x_wconf 82' lang='lat' dir='ltr'>matres)</span> <span class='ocrx_word' id='word_1_105' title='bbox 339 704 447 732; x_wconf 80' lang='lat' dir='ltr'>tutelam</span> <span class='ocrx_word' id='word_1_106' title='bbox 471 705 737 732; x_wconf 79' lang='lat' dir='ltr'>administrandorum</span> <span class='ocrx_word' id='word_1_107' title='bbox 768 704 933 739; x_wconf 79' lang='lat' dir='ltr'>negotiorum</span> <span class='ocrx_word' id='word_1_108' title='bbox 960 705 987 730; x_wconf 91' lang='lat' dir='ltr'>in</span> <span class='ocrx_word' id='word_1_109' title='bbox 1015 703 1044 730; x_wconf 90' lang='lat' dir='ltr'>li-</span> 
     </span>
     <span class='ocr_line' id='line_1_14' title="bbox 200 746 1065 784; baseline 0 -12"><span class='ocrx_word' id='word_1_110' title='bbox 200 746 279 773; x_wconf 83' lang='lat' dir='ltr'>beros</span> <span class='ocrx_word' id='word_1_111' title='bbox 307 747 453 784; x_wconf 88' lang='lat' dir='ltr'>postulant.</span> <span class='ocrx_word' id='word_1_112' title='bbox 481 747 530 774; x_wconf 85' lang='lat' dir='ltr'>Th.</span> <span class='ocrx_word' id='word_1_113' title='bbox 556 748 587 775; x_wconf 92' lang='lat' dir='ltr'>C.</span> <span class='ocrx_word' id='word_1_114' title='bbox 608 747 648 774; x_wconf 90' lang='lat' dir='ltr'><strong>III.</strong></span> <span class='ocrx_word' id='word_1_115' title='bbox 669 749 708 773; x_wconf 94' lang='lat'>17.</span> <span class='ocrx_word' id='word_1_116' title='bbox 738 756 759 772; x_wconf 84' lang='lat' dir='ltr'>e.</span> <span class='ocrx_word' id='word_1_117' title='bbox 779 748 803 772; x_wconf 83' lang='grc'>4.</span> <span class='ocrx_word' id='word_1_118' title='bbox 824 756 862 783; x_wconf 78' lang='lat' dir='ltr'>pr.</span> <span class='ocrx_word' id='word_1_119' title='bbox 893 746 925 772; x_wconf 85' lang='lat' dir='ltr'>de</span> <span class='ocrx_word' id='word_1_120' title='bbox 950 751 997 772; x_wconf 90' lang='lat' dir='ltr'>tut.</span> <span class='ocrx_word' id='word_1_121' title='bbox 1018 751 1043 772; x_wconf 88' lang='lat' dir='ltr'>et</span> <span class='ocrx_word' id='word_1_122' title='bbox 1064 763 1065 768; x_wconf 65' lang='lat'>.</span> 
     </span>
     <span class='ocr_line' id='line_1_15' title="bbox 200 788 1041 827; baseline 0 -12"><span class='ocrx_word' id='word_1_123' title='bbox 200 798 254 815; x_wconf 86' lang='lat' dir='ltr'><strong>eur.</strong></span> <span class='ocrx_word' id='word_1_124' title='bbox 269 799 304 816; x_wconf 88' lang='lat' dir='ltr'>cr.</span> <span class='ocrx_word' id='word_1_125' title='bbox 319 789 423 817; x_wconf 83' lang='lat' dir='ltr'>Liberis</span> <span class='ocrx_word' id='word_1_126' title='bbox 437 790 553 823; x_wconf 74' lang='lat' dir='ltr'>tutelam,</span> <span class='ocrx_word' id='word_1_127' title='bbox 567 800 643 827; x_wconf 82' lang='lat' dir='ltr'>quam</span> <span class='ocrx_word' id='word_1_128' title='bbox 656 794 750 826; x_wconf 84' lang='lat' dir='ltr'>sponte</span> <span class='ocrx_word' id='word_1_129' title='bbox 764 790 916 826; x_wconf 73' lang='lat' dir='ltr'>suscepisti,</span> <span class='ocrx_word' id='word_1_130' title='bbox 936 788 1041 825; x_wconf 84' lang='lat' dir='ltr'>praebe.</span> 
     </span>
     <span class='ocr_line' id='line_1_16' title="bbox 199 830 1042 868; baseline -0.001 -10"><span class='ocrx_word' id='word_1_131' title='bbox 199 830 284 858; x_wconf 79' lang='lat' dir='ltr'>Vatic.</span> <span class='ocrx_word' id='word_1_132' title='bbox 304 832 404 866; x_wconf 72' lang='lat'><strong>§.154.</strong></span> <span class='ocrx_word' id='word_1_133' title='bbox 425 834 456 860; x_wconf 79' lang='lat' dir='ltr'>cf.</span> <span class='ocrx_word' id='word_1_134' title='bbox 476 834 513 868; x_wconf 86' lang='lat'>55.</span> <span class='ocrx_word' id='word_1_135' title='bbox 530 835 585 860; x_wconf 90' lang='lat'><strong>153.</strong></span> <span class='ocrx_word' id='word_1_136' title='bbox 603 834 661 859; x_wconf 77' lang='lat'><strong>229.</strong></span> <span class='ocrx_word' id='word_1_137' title='bbox 698 831 790 861; x_wconf 78' lang='lat' dir='ltr'>Tutor.</span> <span class='ocrx_word' id='word_1_138' title='bbox 811 833 856 868; x_wconf 86' lang='lat' dir='ltr'>qui</span> <span class='ocrx_word' id='word_1_139' title='bbox 874 831 981 858; x_wconf 81' lang='lat' dir='ltr'>tutelam</span> <span class='ocrx_word' id='word_1_140' title='bbox 1001 841 1042 867; x_wconf 80' lang='lat' dir='ltr'>ge-</span> 
     </span>
     <span class='ocr_line' id='line_1_17' title="bbox 199 874 1040 908; baseline -0.001 -8"><span class='ocrx_word' id='word_1_141' title='bbox 199 875 241 900; x_wconf 88' lang='lat' dir='ltr'>rit.</span> <span class='ocrx_word' id='word_1_142' title='bbox 265 874 302 901; x_wconf 89' lang='lat' dir='ltr'>lb.</span> <span class='ocrx_word' id='word_1_143' title='bbox 328 875 350 908; x_wconf 81' lang='lat'>5.</span> <span class='ocrx_word' id='word_1_144' title='bbox 368 877 426 902; x_wconf 70' lang='lat'><strong>304.</strong></span> <span class='ocrx_word' id='word_1_145' title='bbox 453 876 482 902; x_wconf 80' lang='lat' dir='ltr'><strong>l&#39;r.</strong></span> <span class='ocrx_word' id='word_1_146' title='bbox 505 878 560 902; x_wconf 89' lang='lat'><strong>101.</strong></span> <span class='ocrx_word' id='word_1_147' title='bbox 584 875 606 908; x_wconf 89' lang='lat'>5.</span> <span class='ocrx_word' id='word_1_148' title='bbox 625 877 649 901; x_wconf 88' lang='lat'>2.</span> <span class='ocrx_word' id='word_1_149' title='bbox 673 874 705 901; x_wconf 86' lang='lat' dir='ltr'>de</span> <span class='ocrx_word' id='word_1_150' title='bbox 725 874 801 901; x_wconf 84' lang='lat' dir='ltr'><strong>cond.</strong></span> <span class='ocrx_word' id='word_1_151' title='bbox 823 880 849 901; x_wconf 89' lang='lat' dir='ltr'>et</span> <span class='ocrx_word' id='word_1_152' title='bbox 868 874 934 900; x_wconf 87' lang='lat' dir='ltr'><strong>dem.</strong></span> <span class='ocrx_word' id='word_1_153' title='bbox 954 876 996 900; x_wconf 91' lang='lat'>35.</span> <span class='ocrx_word' id='word_1_154' title='bbox 1019 876 1040 900; x_wconf 95' lang='lat'>1.</span> 
     </span>
     <span class='ocr_line' id='line_1_18' title="bbox 199 916 1042 953; baseline -0.001 -10"><span class='ocrx_word' id='word_1_155' title='bbox 199 916 229 943; x_wconf 88' lang='lat' dir='ltr'>Si</span> <span class='ocrx_word' id='word_1_156' title='bbox 248 918 307 953; x_wconf 87' lang='lat' dir='ltr'>quis</span> <span class='ocrx_word' id='word_1_157' title='bbox 331 928 359 944; x_wconf 84' lang='lat' dir='ltr'>se</span> <span class='ocrx_word' id='word_1_158' title='bbox 379 918 449 945; x_wconf 86' lang='lat' dir='ltr'>dicat</span> <span class='ocrx_word' id='word_1_159' title='bbox 468 919 574 946; x_wconf 83' lang='lat' dir='ltr'>tutelam</span> <span class='ocrx_word' id='word_1_160' title='bbox 593 917 703 944; x_wconf 89' lang='lat' dir='ltr'>alieuius</span> <span class='ocrx_word' id='word_1_161' title='bbox 723 917 935 948; x_wconf 80' lang='lat' dir='ltr'>administrasse,</span> <span class='ocrx_word' id='word_1_162' title='bbox 961 921 986 943; x_wconf 85' lang='lat' dir='ltr'>et</span> <span class='ocrx_word' id='word_1_163' title='bbox 1010 916 1042 942; x_wconf 88' lang='lat' dir='ltr'>ad</span> 
     </span>
     <span class='ocr_line' id='line_1_19' title="bbox 199 958 1042 996; baseline 0.001 -12"><span class='ocrx_word' id='word_1_164' title='bbox 199 969 287 986; x_wconf 83' lang='lat' dir='ltr'>euram</span> <span class='ocrx_word' id='word_1_165' title='bbox 307 961 362 987; x_wconf 80' lang='lat' dir='ltr'>eius</span> <span class='ocrx_word' id='word_1_166' title='bbox 382 967 497 988; x_wconf 77' lang='lat' dir='ltr'>vocetur.</span> <span class='ocrx_word' id='word_1_167' title='bbox 517 961 600 988; x_wconf 85' lang='lat' dir='ltr'>Vatic.</span> <span class='ocrx_word' id='word_1_168' title='bbox 619 961 640 994; x_wconf 87' lang='lat'>5</span> <span class='ocrx_word' id='word_1_169' title='bbox 661 962 720 986; x_wconf 75' lang='lat'><strong>200.</strong></span> <span class='ocrx_word' id='word_1_170' title='bbox 757 959 881 991; x_wconf 81' lang='lat' dir='ltr'>Tutelae,</span> <span class='ocrx_word' id='word_1_171' title='bbox 905 969 971 996; x_wconf 85' lang='lat' dir='ltr'>quae</span> <span class='ocrx_word' id='word_1_172' title='bbox 990 958 1042 985; x_wconf 80' lang='lat' dir='ltr'>Ro-</span> 
     </span>
     <span class='ocr_line' id='line_1_20' title="bbox 199 1002 1043 1040; baseline 0 -13"><span class='ocrx_word' id='word_1_173' title='bbox 199 1012 255 1028; x_wconf 82' lang='lat' dir='ltr'>mae</span> <span class='ocrx_word' id='word_1_174' title='bbox 273 1008 335 1029; x_wconf 90' lang='lat' dir='ltr'>sunt</span> <span class='ocrx_word' id='word_1_175' title='bbox 358 1005 497 1031; x_wconf 68' lang='lat' dir='ltr'>iniunctae.</span> <span class='ocrx_word' id='word_1_176' title='bbox 520 1004 558 1030; x_wconf 88' lang='lat' dir='ltr'>lb.</span> <span class='ocrx_word' id='word_1_177' title='bbox 577 1004 613 1038; x_wconf 86' lang='lat'>55</span> <span class='ocrx_word' id='word_1_178' title='bbox 635 1005 692 1030; x_wconf 84' lang='grc'><strong>191.</strong></span> <span class='ocrx_word' id='word_1_179' title='bbox 712 1013 750 1040; x_wconf 87' lang='lat' dir='ltr'>sq.</span> <span class='ocrx_word' id='word_1_180' title='bbox 788 1002 850 1029; x_wconf 90' lang='lat' dir='ltr'>Tria</span> <span class='ocrx_word' id='word_1_181' title='bbox 875 1012 954 1028; x_wconf 84' lang='lat' dir='ltr'>onera</span> <span class='ocrx_word' id='word_1_182' title='bbox 977 1006 1043 1028; x_wconf 84' lang='lat' dir='ltr'>tute-</span> 
     </span>
     <span class='ocr_line' id='line_1_21' title="bbox 199 1044 1043 1082; baseline 0 -12"><span class='ocrx_word' id='word_1_183' title='bbox 199 1044 240 1070; x_wconf 84' lang='lat' dir='ltr'>lae</span> <span class='ocrx_word' id='word_1_184' title='bbox 259 1046 329 1078; x_wconf 90' lang='lat' dir='ltr'>(non</span> <span class='ocrx_word' id='word_1_185' title='bbox 347 1046 516 1078; x_wconf 75' lang='lat' dir='ltr'>adsectatae.)</span> <span class='ocrx_word' id='word_1_186' title='bbox 539 1046 576 1072; x_wconf 91' lang='lat' dir='ltr'>lb.</span> <span class='ocrx_word' id='word_1_187' title='bbox 597 1046 713 1079; x_wconf 63' lang='lat'><strong>55156.</strong></span> <span class='ocrx_word' id='word_1_188' title='bbox 732 1056 789 1082; x_wconf 83' lang='lat' dir='ltr'><strong>sqq.</strong></span> <span class='ocrx_word' id='word_1_189' title='bbox 816 1044 857 1072; x_wconf 84' lang='lat' dir='ltr'>Cf.</span> <span class='ocrx_word' id='word_1_190' title='bbox 883 1046 904 1079; x_wconf 89' lang='lat'>5.</span> <span class='ocrx_word' id='word_1_191' title='bbox 924 1047 948 1071; x_wconf 87' lang='lat'>5.</span> <span class='ocrx_word' id='word_1_192' title='bbox 967 1044 985 1071; x_wconf 90' lang='grc' dir='ltr'>Ι.</span> <span class='ocrx_word' id='word_1_193' title='bbox 1010 1044 1043 1070; x_wconf 84' lang='grc'>(18</span> 
     </span>
     <span class='ocr_line' id='line_1_22' title="bbox 200 1088 1043 1125; baseline 0 -12"><span class='ocrx_word' id='word_1_194' title='bbox 200 1097 289 1114; x_wconf 81' lang='lat' dir='ltr'>exeuS.</span> <span class='ocrx_word' id='word_1_195' title='bbox 309 1093 357 1116; x_wconf 87' lang='lat' dir='ltr'>tut.</span> <span class='ocrx_word' id='word_1_196' title='bbox 378 1091 400 1115; x_wconf 96' lang='lat' dir='ltr'>l.</span> <span class='ocrx_word' id='word_1_197' title='bbox 419 1091 460 1115; x_wconf 76' lang='lat'>25.</span> <span class='ocrx_word' id='word_1_198' title='bbox 498 1088 526 1115; x_wconf 88' lang='lat' dir='ltr'>Si</span> <span class='ocrx_word' id='word_1_199' title='bbox 547 1090 605 1125; x_wconf 84' lang='lat' dir='ltr'>quis</span> <span class='ocrx_word' id='word_1_200' title='bbox 624 1093 696 1114; x_wconf 86' lang='lat' dir='ltr'>tutor</span> <span class='ocrx_word' id='word_1_201' title='bbox 715 1088 821 1124; x_wconf 89' lang='lat' dir='ltr'>quidem</span> <span class='ocrx_word' id='word_1_202' title='bbox 841 1098 892 1114; x_wconf 89' lang='lat' dir='ltr'>non</span> <span class='ocrx_word' id='word_1_203' title='bbox 912 1088 956 1119; x_wconf 85' lang='lat' dir='ltr'>sit,</span> <span class='ocrx_word' id='word_1_204' title='bbox 975 1088 1043 1124; x_wconf 87' lang='lat' dir='ltr'>peri-</span> 
     </span>
     <span class='ocr_line' id='line_1_23' title="bbox 201 1129 1065 1168; baseline 0 -12"><span class='ocrx_word' id='word_1_205' title='bbox 201 1129 288 1156; x_wconf 91' lang='lat' dir='ltr'>culum</span> <span class='ocrx_word' id='word_1_206' title='bbox 307 1136 392 1157; x_wconf 80' lang='lat' dir='ltr'>tamen</span> <span class='ocrx_word' id='word_1_207' title='bbox 412 1131 509 1158; x_wconf 85' lang='lat' dir='ltr'>tutelae</span> <span class='ocrx_word' id='word_1_208' title='bbox 528 1132 560 1158; x_wconf 83' lang='lat' dir='ltr'>ad</span> <span class='ocrx_word' id='word_1_209' title='bbox 580 1142 637 1158; x_wconf 80' lang='lat' dir='ltr'>eum</span> <span class='ocrx_word' id='word_1_210' title='bbox 661 1133 797 1168; x_wconf 73' lang='lat' dir='ltr'>pertineat.</span> <span class='ocrx_word' id='word_1_211' title='bbox 824 1130 854 1157; x_wconf 81' lang='lat' dir='ltr'>fr.</span> <span class='ocrx_word' id='word_1_212' title='bbox 881 1132 922 1157; x_wconf 87' lang='lat'>60.</span> <span class='ocrx_word' id='word_1_213' title='bbox 947 1140 985 1167; x_wconf 89' lang='lat' dir='ltr'>pr.</span> <span class='ocrx_word' id='word_1_214' title='bbox 1009 1130 1042 1156; x_wconf 85' lang='lat' dir='ltr'>de</span> <span class='ocrx_word' id='word_1_215' title='bbox 1063 1157 1065 1166; x_wconf 33' lang='grc' dir='ltr'><strong>Δ</strong></span> 
     </span>
     <span class='ocr_line' id='line_1_24' title="bbox 199 1172 1041 1210; baseline -0.001 -10"><span class='ocrx_word' id='word_1_216' title='bbox 199 1172 230 1199; x_wconf 80' lang='lat' dir='ltr'>R.</span> <span class='ocrx_word' id='word_1_217' title='bbox 251 1172 282 1200; x_wconf 83' lang='lat' dir='ltr'>N.</span> <span class='ocrx_word' id='word_1_218' title='bbox 301 1176 342 1200; x_wconf 86' lang='lat'>23.</span> <span class='ocrx_word' id='word_1_219' title='bbox 359 1176 383 1200; x_wconf 81' lang='lat'>2.</span> <span class='ocrx_word' id='word_1_220' title='bbox 421 1174 557 1210; x_wconf 75' lang='lat' dir='ltr'>Quidquid</span> <span class='ocrx_word' id='word_1_221' title='bbox 578 1190 609 1193; x_wconf 97' lang='lat'><strong>—</strong></span> <span class='ocrx_word' id='word_1_222' title='bbox 629 1174 661 1200; x_wconf 81' lang='lat' dir='ltr'>ad</span> <span class='ocrx_word' id='word_1_223' title='bbox 680 1179 792 1200; x_wconf 79' lang='lat' dir='ltr'>tutorem</span> <span class='ocrx_word' id='word_1_224' title='bbox 812 1184 886 1200; x_wconf 86' lang='lat' dir='ltr'>suum</span> <span class='ocrx_word' id='word_1_225' title='bbox 908 1184 939 1200; x_wconf 77' lang='lat' dir='ltr'>ex</span> <span class='ocrx_word' id='word_1_226' title='bbox 959 1172 1041 1199; x_wconf 87' lang='lat' dir='ltr'>tutela</span> 
     </span>
     <span class='ocr_line' id='line_1_25' title="bbox 198 1216 1041 1253; baseline 0 -12"><span class='ocrx_word' id='word_1_227' title='bbox 198 1217 355 1252; x_wconf 82' lang='lat' dir='ltr'>pervenerit.</span> <span class='ocrx_word' id='word_1_228' title='bbox 376 1216 406 1243; x_wconf 79' lang='lat' dir='ltr'>ir.</span> <span class='ocrx_word' id='word_1_229' title='bbox 425 1219 467 1243; x_wconf 73' lang='lat'>26.</span> <span class='ocrx_word' id='word_1_230' title='bbox 487 1217 520 1243; x_wconf 89' lang='lat' dir='ltr'>de</span> <span class='ocrx_word' id='word_1_231' title='bbox 539 1216 640 1243; x_wconf 83' lang='lat' dir='ltr'>liberat.</span> <span class='ocrx_word' id='word_1_232' title='bbox 660 1216 708 1253; x_wconf 72' lang='lat' dir='ltr'><strong>leg.</strong></span> <span class='ocrx_word' id='word_1_233' title='bbox 728 1218 769 1243; x_wconf 73' lang='lat'>34.</span> <span class='ocrx_word' id='word_1_234' title='bbox 784 1218 807 1242; x_wconf 98' lang='lat'>3.</span> <span class='ocrx_word' id='word_1_235' title='bbox 830 1216 884 1251; x_wconf 79' lang='lat' dir='ltr'>Qui</span> <span class='ocrx_word' id='word_1_236' title='bbox 903 1217 952 1248; x_wconf 91' lang='lat' dir='ltr'><strong>(sc.</strong></span> <span class='ocrx_word' id='word_1_237' title='bbox 973 1225 1041 1242; x_wconf 87' lang='lat' dir='ltr'>sum-</span> 
     </span>
     <span class='ocr_line' id='line_1_26' title="bbox 199 1258 1040 1297; baseline 0 -13"><span class='ocrx_word' id='word_1_238' title='bbox 199 1258 259 1291; x_wconf 87' lang='lat' dir='ltr'>tus)</span> <span class='ocrx_word' id='word_1_239' title='bbox 284 1258 308 1284; x_wconf 91' lang='lat' dir='ltr'>b.</span> <span class='ocrx_word' id='word_1_240' title='bbox 328 1258 344 1285; x_wconf 87' lang='lat' dir='ltr'>f.</span> <span class='ocrx_word' id='word_1_241' title='bbox 364 1260 390 1286; x_wconf 88' lang='lat' dir='ltr'>iu</span> <span class='ocrx_word' id='word_1_242' title='bbox 411 1259 532 1288; x_wconf 83' lang='lat' dir='ltr'>tutelam.</span> <span class='ocrx_word' id='word_1_243' title='bbox 555 1270 607 1286; x_wconf 88' lang='lat' dir='ltr'>uon</span> <span class='ocrx_word' id='word_1_244' title='bbox 633 1260 676 1296; x_wconf 89' lang='lat' dir='ltr'>qui</span> <span class='ocrx_word' id='word_1_245' title='bbox 700 1260 726 1286; x_wconf 94' lang='lat' dir='ltr'>iu</span> <span class='ocrx_word' id='word_1_246' title='bbox 750 1261 824 1297; x_wconf 90' lang='lat' dir='ltr'>ipsos</span> <span class='ocrx_word' id='word_1_247' title='bbox 844 1264 946 1285; x_wconf 87' lang='lat' dir='ltr'>tutores</span> <span class='ocrx_word' id='word_1_248' title='bbox 966 1259 1040 1285; x_wconf 87' lang='lat' dir='ltr'><strong>fiunt.</strong></span> 
     </span>
     <span class='ocr_line' id='line_1_27' title="bbox 198 1299 1042 1339; baseline 0 -12"><span class='ocrx_word' id='word_1_249' title='bbox 198 1299 229 1327; x_wconf 78' lang='lat' dir='ltr'>fr.</span> <span class='ocrx_word' id='word_1_250' title='bbox 247 1302 290 1328; x_wconf 90' lang='lat'>33.</span> <span class='ocrx_word' id='word_1_251' title='bbox 309 1301 331 1335; x_wconf 90' lang='lat'>5.</span> <span class='ocrx_word' id='word_1_252' title='bbox 351 1304 375 1328; x_wconf 88' lang='lat'><strong>3.</strong></span> <span class='ocrx_word' id='word_1_253' title='bbox 396 1302 429 1329; x_wconf 87' lang='grc'>(18</span> <span class='ocrx_word' id='word_1_254' title='bbox 448 1302 514 1328; x_wconf 89' lang='lat' dir='ltr'><strong>adm.</strong></span> <span class='ocrx_word' id='word_1_255' title='bbox 539 1307 563 1328; x_wconf 81' lang='lat' dir='ltr'>et</span> <span class='ocrx_word' id='word_1_256' title='bbox 588 1304 669 1339; x_wconf 82' lang='lat' dir='ltr'>peric.</span> <span class='ocrx_word' id='word_1_257' title='bbox 687 1304 729 1329; x_wconf 90' lang='lat'>26.</span> <span class='ocrx_word' id='word_1_258' title='bbox 750 1304 772 1329; x_wconf 96' lang='lat'>7.</span> <span class='ocrx_word' id='word_1_259' title='bbox 809 1301 876 1329; x_wconf 82' lang='lat' dir='ltr'>Male</span> <span class='ocrx_word' id='word_1_260' title='bbox 900 1303 997 1328; x_wconf 84' lang='lat' dir='ltr'>versati</span> <span class='ocrx_word' id='word_1_261' title='bbox 1016 1302 1042 1328; x_wconf 88' lang='lat' dir='ltr'>in</span> 
     </span>
     <span class='ocr_line' id='line_1_28' title="bbox 198 1343 1041 1379; baseline 0.001 -10"><span class='ocrx_word' id='word_1_262' title='bbox 198 1343 279 1370; x_wconf 85' lang='lat' dir='ltr'>tutela</span> <span class='ocrx_word' id='word_1_263' title='bbox 299 1345 444 1378; x_wconf 86' lang='lat' dir='ltr'>(tutores.)</span> <span class='ocrx_word' id='word_1_264' title='bbox 470 1346 500 1372; x_wconf 72' lang='lat' dir='ltr'><strong>l&#39;r.</strong></span> <span class='ocrx_word' id='word_1_265' title='bbox 522 1347 544 1371; x_wconf 95' lang='lat'>1.</span> <span class='ocrx_word' id='word_1_266' title='bbox 564 1346 585 1379; x_wconf 91' lang='lat'>5.</span> <span class='ocrx_word' id='word_1_267' title='bbox 607 1347 629 1372; x_wconf 90' lang='lat'>7.</span> <span class='ocrx_word' id='word_1_268' title='bbox 649 1345 682 1372; x_wconf 88' lang='lat' dir='ltr'>de</span> <span class='ocrx_word' id='word_1_269' title='bbox 702 1345 745 1372; x_wconf 83' lang='lat' dir='ltr'><strong>off.</strong></span> <span class='ocrx_word' id='word_1_270' title='bbox 765 1344 817 1371; x_wconf 79' lang='lat' dir='ltr'><strong>Prf.</strong></span> <span class='ocrx_word' id='word_1_271' title='bbox 838 1344 883 1371; x_wconf 75' lang='lat' dir='ltr'>Vr.</span> <span class='ocrx_word' id='word_1_272' title='bbox 905 1347 926 1371; x_wconf 90' lang='lat'>1.</span> <span class='ocrx_word' id='word_1_273' title='bbox 948 1347 988 1371; x_wconf 84' lang='lat'>12.</span> <span class='ocrx_word' id='word_1_274' title='bbox 1009 1344 1041 1370; x_wconf 77' lang='lat' dir='ltr'>cf.</span> 
     </span>
     <span class='ocr_line' id='line_1_29' title="bbox 197 1385 1042 1424; baseline 0.002 -12"><span class='ocrx_word' id='word_1_275' title='bbox 197 1385 229 1413; x_wconf 88' lang='lat' dir='ltr'>fr.</span> <span class='ocrx_word' id='word_1_276' title='bbox 250 1388 290 1412; x_wconf 90' lang='lat'>17.</span> <span class='ocrx_word' id='word_1_277' title='bbox 310 1387 375 1420; x_wconf 91' lang='lat'><strong>5.1.</strong></span> <span class='ocrx_word' id='word_1_278' title='bbox 405 1387 438 1414; x_wconf 77' lang='lat' dir='ltr'>de</span> <span class='ocrx_word' id='word_1_279' title='bbox 456 1393 558 1414; x_wconf 85' lang='lat' dir='ltr'>testam.</span> <span class='ocrx_word' id='word_1_280' title='bbox 591 1393 638 1414; x_wconf 87' lang='lat' dir='ltr'>tut.</span> <span class='ocrx_word' id='word_1_281' title='bbox 658 1389 699 1414; x_wconf 87' lang='lat'>26.</span> <span class='ocrx_word' id='word_1_282' title='bbox 718 1390 743 1414; x_wconf 77' lang='lat'>2.</span> <span class='ocrx_word' id='word_1_283' title='bbox 781 1387 811 1414; x_wconf 94' lang='lat' dir='ltr'>Si</span> <span class='ocrx_word' id='word_1_284' title='bbox 838 1393 911 1414; x_wconf 87' lang='lat' dir='ltr'>tutor</span> <span class='ocrx_word' id='word_1_285' title='bbox 938 1387 1042 1424; x_wconf 76' lang='lat' dir='ltr'>pupilli,</span> 
     </span>
     <span class='ocr_line' id='line_1_30' title="bbox 196 1429 1041 1468; baseline 0.001 -13"><span class='ocrx_word' id='word_1_286' title='bbox 196 1429 356 1466; x_wconf 75' lang='lat' dir='ltr'>pupillaeve,</span> <span class='ocrx_word' id='word_1_287' title='bbox 376 1436 517 1468; x_wconf 88' lang='lat' dir='ltr'>suspectus</span> <span class='ocrx_word' id='word_1_288' title='bbox 537 1442 549 1457; x_wconf 87' lang='lat' dir='ltr'>a</span> <span class='ocrx_word' id='word_1_289' title='bbox 569 1431 650 1457; x_wconf 82' lang='lat' dir='ltr'>tutela</span> <span class='ocrx_word' id='word_1_290' title='bbox 669 1430 808 1457; x_wconf 86' lang='lat' dir='ltr'>submotus</span> <span class='ocrx_word' id='word_1_291' title='bbox 823 1431 908 1458; x_wconf 79' lang='lat' dir='ltr'>fuerit.</span> <span class='ocrx_word' id='word_1_292' title='bbox 922 1430 983 1467; x_wconf 77' lang='lat' dir='ltr'>le.</span> <span class='ocrx_word' id='word_1_293' title='bbox 997 1430 1041 1457; x_wconf 77' lang='lat' dir='ltr'>XI.</span> 
     </span>
     <span class='ocr_line' id='line_1_31' title="bbox 197 1472 1043 1511; baseline 0.002 -13"><span class='ocrx_word' id='word_1_294' title='bbox 197 1473 239 1498; x_wconf 84' lang='lat'>23.</span> <span class='ocrx_word' id='word_1_295' title='bbox 254 1472 310 1499; x_wconf 88' lang='lat' dir='ltr'><strong>Gai.</strong></span> <span class='ocrx_word' id='word_1_296' title='bbox 324 1472 342 1499; x_wconf 92' lang='lat'>1.</span> <span class='ocrx_word' id='word_1_297' title='bbox 358 1474 414 1499; x_wconf 72' lang='lat'><strong>182.</strong></span> <span class='ocrx_word' id='word_1_298' title='bbox 434 1473 593 1511; x_wconf 72' lang='lat' dir='ltr'><strong>Reposcere,</strong></span> <span class='ocrx_word' id='word_1_299' title='bbox 608 1490 640 1494; x_wconf 90' lang='lat'>—-</span> <span class='ocrx_word' id='word_1_300' title='bbox 653 1474 677 1500; x_wconf 82' lang='lat' dir='ltr'><strong>A</strong></span> <span class='ocrx_word' id='word_1_301' title='bbox 691 1475 834 1511; x_wconf 79' lang='lat' dir='ltr'>semetipso</span> <span class='ocrx_word' id='word_1_302' title='bbox 848 1475 950 1510; x_wconf 71' lang='lat' dir='ltr'>exigere</span> <span class='ocrx_word' id='word_1_303' title='bbox 965 1476 1043 1507; x_wconf 78' lang='lat' dir='ltr'>(tute-</span> 
     </span>
     <span class='ocr_line' id='line_1_32' title="bbox 198 1514 1065 1554; baseline 0.002 -14"><span class='ocrx_word' id='word_1_304' title='bbox 198 1514 271 1547; x_wconf 71' lang='lat' dir='ltr'><strong>lam.)</strong></span> <span class='ocrx_word' id='word_1_305' title='bbox 291 1515 321 1541; x_wconf 80' lang='lat' dir='ltr'>fr.</span> <span class='ocrx_word' id='word_1_306' title='bbox 343 1517 384 1542; x_wconf 76' lang='lat'>29.</span> <span class='ocrx_word' id='word_1_307' title='bbox 406 1516 437 1542; x_wconf 83' lang='lat' dir='ltr'>cf.</span> <span class='ocrx_word' id='word_1_308' title='bbox 458 1516 487 1543; x_wconf 79' lang='lat' dir='ltr'>fr.</span> <span class='ocrx_word' id='word_1_309' title='bbox 509 1519 531 1543; x_wconf 92' lang='lat'>7.</span> <span class='ocrx_word' id='word_1_310' title='bbox 551 1518 572 1551; x_wconf 92' lang='lat'>5.</span> <span class='ocrx_word' id='word_1_311' title='bbox 588 1519 627 1543; x_wconf 88' lang='lat'>15.</span> <span class='ocrx_word' id='word_1_312' title='bbox 647 1516 677 1543; x_wconf 74' lang='lat' dir='ltr'>[r.</span> <span class='ocrx_word' id='word_1_313' title='bbox 691 1519 732 1543; x_wconf 64' lang='lat'>25.</span> <span class='ocrx_word' id='word_1_314' title='bbox 747 1517 768 1550; x_wconf 90' lang='lat'>5.</span> <span class='ocrx_word' id='word_1_315' title='bbox 785 1519 806 1544; x_wconf 95' lang='lat' dir='ltr'>l.</span> <span class='ocrx_word' id='word_1_316' title='bbox 822 1516 854 1543; x_wconf 79' lang='lat' dir='ltr'>de</span> <span class='ocrx_word' id='word_1_317' title='bbox 867 1516 934 1543; x_wconf 84' lang='lat' dir='ltr'><strong>adm.</strong></span> <span class='ocrx_word' id='word_1_318' title='bbox 949 1521 974 1542; x_wconf 87' lang='lat' dir='ltr'>et</span> <span class='ocrx_word' id='word_1_319' title='bbox 987 1527 1041 1554; x_wconf 44' lang='lat' dir='ltr'>per·</span> <span class='ocrx_word' id='word_1_320' title='bbox 1063 1523 1065 1527; x_wconf 90' lang='grc'><strong>’</strong></span> 
     </span>
     <span class='ocr_line' id='line_1_33' title="bbox 216 1558 1042 1595; baseline 0.004 -12"><span class='ocrx_word' id='word_1_321' title='bbox 216 1558 232 1583; x_wconf 90' lang='grc'>6</span> <span class='ocrx_word' id='word_1_322' title='bbox 256 1559 278 1584; x_wconf 90' lang='grc'>7.</span> <span class='ocrx_word' id='word_1_323' title='bbox 292 1558 323 1584; x_wconf 84' lang='lat' dir='ltr'>fr.</span> <span class='ocrx_word' id='word_1_324' title='bbox 338 1560 378 1584; x_wconf 84' lang='lat'>13.</span> <span class='ocrx_word' id='word_1_325' title='bbox 393 1558 424 1585; x_wconf 86' lang='lat' dir='ltr'>de</span> <span class='ocrx_word' id='word_1_326' title='bbox 439 1564 486 1586; x_wconf 92' lang='lat' dir='ltr'>tut.</span> <span class='ocrx_word' id='word_1_327' title='bbox 501 1565 526 1585; x_wconf 77' lang='lat' dir='ltr'>et</span> <span class='ocrx_word' id='word_1_328' title='bbox 540 1565 586 1586; x_wconf 85' lang='lat' dir='ltr'>rat.</span> <span class='ocrx_word' id='word_1_329' title='bbox 600 1561 641 1586; x_wconf 89' lang='lat'>27.</span> <span class='ocrx_word' id='word_1_330' title='bbox 654 1561 677 1585; x_wconf 82' lang='lat'>3.</span> <span class='ocrx_word' id='word_1_331' title='bbox 707 1561 770 1595; x_wconf 83' lang='lat' dir='ltr'>Qui</span> <span class='ocrx_word' id='word_1_332' title='bbox 783 1559 880 1586; x_wconf 79' lang='lat' dir='ltr'>tutelae</span> <span class='ocrx_word' id='word_1_333' title='bbox 893 1559 1042 1586; x_wconf 71' lang='lat' dir='ltr'>reddendae</span> 
     </span>
    </p>
   </div>
   <div class='ocr_carea' id='block_1_5' title="bbox 198 1600 1040 1715">
    <p class='ocr_par' dir='ltr' id='par_1_5' title="bbox 198 1600 1040 1715">
     <span class='ocr_line' id='line_1_34' title="bbox 199 1600 1040 1662; baseline 0.004 -36"><span class='ocrx_word' id='word_1_334' title='bbox 199 1610 285 1632; x_wconf 86' lang='lat' dir='ltr'>causa,</span> <span class='ocrx_word' id='word_1_335' title='bbox 303 1600 413 1627; x_wconf 86' lang='lat' dir='ltr'>Romam</span> <span class='ocrx_word' id='word_1_336' title='bbox 433 1618 465 1621; x_wconf 97' lang='lat'><strong>—</strong></span> <span class='ocrx_word' id='word_1_337' title='bbox 486 1603 792 1628; x_wconf 72' lang='lat' dir='ltr'><strong>e1atevocatus.1‘r.2.</strong></span> <span class='ocrx_word' id='word_1_338' title='bbox 812 1602 840 1662; x_wconf 82' lang='lat'>5.</span> <span class='ocrx_word' id='word_1_339' title='bbox 858 1604 883 1629; x_wconf 91' lang='lat'>3.</span> <span class='ocrx_word' id='word_1_340' title='bbox 907 1602 939 1629; x_wconf 85' lang='lat' dir='ltr'>de</span> <span class='ocrx_word' id='word_1_341' title='bbox 964 1602 1040 1629; x_wconf 91' lang='lat' dir='ltr'>iudic</span> 
     </span>
     <span class='ocr_line' id='line_1_35' title="bbox 198 1643 1039 1703; baseline 0.004 -35"><span class='ocrx_word' id='word_1_342' title='bbox 198 1644 267 1670; x_wconf 87' lang='lat'>5.1</span> <span class='ocrx_word' id='word_1_343' title='bbox 302 1643 396 1703; x_wconf 20' lang='lat' dir='ltr'>Iudsex</span> <span class='ocrx_word' id='word_1_344' title='bbox 421 1646 464 1680; x_wconf 89' lang='lat' dir='ltr'>qui</span> <span class='ocrx_word' id='word_1_345' title='bbox 484 1645 581 1671; x_wconf 77' lang='lat' dir='ltr'>tutelae</span> <span class='ocrx_word' id='word_1_346' title='bbox 601 1655 647 1682; x_wconf 60' lang='lat' dir='ltr'>corU</span> <span class='ocrx_word' id='word_1_347' title='bbox 641 1646 743 1672; x_wconf 88' lang='lat' dir='ltr'>noscit.</span> <span class='ocrx_word' id='word_1_348' title='bbox 764 1646 793 1671; x_wconf 88' lang='lat' dir='ltr'>lr.</span> <span class='ocrx_word' id='word_1_349' title='bbox 831 1655 894 1681; x_wconf 89' lang='lat' dir='ltr'><strong>..pr</strong></span> <span class='ocrx_word' id='word_1_350' title='bbox 915 1645 959 1671; x_wconf 93' lang='lat' dir='ltr'>ubi</span> <span class='ocrx_word' id='word_1_351' title='bbox 978 1655 1039 1682; x_wconf 85' lang='lat' dir='ltr'><strong>pup.</strong></span> 
     </span>
     <span class='ocr_line' id='line_1_36' title="bbox 200 1663 1039 1715; baseline 0.004 -4"><span class='ocrx_word' id='word_1_352' title='bbox 200 1685 272 1712; x_wconf 77' lang='lat' dir='ltr'>educ.</span> <span class='ocrx_word' id='word_1_353' title='bbox 286 1687 327 1712; x_wconf 84' lang='lat'>27.</span> <span class='ocrx_word' id='word_1_354' title='bbox 343 1688 365 1712; x_wconf 73' lang='lat'>2.</span> <span class='ocrx_word' id='word_1_355' title='bbox 404 1686 514 1714; x_wconf 74' lang='lat' dir='ltr'>Tutelae</span> <span class='ocrx_word' id='word_1_356' title='bbox 533 1688 631 1715; x_wconf 85' lang='lat' dir='ltr'>iudicio</span> <span class='ocrx_word' id='word_1_357' title='bbox 651 1689 779 1715; x_wconf 83' lang='lat' dir='ltr'>rationem</span> <span class='ocrx_word' id='word_1_358' title='bbox 798 1663 910 1714; x_wconf 78' lang='lat' dir='ltr'>reddunt</span> <span class='ocrx_word' id='word_1_359' title='bbox 929 1693 1039 1714; x_wconf 80' lang='lat' dir='ltr'>tutores.</span> 
     </span>
    </p>
   </div>
   <div class='ocr_carea' id='block_1_6' title="bbox 198 1727 1063 2450">
    <p class='ocr_par' dir='ltr' id='par_1_6' title="bbox 198 1727 1063 2450">
     <span class='ocr_line' id='line_1_37' title="bbox 199 1727 1039 1768; baseline 0.002 -14"><span class='ocrx_word' id='word_1_360' title='bbox 199 1727 256 1755; x_wconf 86' lang='lat' dir='ltr'><strong>Gai.</strong></span> <span class='ocrx_word' id='word_1_361' title='bbox 275 1728 292 1755; x_wconf 83' lang='grc' dir='ltr'>Ι.</span> <span class='ocrx_word' id='word_1_362' title='bbox 308 1730 365 1755; x_wconf 88' lang='grc'><strong>191.</strong></span> <span class='ocrx_word' id='word_1_363' title='bbox 403 1731 489 1765; x_wconf 75' lang='lat' dir='ltr'>Quive</span> <span class='ocrx_word' id='word_1_364' title='bbox 508 1731 605 1757; x_wconf 85' lang='lat' dir='ltr'>iudicio</span> <span class='ocrx_word' id='word_1_365' title='bbox 624 1731 743 1762; x_wconf 78' lang='lat' dir='ltr'>fiduciae,</span> <span class='ocrx_word' id='word_1_366' title='bbox 764 1741 812 1768; x_wconf 88' lang='lat' dir='ltr'>pro</span> <span class='ocrx_word' id='word_1_367' title='bbox 832 1732 914 1761; x_wconf 87' lang='lat' dir='ltr'>socio,</span> <span class='ocrx_word' id='word_1_368' title='bbox 935 1731 1039 1763; x_wconf 79' lang='lat' dir='ltr'>tutelae,</span> 
     </span>
     <span class='ocr_line' id='line_1_38' title="bbox 198 1771 1039 1805; baseline 0.002 -8"><span class='ocrx_word' id='word_1_369' title='bbox 198 1771 321 1802; x_wconf 82' lang='lat' dir='ltr'>mandati.</span> <span class='ocrx_word' id='word_1_370' title='bbox 340 1773 499 1802; x_wconf 76' lang='lat' dir='ltr'>iniuriarum.</span> <span class='ocrx_word' id='word_1_371' title='bbox 520 1774 585 1800; x_wconf 80' lang='lat' dir='ltr'>deve</span> <span class='ocrx_word' id='word_1_372' title='bbox 605 1774 666 1800; x_wconf 87' lang='lat' dir='ltr'>dolo</span> <span class='ocrx_word' id='word_1_373' title='bbox 686 1773 763 1805; x_wconf 71' lang='lat' dir='ltr'><strong>malo.</strong></span> <span class='ocrx_word' id='word_1_374' title='bbox 784 1773 972 1799; x_wconf 82' lang='lat' dir='ltr'>condemnatus</span> <span class='ocrx_word' id='word_1_375' title='bbox 991 1778 1039 1805; x_wconf 76' lang='lat' dir='ltr'>est,</span> 
     </span>
     <span class='ocr_line' id='line_1_39' title="bbox 199 1814 1063 1858; baseline 0.002 -18"><span class='ocrx_word' id='word_1_376' title='bbox 199 1816 256 1841; x_wconf 85' lang='lat' dir='ltr'>erit.</span> <span class='ocrx_word' id='word_1_377' title='bbox 276 1814 340 1841; x_wconf 87' lang='lat' dir='ltr'><strong>Tab.</strong></span> <span class='ocrx_word' id='word_1_378' title='bbox 360 1814 462 1842; x_wconf 76' lang='lat' dir='ltr'>Herael.</span> <span class='ocrx_word' id='word_1_379' title='bbox 482 1819 522 1843; x_wconf 89' lang='lat'>37.</span> <span class='ocrx_word' id='word_1_380' title='bbox 543 1827 582 1853; x_wconf 82' lang='lat' dir='ltr'>sq.</span> <span class='ocrx_word' id='word_1_381' title='bbox 607 1827 657 1843; x_wconf 86' lang='lat' dir='ltr'><strong>aer.</strong></span> <span class='ocrx_word' id='word_1_382' title='bbox 678 1816 758 1853; x_wconf 76' lang='lat' dir='ltr'><strong>Neap.</strong></span> <span class='ocrx_word' id='word_1_383' title='bbox 783 1816 813 1843; x_wconf 79' lang='lat' dir='ltr'><strong>I&#39;r.</strong></span> <span class='ocrx_word' id='word_1_384' title='bbox 836 1818 857 1843; x_wconf 87' lang='lat' dir='ltr'>l.</span> <span class='ocrx_word' id='word_1_385' title='bbox 881 1816 910 1842; x_wconf 83' lang='lat' dir='ltr'><strong>l&#39;r.</strong></span> <span class='ocrx_word' id='word_1_386' title='bbox 931 1818 954 1842; x_wconf 81' lang='lat'>6.</span> <span class='ocrx_word' id='word_1_387' title='bbox 974 1817 995 1850; x_wconf 87' lang='lat'>5.</span> <span class='ocrx_word' id='word_1_388' title='bbox 1015 1818 1038 1842; x_wconf 92' lang='lat'>6.</span> <span class='ocrx_word' id='word_1_389' title='bbox 1061 1830 1063 1858; x_wconf 35' lang='grc' dir='ltr'><strong>ᾗ</strong></span> 
     </span>
     <span class='ocr_line' id='line_1_40' title="bbox 199 1857 1038 1894; baseline 0.001 -11"><span class='ocrx_word' id='word_1_390' title='bbox 199 1857 232 1883; x_wconf 86' lang='grc'>(18</span> <span class='ocrx_word' id='word_1_391' title='bbox 251 1857 276 1884; x_wconf 82' lang='lat' dir='ltr'>h.</span> <span class='ocrx_word' id='word_1_392' title='bbox 296 1859 340 1894; x_wconf 89' lang='lat' dir='ltr'>qui</span> <span class='ocrx_word' id='word_1_393' title='bbox 360 1863 412 1884; x_wconf 83' lang='lat' dir='ltr'><strong>not.</strong></span> <span class='ocrx_word' id='word_1_394' title='bbox 432 1859 476 1885; x_wconf 81' lang='lat' dir='ltr'><strong>ini&#39;.</strong></span> <span class='ocrx_word' id='word_1_395' title='bbox 496 1861 520 1885; x_wconf 86' lang='lat'>3.</span> <span class='ocrx_word' id='word_1_396' title='bbox 540 1861 563 1885; x_wconf 83' lang='lat'>2.</span> <span class='ocrx_word' id='word_1_397' title='bbox 601 1859 680 1886; x_wconf 85' lang='lat' dir='ltr'>Dotis</span> <span class='ocrx_word' id='word_1_398' title='bbox 701 1859 785 1891; x_wconf 77' lang='lat' dir='ltr'>datio,</span> <span class='ocrx_word' id='word_1_399' title='bbox 806 1859 915 1889; x_wconf 77' lang='lat' dir='ltr'>tutelae,</span> <span class='ocrx_word' id='word_1_400' title='bbox 937 1860 1038 1894; x_wconf 72' lang='lat' dir='ltr'>negotia</span> 
     </span>
     <span class='ocr_line' id='line_1_41' title="bbox 198 1900 1040 1936; baseline 0.002 -10"><span class='ocrx_word' id='word_1_401' title='bbox 198 1905 271 1936; x_wconf 74' lang='lat' dir='ltr'>gesta</span> <span class='ocrx_word' id='word_1_402' title='bbox 290 1906 338 1927; x_wconf 82' lang='lat' dir='ltr'>etc.</span> <span class='ocrx_word' id='word_1_403' title='bbox 357 1900 387 1927; x_wconf 75' lang='lat' dir='ltr'>fr.</span> <span class='ocrx_word' id='word_1_404' title='bbox 406 1903 447 1927; x_wconf 83' lang='lat'>23.</span> <span class='ocrx_word' id='word_1_405' title='bbox 467 1901 499 1927; x_wconf 83' lang='lat' dir='ltr'>de</span> <span class='ocrx_word' id='word_1_406' title='bbox 518 1901 547 1928; x_wconf 81' lang='lat' dir='ltr'>R.</span> <span class='ocrx_word' id='word_1_407' title='bbox 568 1901 585 1928; x_wconf 91' lang='lat' dir='ltr'>I.</span> <span class='ocrx_word' id='word_1_408' title='bbox 605 1904 646 1928; x_wconf 89' lang='lat'>50.</span> <span class='ocrx_word' id='word_1_409' title='bbox 668 1903 706 1928; x_wconf 89' lang='lat'>17.</span> <span class='ocrx_word' id='word_1_410' title='bbox 728 1917 759 1922; x_wconf 97' lang='lat'>—</span> <span class='ocrx_word' id='word_1_411' title='bbox 784 1903 814 1935; x_wconf 77' lang='lat'>§-</span> <span class='ocrx_word' id='word_1_412' title='bbox 834 1903 921 1929; x_wconf 71' lang='lat' dir='ltr'><strong>3.A.</strong></span> <span class='ocrx_word' id='word_1_413' title='bbox 948 1905 1040 1929; x_wconf 80' lang='grc' dir='ltr'><em>Ταιο-</em></span> 
     </span>
     <span class='ocr_line' id='line_1_42' title="bbox 199 1944 1039 1975; baseline 0.002 -6"><span class='ocrx_word' id='word_1_414' title='bbox 199 1945 244 1970; x_wconf 74' lang='lat' dir='ltr'>ris</span> <span class='ocrx_word' id='word_1_415' title='bbox 265 1953 391 1975; x_wconf 75' lang='lat' dir='ltr'>munus,</span> <span class='ocrx_word' id='word_1_416' title='bbox 411 1950 603 1971; x_wconf 75' lang='lat' dir='ltr'>testamento</span> <span class='ocrx_word' id='word_1_417' title='bbox 622 1947 815 1972; x_wconf 80' lang='lat' dir='ltr'>mandatum.</span> <span class='ocrx_word' id='word_1_418' title='bbox 851 1944 894 1971; x_wconf 91' lang='lat' dir='ltr'><strong>Ill.</strong></span> <span class='ocrx_word' id='word_1_419' title='bbox 909 1946 974 1972; x_wconf 78' lang='lat' dir='ltr'>Cn.</span> <span class='ocrx_word' id='word_1_420' title='bbox 998 1944 1039 1971; x_wconf 83' lang='lat' dir='ltr'>Vti</span> 
     </span>
     <span class='ocr_line' id='line_1_43' title="bbox 198 1985 1039 2023; baseline 0.004 -12"><span class='ocrx_word' id='word_1_421' title='bbox 198 1985 314 2021; x_wconf 79' lang='lat' dir='ltr'>legassit,</span> <span class='ocrx_word' id='word_1_422' title='bbox 333 1996 413 2023; x_wconf 79' lang='lat' dir='ltr'>super</span> <span class='ocrx_word' id='word_1_423' title='bbox 431 1988 540 2021; x_wconf 86' lang='lat' dir='ltr'>pecunia</span> <span class='ocrx_word' id='word_1_424' title='bbox 558 1987 680 2019; x_wconf 74' lang='lat' dir='ltr'>tutelave,</span> <span class='ocrx_word' id='word_1_425' title='bbox 701 1998 762 2014; x_wconf 82' lang='lat' dir='ltr'>suae</span> <span class='ocrx_word' id='word_1_426' title='bbox 780 1989 825 2014; x_wconf 85' lang='lat' dir='ltr'><strong>rei.</strong></span> <span class='ocrx_word' id='word_1_427' title='bbox 844 1987 872 2014; x_wconf 89' lang='lat' dir='ltr'>L.</span> <span class='ocrx_word' id='word_1_428' title='bbox 893 1987 942 2014; x_wconf 85' lang='lat' dir='ltr'>XII</span> <span class='ocrx_word' id='word_1_429' title='bbox 956 1987 1039 2014; x_wconf 85' lang='lat' dir='ltr'><strong>Tabb.</strong></span> 
     </span>
     <span class='ocr_line' id='line_1_44' title="bbox 200 2028 1040 2064; baseline 0.004 -10"><span class='ocrx_word' id='word_1_430' title='bbox 200 2028 232 2055; x_wconf 65' lang='lat' dir='ltr'>Y.</span> <span class='ocrx_word' id='word_1_431' title='bbox 251 2031 274 2055; x_wconf 84' lang='lat'>3.</span> <span class='ocrx_word' id='word_1_432' title='bbox 313 2029 366 2064; x_wconf 84' lang='lat' dir='ltr'>Qui</span> <span class='ocrx_word' id='word_1_433' title='bbox 386 2034 542 2056; x_wconf 81' lang='lat' dir='ltr'>testamento</span> <span class='ocrx_word' id='word_1_434' title='bbox 567 2030 657 2057; x_wconf 86' lang='lat' dir='ltr'>liberis</span> <span class='ocrx_word' id='word_1_435' title='bbox 682 2032 736 2056; x_wconf 88' lang='lat' dir='ltr'>suis</span> <span class='ocrx_word' id='word_1_436' title='bbox 761 2035 862 2057; x_wconf 82' lang='lat' dir='ltr'>tutores</span> <span class='ocrx_word' id='word_1_437' title='bbox 882 2040 934 2056; x_wconf 88' lang='lat' dir='ltr'>non</span> <span class='ocrx_word' id='word_1_438' title='bbox 954 2030 1040 2061; x_wconf 83' lang='lat' dir='ltr'>dedit;</span> 
     </span>
     <span class='ocr_line' id='line_1_45' title="bbox 200 2071 1039 2109; baseline 0.001 -11"><span class='ocrx_word' id='word_1_439' title='bbox 200 2077 325 2108; x_wconf 79' lang='lat' dir='ltr'>quantum</span> <span class='ocrx_word' id='word_1_440' title='bbox 344 2071 376 2098; x_wconf 84' lang='lat' dir='ltr'>ad</span> <span class='ocrx_word' id='word_1_441' title='bbox 395 2072 501 2098; x_wconf 86' lang='lat' dir='ltr'>tutelam</span> <span class='ocrx_word' id='word_1_442' title='bbox 522 2074 648 2109; x_wconf 86' lang='lat' dir='ltr'>pertinet.</span> <span class='ocrx_word' id='word_1_443' title='bbox 673 2074 814 2099; x_wconf 83' lang='lat' dir='ltr'>intestatus</span> <span class='ocrx_word' id='word_1_444' title='bbox 835 2078 882 2099; x_wconf 84' lang='lat' dir='ltr'>est.</span> <span class='ocrx_word' id='word_1_445' title='bbox 907 2073 936 2099; x_wconf 87' lang='lat' dir='ltr'>fr.</span> <span class='ocrx_word' id='word_1_446' title='bbox 957 2075 979 2099; x_wconf 91' lang='lat'>6.</span> <span class='ocrx_word' id='word_1_447' title='bbox 1007 2073 1039 2100; x_wconf 85' lang='lat' dir='ltr'>de</span> 
     </span>
     <span class='ocr_line' id='line_1_46' title="bbox 199 2114 1038 2153; baseline 0.002 -13"><span class='ocrx_word' id='word_1_448' title='bbox 199 2114 269 2151; x_wconf 81' lang='lat' dir='ltr'>legit.</span> <span class='ocrx_word' id='word_1_449' title='bbox 293 2120 340 2141; x_wconf 88' lang='lat' dir='ltr'>tut.</span> <span class='ocrx_word' id='word_1_450' title='bbox 360 2116 401 2141; x_wconf 91' lang='lat'>26.</span> <span class='ocrx_word' id='word_1_451' title='bbox 426 2117 448 2141; x_wconf 92' lang='lat'>4.</span> <span class='ocrx_word' id='word_1_452' title='bbox 488 2115 539 2142; x_wconf 88' lang='lat' dir='ltr'>Cui</span> <span class='ocrx_word' id='word_1_453' title='bbox 563 2126 652 2142; x_wconf 82' lang='lat' dir='ltr'>eorum</span> <span class='ocrx_word' id='word_1_454' title='bbox 677 2127 689 2142; x_wconf 84' lang='lat' dir='ltr'>a</span> <span class='ocrx_word' id='word_1_455' title='bbox 713 2121 821 2153; x_wconf 82' lang='lat' dir='ltr'>parente</span> <span class='ocrx_word' id='word_1_456' title='bbox 840 2132 871 2135; x_wconf 97' lang='lat'><strong>—</strong></span> <span class='ocrx_word' id='word_1_457' title='bbox 896 2126 924 2142; x_wconf 82' lang='lat' dir='ltr'>ea</span> <span class='ocrx_word' id='word_1_458' title='bbox 949 2116 1038 2147; x_wconf 81' lang='lat' dir='ltr'>tutela,</span> 
     </span>
     <span class='ocr_line' id='line_1_47' title="bbox 202 2157 1061 2196; baseline 0.001 -12"><span class='ocrx_word' id='word_1_459' title='bbox 202 2159 333 2184; x_wconf 78' lang='lat' dir='ltr'>curatiove</span> <span class='ocrx_word' id='word_1_460' title='bbox 352 2157 410 2184; x_wconf 81' lang='lat' dir='ltr'>data</span> <span class='ocrx_word' id='word_1_461' title='bbox 430 2159 486 2184; x_wconf 82' lang='lat' dir='ltr'>erit.</span> <span class='ocrx_word' id='word_1_462' title='bbox 507 2158 537 2184; x_wconf 83' lang='lat' dir='ltr'>fr.</span> <span class='ocrx_word' id='word_1_463' title='bbox 556 2160 579 2184; x_wconf 86' lang='lat'>3.</span> <span class='ocrx_word' id='word_1_464' title='bbox 600 2169 638 2195; x_wconf 89' lang='lat' dir='ltr'>pr.</span> <span class='ocrx_word' id='word_1_465' title='bbox 659 2158 690 2185; x_wconf 82' lang='lat' dir='ltr'>de</span> <span class='ocrx_word' id='word_1_466' title='bbox 711 2158 808 2196; x_wconf 81' lang='lat' dir='ltr'>postul.</span> <span class='ocrx_word' id='word_1_467' title='bbox 828 2160 851 2185; x_wconf 87' lang='lat'>3.</span> <span class='ocrx_word' id='word_1_468' title='bbox 874 2161 895 2185; x_wconf 95' lang='lat' dir='ltr'>l.</span> <span class='ocrx_word' id='word_1_469' title='bbox 935 2158 983 2185; x_wconf 87' lang='lat' dir='ltr'>Vel</span> <span class='ocrx_word' id='word_1_470' title='bbox 1004 2160 1039 2185; x_wconf 88' lang='lat' dir='ltr'>in-</span> <span class='ocrx_word' id='word_1_471' title='bbox 1060 2161 1061 2190; x_wconf 55' lang='grc' dir='ltr'><strong>ξ</strong></span> 
     </span>
     <span class='ocr_line' id='line_1_48' title="bbox 201 2200 1040 2236; baseline 0.004 -11"><span class='ocrx_word' id='word_1_472' title='bbox 201 2200 376 2232; x_wconf 77' lang='lat' dir='ltr'>stitutionem,</span> <span class='ocrx_word' id='word_1_473' title='bbox 400 2201 442 2226; x_wconf 75' lang='lat' dir='ltr'>vel</span> <span class='ocrx_word' id='word_1_474' title='bbox 461 2200 585 2236; x_wconf 78' lang='lat' dir='ltr'>legatum.</span> <span class='ocrx_word' id='word_1_475' title='bbox 610 2201 652 2227; x_wconf 90' lang='lat' dir='ltr'>vel</span> <span class='ocrx_word' id='word_1_476' title='bbox 676 2201 920 2234; x_wconf 74' lang='lat' dir='ltr'>fideicommissum,</span> <span class='ocrx_word' id='word_1_477' title='bbox 945 2201 987 2228; x_wconf 82' lang='lat' dir='ltr'>vel</span> <span class='ocrx_word' id='word_1_478' title='bbox 1011 2202 1040 2228; x_wconf 90' lang='lat' dir='ltr'>li-</span> 
     </span>
     <span class='ocr_line' id='line_1_49' title="bbox 201 2241 1038 2281; baseline 0.005 -14"><span class='ocrx_word' id='word_1_479' title='bbox 201 2241 340 2274; x_wconf 74' lang='lat' dir='ltr'>bertatem,</span> <span class='ocrx_word' id='word_1_480' title='bbox 366 2243 409 2270; x_wconf 88' lang='lat' dir='ltr'>vel</span> <span class='ocrx_word' id='word_1_481' title='bbox 436 2244 543 2270; x_wconf 81' lang='lat' dir='ltr'>tutelam</span> <span class='ocrx_word' id='word_1_482' title='bbox 570 2244 693 2270; x_wconf 79' lang='lat' dir='ltr'>scribere.</span> <span class='ocrx_word' id='word_1_483' title='bbox 718 2254 738 2270; x_wconf 91' lang='lat' dir='ltr'>c.</span> <span class='ocrx_word' id='word_1_484' title='bbox 758 2246 781 2270; x_wconf 94' lang='lat'>4.</span> <span class='ocrx_word' id='word_1_485' title='bbox 801 2254 839 2281; x_wconf 86' lang='lat' dir='ltr'>pr.</span> <span class='ocrx_word' id='word_1_486' title='bbox 864 2244 897 2270; x_wconf 85' lang='lat' dir='ltr'>de</span> <span class='ocrx_word' id='word_1_487' title='bbox 916 2243 946 2271; x_wconf 87' lang='lat' dir='ltr'>V.</span> <span class='ocrx_word' id='word_1_488' title='bbox 967 2245 994 2271; x_wconf 81' lang='lat' dir='ltr'>S.</span> <span class='ocrx_word' id='word_1_489' title='bbox 1014 2246 1038 2271; x_wconf 87' lang='lat'>6.</span> 
     </span>
     <span class='ocr_line' id='line_1_50' title="bbox 201 2284 1038 2320; baseline 0.005 -10"><span class='ocrx_word' id='word_1_490' title='bbox 201 2286 243 2311; x_wconf 81' lang='grc'>38.</span> <span class='ocrx_word' id='word_1_491' title='bbox 262 2284 292 2311; x_wconf 79' lang='lat' dir='ltr'>fr.</span> <span class='ocrx_word' id='word_1_492' title='bbox 314 2286 370 2311; x_wconf 84' lang='lat'><strong>120.</strong></span> <span class='ocrx_word' id='word_1_493' title='bbox 384 2286 441 2312; x_wconf 85' lang='lat' dir='ltr'><strong>eod.</strong></span> <span class='ocrx_word' id='word_1_494' title='bbox 460 2289 501 2312; x_wconf 80' lang='lat'>50.</span> <span class='ocrx_word' id='word_1_495' title='bbox 517 2288 555 2313; x_wconf 88' lang='lat'>16.</span> <span class='ocrx_word' id='word_1_496' title='bbox 576 2286 647 2312; x_wconf 83' lang='lat' dir='ltr'><strong>Paul.</strong></span> <span class='ocrx_word' id='word_1_497' title='bbox 662 2286 705 2312; x_wconf 75' lang='lat' dir='ltr'>IV.</span> <span class='ocrx_word' id='word_1_498' title='bbox 721 2288 759 2313; x_wconf 82' lang='lat'>13.</span> <span class='ocrx_word' id='word_1_499' title='bbox 773 2288 794 2320; x_wconf 89' lang='lat'>5.</span> <span class='ocrx_word' id='word_1_500' title='bbox 808 2290 833 2313; x_wconf 86' lang='lat'>3.</span> <span class='ocrx_word' id='word_1_501' title='bbox 851 2303 883 2306; x_wconf 97' lang='lat'><strong>—</strong></span> <span class='ocrx_word' id='word_1_502' title='bbox 902 2287 933 2320; x_wconf 83' lang='lat'>§.</span> <span class='ocrx_word' id='word_1_503' title='bbox 949 2289 1038 2314; x_wconf 77' lang='lat' dir='ltr'><strong>3.B·</strong></span> 
     </span>
     <span class='ocr_line' id='line_1_51' title="bbox 202 2329 1039 2366; baseline 0.004 -14"><span class='ocrx_word' id='word_1_504' title='bbox 202 2329 388 2362; x_wconf 78' lang='lat' dir='ltr'>Legitimae</span> <span class='ocrx_word' id='word_1_505' title='bbox 406 2332 526 2356; x_wconf 78' lang='lat' dir='ltr'>tutelae</span> <span class='ocrx_word' id='word_1_506' title='bbox 546 2332 603 2355; x_wconf 82' lang='lat' dir='ltr'><strong>ius.</strong></span> <span class='ocrx_word' id='word_1_507' title='bbox 638 2329 681 2355; x_wconf 92' lang='lat' dir='ltr'><strong>III.</strong></span> <span class='ocrx_word' id='word_1_508' title='bbox 697 2330 762 2356; x_wconf 74' lang='lat' dir='ltr'>Cn.</span> <span class='ocrx_word' id='word_1_509' title='bbox 783 2329 822 2355; x_wconf 76' lang='lat' dir='ltr'>Ex</span> <span class='ocrx_word' id='word_1_510' title='bbox 843 2330 918 2355; x_wconf 87' lang='lat' dir='ltr'>novis</span> <span class='ocrx_word' id='word_1_511' title='bbox 937 2329 1039 2366; x_wconf 72' lang='lat' dir='ltr'>legibus</span> 
     </span>
     <span class='ocr_line' id='line_1_52' title="bbox 204 2369 1038 2409; baseline 0.004 -14"><span class='ocrx_word' id='word_1_512' title='bbox 204 2375 229 2396; x_wconf 82' lang='lat' dir='ltr'>et</span> <span class='ocrx_word' id='word_1_513' title='bbox 247 2369 406 2396; x_wconf 76' lang='lat' dir='ltr'>hereditates</span> <span class='ocrx_word' id='word_1_514' title='bbox 425 2376 450 2396; x_wconf 79' lang='lat' dir='ltr'>et</span> <span class='ocrx_word' id='word_1_515' title='bbox 466 2372 564 2398; x_wconf 76' lang='lat' dir='ltr'>tutelae</span> <span class='ocrx_word' id='word_1_516' title='bbox 576 2372 729 2409; x_wconf 80' lang='lat' dir='ltr'>plerumque</span> <span class='ocrx_word' id='word_1_517' title='bbox 742 2373 779 2398; x_wconf 83' lang='lat' dir='ltr'>sic</span> <span class='ocrx_word' id='word_1_518' title='bbox 793 2371 952 2398; x_wconf 83' lang='lat' dir='ltr'>deferuntur.</span> <span class='ocrx_word' id='word_1_519' title='bbox 972 2373 1000 2399; x_wconf 78' lang='lat' dir='ltr'>fr.</span> <span class='ocrx_word' id='word_1_520' title='bbox 1016 2374 1038 2399; x_wconf 92' lang='lat'>7.</span> 
     </span>
     <span class='ocr_line' id='line_1_53' title="bbox 204 2413 1039 2450; baseline 0.002 -12"><span class='ocrx_word' id='word_1_521' title='bbox 204 2423 242 2450; x_wconf 83' lang='lat' dir='ltr'>pr.</span> <span class='ocrx_word' id='word_1_522' title='bbox 262 2413 294 2439; x_wconf 79' lang='lat' dir='ltr'>de</span> <span class='ocrx_word' id='word_1_523' title='bbox 314 2423 369 2449; x_wconf 76' lang='lat' dir='ltr'><strong>cap.</strong></span> <span class='ocrx_word' id='word_1_524' title='bbox 388 2414 478 2439; x_wconf 87' lang='lat' dir='ltr'>minut.</span> <span class='ocrx_word' id='word_1_525' title='bbox 497 2417 519 2440; x_wconf 77' lang='lat'>4.</span> <span class='ocrx_word' id='word_1_526' title='bbox 533 2417 556 2441; x_wconf 83' lang='lat'>5.</span> <span class='ocrx_word' id='word_1_527' title='bbox 592 2415 735 2450; x_wconf 71' lang='lat' dir='ltr'>Legitimae</span> <span class='ocrx_word' id='word_1_528' title='bbox 754 2414 851 2440; x_wconf 77' lang='lat' dir='ltr'>tutelae</span> <span class='ocrx_word' id='word_1_529' title='bbox 869 2414 1039 2441; x_wconf 83' lang='lat' dir='ltr'>hereditates-</span> 
     </span>
    </p>
   </div>
   <div class='ocr_carea' id='block_1_7' title="bbox 1871 157 1933 188">
    <p class='ocr_par' dir='ltr' id='par_1_7' title="bbox 1871 157 1933 188">
     <span class='ocr_line' id='line_1_54' title="bbox 1871 157 1933 188; baseline 0.016 -1"><span class='ocrx_word' id='word_1_530' title='bbox 1871 157 1933 188; x_wconf 88' lang='lat'>977</span> 
     </span>
    </p>
   </div>
   <div class='ocr_carea' id='block_1_8' title="bbox 1067 234 1934 521">
    <p class='ocr_par' dir='ltr' id='par_1_8' title="bbox 1067 234 1934 399">
     <span class='ocr_line' id='line_1_55' title="bbox 1089 234 1934 271; baseline 0.005 -11"><span class='ocrx_word' id='word_1_531' title='bbox 1089 236 1204 261; x_wconf 73' lang='lat' dir='ltr'>tinens.</span> <span class='ocrx_word' id='word_1_532' title='bbox 1240 234 1283 261; x_wconf 91' lang='lat' dir='ltr'><strong>III.</strong></span> <span class='ocrx_word' id='word_1_533' title='bbox 1305 235 1371 262; x_wconf 74' lang='lat' dir='ltr'>Cn.</span> <span class='ocrx_word' id='word_1_534' title='bbox 1390 234 1500 261; x_wconf 84' lang='lat' dir='ltr'>Praetor</span> <span class='ocrx_word' id='word_1_535' title='bbox 1519 234 1650 267; x_wconf 79' lang='lat' dir='ltr'>tutelaris,</span> <span class='ocrx_word' id='word_1_536' title='bbox 1670 244 1694 261; x_wconf 91' lang='lat' dir='ltr'>v.</span> <span class='ocrx_word' id='word_1_537' title='bbox 1715 237 1759 271; x_wconf 90' lang='lat' dir='ltr'>qui</span> <span class='ocrx_word' id='word_1_538' title='bbox 1779 236 1934 264; x_wconf 77' lang='lat' dir='ltr'>tutelaribus</span> 
     </span>
     <span class='ocr_line' id='line_1_56' title="bbox 1067 276 1933 320; baseline 0.003 -18"><span class='ocrx_word' id='word_1_539' title='bbox 1067 294 1069 320; x_wconf 60' lang='lat'><em>4</em></span> <span class='ocrx_word' id='word_1_540' title='bbox 1091 276 1286 312; x_wconf 78' lang='lat' dir='ltr'>cognitionibus</span> <span class='ocrx_word' id='word_1_541' title='bbox 1306 277 1445 314; x_wconf 77' lang='lat' dir='ltr'>praesidet.</span> <span class='ocrx_word' id='word_1_542' title='bbox 1467 277 1490 304; x_wconf 85' lang='lat' dir='ltr'><strong>V</strong></span> <span class='ocrx_word' id='word_1_543' title='bbox 1492 279 1550 305; x_wconf 88' lang='lat' dir='ltr'>atie.</span> <span class='ocrx_word' id='word_1_544' title='bbox 1571 279 1607 312; x_wconf 89' lang='lat'>55.</span> <span class='ocrx_word' id='word_1_545' title='bbox 1621 280 1680 304; x_wconf 77' lang='lat'><strong>232.</strong></span> <span class='ocrx_word' id='word_1_546' title='bbox 1699 288 1738 314; x_wconf 87' lang='lat' dir='ltr'>sq.</span> <span class='ocrx_word' id='word_1_547' title='bbox 1757 280 1817 305; x_wconf 84' lang='lat'><strong>244.</strong></span> <span class='ocrx_word' id='word_1_548' title='bbox 1838 279 1887 306; x_wconf 88' lang='lat' dir='ltr'>Th.</span> <span class='ocrx_word' id='word_1_549' title='bbox 1903 280 1933 309; x_wconf 74' lang='lat' dir='ltr'>C,</span> 
     </span>
     <span class='ocr_line' id='line_1_57' title="bbox 1089 319 1934 356; baseline 0.002 -10"><span class='ocrx_word' id='word_1_550' title='bbox 1089 319 1132 346; x_wconf 91' lang='grc'><strong>111.</strong></span> <span class='ocrx_word' id='word_1_551' title='bbox 1154 321 1193 346; x_wconf 95' lang='lat'>17.</span> <span class='ocrx_word' id='word_1_552' title='bbox 1220 330 1241 346; x_wconf 93' lang='lat' dir='ltr'>c.</span> <span class='ocrx_word' id='word_1_553' title='bbox 1260 321 1285 346; x_wconf 90' lang='lat'>3.</span> <span class='ocrx_word' id='word_1_554' title='bbox 1305 330 1342 356; x_wconf 89' lang='lat' dir='ltr'>pr.</span> <span class='ocrx_word' id='word_1_555' title='bbox 1367 331 1388 347; x_wconf 86' lang='lat' dir='ltr'>c.</span> <span class='ocrx_word' id='word_1_556' title='bbox 1408 322 1432 347; x_wconf 89' lang='lat'>4.</span> <span class='ocrx_word' id='word_1_557' title='bbox 1453 321 1474 354; x_wconf 91' lang='lat'>5.</span> <span class='ocrx_word' id='word_1_558' title='bbox 1495 323 1518 347; x_wconf 88' lang='lat'>4.</span> <span class='ocrx_word' id='word_1_559' title='bbox 1539 321 1571 347; x_wconf 87' lang='lat' dir='ltr'>de</span> <span class='ocrx_word' id='word_1_560' title='bbox 1590 326 1637 348; x_wconf 86' lang='lat' dir='ltr'>tut.</span> <span class='ocrx_word' id='word_1_561' title='bbox 1659 326 1683 347; x_wconf 85' lang='lat' dir='ltr'>et</span> <span class='ocrx_word' id='word_1_562' title='bbox 1707 331 1816 347; x_wconf 83' lang='lat' dir='ltr'><strong>cui.c1.</strong></span> <span class='ocrx_word' id='word_1_563' title='bbox 1853 321 1934 349; x_wconf 82' lang='lat' dir='ltr'>Iudex</span> 
     </span>
     <span class='ocr_line' id='line_1_58' title="bbox 1089 362 1924 399; baseline 0.003 -11"><span class='ocrx_word' id='word_1_564' title='bbox 1089 362 1222 394; x_wconf 79' lang='lat' dir='ltr'>tutelariS,</span> <span class='ocrx_word' id='word_1_565' title='bbox 1245 363 1360 399; x_wconf 80' lang='lat' dir='ltr'>itemque</span> <span class='ocrx_word' id='word_1_566' title='bbox 1383 362 1547 390; x_wconf 84' lang='lat' dir='ltr'>Centumviri</span> <span class='ocrx_word' id='word_1_567' title='bbox 1573 369 1621 390; x_wconf 79' lang='lat' dir='ltr'>etc.</span> <span class='ocrx_word' id='word_1_568' title='bbox 1648 362 1719 390; x_wconf 76' lang='lat' dir='ltr'><strong>Paul.</strong></span> <span class='ocrx_word' id='word_1_569' title='bbox 1745 363 1777 390; x_wconf 91' lang='lat' dir='ltr'>V.</span> <span class='ocrx_word' id='word_1_570' title='bbox 1804 365 1843 390; x_wconf 82' lang='lat'>16.</span> <span class='ocrx_word' id='word_1_571' title='bbox 1868 365 1924 398; x_wconf 68' lang='lat'><strong>§.⁸-</strong></span> 
     </span>
    </p>

    <p class='ocr_par' dir='ltr' id='par_1_9' title="bbox 1089 405 1934 521">
     <span class='ocr_line' id='line_1_59' title="bbox 1089 405 1934 441; baseline 0.001 -9"><span class='ocrx_word' id='word_1_572' title='bbox 1089 405 1239 432; x_wconf 87' lang='lat' dir='ltr'>Iurisdietio</span> <span class='ocrx_word' id='word_1_573' title='bbox 1258 405 1361 432; x_wconf 74' lang='lat' dir='ltr'>tutelar.</span> <span class='ocrx_word' id='word_1_574' title='bbox 1382 405 1464 433; x_wconf 58' lang='grc' dir='ltr'><strong>Ὓῑιιίε.</strong></span> <span class='ocrx_word' id='word_1_575' title='bbox 1479 407 1501 440; x_wconf 97' lang='lat'>5.</span> <span class='ocrx_word' id='word_1_576' title='bbox 1515 408 1573 432; x_wconf 87' lang='lat'><strong>247.</strong></span> <span class='ocrx_word' id='word_1_577' title='bbox 1594 407 1699 440; x_wconf 88' lang='lat' dir='ltr'>(inser.)</span> <span class='ocrx_word' id='word_1_578' title='bbox 1719 406 1773 441; x_wconf 79' lang='lat' dir='ltr'>Qui</span> <span class='ocrx_word' id='word_1_579' title='bbox 1787 406 1835 439; x_wconf 92' lang='lat' dir='ltr'><strong>(se.</strong></span> <span class='ocrx_word' id='word_1_580' title='bbox 1851 409 1934 440; x_wconf 87' lang='lat' dir='ltr'>tutor)</span> 
     </span>
     <span class='ocr_line' id='line_1_60' title="bbox 1089 448 1933 486; baseline 0.002 -12"><span class='ocrx_word' id='word_1_581' title='bbox 1089 459 1137 486; x_wconf 85' lang='lat' dir='ltr'>pro</span> <span class='ocrx_word' id='word_1_582' title='bbox 1158 448 1262 474; x_wconf 81' lang='lat' dir='ltr'>tutelari</span> <span class='ocrx_word' id='word_1_583' title='bbox 1286 448 1374 474; x_wconf 78' lang='lat' dir='ltr'>officio</span> <span class='ocrx_word' id='word_1_584' title='bbox 1400 459 1452 475; x_wconf 87' lang='lat' dir='ltr'>non</span> <span class='ocrx_word' id='word_1_585' title='bbox 1473 453 1583 475; x_wconf 83' lang='lat' dir='ltr'>caverat.</span> <span class='ocrx_word' id='word_1_586' title='bbox 1610 459 1632 475; x_wconf 88' lang='lat' dir='ltr'>c.</span> <span class='ocrx_word' id='word_1_587' title='bbox 1650 450 1675 474; x_wconf 84' lang='lat'>3.</span> <span class='ocrx_word' id='word_1_588' title='bbox 1699 448 1732 474; x_wconf 81' lang='lat' dir='ltr'>de</span> <span class='ocrx_word' id='word_1_589' title='bbox 1751 453 1798 475; x_wconf 80' lang='lat' dir='ltr'>tut.</span> <span class='ocrx_word' id='word_1_590' title='bbox 1819 451 1864 486; x_wconf 90' lang='lat' dir='ltr'>qui</span> <span class='ocrx_word' id='word_1_591' title='bbox 1883 455 1933 477; x_wconf 84' lang='lat' dir='ltr'>sat.</span> 
     </span>
     <span class='ocr_line' id='line_1_61' title="bbox 1090 490 1933 521; baseline 0.002 -4"><span class='ocrx_word' id='word_1_592' title='bbox 1090 501 1114 517; x_wconf 91' lang='lat' dir='ltr'>n.</span> <span class='ocrx_word' id='word_1_593' title='bbox 1129 491 1187 518; x_wconf 87' lang='lat' dir='ltr'><strong>ded.</strong></span> <span class='ocrx_word' id='word_1_594' title='bbox 1201 493 1224 518; x_wconf 85' lang='lat'>5.</span> <span class='ocrx_word' id='word_1_595' title='bbox 1238 492 1280 517; x_wconf 86' lang='lat'>42.</span> <span class='ocrx_word' id='word_1_596' title='bbox 1312 490 1497 521; x_wconf 80' lang='lat' dir='ltr'>Instrumenta.</span> <span class='ocrx_word' id='word_1_597' title='bbox 1511 502 1534 517; x_wconf 93' lang='lat' dir='ltr'>v.</span> <span class='ocrx_word' id='word_1_598' title='bbox 1551 491 1707 521; x_wconf 60' lang='lat' dir='ltr'>liatiocinia.</span> <span class='ocrx_word' id='word_1_599' title='bbox 1723 491 1850 519; x_wconf 79' lang='lat' dir='ltr'>tutelaria.</span> <span class='ocrx_word' id='word_1_600' title='bbox 1865 492 1895 519; x_wconf 82' lang='lat' dir='ltr'>fr.</span> <span class='ocrx_word' id='word_1_601' title='bbox 1909 494 1933 519; x_wconf 82' lang='lat'>8.</span> 
     </span>
    </p>
   </div>
   <div class='ocr_carea' id='block_1_9' title="bbox 1541 536 1573 551">
    <p class='ocr_par' dir='ltr' id='par_1_10' title="bbox 1541 536 1573 551">
     <span class='ocr_line' id='line_1_62' title="bbox 1541 536 1573 551; baseline 0 -5"><span class='ocrx_word' id='word_1_602' title='bbox 1541 536 1573 551; x_wconf 72' lang='lat'>.,-</span> 
     </span>
    </p>
   </div>
   <div class='ocr_carea' id='block_1_10' title="bbox 1066 533 1934 572">
    <p class='ocr_par' dir='ltr' id='par_1_11' title="bbox 1066 533 1934 572">
     <span class='ocr_line' id='line_1_63' title="bbox 1066 533 1934 572; baseline 0.002 -12"><span class='ocrx_word' id='word_1_603' title='bbox 1066 543 1068 560; x_wconf 59' lang='grc' dir='ltr'>ι</span> <span class='ocrx_word' id='word_1_604' title='bbox 1089 535 1110 568; x_wconf 91' lang='lat'>5.</span> <span class='ocrx_word' id='word_1_605' title='bbox 1132 536 1153 560; x_wconf 89' lang='lat'>1.</span> <span class='ocrx_word' id='word_1_606' title='bbox 1178 534 1210 560; x_wconf 85' lang='lat' dir='ltr'>de</span> <span class='ocrx_word' id='word_1_607' title='bbox 1233 533 1351 560; x_wconf 83' lang='lat' dir='ltr'>fideiuss.</span> <span class='ocrx_word' id='word_1_608' title='bbox 1376 539 1401 560; x_wconf 84' lang='lat' dir='ltr'>et</span> <span class='ocrx_word' id='word_1_609' title='bbox 1425 535 1521 561; x_wconf 86' lang='lat' dir='ltr'><strong>nomin.</strong></span> <span class='ocrx_word' id='word_1_610' title='bbox 1542 547 1582 561; x_wconf 75' lang='grc' dir='ltr'><strong>..ι.</strong></span> <span class='ocrx_word' id='word_1_611' title='bbox 1604 537 1627 561; x_wconf 94' lang='lat'>7.</span> <span class='ocrx_word' id='word_1_612' title='bbox 1647 545 1668 561; x_wconf 88' lang='lat' dir='ltr'>c.</span> <span class='ocrx_word' id='word_1_613' title='bbox 1687 536 1729 560; x_wconf 83' lang='lat'>32.</span> <span class='ocrx_word' id='word_1_614' title='bbox 1756 534 1788 560; x_wconf 83' lang='lat' dir='ltr'>de</span> <span class='ocrx_word' id='word_1_615' title='bbox 1807 536 1887 572; x_wconf 78' lang='lat' dir='ltr'>episc.</span> <span class='ocrx_word' id='word_1_616' title='bbox 1908 541 1934 562; x_wconf 82' lang='lat' dir='ltr'>et</span> 
     </span>
    </p>
   </div>
   <div class='ocr_carea' id='block_1_11' title="bbox 1090 576 1932 699">
    <p class='ocr_par' dir='ltr' id='par_1_12' title="bbox 1090 576 1932 699">
     <span class='ocr_line' id='line_1_64' title="bbox 1090 576 1237 604; baseline 0 -1"><span class='ocrx_word' id='word_1_617' title='bbox 1090 576 1151 603; x_wconf 82' lang='lat' dir='ltr'><strong>cler.</strong></span> <span class='ocrx_word' id='word_1_618' title='bbox 1173 579 1194 603; x_wconf 97' lang='lat' dir='ltr'>l.</span> <span class='ocrx_word' id='word_1_619' title='bbox 1213 579 1237 604; x_wconf 90' lang='lat'>3.</span> 
     </span>
     <span class='ocr_line' id='line_1_65' title="bbox 1125 618 1458 646; baseline -0.003 0"><span class='ocrx_word' id='word_1_620' title='bbox 1125 621 1236 646; x_wconf 80' lang='lat' dir='ltr'>Tuto.</span> <span class='ocrx_word' id='word_1_621' title='bbox 1274 618 1315 646; x_wconf 84' lang='lat' dir='ltr'>ef.</span> <span class='ocrx_word' id='word_1_622' title='bbox 1335 629 1360 645; x_wconf 86' lang='lat' dir='ltr'>v.</span> <span class='ocrx_word' id='word_1_623' title='bbox 1381 619 1458 646; x_wconf 90' lang='lat' dir='ltr'>Tute.</span> 
     </span>
     <span class='ocr_line' id='line_1_66' title="bbox 1123 663 1932 699; baseline 0.001 -10"><span class='ocrx_word' id='word_1_624' title='bbox 1123 664 1255 689; x_wconf 78' lang='lat' dir='ltr'>Tutor.</span> <span class='ocrx_word' id='word_1_625' title='bbox 1293 663 1409 688; x_wconf 64' lang='lat' dir='ltr'>Cuxtos</span> <span class='ocrx_word' id='word_1_626' title='bbox 1429 668 1458 688; x_wconf 85' lang='lat' dir='ltr'>et</span> <span class='ocrx_word' id='word_1_627' title='bbox 1476 664 1664 688; x_wconf 80' lang='lat' dir='ltr'>moderator</span> <span class='ocrx_word' id='word_1_628' title='bbox 1680 665 1819 697; x_wconf 77' lang='lat' dir='ltr'>pupilli,</span> <span class='ocrx_word' id='word_1_629' title='bbox 1835 665 1932 699; x_wconf 79' lang='lat' dir='ltr'>femi—</span> 
     </span>
    </p>
   </div>
   <div class='ocr_carea' id='block_1_12' title="bbox 1085 705 1932 1726">
    <p class='ocr_par' dir='ltr' id='par_1_13' title="bbox 1085 705 1932 1726">
     <span class='ocr_line' id='line_1_67' title="bbox 1089 705 1930 742; baseline 0.002 -11"><span class='ocrx_word' id='word_1_630' title='bbox 1089 715 1185 731; x_wconf 80' lang='lat' dir='ltr'>naere</span> <span class='ocrx_word' id='word_1_631' title='bbox 1203 707 1255 731; x_wconf 79' lang='lat' dir='ltr'>sui</span> <span class='ocrx_word' id='word_1_632' title='bbox 1273 706 1373 737; x_wconf 82' lang='lat' dir='ltr'>iuris,</span> <span class='ocrx_word' id='word_1_633' title='bbox 1397 707 1483 731; x_wconf 78' lang='lat' dir='ltr'>iuste</span> <span class='ocrx_word' id='word_1_634' title='bbox 1506 707 1717 732; x_wconf 75' lang='lat' dir='ltr'>constitutus.</span> <span class='ocrx_word' id='word_1_635' title='bbox 1755 705 1774 732; x_wconf 92' lang='lat'>1.</span> <span class='ocrx_word' id='word_1_636' title='bbox 1795 707 1856 740; x_wconf 76' lang='lat' dir='ltr'>Sy.</span> <span class='ocrx_word' id='word_1_637' title='bbox 1877 706 1930 742; x_wconf 81' lang='lat' dir='ltr'>Qui</span> 
     </span>
     <span class='ocr_line' id='line_1_68' title="bbox 1088 746 1930 786; baseline 0.002 -12"><span class='ocrx_word' id='word_1_638' title='bbox 1088 747 1195 774; x_wconf 83' lang='lat' dir='ltr'>tutelam</span> <span class='ocrx_word' id='word_1_639' title='bbox 1214 747 1302 779; x_wconf 81' lang='lat' dir='ltr'>habet,</span> <span class='ocrx_word' id='word_1_640' title='bbox 1321 757 1345 773; x_wconf 89' lang='lat' dir='ltr'>v.</span> <span class='ocrx_word' id='word_1_641' title='bbox 1365 746 1538 773; x_wconf 81' lang='lat' dir='ltr'>administrat.</span> <span class='ocrx_word' id='word_1_642' title='bbox 1558 747 1588 773; x_wconf 75' lang='lat' dir='ltr'><strong>l&#39;r.</strong></span> <span class='ocrx_word' id='word_1_643' title='bbox 1611 749 1649 773; x_wconf 89' lang='lat'>17.</span> <span class='ocrx_word' id='word_1_644' title='bbox 1664 757 1702 784; x_wconf 89' lang='lat' dir='ltr'>pr.</span> <span class='ocrx_word' id='word_1_645' title='bbox 1723 748 1784 781; x_wconf 97' lang='lat'><strong>5.1.</strong></span> <span class='ocrx_word' id='word_1_646' title='bbox 1797 748 1829 774; x_wconf 80' lang='lat' dir='ltr'>de</span> <span class='ocrx_word' id='word_1_647' title='bbox 1843 748 1930 786; x_wconf 85' lang='lat' dir='ltr'><strong>adopt.</strong></span> 
     </span>
     <span class='ocr_line' id='line_1_69' title="bbox 1088 789 1932 824; baseline 0.001 -7"><span class='ocrx_word' id='word_1_648' title='bbox 1088 792 1110 817; x_wconf 96' lang='lat' dir='ltr'>l.</span> <span class='ocrx_word' id='word_1_649' title='bbox 1131 792 1154 817; x_wconf 96' lang='lat'>7.</span> <span class='ocrx_word' id='word_1_650' title='bbox 1174 790 1205 817; x_wconf 80' lang='lat' dir='ltr'>fr.</span> <span class='ocrx_word' id='word_1_651' title='bbox 1226 792 1248 816; x_wconf 97' lang='lat'>1.</span> <span class='ocrx_word' id='word_1_652' title='bbox 1267 790 1332 824; x_wconf 91' lang='lat'><strong>5.1.</strong></span> <span class='ocrx_word' id='word_1_653' title='bbox 1353 789 1385 816; x_wconf 88' lang='lat' dir='ltr'>de</span> <span class='ocrx_word' id='word_1_654' title='bbox 1404 789 1478 816; x_wconf 86' lang='lat' dir='ltr'>tutel.</span> <span class='ocrx_word' id='word_1_655' title='bbox 1498 791 1539 816; x_wconf 91' lang='lat'>26.</span> <span class='ocrx_word' id='word_1_656' title='bbox 1561 792 1583 816; x_wconf 97' lang='lat' dir='ltr'>l.</span> <span class='ocrx_word' id='word_1_657' title='bbox 1620 789 1687 815; x_wconf 80' lang='lat' dir='ltr'>Esse</span> <span class='ocrx_word' id='word_1_658' title='bbox 1711 791 1737 816; x_wconf 90' lang='lat' dir='ltr'>iu</span> <span class='ocrx_word' id='word_1_659' title='bbox 1763 791 1860 823; x_wconf 76' lang='lat' dir='ltr'>tutela,</span> <span class='ocrx_word' id='word_1_660' title='bbox 1880 791 1932 818; x_wconf 92' lang='lat' dir='ltr'>Tu—</span> 
     </span>
     <span class='ocr_line' id='line_1_70' title="bbox 1086 831 1932 868; baseline 0.002 -9"><span class='ocrx_word' id='word_1_661' title='bbox 1086 833 1137 859; x_wconf 82' lang='lat' dir='ltr'>tela</span> <span class='ocrx_word' id='word_1_662' title='bbox 1157 833 1264 859; x_wconf 83' lang='lat' dir='ltr'>alterius</span> <span class='ocrx_word' id='word_1_663' title='bbox 1283 833 1344 868; x_wconf 79' lang='lat' dir='ltr'><strong>regi.</strong></span> <span class='ocrx_word' id='word_1_664' title='bbox 1381 831 1483 859; x_wconf 77' lang='lat' dir='ltr'>Habere</span> <span class='ocrx_word' id='word_1_665' title='bbox 1502 837 1629 863; x_wconf 79' lang='lat' dir='ltr'>tutorem.</span> <span class='ocrx_word' id='word_1_666' title='bbox 1654 842 1674 858; x_wconf 89' lang='lat' dir='ltr'>s.</span> <span class='ocrx_word' id='word_1_667' title='bbox 1701 835 1856 860; x_wconf 80' lang='lat' dir='ltr'>auctoritate</span> <span class='ocrx_word' id='word_1_668' title='bbox 1876 835 1932 861; x_wconf 79' lang='lat' dir='ltr'>eius</span> 
     </span>
     <span class='ocr_line' id='line_1_71' title="bbox 1086 875 1931 912; baseline 0.001 -10"><span class='ocrx_word' id='word_1_669' title='bbox 1086 877 1148 912; x_wconf 78' lang='lat' dir='ltr'><strong>regi.</strong></span> <span class='ocrx_word' id='word_1_670' title='bbox 1174 876 1231 902; x_wconf 83' lang='lat' dir='ltr'><strong>Gai.</strong></span> <span class='ocrx_word' id='word_1_671' title='bbox 1249 875 1268 902; x_wconf 94' lang='lat' dir='ltr'>I.</span> <span class='ocrx_word' id='word_1_672' title='bbox 1290 876 1347 901; x_wconf 83' lang='grc'><strong>178.</strong></span> <span class='ocrx_word' id='word_1_673' title='bbox 1368 876 1425 901; x_wconf 68' lang='grc'><strong>189.</strong></span> <span class='ocrx_word' id='word_1_674' title='bbox 1445 885 1482 912; x_wconf 87' lang='lat' dir='ltr'>sq.</span> <span class='ocrx_word' id='word_1_675' title='bbox 1511 875 1569 912; x_wconf 82' lang='lat' dir='ltr'>le.</span> <span class='ocrx_word' id='word_1_676' title='bbox 1590 875 1634 901; x_wconf 90' lang='lat' dir='ltr'>XI.</span> <span class='ocrx_word' id='word_1_677' title='bbox 1654 877 1695 901; x_wconf 87' lang='lat'>20.</span> <span class='ocrx_word' id='word_1_678' title='bbox 1732 876 1762 902; x_wconf 92' lang='lat' dir='ltr'>II.</span> <span class='ocrx_word' id='word_1_679' title='bbox 1785 878 1852 910; x_wconf 74' lang='lat'><strong>011.</strong></span> <span class='ocrx_word' id='word_1_680' title='bbox 1879 877 1931 903; x_wconf 85' lang='lat' dir='ltr'>Cu-</span> 
     </span>
     <span class='ocr_line' id='line_1_72' title="bbox 1086 917 1932 956; baseline 0.002 -12"><span class='ocrx_word' id='word_1_681' title='bbox 1086 923 1164 944; x_wconf 78' lang='lat' dir='ltr'>rator.</span> <span class='ocrx_word' id='word_1_682' title='bbox 1184 918 1224 944; x_wconf 67' lang='lat' dir='ltr'><strong>(js.</strong></span> <span class='ocrx_word' id='word_1_683' title='bbox 1244 918 1270 944; x_wconf 88' lang='lat' dir='ltr'>h.</span> <span class='ocrx_word' id='word_1_684' title='bbox 1289 928 1313 945; x_wconf 90' lang='lat' dir='ltr'>v.</span> <span class='ocrx_word' id='word_1_685' title='bbox 1333 917 1356 951; x_wconf 87' lang='lat'>5.</span> <span class='ocrx_word' id='word_1_686' title='bbox 1374 920 1399 944; x_wconf 87' lang='lat'>2.</span> <span class='ocrx_word' id='word_1_687' title='bbox 1436 917 1480 944; x_wconf 86' lang='grc' dir='ltr'><strong>ΙΙΙ.</strong></span> <span class='ocrx_word' id='word_1_688' title='bbox 1501 919 1567 945; x_wconf 79' lang='lat' dir='ltr'>Cn.</span> <span class='ocrx_word' id='word_1_689' title='bbox 1588 917 1703 944; x_wconf 85' lang='lat' dir='ltr'>Tutores</span> <span class='ocrx_word' id='word_1_690' title='bbox 1723 924 1792 951; x_wconf 76' lang='lat' dir='ltr'>sunt⁷</span> <span class='ocrx_word' id='word_1_691' title='bbox 1812 920 1856 956; x_wconf 86' lang='lat' dir='ltr'>qui</span> <span class='ocrx_word' id='word_1_692' title='bbox 1876 930 1932 946; x_wconf 82' lang='lat' dir='ltr'>eam</span> 
     </span>
     <span class='ocr_line' id='line_1_73' title="bbox 1085 960 1931 999; baseline 0.002 -12"><span class='ocrx_word' id='word_1_693' title='bbox 1085 961 1138 987; x_wconf 82' lang='lat' dir='ltr'>vim</span> <span class='ocrx_word' id='word_1_694' title='bbox 1157 971 1186 986; x_wconf 81' lang='lat' dir='ltr'>ae</span> <span class='ocrx_word' id='word_1_695' title='bbox 1204 966 1362 997; x_wconf 85' lang='lat' dir='ltr'>potestatem</span> <span class='ocrx_word' id='word_1_696' title='bbox 1381 962 1430 993; x_wconf 92' lang='lat' dir='ltr'><strong>(sc.</strong></span> <span class='ocrx_word' id='word_1_697' title='bbox 1450 960 1569 992; x_wconf 85' lang='lat' dir='ltr'>tutelam)</span> <span class='ocrx_word' id='word_1_698' title='bbox 1589 961 1698 987; x_wconf 81' lang='lat' dir='ltr'>liabent:</span> <span class='ocrx_word' id='word_1_699' title='bbox 1724 972 1808 998; x_wconf 75' lang='lat' dir='ltr'>exque</span> <span class='ocrx_word' id='word_1_700' title='bbox 1827 972 1855 988; x_wconf 80' lang='lat' dir='ltr'>re</span> <span class='ocrx_word' id='word_1_701' title='bbox 1874 964 1931 999; x_wconf 84' lang='lat' dir='ltr'>ipsa</span> 
     </span>
     <span class='ocr_line' id='line_1_74' title="bbox 1086 1003 1931 1041; baseline 0.004 -12"><span class='ocrx_word' id='word_1_702' title='bbox 1086 1013 1181 1029; x_wconf 87' lang='lat' dir='ltr'>nomen</span> <span class='ocrx_word' id='word_1_703' title='bbox 1200 1008 1340 1040; x_wconf 65' lang='lat' dir='ltr'>ceperuntg</span> <span class='ocrx_word' id='word_1_704' title='bbox 1364 1005 1451 1039; x_wconf 80' lang='lat' dir='ltr'>itaque</span> <span class='ocrx_word' id='word_1_705' title='bbox 1471 1003 1636 1040; x_wconf 73' lang='lat' dir='ltr'>appellantur</span> <span class='ocrx_word' id='word_1_706' title='bbox 1656 1009 1770 1035; x_wconf 79' lang='lat' dir='ltr'>tutores,</span> <span class='ocrx_word' id='word_1_707' title='bbox 1790 1006 1863 1041; x_wconf 81' lang='lat' dir='ltr'>quasi</span> <span class='ocrx_word' id='word_1_708' title='bbox 1884 1006 1931 1032; x_wconf 85' lang='lat' dir='ltr'>tui-</span> 
     </span>
     <span class='ocr_line' id='line_1_75' title="bbox 1087 1045 1930 1083; baseline 0.004 -12"><span class='ocrx_word' id='word_1_709' title='bbox 1087 1051 1167 1077; x_wconf 79' lang='lat' dir='ltr'>tores,</span> <span class='ocrx_word' id='word_1_710' title='bbox 1188 1051 1264 1082; x_wconf 80' lang='lat' dir='ltr'>atque</span> <span class='ocrx_word' id='word_1_711' title='bbox 1284 1045 1445 1072; x_wconf 69' lang='lat' dir='ltr'>defensores</span> <span class='ocrx_word' id='word_1_712' title='bbox 1465 1046 1494 1072; x_wconf 76' lang='lat' dir='ltr'><strong>l&#39;r.</strong></span> <span class='ocrx_word' id='word_1_713' title='bbox 1511 1048 1531 1072; x_wconf 89' lang='lat'>1.</span> <span class='ocrx_word' id='word_1_714' title='bbox 1551 1047 1573 1080; x_wconf 92' lang='lat'>5.</span> <span class='ocrx_word' id='word_1_715' title='bbox 1594 1048 1615 1073; x_wconf 95' lang='lat' dir='ltr'>l.</span> <span class='ocrx_word' id='word_1_716' title='bbox 1637 1046 1668 1072; x_wconf 76' lang='lat' dir='ltr'><strong>cl&#39;.</strong></span> <span class='ocrx_word' id='word_1_717' title='bbox 1689 1057 1726 1083; x_wconf 87' lang='lat' dir='ltr'>pr.</span> <span class='ocrx_word' id='word_1_718' title='bbox 1748 1047 1780 1073; x_wconf 82' lang='lat' dir='ltr'>de</span> <span class='ocrx_word' id='word_1_719' title='bbox 1801 1047 1873 1073; x_wconf 81' lang='lat' dir='ltr'>tutel.</span> <span class='ocrx_word' id='word_1_720' title='bbox 1888 1049 1930 1074; x_wconf 87' lang='lat'>26.</span> 
     </span>
     <span class='ocr_line' id='line_1_76' title="bbox 1090 1088 1930 1126; baseline 0.001 -11"><span class='ocrx_word' id='word_1_721' title='bbox 1090 1090 1111 1115; x_wconf 97' lang='lat' dir='ltr'>l.</span> <span class='ocrx_word' id='word_1_722' title='bbox 1148 1089 1255 1125; x_wconf 79' lang='lat' dir='ltr'>Excipit</span> <span class='ocrx_word' id='word_1_723' title='bbox 1274 1090 1323 1120; x_wconf 85' lang='lat' dir='ltr'><strong>(sc.</strong></span> <span class='ocrx_word' id='word_1_724' title='bbox 1344 1088 1435 1114; x_wconf 76' lang='lat' dir='ltr'>Cincia</span> <span class='ocrx_word' id='word_1_725' title='bbox 1454 1088 1509 1119; x_wconf 82' lang='lat' dir='ltr'>lex)</span> <span class='ocrx_word' id='word_1_726' title='bbox 1530 1094 1651 1121; x_wconf 75' lang='lat' dir='ltr'>tutorem.</span> <span class='ocrx_word' id='word_1_727' title='bbox 1671 1091 1715 1125; x_wconf 90' lang='lat' dir='ltr'>qui</span> <span class='ocrx_word' id='word_1_728' title='bbox 1735 1090 1841 1116; x_wconf 83' lang='lat' dir='ltr'>tutelam</span> <span class='ocrx_word' id='word_1_729' title='bbox 1855 1092 1930 1126; x_wconf 78' lang='lat' dir='ltr'>gerit.</span> 
     </span>
     <span class='ocr_line' id='line_1_77' title="bbox 1087 1131 1930 1170; baseline 0.002 -13"><span class='ocrx_word' id='word_1_730' title='bbox 1087 1132 1109 1157; x_wconf 82' lang='lat' dir='ltr'>si</span> <span class='ocrx_word' id='word_1_731' title='bbox 1129 1131 1190 1157; x_wconf 79' lang='lat' dir='ltr'>dare</span> <span class='ocrx_word' id='word_1_732' title='bbox 1209 1131 1293 1161; x_wconf 84' lang='lat' dir='ltr'>volet;</span> <span class='ocrx_word' id='word_1_733' title='bbox 1318 1132 1376 1167; x_wconf 83' lang='lat' dir='ltr'>quia</span> <span class='ocrx_word' id='word_1_734' title='bbox 1401 1136 1501 1157; x_wconf 79' lang='lat' dir='ltr'>tutores</span> <span class='ocrx_word' id='word_1_735' title='bbox 1528 1133 1602 1168; x_wconf 83' lang='lat' dir='ltr'>quasi</span> <span class='ocrx_word' id='word_1_736' title='bbox 1622 1137 1744 1169; x_wconf 78' lang='lat' dir='ltr'>parentes</span> <span class='ocrx_word' id='word_1_737' title='bbox 1765 1134 1865 1169; x_wconf 86' lang='lat' dir='ltr'>proprii</span> <span class='ocrx_word' id='word_1_738' title='bbox 1884 1143 1930 1170; x_wconf 85' lang='lat' dir='ltr'>pu-</span> 
     </span>
     <span class='ocr_line' id='line_1_78' title="bbox 1086 1173 1932 1212; baseline 0.002 -12"><span class='ocrx_word' id='word_1_739' title='bbox 1086 1174 1211 1210; x_wconf 87' lang='lat' dir='ltr'>pillorum</span> <span class='ocrx_word' id='word_1_740' title='bbox 1232 1179 1301 1200; x_wconf 85' lang='lat' dir='ltr'>sunt.</span> <span class='ocrx_word' id='word_1_741' title='bbox 1322 1173 1405 1200; x_wconf 85' lang='lat' dir='ltr'>Vatie.</span> <span class='ocrx_word' id='word_1_742' title='bbox 1425 1174 1447 1207; x_wconf 89' lang='lat'>5.</span> <span class='ocrx_word' id='word_1_743' title='bbox 1467 1175 1526 1200; x_wconf 81' lang='lat'><strong>304.</strong></span> <span class='ocrx_word' id='word_1_744' title='bbox 1563 1174 1679 1203; x_wconf 84' lang='lat' dir='ltr'><strong>Domini.</strong></span> <span class='ocrx_word' id='word_1_745' title='bbox 1700 1174 1740 1201; x_wconf 87' lang='lat' dir='ltr'>vel</span> <span class='ocrx_word' id='word_1_746' title='bbox 1760 1175 1795 1207; x_wconf 76' lang='lat' dir='ltr'>hi.</span> <span class='ocrx_word' id='word_1_747' title='bbox 1816 1177 1860 1212; x_wconf 91' lang='lat' dir='ltr'>qui</span> <span class='ocrx_word' id='word_1_748' title='bbox 1874 1177 1932 1202; x_wconf 86' lang='lat' dir='ltr'>vice</span> 
     </span>
     <span class='ocr_line' id='line_1_79' title="bbox 1086 1215 1928 1250; baseline 0.004 -8"><span class='ocrx_word' id='word_1_749' title='bbox 1086 1217 1251 1243; x_wconf 89' lang='lat' dir='ltr'>dominorum</span> <span class='ocrx_word' id='word_1_750' title='bbox 1278 1221 1353 1250; x_wconf 81' lang='lat' dir='ltr'>sunt,</span> <span class='ocrx_word' id='word_1_751' title='bbox 1382 1215 1464 1242; x_wconf 80' lang='lat' dir='ltr'>veluti</span> <span class='ocrx_word' id='word_1_752' title='bbox 1490 1220 1589 1242; x_wconf 81' lang='lat' dir='ltr'>tutores</span> <span class='ocrx_word' id='word_1_753' title='bbox 1610 1222 1635 1243; x_wconf 80' lang='lat' dir='ltr'>et</span> <span class='ocrx_word' id='word_1_754' title='bbox 1659 1222 1800 1245; x_wconf 68' lang='lat' dir='ltr'>curatores.</span> <span class='ocrx_word' id='word_1_755' title='bbox 1821 1218 1850 1244; x_wconf 79' lang='lat' dir='ltr'><strong>l&#39;r.</strong></span> <span class='ocrx_word' id='word_1_756' title='bbox 1872 1220 1928 1245; x_wconf 86' lang='lat'><strong>157.</strong></span> 
     </span>
     <span class='ocr_line' id='line_1_80' title="bbox 1086 1258 1930 1297; baseline 0.002 -12"><span class='ocrx_word' id='word_1_757' title='bbox 1086 1270 1125 1297; x_wconf 89' lang='lat' dir='ltr'>pr.</span> <span class='ocrx_word' id='word_1_758' title='bbox 1146 1259 1178 1286; x_wconf 84' lang='lat' dir='ltr'>de</span> <span class='ocrx_word' id='word_1_759' title='bbox 1198 1259 1228 1286; x_wconf 78' lang='lat' dir='ltr'>R.</span> <span class='ocrx_word' id='word_1_760' title='bbox 1249 1259 1266 1285; x_wconf 94' lang='lat' dir='ltr'>I.</span> <span class='ocrx_word' id='word_1_761' title='bbox 1287 1261 1329 1286; x_wconf 80' lang='lat'>50.</span> <span class='ocrx_word' id='word_1_762' title='bbox 1350 1261 1390 1285; x_wconf 91' lang='lat'>17.</span> <span class='ocrx_word' id='word_1_763' title='bbox 1427 1258 1542 1285; x_wconf 80' lang='lat' dir='ltr'>Minores</span> <span class='ocrx_word' id='word_1_764' title='bbox 1562 1261 1644 1291; x_wconf 78' lang='lat' dir='ltr'>anuis,</span> <span class='ocrx_word' id='word_1_765' title='bbox 1665 1261 1741 1286; x_wconf 85' lang='lat' dir='ltr'>etiam</span> <span class='ocrx_word' id='word_1_766' title='bbox 1761 1262 1805 1295; x_wconf 87' lang='lat' dir='ltr'>qui</span> <span class='ocrx_word' id='word_1_767' title='bbox 1825 1271 1873 1297; x_wconf 86' lang='lat' dir='ltr'>per</span> <span class='ocrx_word' id='word_1_768' title='bbox 1891 1266 1930 1287; x_wconf 85' lang='lat' dir='ltr'>tu·</span> 
     </span>
     <span class='ocr_line' id='line_1_81' title="bbox 1087 1301 1929 1330; baseline 0.002 -2"><span class='ocrx_word' id='word_1_769' title='bbox 1087 1308 1158 1329; x_wconf 87' lang='lat' dir='ltr'>tores</span> <span class='ocrx_word' id='word_1_770' title='bbox 1180 1307 1349 1328; x_wconf 85' lang='lat' dir='ltr'>curatoresve</span> <span class='ocrx_word' id='word_1_771' title='bbox 1375 1311 1439 1327; x_wconf 83' lang='lat' dir='ltr'>suos</span> <span class='ocrx_word' id='word_1_772' title='bbox 1459 1301 1560 1327; x_wconf 73' lang='lat' dir='ltr'>defensi</span> <span class='ocrx_word' id='word_1_773' title='bbox 1579 1307 1647 1328; x_wconf 87' lang='lat' dir='ltr'>sunt.</span> <span class='ocrx_word' id='word_1_774' title='bbox 1672 1302 1702 1328; x_wconf 90' lang='lat' dir='ltr'>fr.</span> <span class='ocrx_word' id='word_1_775' title='bbox 1721 1303 1745 1329; x_wconf 78' lang='lat'>8.</span> <span class='ocrx_word' id='word_1_776' title='bbox 1771 1303 1803 1329; x_wconf 88' lang='lat' dir='ltr'>de</span> <span class='ocrx_word' id='word_1_777' title='bbox 1822 1302 1840 1329; x_wconf 93' lang='lat'>1.</span> <span class='ocrx_word' id='word_1_778' title='bbox 1860 1302 1877 1329; x_wconf 87' lang='grc' dir='ltr'>Ι.</span> <span class='ocrx_word' id='word_1_779' title='bbox 1897 1303 1929 1330; x_wconf 83' lang='lat' dir='ltr'>R.</span> 
     </span>
     <span class='ocr_line' id='line_1_82' title="bbox 1086 1343 1930 1382; baseline 0.001 -11"><span class='ocrx_word' id='word_1_780' title='bbox 1086 1348 1110 1372; x_wconf 87' lang='lat'>4.</span> <span class='ocrx_word' id='word_1_781' title='bbox 1131 1347 1153 1371; x_wconf 96' lang='lat' dir='ltr'>l.</span> <span class='ocrx_word' id='word_1_782' title='bbox 1189 1344 1361 1382; x_wconf 85' lang='lat' dir='ltr'>Pupillorun]‚</span> <span class='ocrx_word' id='word_1_783' title='bbox 1381 1343 1593 1381; x_wconf 86' lang='lat' dir='ltr'>pupillarumque</span> <span class='ocrx_word' id='word_1_784' title='bbox 1611 1349 1720 1370; x_wconf 84' lang='lat' dir='ltr'>tutores.</span> <span class='ocrx_word' id='word_1_785' title='bbox 1742 1361 1771 1365; x_wconf 85' lang='lat'><strong>—</strong></span> <span class='ocrx_word' id='word_1_786' title='bbox 1792 1345 1930 1372; x_wconf 83' lang='lat' dir='ltr'>Mulierum</span> 
     </span>
     <span class='ocr_line' id='line_1_83' title="bbox 1088 1386 1930 1424; baseline 0 -9"><span class='ocrx_word' id='word_1_787' title='bbox 1088 1393 1197 1415; x_wconf 79' lang='lat' dir='ltr'>tutores.</span> <span class='ocrx_word' id='word_1_788' title='bbox 1222 1387 1282 1424; x_wconf 68' lang='lat' dir='ltr'>le.</span> <span class='ocrx_word' id='word_1_789' title='bbox 1302 1387 1347 1413; x_wconf 84' lang='lat' dir='ltr'>XI.</span> <span class='ocrx_word' id='word_1_790' title='bbox 1366 1389 1408 1413; x_wconf 88' lang='lat'>25.</span> <span class='ocrx_word' id='word_1_791' title='bbox 1433 1386 1465 1413; x_wconf 84' lang='lat' dir='ltr'>cf.</span> <span class='ocrx_word' id='word_1_792' title='bbox 1487 1389 1526 1414; x_wconf 72' lang='lat'>18.</span> <span class='ocrx_word' id='word_1_793' title='bbox 1545 1389 1587 1414; x_wconf 65' lang='lat'>24.</span> <span class='ocrx_word' id='word_1_794' title='bbox 1614 1387 1670 1414; x_wconf 85' lang='lat' dir='ltr'><strong>Gai.</strong></span> <span class='ocrx_word' id='word_1_795' title='bbox 1690 1386 1708 1413; x_wconf 93' lang='lat' dir='ltr'>I.</span> <span class='ocrx_word' id='word_1_796' title='bbox 1730 1388 1787 1414; x_wconf 69' lang='lat'><strong>184.</strong></span> <span class='ocrx_word' id='word_1_797' title='bbox 1808 1398 1847 1424; x_wconf 85' lang='lat' dir='ltr'>sq.</span> <span class='ocrx_word' id='word_1_798' title='bbox 1884 1388 1930 1415; x_wconf 85' lang='lat' dir='ltr'>Pa-</span> 
     </span>
     <span class='ocr_line' id='line_1_84' title="bbox 1087 1430 1929 1462; baseline -0.001 -4"><span class='ocrx_word' id='word_1_799' title='bbox 1087 1431 1205 1458; x_wconf 83' lang='lat' dir='ltr'>rentibus</span> <span class='ocrx_word' id='word_1_800' title='bbox 1223 1430 1297 1461; x_wconf 85' lang='lat' dir='ltr'>licet,</span> <span class='ocrx_word' id='word_1_801' title='bbox 1320 1430 1412 1456; x_wconf 87' lang='lat' dir='ltr'>liberis</span> <span class='ocrx_word' id='word_1_802' title='bbox 1431 1430 1487 1456; x_wconf 87' lang='lat' dir='ltr'>suis</span> <span class='ocrx_word' id='word_1_803' title='bbox 1508 1445 1538 1450; x_wconf 97' lang='lat'><strong>—</strong></span> <span class='ocrx_word' id='word_1_804' title='bbox 1559 1434 1716 1456; x_wconf 82' lang='lat' dir='ltr'>testamento</span> <span class='ocrx_word' id='word_1_805' title='bbox 1737 1434 1839 1456; x_wconf 80' lang='lat' dir='ltr'>tutores</span> <span class='ocrx_word' id='word_1_806' title='bbox 1859 1430 1929 1462; x_wconf 76' lang='lat' dir='ltr'>dare.</span> 
     </span>
     <span class='ocr_line' id='line_1_85' title="bbox 1087 1471 1930 1510; baseline -0.001 -9"><span class='ocrx_word' id='word_1_807' title='bbox 1087 1474 1210 1501; x_wconf 76' lang='lat' dir='ltr'>masculis</span> <span class='ocrx_word' id='word_1_808' title='bbox 1230 1472 1335 1509; x_wconf 82' lang='lat' dir='ltr'>quidem</span> <span class='ocrx_word' id='word_1_809' title='bbox 1353 1471 1548 1509; x_wconf 76' lang='lat' dir='ltr'>impuberibus,</span> <span class='ocrx_word' id='word_1_810' title='bbox 1574 1472 1677 1499; x_wconf 83' lang='lat' dir='ltr'>feminis</span> <span class='ocrx_word' id='word_1_811' title='bbox 1702 1483 1765 1498; x_wconf 86' lang='lat' dir='ltr'>vero</span> <span class='ocrx_word' id='word_1_812' title='bbox 1786 1474 1863 1499; x_wconf 83' lang='lat' dir='ltr'>etiam</span> <span class='ocrx_word' id='word_1_813' title='bbox 1884 1484 1930 1510; x_wconf 85' lang='lat' dir='ltr'>pu-</span> 
     </span>
     <span class='ocr_line' id='line_1_86' title="bbox 1087 1515 1928 1549; baseline -0.001 -5"><span class='ocrx_word' id='word_1_814' title='bbox 1087 1518 1202 1544; x_wconf 86' lang='lat' dir='ltr'>beribus.</span> <span class='ocrx_word' id='word_1_815' title='bbox 1222 1516 1306 1542; x_wconf 81' lang='lat' dir='ltr'>Vatic.</span> <span class='ocrx_word' id='word_1_816' title='bbox 1326 1516 1348 1549; x_wconf 88' lang='lat'>5.</span> <span class='ocrx_word' id='word_1_817' title='bbox 1366 1517 1425 1541; x_wconf 79' lang='lat'><strong>229.</strong></span> <span class='ocrx_word' id='word_1_818' title='bbox 1446 1515 1475 1541; x_wconf 83' lang='lat' dir='ltr'>fr.</span> <span class='ocrx_word' id='word_1_819' title='bbox 1492 1517 1549 1541; x_wconf 82' lang='lat'><strong>122.</strong></span> <span class='ocrx_word' id='word_1_820' title='bbox 1570 1515 1602 1541; x_wconf 81' lang='lat' dir='ltr'>de</span> <span class='ocrx_word' id='word_1_821' title='bbox 1621 1515 1653 1542; x_wconf 87' lang='lat' dir='ltr'>V.</span> <span class='ocrx_word' id='word_1_822' title='bbox 1668 1515 1695 1541; x_wconf 92' lang='lat' dir='ltr'>S.</span> <span class='ocrx_word' id='word_1_823' title='bbox 1715 1517 1756 1541; x_wconf 85' lang='lat'>50.</span> <span class='ocrx_word' id='word_1_824' title='bbox 1779 1517 1818 1542; x_wconf 88' lang='lat'>16.</span> <span class='ocrx_word' id='word_1_825' title='bbox 1839 1515 1895 1542; x_wconf 87' lang='lat' dir='ltr'><strong>Gai.</strong></span> <span class='ocrx_word' id='word_1_826' title='bbox 1910 1516 1928 1543; x_wconf 92' lang='lat' dir='ltr'>I.</span> 
     </span>
     <span class='ocr_line' id='line_1_87' title="bbox 1088 1557 1929 1596; baseline -0.002 -9"><span class='ocrx_word' id='word_1_827' title='bbox 1088 1563 1145 1587; x_wconf 82' lang='lat'><strong>144.</strong></span> <span class='ocrx_word' id='word_1_828' title='bbox 1165 1569 1223 1596; x_wconf 85' lang='lat' dir='ltr'><strong>sqq.</strong></span> <span class='ocrx_word' id='word_1_829' title='bbox 1246 1558 1304 1595; x_wconf 71' lang='lat' dir='ltr'>le.</span> <span class='ocrx_word' id='word_1_830' title='bbox 1323 1557 1368 1584; x_wconf 85' lang='lat' dir='ltr'>XI.</span> <span class='ocrx_word' id='word_1_831' title='bbox 1390 1559 1428 1584; x_wconf 83' lang='lat'>15.</span> <span class='ocrx_word' id='word_1_832' title='bbox 1466 1557 1494 1584; x_wconf 90' lang='lat' dir='ltr'>In</span> <span class='ocrx_word' id='word_1_833' title='bbox 1514 1568 1626 1594; x_wconf 79' lang='lat' dir='ltr'>persona</span> <span class='ocrx_word' id='word_1_834' title='bbox 1640 1563 1725 1584; x_wconf 87' lang='lat' dir='ltr'>tamen</span> <span class='ocrx_word' id='word_1_835' title='bbox 1745 1560 1843 1589; x_wconf 80' lang='lat' dir='ltr'>uxoris,</span> <span class='ocrx_word' id='word_1_836' title='bbox 1863 1569 1929 1595; x_wconf 83' lang='lat' dir='ltr'>quae</span> 
     </span>
     <span class='ocr_line' id='line_1_88' title="bbox 1086 1602 1927 1638; baseline -0.002 -8"><span class='ocrx_word' id='word_1_837' title='bbox 1086 1605 1112 1630; x_wconf 90' lang='lat' dir='ltr'>in</span> <span class='ocrx_word' id='word_1_838' title='bbox 1131 1612 1207 1630; x_wconf 86' lang='lat' dir='ltr'>manu</span> <span class='ocrx_word' id='word_1_839' title='bbox 1227 1607 1281 1632; x_wconf 83' lang='lat' dir='ltr'>est,</span> <span class='ocrx_word' id='word_1_840' title='bbox 1308 1605 1411 1638; x_wconf 85' lang='lat' dir='ltr'>recepta</span> <span class='ocrx_word' id='word_1_841' title='bbox 1431 1605 1472 1627; x_wconf 88' lang='lat' dir='ltr'>est</span> <span class='ocrx_word' id='word_1_842' title='bbox 1496 1602 1572 1626; x_wconf 84' lang='lat' dir='ltr'>etiam</span> <span class='ocrx_word' id='word_1_843' title='bbox 1592 1602 1687 1627; x_wconf 88' lang='lat' dir='ltr'>tutoris</span> <span class='ocrx_word' id='word_1_844' title='bbox 1707 1602 1788 1637; x_wconf 83' lang='lat' dir='ltr'>optio.</span> <span class='ocrx_word' id='word_1_845' title='bbox 1811 1618 1840 1621; x_wconf 88' lang='lat'>—</span> <span class='ocrx_word' id='word_1_846' title='bbox 1862 1602 1927 1628; x_wconf 82' lang='lat' dir='ltr'>Cae-</span> 
     </span>
     <span class='ocr_line' id='line_1_89' title="bbox 1087 1643 1926 1681; baseline -0.004 -8"><span class='ocrx_word' id='word_1_847' title='bbox 1087 1651 1170 1673; x_wconf 83' lang='lat' dir='ltr'>terum</span> <span class='ocrx_word' id='word_1_848' title='bbox 1190 1649 1233 1671; x_wconf 84' lang='lat' dir='ltr'>aut</span> <span class='ocrx_word' id='word_1_849' title='bbox 1252 1644 1326 1681; x_wconf 84' lang='lat' dir='ltr'>plena</span> <span class='ocrx_word' id='word_1_850' title='bbox 1347 1645 1419 1680; x_wconf 84' lang='lat' dir='ltr'>optio</span> <span class='ocrx_word' id='word_1_851' title='bbox 1439 1643 1528 1675; x_wconf 77' lang='lat' dir='ltr'>datur,</span> <span class='ocrx_word' id='word_1_852' title='bbox 1553 1648 1596 1669; x_wconf 76' lang='lat' dir='ltr'>aut</span> <span class='ocrx_word' id='word_1_853' title='bbox 1615 1648 1730 1678; x_wconf 77' lang='lat' dir='ltr'>angusta.</span> <span class='ocrx_word' id='word_1_854' title='bbox 1752 1643 1808 1670; x_wconf 77' lang='lat' dir='ltr'><strong>Gai.</strong></span> <span class='ocrx_word' id='word_1_855' title='bbox 1829 1643 1847 1670; x_wconf 92' lang='grc' dir='ltr'>Ι.</span> <span class='ocrx_word' id='word_1_856' title='bbox 1869 1645 1926 1670; x_wconf 83' lang='grc'><strong>150.</strong></span> 
     </span>
     <span class='ocr_line' id='line_1_90' title="bbox 1085 1686 1928 1726; baseline -0.002 -11"><span class='ocrx_word' id='word_1_857' title='bbox 1085 1699 1143 1726; x_wconf 90' lang='lat' dir='ltr'><strong>sqq.</strong></span> <span class='ocrx_word' id='word_1_858' title='bbox 1163 1688 1298 1714; x_wconf 81' lang='lat' dir='ltr'>Vocantur</span> <span class='ocrx_word' id='word_1_859' title='bbox 1317 1691 1401 1712; x_wconf 84' lang='lat' dir='ltr'>autem</span> <span class='ocrx_word' id='word_1_860' title='bbox 1420 1686 1461 1717; x_wconf 88' lang='lat' dir='ltr'>hi,</span> <span class='ocrx_word' id='word_1_861' title='bbox 1480 1687 1524 1722; x_wconf 89' lang='lat' dir='ltr'>qui</span> <span class='ocrx_word' id='word_1_862' title='bbox 1543 1687 1695 1712; x_wconf 81' lang='lat' dir='ltr'>nominatim</span> <span class='ocrx_word' id='word_1_863' title='bbox 1713 1691 1870 1713; x_wconf 87' lang='lat' dir='ltr'>testamento</span> <span class='ocrx_word' id='word_1_864' title='bbox 1890 1692 1928 1713; x_wconf 93' lang='lat' dir='ltr'>tu-</span> 
     </span>
    </p>
   </div>
   <div class='ocr_carea' id='block_1_13' title="bbox 1084 1729 1926 1766">
    <p class='ocr_par' dir='ltr' id='par_1_14' title="bbox 1061 1723 1926 1766">
     <span class='ocr_line' id='line_1_91' title="bbox 1084 1729 1926 1766; baseline 0 -10"><span class='ocrx_word' id='word_1_865' title='bbox 1084 1738 1156 1759; x_wconf 83' lang='lat' dir='ltr'>tores</span> <span class='ocrx_word' id='word_1_866' title='bbox 1175 1731 1281 1761; x_wconf 85' lang='lat' dir='ltr'>dautur,</span> <span class='ocrx_word' id='word_1_867' title='bbox 1301 1729 1396 1760; x_wconf 84' lang='lat' dir='ltr'>dativi;</span> <span class='ocrx_word' id='word_1_868' title='bbox 1420 1731 1464 1766; x_wconf 92' lang='lat' dir='ltr'>qui</span> <span class='ocrx_word' id='word_1_869' title='bbox 1484 1739 1515 1755; x_wconf 86' lang='lat' dir='ltr'>ex</span> <span class='ocrx_word' id='word_1_870' title='bbox 1535 1730 1642 1766; x_wconf 83' lang='lat' dir='ltr'>optione</span> <span class='ocrx_word' id='word_1_871' title='bbox 1661 1734 1811 1760; x_wconf 72' lang='lat' dir='ltr'>sumuntur,</span> <span class='ocrx_word' id='word_1_872' title='bbox 1836 1730 1926 1766; x_wconf 87' lang='lat' dir='ltr'>optivi.</span> 
     </span>
    </p>
   </div>
   <div class='ocr_carea' id='block_1_14' title="bbox 1084 1771 1927 1936">
    <p class='ocr_par' dir='ltr' id='par_1_15' title="bbox 1084 1771 1927 1936">
     <span class='ocr_line' id='line_1_92' title="bbox 1084 1771 1924 1809; baseline -0.005 -7"><span class='ocrx_word' id='word_1_873' title='bbox 1084 1775 1120 1802; x_wconf 92' lang='lat' dir='ltr'>Id.</span> <span class='ocrx_word' id='word_1_874' title='bbox 1139 1774 1158 1801; x_wconf 93' lang='grc'>1.</span> <span class='ocrx_word' id='word_1_875' title='bbox 1179 1775 1235 1800; x_wconf 88' lang='lat'><strong>154.</strong></span> <span class='ocrx_word' id='word_1_876' title='bbox 1251 1772 1310 1809; x_wconf 84' lang='lat' dir='ltr'>le.</span> <span class='ocrx_word' id='word_1_877' title='bbox 1324 1771 1367 1798; x_wconf 83' lang='lat' dir='ltr'>XI.</span> <span class='ocrx_word' id='word_1_878' title='bbox 1389 1773 1428 1798; x_wconf 87' lang='lat'>14.</span> <span class='ocrx_word' id='word_1_879' title='bbox 1466 1771 1647 1798; x_wconf 66' lang='lat' dir='ltr'>confirmandi</span> <span class='ocrx_word' id='word_1_880' title='bbox 1667 1777 1775 1798; x_wconf 88' lang='lat' dir='ltr'>tutores.</span> <span class='ocrx_word' id='word_1_881' title='bbox 1796 1773 1825 1798; x_wconf 78' lang='lat' dir='ltr'><strong>l&#39;r.</strong></span> <span class='ocrx_word' id='word_1_882' title='bbox 1847 1774 1869 1798; x_wconf 96' lang='lat' dir='ltr'>l.</span> <span class='ocrx_word' id='word_1_883' title='bbox 1885 1783 1924 1809; x_wconf 83' lang='lat' dir='ltr'>pr.</span> 
     </span>
     <span class='ocr_line' id='line_1_93' title="bbox 1084 1814 1927 1851; baseline -0.002 -8"><span class='ocrx_word' id='word_1_884' title='bbox 1084 1819 1105 1851; x_wconf 95' lang='lat'>5.</span> <span class='ocrx_word' id='word_1_885' title='bbox 1128 1819 1150 1843; x_wconf 96' lang='lat' dir='ltr'>l.</span> <span class='ocrx_word' id='word_1_886' title='bbox 1170 1816 1202 1843; x_wconf 86' lang='lat' dir='ltr'>de</span> <span class='ocrx_word' id='word_1_887' title='bbox 1221 1816 1338 1842; x_wconf 69' lang='lat' dir='ltr'><strong>confirm.</strong></span> <span class='ocrx_word' id='word_1_888' title='bbox 1358 1819 1404 1841; x_wconf 92' lang='lat' dir='ltr'>tut.</span> <span class='ocrx_word' id='word_1_889' title='bbox 1423 1816 1465 1841; x_wconf 84' lang='lat'>26.</span> <span class='ocrx_word' id='word_1_890' title='bbox 1484 1816 1508 1841; x_wconf 91' lang='lat'>3.</span> <span class='ocrx_word' id='word_1_891' title='bbox 1548 1814 1630 1841; x_wconf 85' lang='lat' dir='ltr'>Vatic.</span> <span class='ocrx_word' id='word_1_892' title='bbox 1650 1815 1760 1848; x_wconf 75' lang='lat'><strong>55159.</strong></span> <span class='ocrx_word' id='word_1_893' title='bbox 1774 1816 1836 1842; x_wconf 77' lang='lat'><strong>246.</strong></span> <span class='ocrx_word' id='word_1_894' title='bbox 1872 1815 1927 1850; x_wconf 76' lang='lat' dir='ltr'>Qui</span> 
     </span>
     <span class='ocr_line' id='line_1_94' title="bbox 1085 1856 1926 1892; baseline -0.005 -5"><span class='ocrx_word' id='word_1_895' title='bbox 1085 1861 1190 1887; x_wconf 84' lang='lat' dir='ltr'>decreto</span> <span class='ocrx_word' id='word_1_896' title='bbox 1211 1863 1294 1889; x_wconf 77' lang='lat' dir='ltr'>tutor,</span> <span class='ocrx_word' id='word_1_897' title='bbox 1314 1857 1355 1883; x_wconf 85' lang='lat' dir='ltr'>vel</span> <span class='ocrx_word' id='word_1_898' title='bbox 1375 1862 1479 1884; x_wconf 86' lang='lat' dir='ltr'>curator</span> <span class='ocrx_word' id='word_1_899' title='bbox 1498 1857 1573 1884; x_wconf 84' lang='lat' dir='ltr'>datus</span> <span class='ocrx_word' id='word_1_900' title='bbox 1593 1862 1641 1884; x_wconf 87' lang='lat' dir='ltr'>est.</span> <span class='ocrx_word' id='word_1_901' title='bbox 1666 1856 1702 1883; x_wconf 89' lang='lat' dir='ltr'>Ib.</span> <span class='ocrx_word' id='word_1_902' title='bbox 1723 1858 1745 1890; x_wconf 91' lang='lat'>5.</span> <span class='ocrx_word' id='word_1_903' title='bbox 1767 1859 1824 1883; x_wconf 89' lang='lat'><strong>147.</strong></span> <span class='ocrx_word' id='word_1_904' title='bbox 1862 1857 1926 1892; x_wconf 81' lang='lat' dir='ltr'>Qui-</span> 
     </span>
     <span class='ocr_line' id='line_1_95' title="bbox 1084 1899 1927 1936; baseline -0.004 -7"><span class='ocrx_word' id='word_1_905' title='bbox 1084 1904 1133 1929; x_wconf 88' lang='lat' dir='ltr'>bus</span> <span class='ocrx_word' id='word_1_906' title='bbox 1152 1905 1308 1929; x_wconf 82' lang='lat' dir='ltr'>testameuto</span> <span class='ocrx_word' id='word_1_907' title='bbox 1329 1900 1433 1936; x_wconf 83' lang='lat' dir='ltr'>quidem</span> <span class='ocrx_word' id='word_1_908' title='bbox 1452 1905 1524 1926; x_wconf 84' lang='lat' dir='ltr'>tutor</span> <span class='ocrx_word' id='word_1_909' title='bbox 1542 1900 1618 1927; x_wconf 82' lang='lat' dir='ltr'>datus</span> <span class='ocrx_word' id='word_1_910' title='bbox 1638 1910 1689 1926; x_wconf 90' lang='lat' dir='ltr'>nou</span> <span class='ocrx_word' id='word_1_911' title='bbox 1704 1901 1747 1932; x_wconf 85' lang='lat' dir='ltr'>sit,</span> <span class='ocrx_word' id='word_1_912' title='bbox 1766 1901 1798 1926; x_wconf 87' lang='lat' dir='ltr'>iis</span> <span class='ocrx_word' id='word_1_913' title='bbox 1813 1910 1844 1926; x_wconf 85' lang='lat' dir='ltr'>ex</span> <span class='ocrx_word' id='word_1_914' title='bbox 1857 1899 1927 1936; x_wconf 79' lang='lat' dir='ltr'>Lege</span> 
     </span>
    </p>
   </div>
   <div class='ocr_carea' id='block_1_15' title="bbox 1083 1942 1924 2023">
    <p class='ocr_par' dir='ltr' id='par_1_16' title="bbox 1083 1942 1924 2023">
     <span class='ocr_line' id='line_1_96' title="bbox 1083 1942 1924 1981; baseline -0.005 -8"><span class='ocrx_word' id='word_1_915' title='bbox 1083 1946 1140 1973; x_wconf 88' lang='lat' dir='ltr'><strong>XII.</strong></span> <span class='ocrx_word' id='word_1_916' title='bbox 1155 1944 1257 1981; x_wconf 74' lang='lat' dir='ltr'>adgnati</span> <span class='ocrx_word' id='word_1_917' title='bbox 1277 1948 1339 1969; x_wconf 89' lang='lat' dir='ltr'>suut</span> <span class='ocrx_word' id='word_1_918' title='bbox 1357 1948 1467 1975; x_wconf 68' lang='lat' dir='ltr'>tutores.</span> <span class='ocrx_word' id='word_1_919' title='bbox 1487 1944 1530 1979; x_wconf 90' lang='lat' dir='ltr'>qui</span> <span class='ocrx_word' id='word_1_920' title='bbox 1556 1947 1683 1969; x_wconf 77' lang='lat' dir='ltr'>vocantur</span> <span class='ocrx_word' id='word_1_921' title='bbox 1702 1942 1817 1978; x_wconf 77' lang='lat' dir='ltr'>legitimi.</span> <span class='ocrx_word' id='word_1_922' title='bbox 1838 1943 1894 1969; x_wconf 85' lang='lat' dir='ltr'><strong>Gai.</strong></span> <span class='ocrx_word' id='word_1_923' title='bbox 1907 1943 1924 1969; x_wconf 92' lang='grc'>1.</span> 
     </span>
     <span class='ocr_line' id='line_1_97' title="bbox 1084 1984 1924 2023; baseline -0.005 -8"><span class='ocrx_word' id='word_1_924' title='bbox 1084 1991 1141 2015; x_wconf 83' lang='lat'><strong>155.</strong></span> <span class='ocrx_word' id='word_1_925' title='bbox 1162 1988 1194 2014; x_wconf 80' lang='lat' dir='ltr'><strong>ek&#39;.</strong></span> <span class='ocrx_word' id='word_1_926' title='bbox 1215 1988 1272 2013; x_wconf 85' lang='lat'><strong>157.</strong></span> <span class='ocrx_word' id='word_1_927' title='bbox 1290 1985 1321 2012; x_wconf 85' lang='lat'>11.</span> <span class='ocrx_word' id='word_1_928' title='bbox 1343 1988 1399 2012; x_wconf 91' lang='lat'><strong>122.</strong></span> <span class='ocrx_word' id='word_1_929' title='bbox 1420 1985 1480 2023; x_wconf 83' lang='lat' dir='ltr'>le.</span> <span class='ocrx_word' id='word_1_930' title='bbox 1501 1985 1545 2012; x_wconf 87' lang='lat' dir='ltr'>XI.</span> <span class='ocrx_word' id='word_1_931' title='bbox 1565 1987 1588 2011; x_wconf 88' lang='lat'>3.</span> <span class='ocrx_word' id='word_1_932' title='bbox 1604 1995 1643 2022; x_wconf 86' lang='lat' dir='ltr'>sq.</span> <span class='ocrx_word' id='word_1_933' title='bbox 1680 1984 1810 2021; x_wconf 71' lang='lat' dir='ltr'>Legitimi.</span> <span class='ocrx_word' id='word_1_934' title='bbox 1831 2000 1863 2004; x_wconf 96' lang='lat'><strong>—</strong></span> <span class='ocrx_word' id='word_1_935' title='bbox 1883 1985 1924 2011; x_wconf 87' lang='lat' dir='ltr'>Fi-</span> 
     </span>
    </p>
   </div>
   <div class='ocr_carea' id='block_1_16' title="bbox 1060 2027 1922 2065">
    <p class='ocr_par' dir='ltr' id='par_1_17' title="bbox 1060 2027 1922 2065">
     <span class='ocr_line' id='line_1_98' title="bbox 1060 2027 1922 2065; baseline -0.006 -7"><span class='ocrx_word' id='word_1_936' title='bbox 1060 2039 1062 2064; x_wconf 61' lang='grc' dir='ltr'>ξ</span> <span class='ocrx_word' id='word_1_937' title='bbox 1083 2031 1193 2058; x_wconf 75' lang='lat' dir='ltr'>duciarIi</span> <span class='ocrx_word' id='word_1_938' title='bbox 1213 2029 1348 2061; x_wconf 76' lang='lat' dir='ltr'>(tutores.)</span> <span class='ocrx_word' id='word_1_939' title='bbox 1368 2028 1405 2055; x_wconf 90' lang='lat' dir='ltr'>Id.</span> <span class='ocrx_word' id='word_1_940' title='bbox 1424 2028 1468 2055; x_wconf 85' lang='lat' dir='ltr'>XI.</span> <span class='ocrx_word' id='word_1_941' title='bbox 1488 2030 1512 2054; x_wconf 92' lang='lat'>5.</span> <span class='ocrx_word' id='word_1_942' title='bbox 1532 2038 1570 2065; x_wconf 87' lang='lat' dir='ltr'>sq.</span> <span class='ocrx_word' id='word_1_943' title='bbox 1597 2027 1653 2054; x_wconf 85' lang='lat' dir='ltr'><strong>Gai.</strong></span> <span class='ocrx_word' id='word_1_944' title='bbox 1674 2028 1691 2054; x_wconf 90' lang='lat' dir='ltr'>I.</span> <span class='ocrx_word' id='word_1_945' title='bbox 1713 2029 1768 2054; x_wconf 87' lang='lat'><strong>166.</strong></span> <span class='ocrx_word' id='word_1_946' title='bbox 1788 2038 1845 2064; x_wconf 81' lang='lat' dir='ltr'><strong>sqq.</strong></span> <span class='ocrx_word' id='word_1_947' title='bbox 1867 2029 1922 2054; x_wconf 89' lang='lat'><strong>175.</strong></span> 
     </span>
    </p>
   </div>
   <div class='ocr_carea' id='block_1_17' title="bbox 1083 2069 1924 2154">
    <p class='ocr_par' dir='ltr' id='par_1_18' title="bbox 1083 2069 1924 2154">
     <span class='ocr_line' id='line_1_99' title="bbox 1083 2069 1923 2106; baseline -0.005 -6"><span class='ocrx_word' id='word_1_948' title='bbox 1083 2074 1116 2106; x_wconf 80' lang='lat' dir='ltr'>Is,</span> <span class='ocrx_word' id='word_1_949' title='bbox 1137 2074 1177 2100; x_wconf 91' lang='lat' dir='ltr'>cui</span> <span class='ocrx_word' id='word_1_950' title='bbox 1197 2072 1298 2099; x_wconf 85' lang='lat' dir='ltr'>ceditur</span> <span class='ocrx_word' id='word_1_951' title='bbox 1310 2071 1400 2103; x_wconf 81' lang='lat' dir='ltr'>tutela,</span> <span class='ocrx_word' id='word_1_952' title='bbox 1421 2072 1547 2098; x_wconf 83' lang='lat' dir='ltr'>eessieius</span> <span class='ocrx_word' id='word_1_953' title='bbox 1565 2075 1636 2097; x_wconf 85' lang='lat' dir='ltr'>tutor</span> <span class='ocrx_word' id='word_1_954' title='bbox 1649 2075 1763 2097; x_wconf 82' lang='lat' dir='ltr'>vocatur.</span> <span class='ocrx_word' id='word_1_955' title='bbox 1783 2069 1820 2096; x_wconf 90' lang='lat' dir='ltr'>Id.</span> <span class='ocrx_word' id='word_1_956' title='bbox 1833 2069 1851 2096; x_wconf 92' lang='lat' dir='ltr'>I.</span> <span class='ocrx_word' id='word_1_957' title='bbox 1867 2072 1923 2096; x_wconf 84' lang='lat'><strong>169.</strong></span> 
     </span>
     <span class='ocr_line' id='line_1_100' title="bbox 1083 2112 1924 2154; baseline -0.005 -11"><span class='ocrx_word' id='word_1_958' title='bbox 1083 2117 1144 2154; x_wconf 87' lang='lat' dir='ltr'>le.</span> <span class='ocrx_word' id='word_1_959' title='bbox 1163 2115 1208 2143; x_wconf 90' lang='lat' dir='ltr'>XI.</span> <span class='ocrx_word' id='word_1_960' title='bbox 1228 2117 1251 2142; x_wconf 87' lang='lat'>7.</span> <span class='ocrx_word' id='word_1_961' title='bbox 1289 2114 1318 2142; x_wconf 88' lang='lat' dir='ltr'>Si</span> <span class='ocrx_word' id='word_1_962' title='bbox 1338 2116 1378 2141; x_wconf 91' lang='lat' dir='ltr'>cui</span> <span class='ocrx_word' id='word_1_963' title='bbox 1397 2114 1486 2141; x_wconf 85' lang='lat' dir='ltr'>nullus</span> <span class='ocrx_word' id='word_1_964' title='bbox 1506 2114 1611 2139; x_wconf 89' lang='lat' dir='ltr'>omnino</span> <span class='ocrx_word' id='word_1_965' title='bbox 1635 2118 1706 2139; x_wconf 90' lang='lat' dir='ltr'>tutor</span> <span class='ocrx_word' id='word_1_966' title='bbox 1730 2114 1777 2144; x_wconf 77' lang='lat' dir='ltr'>sit,</span> <span class='ocrx_word' id='word_1_967' title='bbox 1802 2113 1825 2139; x_wconf 89' lang='lat' dir='ltr'>ei</span> <span class='ocrx_word' id='word_1_968' title='bbox 1849 2112 1924 2139; x_wconf 83' lang='lat' dir='ltr'>datur</span> 
     </span>
    </p>
   </div>
   <div class='ocr_carea' id='block_1_18' title="bbox 1059 2155 1923 2446">
    <p class='ocr_par' dir='ltr' id='par_1_19' title="bbox 1059 2155 1923 2446">
     <span class='ocr_line' id='line_1_101' title="bbox 1083 2155 1923 2192; baseline -0.007 -6"><span class='ocrx_word' id='word_1_969' title='bbox 1083 2161 1110 2187; x_wconf 90' lang='lat' dir='ltr'>in</span> <span class='ocrx_word' id='word_1_970' title='bbox 1129 2159 1194 2186; x_wconf 83' lang='lat' dir='ltr'>urbe</span> <span class='ocrx_word' id='word_1_971' title='bbox 1213 2158 1295 2184; x_wconf 85' lang='lat' dir='ltr'>Roma</span> <span class='ocrx_word' id='word_1_972' title='bbox 1315 2168 1347 2184; x_wconf 85' lang='lat' dir='ltr'>ex</span> <span class='ocrx_word' id='word_1_973' title='bbox 1365 2157 1395 2184; x_wconf 94' lang='lat' dir='ltr'>L.</span> <span class='ocrx_word' id='word_1_974' title='bbox 1414 2157 1495 2184; x_wconf 85' lang='lat' dir='ltr'>Atilia</span> <span class='ocrx_word' id='word_1_975' title='bbox 1516 2162 1564 2182; x_wconf 72' lang='lat' dir='ltr'>ete.</span> <span class='ocrx_word' id='word_1_976' title='bbox 1584 2171 1617 2175; x_wconf 83' lang='lat'>—</span> <span class='ocrx_word' id='word_1_977' title='bbox 1637 2157 1680 2192; x_wconf 90' lang='lat' dir='ltr'>qui</span> <span class='ocrx_word' id='word_1_978' title='bbox 1699 2155 1831 2182; x_wconf 87' lang='lat' dir='ltr'>Atilianus</span> <span class='ocrx_word' id='word_1_979' title='bbox 1852 2160 1923 2181; x_wconf 82' lang='lat' dir='ltr'>tutor</span> 
     </span>
     <span class='ocr_line' id='line_1_102' title="bbox 1083 2197 1923 2237; baseline -0.007 -8"><span class='ocrx_word' id='word_1_980' title='bbox 1083 2207 1200 2229; x_wconf 84' lang='lat' dir='ltr'>vocatur.</span> <span class='ocrx_word' id='word_1_981' title='bbox 1225 2201 1281 2228; x_wconf 86' lang='lat' dir='ltr'><strong>Gai.</strong></span> <span class='ocrx_word' id='word_1_982' title='bbox 1301 2201 1319 2227; x_wconf 93' lang='grc'>1.</span> <span class='ocrx_word' id='word_1_983' title='bbox 1342 2201 1398 2226; x_wconf 74' lang='grc'><strong>185.</strong></span> <span class='ocrx_word' id='word_1_984' title='bbox 1424 2200 1485 2237; x_wconf 85' lang='lat' dir='ltr'>le.</span> <span class='ocrx_word' id='word_1_985' title='bbox 1505 2199 1549 2225; x_wconf 90' lang='lat' dir='ltr'>XI.</span> <span class='ocrx_word' id='word_1_986' title='bbox 1571 2199 1610 2224; x_wconf 68' lang='lat'>18.</span> <span class='ocrx_word' id='word_1_987' title='bbox 1648 2197 1719 2224; x_wconf 87' lang='lat' dir='ltr'>Olim</span> <span class='ocrx_word' id='word_1_988' title='bbox 1740 2214 1769 2218; x_wconf 90' lang='lat'>-—</span> <span class='ocrx_word' id='word_1_989' title='bbox 1791 2202 1862 2224; x_wconf 87' lang='lat' dir='ltr'>tutor</span> <span class='ocrx_word' id='word_1_990' title='bbox 1882 2197 1923 2223; x_wconf 84' lang='lat' dir='ltr'>da-</span> 
     </span>
     <span class='ocr_line' id='line_1_103' title="bbox 1084 2239 1923 2280; baseline -0.01 -7"><span class='ocrx_word' id='word_1_991' title='bbox 1084 2245 1169 2277; x_wconf 85' lang='lat' dir='ltr'>batur,</span> <span class='ocrx_word' id='word_1_992' title='bbox 1190 2261 1221 2265; x_wconf 88' lang='lat'>--</span> <span class='ocrx_word' id='word_1_993' title='bbox 1241 2245 1284 2280; x_wconf 90' lang='lat' dir='ltr'>qui</span> <span class='ocrx_word' id='word_1_994' title='bbox 1304 2243 1440 2270; x_wconf 85' lang='lat' dir='ltr'>dicebatur</span> <span class='ocrx_word' id='word_1_995' title='bbox 1458 2242 1608 2269; x_wconf 82' lang='lat' dir='ltr'>Praetorius</span> <span class='ocrx_word' id='word_1_996' title='bbox 1627 2245 1712 2267; x_wconf 86' lang='lat' dir='ltr'>tutor.</span> <span class='ocrx_word' id='word_1_997' title='bbox 1737 2241 1795 2276; x_wconf 91' lang='lat' dir='ltr'>quia</span> <span class='ocrx_word' id='word_1_998' title='bbox 1815 2251 1828 2266; x_wconf 88' lang='lat' dir='ltr'>a</span> <span class='ocrx_word' id='word_1_999' title='bbox 1848 2239 1923 2266; x_wconf 84' lang='lat' dir='ltr'>Prae-</span> 
     </span>
     <span class='ocr_line' id='line_1_104' title="bbox 1083 2282 1923 2320; baseline -0.006 -7"><span class='ocrx_word' id='word_1_1000' title='bbox 1083 2293 1140 2315; x_wconf 84' lang='lat' dir='ltr'>tore</span> <span class='ocrx_word' id='word_1_1001' title='bbox 1159 2287 1258 2314; x_wconf 78' lang='lat' dir='ltr'>urbano</span> <span class='ocrx_word' id='word_1_1002' title='bbox 1279 2286 1394 2312; x_wconf 80' lang='lat' dir='ltr'>dabatur.</span> <span class='ocrx_word' id='word_1_1003' title='bbox 1420 2285 1476 2311; x_wconf 87' lang='lat' dir='ltr'><strong>Gai.</strong></span> <span class='ocrx_word' id='word_1_1004' title='bbox 1496 2284 1514 2311; x_wconf 92' lang='lat'>1.</span> <span class='ocrx_word' id='word_1_1005' title='bbox 1537 2286 1592 2309; x_wconf 64' lang='lat'><strong>154.</strong></span> <span class='ocrx_word' id='word_1_1006' title='bbox 1618 2282 1679 2320; x_wconf 80' lang='lat' dir='ltr'>le.</span> <span class='ocrx_word' id='word_1_1007' title='bbox 1699 2283 1743 2309; x_wconf 88' lang='lat' dir='ltr'>XI.</span> <span class='ocrx_word' id='word_1_1008' title='bbox 1762 2285 1804 2308; x_wconf 76' lang='lat'>24.</span> <span class='ocrx_word' id='word_1_1009' title='bbox 1842 2282 1870 2308; x_wconf 85' lang='lat' dir='ltr'>Si</span> <span class='ocrx_word' id='word_1_1010' title='bbox 1891 2293 1923 2309; x_wconf 88' lang='lat' dir='ltr'>ex</span> 
     </span>
     <span class='ocr_line' id='line_1_105' title="bbox 1083 2325 1921 2367; baseline -0.01 -9"><span class='ocrx_word' id='word_1_1011' title='bbox 1083 2331 1266 2367; x_wconf 84' lang='lat' dir='ltr'>inquisitione,</span> <span class='ocrx_word' id='word_1_1012' title='bbox 1295 2333 1404 2366; x_wconf 83' lang='lat' dir='ltr'>propter</span> <span class='ocrx_word' id='word_1_1013' title='bbox 1430 2329 1468 2354; x_wconf 83' lang='lat' dir='ltr'>rei</span> <span class='ocrx_word' id='word_1_1014' title='bbox 1491 2327 1622 2354; x_wconf 83' lang='lat' dir='ltr'>notitiam.</span> <span class='ocrx_word' id='word_1_1015' title='bbox 1650 2325 1729 2352; x_wconf 76' lang='lat' dir='ltr'>suerit</span> <span class='ocrx_word' id='word_1_1016' title='bbox 1748 2325 1823 2351; x_wconf 85' lang='lat' dir='ltr'>datus</span> <span class='ocrx_word' id='word_1_1017' title='bbox 1842 2330 1921 2351; x_wconf 86' lang='lat' dir='ltr'>tutor.</span> 
     </span>
     <span class='ocr_line' id='line_1_106' title="bbox 1084 2367 1921 2406; baseline -0.008 -6"><span class='ocrx_word' id='word_1_1018' title='bbox 1084 2374 1113 2400; x_wconf 88' lang='lat' dir='ltr'>fr.</span> <span class='ocrx_word' id='word_1_1019' title='bbox 1134 2376 1156 2399; x_wconf 96' lang='lat'>1.</span> <span class='ocrx_word' id='word_1_1020' title='bbox 1176 2373 1197 2406; x_wconf 87' lang='lat'>5.</span> <span class='ocrx_word' id='word_1_1021' title='bbox 1218 2374 1240 2398; x_wconf 92' lang='grc'>7.</span> <span class='ocrx_word' id='word_1_1022' title='bbox 1260 2371 1291 2397; x_wconf 76' lang='lat' dir='ltr'>de.</span> <span class='ocrx_word' id='word_1_1023' title='bbox 1312 2376 1358 2397; x_wconf 86' lang='lat' dir='ltr'>tut.</span> <span class='ocrx_word' id='word_1_1024' title='bbox 1379 2376 1404 2396; x_wconf 89' lang='lat' dir='ltr'>et</span> <span class='ocrx_word' id='word_1_1025' title='bbox 1423 2375 1469 2396; x_wconf 83' lang='lat' dir='ltr'>rat.</span> <span class='ocrx_word' id='word_1_1026' title='bbox 1489 2371 1530 2395; x_wconf 87' lang='lat'>27.</span> <span class='ocrx_word' id='word_1_1027' title='bbox 1549 2371 1573 2395; x_wconf 86' lang='lat'>3.</span> <span class='ocrx_word' id='word_1_1028' title='bbox 1594 2369 1623 2395; x_wconf 76' lang='lat' dir='ltr'>fr.</span> <span class='ocrx_word' id='word_1_1029' title='bbox 1645 2370 1684 2394; x_wconf 84' lang='lat'>14.</span> <span class='ocrx_word' id='word_1_1030' title='bbox 1704 2369 1770 2401; x_wconf 87' lang='lat'><strong>5.1.</strong></span> <span class='ocrx_word' id='word_1_1031' title='bbox 1791 2367 1822 2394; x_wconf 82' lang='lat' dir='ltr'>de</span> <span class='ocrx_word' id='word_1_1032' title='bbox 1842 2367 1921 2394; x_wconf 86' lang='lat' dir='ltr'>solut.</span> 
     </span>
     <span class='ocr_line' id='line_1_107' title="bbox 1059 2410 1920 2446; baseline -0.009 -3"><span class='ocrx_word' id='word_1_1033' title='bbox 1059 2426 1061 2444; x_wconf 55' lang='grc' dir='ltr'><em>ζ</em></span> <span class='ocrx_word' id='word_1_1034' title='bbox 1083 2419 1123 2443; x_wconf 82' lang='lat'>46.</span> <span class='ocrx_word' id='word_1_1035' title='bbox 1143 2418 1167 2442; x_wconf 88' lang='lat'>3.</span> <span class='ocrx_word' id='word_1_1036' title='bbox 1208 2414 1344 2440; x_wconf 73' lang='lat' dir='ltr'>Adversus</span> <span class='ocrx_word' id='word_1_1037' title='bbox 1368 2418 1531 2440; x_wconf 82' lang='lat' dir='ltr'>eontutorem</span> <span class='ocrx_word' id='word_1_1038' title='bbox 1555 2412 1635 2437; x_wconf 87' lang='lat' dir='ltr'>tutori</span> <span class='ocrx_word' id='word_1_1039' title='bbox 1659 2410 1770 2437; x_wconf 78' lang='lat' dir='ltr'>dandam</span> <span class='ocrx_word' id='word_1_1040' title='bbox 1795 2411 1920 2446; x_wconf 65' lang='lat' dir='ltr'>negotiet-⁴</span> 
     </span>
    </p>
   </div>
   <div class='ocr_carea' id='block_1_19' title="bbox 1060 235 1070 2519">
    <p class='ocr_par' dir='ltr' id='par_1_20' title="bbox 1060 235 1070 2519">
     <span class='ocr_line' id='line_1_108' title="bbox 1060 235 1070 2519; baseline 0 0"><span class='ocrx_word' id='word_1_1041' title='bbox 1060 235 1070 2519; x_wconf 95' lang='lat' dir='ltr'> </span> 
     </span>
    </p>
   </div>
   <div class='ocr_carea' id='block_1_20' title="bbox 205 2455 1060 2833">
    <p class='ocr_par' dir='ltr' id='par_1_21' title="bbox 205 2455 1060 2793">
     <span class='ocr_line' id='line_1_109' title="bbox 205 2455 1038 2492; baseline 0.004 -11"><span class='ocrx_word' id='word_1_1042' title='bbox 205 2466 261 2492; x_wconf 85' lang='lat' dir='ltr'><strong>que.</strong></span> <span class='ocrx_word' id='word_1_1043' title='bbox 282 2455 354 2481; x_wconf 89' lang='lat' dir='ltr'><strong>Paul.</strong></span> <span class='ocrx_word' id='word_1_1044' title='bbox 368 2455 410 2481; x_wconf 92' lang='lat' dir='ltr'><strong>Ill.</strong></span> <span class='ocrx_word' id='word_1_1045' title='bbox 430 2456 483 2481; x_wconf 71' lang='lat' dir='ltr'>4A.</span> <span class='ocrx_word' id='word_1_1046' title='bbox 497 2456 518 2489; x_wconf 85' lang='lat'>5.</span> <span class='ocrx_word' id='word_1_1047' title='bbox 532 2458 556 2483; x_wconf 79' lang='lat'>8.</span> <span class='ocrx_word' id='word_1_1048' title='bbox 592 2458 634 2484; x_wconf 90' lang='lat' dir='ltr'>Ad</span> <span class='ocrx_word' id='word_1_1049' title='bbox 654 2457 763 2484; x_wconf 73' lang='lat' dir='ltr'>eundem</span> <span class='ocrx_word' id='word_1_1050' title='bbox 784 2462 809 2483; x_wconf 89' lang='lat' dir='ltr'>et</span> <span class='ocrx_word' id='word_1_1051' title='bbox 828 2457 894 2483; x_wconf 86' lang='lat' dir='ltr'>bona</span> <span class='ocrx_word' id='word_1_1052' title='bbox 915 2463 939 2483; x_wconf 88' lang='lat' dir='ltr'>et</span> <span class='ocrx_word' id='word_1_1053' title='bbox 958 2457 1038 2484; x_wconf 84' lang='lat' dir='ltr'>tutela</span> 
     </span>
     <span class='ocr_line' id='line_1_110' title="bbox 207 2497 1036 2537; baseline 0.004 -13"><span class='ocrx_word' id='word_1_1054' title='bbox 207 2499 327 2534; x_wconf 82' lang='lat' dir='ltr'>pertinet.</span> <span class='ocrx_word' id='word_1_1055' title='bbox 357 2497 413 2524; x_wconf 86' lang='lat' dir='ltr'><strong>Gai.</strong></span> <span class='ocrx_word' id='word_1_1056' title='bbox 434 2498 450 2524; x_wconf 89' lang='lat' dir='ltr'>l.</span> <span class='ocrx_word' id='word_1_1057' title='bbox 474 2500 528 2524; x_wconf 88' lang='lat'><strong>167.</strong></span> <span class='ocrx_word' id='word_1_1058' title='bbox 559 2499 590 2525; x_wconf 82' lang='lat' dir='ltr'>ef.</span> <span class='ocrx_word' id='word_1_1059' title='bbox 610 2500 639 2527; x_wconf 83' lang='lat' dir='ltr'>fr.</span> <span class='ocrx_word' id='word_1_1060' title='bbox 660 2502 699 2527; x_wconf 76' lang='lat'>73.</span> <span class='ocrx_word' id='word_1_1061' title='bbox 720 2510 758 2537; x_wconf 89' lang='lat' dir='ltr'>pr.</span> <span class='ocrx_word' id='word_1_1062' title='bbox 789 2500 820 2526; x_wconf 84' lang='lat' dir='ltr'>de</span> <span class='ocrx_word' id='word_1_1063' title='bbox 839 2499 870 2526; x_wconf 84' lang='lat' dir='ltr'>R.</span> <span class='ocrx_word' id='word_1_1064' title='bbox 889 2499 908 2526; x_wconf 95' lang='lat' dir='ltr'>I.</span> <span class='ocrx_word' id='word_1_1065' title='bbox 936 2502 977 2526; x_wconf 78' lang='lat'>50.</span> <span class='ocrx_word' id='word_1_1066' title='bbox 999 2502 1036 2527; x_wconf 89' lang='lat'>17.</span> 
     </span>
     <span class='ocr_line' id='line_1_111' title="bbox 206 2541 1036 2577; baseline 0.004 -10"><span class='ocrx_word' id='word_1_1067' title='bbox 206 2541 411 2568; x_wconf 75' lang='lat' dir='ltr'>Manumissione</span> <span class='ocrx_word' id='word_1_1068' title='bbox 431 2541 570 2577; x_wconf 75' lang='lat' dir='ltr'>legitimam</span> <span class='ocrx_word' id='word_1_1069' title='bbox 589 2543 694 2570; x_wconf 78' lang='lat' dir='ltr'>tutelam</span> <span class='ocrx_word' id='word_1_1070' title='bbox 708 2548 798 2570; x_wconf 86' lang='lat' dir='ltr'>nactus</span> <span class='ocrx_word' id='word_1_1071' title='bbox 813 2547 858 2569; x_wconf 82' lang='lat' dir='ltr'>est.</span> <span class='ocrx_word' id='word_1_1072' title='bbox 877 2542 933 2569; x_wconf 84' lang='lat' dir='ltr'><strong>Gai.</strong></span> <span class='ocrx_word' id='word_1_1073' title='bbox 947 2543 965 2569; x_wconf 92' lang='lat' dir='ltr'>l.</span> <span class='ocrx_word' id='word_1_1074' title='bbox 980 2545 1036 2570; x_wconf 87' lang='lat'><strong>175.</strong></span> 
     </span>
     <span class='ocr_line' id='line_1_112' title="bbox 209 2583 1039 2622; baseline 0.002 -12"><span class='ocrx_word' id='word_1_1075' title='bbox 209 2583 340 2610; x_wconf 79' lang='lat' dir='ltr'>Feminae.</span> <span class='ocrx_word' id='word_1_1076' title='bbox 359 2594 424 2620; x_wconf 83' lang='lat' dir='ltr'>quae</span> <span class='ocrx_word' id='word_1_1077' title='bbox 444 2585 468 2609; x_wconf 91' lang='lat' dir='ltr'>in</span> <span class='ocrx_word' id='word_1_1078' title='bbox 489 2583 603 2619; x_wconf 78' lang='lat' dir='ltr'>legitima</span> <span class='ocrx_word' id='word_1_1079' title='bbox 620 2588 777 2621; x_wconf 77' lang='lat' dir='ltr'>parentium.</span> <span class='ocrx_word' id='word_1_1080' title='bbox 797 2591 840 2612; x_wconf 85' lang='lat' dir='ltr'>aut</span> <span class='ocrx_word' id='word_1_1081' title='bbox 862 2590 1039 2622; x_wconf 77' lang='lat' dir='ltr'>patronorum,</span> 
     </span>
     <span class='ocr_line' id='line_1_113' title="bbox 205 2626 1037 2662; baseline 0.002 -10"><span class='ocrx_word' id='word_1_1082' title='bbox 205 2626 286 2652; x_wconf 80' lang='lat' dir='ltr'>tutela</span> <span class='ocrx_word' id='word_1_1083' title='bbox 300 2632 368 2652; x_wconf 86' lang='lat' dir='ltr'>sunt.</span> <span class='ocrx_word' id='word_1_1084' title='bbox 385 2643 414 2647; x_wconf 92' lang='lat'>-—-</span> <span class='ocrx_word' id='word_1_1085' title='bbox 436 2627 509 2661; x_wconf 75' lang='lat' dir='ltr'>Quae</span> <span class='ocrx_word' id='word_1_1086' title='bbox 522 2626 628 2652; x_wconf 80' lang='lat' dir='ltr'>alterius</span> <span class='ocrx_word' id='word_1_1087' title='bbox 642 2630 741 2662; x_wconf 76' lang='lat' dir='ltr'>generis</span> <span class='ocrx_word' id='word_1_1088' title='bbox 755 2634 856 2655; x_wconf 76' lang='lat' dir='ltr'>tutores</span> <span class='ocrx_word' id='word_1_1089' title='bbox 877 2627 980 2654; x_wconf 86' lang='lat' dir='ltr'>habent.</span> <span class='ocrx_word' id='word_1_1090' title='bbox 1000 2628 1037 2654; x_wconf 88' lang='lat' dir='ltr'>ld.</span> 
     </span>
     <span class='ocr_line' id='line_1_114' title="bbox 206 2668 1060 2705; baseline 0.002 -10"><span class='ocrx_word' id='word_1_1091' title='bbox 206 2669 235 2695; x_wconf 91' lang='lat' dir='ltr'>ll.</span> <span class='ocrx_word' id='word_1_1092' title='bbox 251 2671 307 2695; x_wconf 80' lang='lat'><strong>122.</strong></span> <span class='ocrx_word' id='word_1_1093' title='bbox 343 2668 576 2695; x_wconf 69' lang='lat' dir='ltr'>manumissoribus</span> <span class='ocrx_word' id='word_1_1094' title='bbox 596 2670 747 2705; x_wconf 74' lang='lat' dir='ltr'>permissum</span> <span class='ocrx_word' id='word_1_1095' title='bbox 765 2676 813 2701; x_wconf 76' lang='lat' dir='ltr'>est,</span> <span class='ocrx_word' id='word_1_1096' title='bbox 832 2671 983 2697; x_wconf 78' lang='lat' dir='ltr'>feminarum</span> <span class='ocrx_word' id='word_1_1097' title='bbox 1001 2676 1038 2697; x_wconf 87' lang='lat' dir='ltr'>tu·</span> <span class='ocrx_word' id='word_1_1098' title='bbox 1059 2685 1060 2696; x_wconf 47' lang='grc' dir='ltr'><strong>κ</strong></span> 
     </span>
     <span class='ocr_line' id='line_1_115' title="bbox 208 2711 1038 2748; baseline 0.001 -10"><span class='ocrx_word' id='word_1_1099' title='bbox 208 2712 284 2738; x_wconf 86' lang='lat' dir='ltr'>telam</span> <span class='ocrx_word' id='word_1_1100' title='bbox 312 2711 354 2738; x_wconf 91' lang='lat' dir='ltr'>alii</span> <span class='ocrx_word' id='word_1_1101' title='bbox 381 2713 406 2737; x_wconf 90' lang='lat' dir='ltr'>in</span> <span class='ocrx_word' id='word_1_1102' title='bbox 435 2713 489 2738; x_wconf 86' lang='lat' dir='ltr'>iure</span> <span class='ocrx_word' id='word_1_1103' title='bbox 514 2711 618 2741; x_wconf 61' lang='lat' dir='ltr'>cedem</span> <span class='ocrx_word' id='word_1_1104' title='bbox 645 2712 804 2748; x_wconf 84' lang='lat' dir='ltr'>pupillorum</span> <span class='ocrx_word' id='word_1_1105' title='bbox 829 2719 912 2740; x_wconf 71' lang='lat' dir='ltr'>autem</span> <span class='ocrx_word' id='word_1_1106' title='bbox 932 2713 1038 2740; x_wconf 86' lang='lat' dir='ltr'>tutelam</span> 
     </span>
     <span class='ocr_line' id='line_1_116' title="bbox 208 2753 1038 2793; baseline 0.001 -12"><span class='ocrx_word' id='word_1_1107' title='bbox 208 2765 259 2781; x_wconf 91' lang='lat' dir='ltr'>nou</span> <span class='ocrx_word' id='word_1_1108' title='bbox 278 2759 317 2779; x_wconf 67' lang='lat' dir='ltr'>est</span> <span class='ocrx_word' id='word_1_1109' title='bbox 336 2755 492 2791; x_wconf 84' lang='lat' dir='ltr'>permissum</span> <span class='ocrx_word' id='word_1_1110' title='bbox 511 2753 610 2779; x_wconf 84' lang='lat' dir='ltr'>cedere.</span> <span class='ocrx_word' id='word_1_1111' title='bbox 631 2753 667 2780; x_wconf 89' lang='lat' dir='ltr'>ld.</span> <span class='ocrx_word' id='word_1_1112' title='bbox 685 2754 703 2780; x_wconf 92' lang='lat' dir='ltr'>I.</span> <span class='ocrx_word' id='word_1_1113' title='bbox 725 2757 780 2782; x_wconf 70' lang='lat'><strong>165.</strong></span> <span class='ocrx_word' id='word_1_1114' title='bbox 799 2766 857 2793; x_wconf 85' lang='lat' dir='ltr'><strong>sqq.</strong></span> <span class='ocrx_word' id='word_1_1115' title='bbox 879 2755 938 2793; x_wconf 78' lang='lat' dir='ltr'>le.</span> <span class='ocrx_word' id='word_1_1116' title='bbox 957 2756 1038 2783; x_wconf 84' lang='lat' dir='ltr'><strong>X1.7</strong></span> 
     </span>
    </p>

    <p class='ocr_par' dir='ltr' id='par_1_22' title="bbox 243 2796 1039 2833">
     <span class='ocr_line' id='line_1_117' title="bbox 243 2796 1039 2833; baseline 0.003 -9"><span class='ocrx_word' id='word_1_1117' title='bbox 243 2797 446 2824; x_wconf 78' lang='lat' dir='ltr'>Tutelaris.</span> <span class='ocrx_word' id='word_1_1118' title='bbox 472 2796 608 2829; x_wconf 79' lang='lat' dir='ltr'>(Adiect.)</span> <span class='ocrx_word' id='word_1_1119' title='bbox 634 2798 679 2823; x_wconf 74' lang='lat' dir='ltr'>Ad</span> <span class='ocrx_word' id='word_1_1120' title='bbox 701 2801 820 2825; x_wconf 69' lang='lat' dir='ltr'>tutoris</span> <span class='ocrx_word' id='word_1_1121' title='bbox 839 2809 950 2826; x_wconf 70' lang='lat' dir='ltr'>munus</span> <span class='ocrx_word' id='word_1_1122' title='bbox 967 2809 1039 2833; x_wconf 82' lang='lat' dir='ltr'>per-</span> 
     </span>
    </p>
   </div>
   <div class='ocr_carea' id='block_1_21' title="bbox 1082 2453 1921 2577">
    <p class='ocr_par' dir='ltr' id='par_1_23' title="bbox 1082 2453 1921 2577">
     <span class='ocr_line' id='line_1_118' title="bbox 1082 2453 1921 2495; baseline -0.007 -11"><span class='ocrx_word' id='word_1_1123' title='bbox 1082 2463 1177 2495; x_wconf 74' lang='lat' dir='ltr'>gestor.</span> <span class='ocrx_word' id='word_1_1124' title='bbox 1205 2457 1342 2482; x_wconf 85' lang='lat' dir='ltr'>actionem.</span> <span class='ocrx_word' id='word_1_1125' title='bbox 1370 2456 1399 2482; x_wconf 81' lang='lat' dir='ltr'>sr.</span> <span class='ocrx_word' id='word_1_1126' title='bbox 1418 2458 1460 2482; x_wconf 88' lang='lat'>30.</span> <span class='ocrx_word' id='word_1_1127' title='bbox 1489 2455 1520 2481; x_wconf 84' lang='lat' dir='ltr'>de</span> <span class='ocrx_word' id='word_1_1128' title='bbox 1540 2454 1571 2480; x_wconf 64' lang='lat' dir='ltr'>N.</span> <span class='ocrx_word' id='word_1_1129' title='bbox 1591 2454 1622 2480; x_wconf 88' lang='lat' dir='ltr'>G.</span> <span class='ocrx_word' id='word_1_1130' title='bbox 1646 2455 1670 2479; x_wconf 89' lang='lat'>3.</span> <span class='ocrx_word' id='word_1_1131' title='bbox 1690 2455 1713 2479; x_wconf 87' lang='lat'>5.</span> <span class='ocrx_word' id='word_1_1132' title='bbox 1752 2453 1792 2479; x_wconf 82' lang='lat' dir='ltr'>De</span> <span class='ocrx_word' id='word_1_1133' title='bbox 1816 2453 1921 2479; x_wconf 85' lang='lat' dir='ltr'>maioris</span> 
     </span>
     <span class='ocr_line' id='line_1_119' title="bbox 1082 2495 1920 2538; baseline -0.006 -11"><span class='ocrx_word' id='word_1_1134' title='bbox 1082 2502 1163 2538; x_wconf 86' lang='lat' dir='ltr'>partis</span> <span class='ocrx_word' id='word_1_1135' title='bbox 1182 2504 1297 2526; x_wconf 83' lang='lat' dir='ltr'>tutorum</span> <span class='ocrx_word' id='word_1_1136' title='bbox 1316 2500 1452 2525; x_wconf 87' lang='lat' dir='ltr'>sententia.</span> <span class='ocrx_word' id='word_1_1137' title='bbox 1472 2497 1502 2524; x_wconf 75' lang='lat' dir='ltr'>fr.</span> <span class='ocrx_word' id='word_1_1138' title='bbox 1516 2499 1539 2523; x_wconf 82' lang='lat'>3.</span> <span class='ocrx_word' id='word_1_1139' title='bbox 1554 2506 1592 2533; x_wconf 85' lang='lat' dir='ltr'>pr.</span> <span class='ocrx_word' id='word_1_1140' title='bbox 1613 2496 1644 2522; x_wconf 90' lang='lat' dir='ltr'>de</span> <span class='ocrx_word' id='word_1_1141' title='bbox 1664 2495 1760 2533; x_wconf 87' lang='lat' dir='ltr'>postul.</span> <span class='ocrx_word' id='word_1_1142' title='bbox 1774 2497 1835 2521; x_wconf 89' lang='lat'><strong>3.1.</strong></span> <span class='ocrx_word' id='word_1_1143' title='bbox 1852 2495 1882 2522; x_wconf 86' lang='lat' dir='ltr'>sr.</span> <span class='ocrx_word' id='word_1_1144' title='bbox 1896 2497 1920 2522; x_wconf 84' lang='lat'>6.</span> 
     </span>
     <span class='ocr_line' id='line_1_120' title="bbox 1082 2538 1919 2577; baseline -0.007 -8"><span class='ocrx_word' id='word_1_1145' title='bbox 1082 2545 1103 2577; x_wconf 88' lang='lat'>5.</span> <span class='ocrx_word' id='word_1_1146' title='bbox 1125 2545 1146 2569; x_wconf 93' lang='lat' dir='ltr'>l.</span> <span class='ocrx_word' id='word_1_1147' title='bbox 1167 2542 1200 2569; x_wconf 88' lang='lat' dir='ltr'>de</span> <span class='ocrx_word' id='word_1_1148' title='bbox 1219 2541 1328 2568; x_wconf 75' lang='lat' dir='ltr'>edendo.</span> <span class='ocrx_word' id='word_1_1149' title='bbox 1347 2544 1370 2568; x_wconf 90' lang='lat'>2.</span> <span class='ocrx_word' id='word_1_1150' title='bbox 1389 2544 1426 2568; x_wconf 78' lang='lat'>13.</span> <span class='ocrx_word' id='word_1_1151' title='bbox 1464 2540 1491 2566; x_wconf 89' lang='lat' dir='ltr'>Si</span> <span class='ocrx_word' id='word_1_1152' title='bbox 1513 2541 1571 2575; x_wconf 87' lang='lat' dir='ltr'>quis</span> <span class='ocrx_word' id='word_1_1153' title='bbox 1592 2544 1662 2565; x_wconf 88' lang='lat' dir='ltr'>tutor</span> <span class='ocrx_word' id='word_1_1154' title='bbox 1682 2538 1786 2574; x_wconf 74' lang='lat' dir='ltr'>quidem</span> <span class='ocrx_word' id='word_1_1155' title='bbox 1806 2548 1857 2564; x_wconf 83' lang='lat' dir='ltr'>non</span> <span class='ocrx_word' id='word_1_1156' title='bbox 1877 2539 1919 2569; x_wconf 75' lang='lat' dir='ltr'>sit,</span> 
     </span>
    </p>
   </div>
   <div class='ocr_carea' id='block_1_22' title="bbox 1058 2578 1918 2623">
    <p class='ocr_par' dir='ltr' id='par_1_24' title="bbox 1058 2578 1918 2623">
     <span class='ocr_line' id='line_1_121' title="bbox 1058 2578 1918 2623; baseline -0.007 -11"><span class='ocrx_word' id='word_1_1157' title='bbox 1058 2578 1060 2580; x_wconf 49' lang='lat'>.</span> <span class='ocrx_word' id='word_1_1158' title='bbox 1081 2584 1226 2623; x_wconf 81' lang='lat' dir='ltr'>periculum</span> <span class='ocrx_word' id='word_1_1159' title='bbox 1246 2590 1331 2611; x_wconf 86' lang='lat' dir='ltr'>tamen</span> <span class='ocrx_word' id='word_1_1160' title='bbox 1355 2584 1450 2610; x_wconf 76' lang='lat' dir='ltr'>tutelae</span> <span class='ocrx_word' id='word_1_1161' title='bbox 1475 2582 1505 2608; x_wconf 81' lang='lat' dir='ltr'>ad</span> <span class='ocrx_word' id='word_1_1162' title='bbox 1525 2592 1582 2608; x_wconf 84' lang='lat' dir='ltr'>enm</span> <span class='ocrx_word' id='word_1_1163' title='bbox 1607 2582 1744 2618; x_wconf 78' lang='lat' dir='ltr'>pertineat.</span> <span class='ocrx_word' id='word_1_1164' title='bbox 1770 2580 1800 2607; x_wconf 84' lang='lat' dir='ltr'>fr.</span> <span class='ocrx_word' id='word_1_1165' title='bbox 1820 2583 1860 2607; x_wconf 81' lang='lat'>60.</span> <span class='ocrx_word' id='word_1_1166' title='bbox 1880 2591 1918 2618; x_wconf 87' lang='lat' dir='ltr'>pr.</span> 
     </span>
    </p>
   </div>
   <div class='ocr_carea' id='block_1_23' title="bbox 1082 2626 1215 2654">
    <p class='ocr_par' dir='ltr' id='par_1_25' title="bbox 1082 2626 1215 2654">
     <span class='ocr_line' id='line_1_122' title="bbox 1082 2626 1215 2654; baseline -0.008 0"><span class='ocrx_word' id='word_1_1167' title='bbox 1082 2629 1114 2654; x_wconf 85' lang='lat' dir='ltr'>de</span> <span class='ocrx_word' id='word_1_1168' title='bbox 1132 2627 1164 2654; x_wconf 83' lang='lat' dir='ltr'>R.</span> <span class='ocrx_word' id='word_1_1169' title='bbox 1183 2626 1215 2653; x_wconf 68' lang='lat' dir='ltr'>N.</span> 
     </span>
    </p>
   </div>
   <div class='ocr_carea' id='block_1_24' title="bbox 1082 2670 1351 2697">
    <p class='ocr_par' dir='ltr' id='par_1_26' title="bbox 1082 2670 1351 2697">
     <span class='ocr_line' id='line_1_123' title="bbox 1082 2670 1351 2697; baseline -0.007 0"><span class='ocrx_word' id='word_1_1170' title='bbox 1082 2670 1139 2697; x_wconf 77' lang='lat' dir='ltr'><strong>fals.</strong></span> <span class='ocrx_word' id='word_1_1171' title='bbox 1158 2675 1205 2696; x_wconf 91' lang='lat' dir='ltr'>tut.</span> <span class='ocrx_word' id='word_1_1172' title='bbox 1225 2674 1291 2696; x_wconf 83' lang='lat' dir='ltr'>auct.</span> <span class='ocrx_word' id='word_1_1173' title='bbox 1310 2671 1351 2695; x_wconf 82' lang='lat'>27.</span> 
     </span>
    </p>
   </div>
   <div class='ocr_carea' id='block_1_25' title="bbox 1233 2623 1917 2695">
    <p class='ocr_par' dir='ltr' id='par_1_27' title="bbox 1233 2623 1917 2695">
     <span class='ocr_line' id='line_1_124' title="bbox 1233 2623 1917 2660; baseline -0.006 -7"><span class='ocrx_word' id='word_1_1174' title='bbox 1233 2629 1275 2653; x_wconf 87' lang='lat'>23.</span> <span class='ocrx_word' id='word_1_1175' title='bbox 1294 2630 1318 2653; x_wconf 86' lang='lat'>2.</span> <span class='ocrx_word' id='word_1_1176' title='bbox 1355 2626 1448 2653; x_wconf 60' lang='lat' dir='ltr'>1⁴‘alsus</span> <span class='ocrx_word' id='word_1_1177' title='bbox 1472 2630 1549 2651; x_wconf 76' lang='lat' dir='ltr'>tutor.</span> <span class='ocrx_word' id='word_1_1178' title='bbox 1575 2623 1604 2650; x_wconf 81' lang='lat' dir='ltr'>fr.</span> <span class='ocrx_word' id='word_1_1179' title='bbox 1626 2625 1646 2650; x_wconf 97' lang='lat'>1.</span> <span class='ocrx_word' id='word_1_1180' title='bbox 1674 2624 1758 2657; x_wconf 74' lang='lat'><strong>551.</strong></span> <span class='ocrx_word' id='word_1_1181' title='bbox 1782 2633 1839 2660; x_wconf 85' lang='lat' dir='ltr'><strong>sqq.</strong></span> <span class='ocrx_word' id='word_1_1182' title='bbox 1866 2624 1917 2659; x_wconf 78' lang='lat' dir='ltr'>Qu.</span> 
     </span>
     <span class='ocr_line' id='line_1_125' title="bbox 1371 2665 1917 2695; baseline -0.007 0"><span class='ocrx_word' id='word_1_1183' title='bbox 1371 2671 1394 2695; x_wconf 85' lang='lat'>6.</span> <span class='ocrx_word' id='word_1_1184' title='bbox 1414 2668 1443 2695; x_wconf 78' lang='lat' dir='ltr'>fr.</span> <span class='ocrx_word' id='word_1_1185' title='bbox 1463 2670 1521 2693; x_wconf 81' lang='lat'><strong>221.</strong></span> <span class='ocrx_word' id='word_1_1186' title='bbox 1541 2666 1573 2692; x_wconf 88' lang='lat' dir='ltr'>de</span> <span class='ocrx_word' id='word_1_1187' title='bbox 1593 2665 1623 2692; x_wconf 82' lang='lat' dir='ltr'>V.</span> <span class='ocrx_word' id='word_1_1188' title='bbox 1644 2666 1671 2692; x_wconf 89' lang='lat' dir='ltr'>S.</span> <span class='ocrx_word' id='word_1_1189' title='bbox 1691 2668 1731 2692; x_wconf 80' lang='lat'><strong>50,</strong></span> <span class='ocrx_word' id='word_1_1190' title='bbox 1752 2667 1790 2692; x_wconf 84' lang='lat'>16.</span> <span class='ocrx_word' id='word_1_1191' title='bbox 1827 2665 1917 2692; x_wconf 79' lang='lat' dir='ltr'>Protu-</span> 
     </span>
    </p>
   </div>
   <div class='ocr_carea' id='block_1_26' title="bbox 1059 2708 1915 2748">
    <p class='ocr_par' dir='ltr' id='par_1_28' title="bbox 1059 2708 1915 2748">
     <span class='ocr_line' id='line_1_126' title="bbox 1059 2708 1915 2748; baseline -0.007 -9"><span class='ocrx_word' id='word_1_1192' title='bbox 1059 2714 1060 2745; x_wconf 58' lang='grc' dir='ltr'>ξ</span> <span class='ocrx_word' id='word_1_1193' title='bbox 1082 2719 1131 2739; x_wconf 88' lang='lat' dir='ltr'>tor.</span> <span class='ocrx_word' id='word_1_1194' title='bbox 1151 2712 1192 2738; x_wconf 76' lang='lat' dir='ltr'>Cf.</span> <span class='ocrx_word' id='word_1_1195' title='bbox 1212 2712 1236 2738; x_wconf 91' lang='grc' dir='ltr'>1ι.</span> <span class='ocrx_word' id='word_1_1196' title='bbox 1256 2722 1279 2738; x_wconf 92' lang='lat' dir='ltr'>v.</span> <span class='ocrx_word' id='word_1_1197' title='bbox 1307 2711 1482 2748; x_wconf 76' lang='lat' dir='ltr'>Pupilloruui.</span> <span class='ocrx_word' id='word_1_1198' title='bbox 1512 2708 1735 2746; x_wconf 78' lang='lat' dir='ltr'>pupillarumque,</span> <span class='ocrx_word' id='word_1_1199' title='bbox 1763 2713 1862 2735; x_wconf 86' lang='lat' dir='ltr'>tutores</span> <span class='ocrx_word' id='word_1_1200' title='bbox 1891 2712 1915 2733; x_wconf 86' lang='lat' dir='ltr'>et</span> 
     </span>
    </p>
   </div>
   <div class='ocr_carea' id='block_1_27' title="bbox 1083 2750 1915 2791">
    <p class='ocr_par' dir='ltr' id='par_1_29' title="bbox 1083 2750 1915 2791">
     <span class='ocr_line' id='line_1_127' title="bbox 1083 2750 1915 2791; baseline -0.007 -9.86"><span class='ocrx_word' id='word_1_1201' title='bbox 1083 2756 1184 2791; x_wconf 81' lang='lat' dir='ltr'>negotia</span> <span class='ocrx_word' id='word_1_1202' title='bbox 1203 2759 1307 2790; x_wconf 78' lang='lat' dir='ltr'>gerunt,</span> <span class='ocrx_word' id='word_1_1203' title='bbox 1332 2759 1357 2779; x_wconf 77' lang='lat' dir='ltr'>et</span> <span class='ocrx_word' id='word_1_1204' title='bbox 1375 2755 1554 2780; x_wconf 80' lang='lat' dir='ltr'>auctmitatem</span> <span class='ocrx_word' id='word_1_1205' title='bbox 1573 2753 1756 2788; x_wconf 84' lang='lat' dir='ltr'>interponunt.</span> <span class='ocrx_word' id='word_1_1206' title='bbox 1780 2750 1915 2777; x_wconf 85' lang='lat' dir='ltr'>mulierum</span> 
     </span>
    </p>
   </div>
   <div class='ocr_carea' id='block_1_28' title="bbox 1083 2791 1913 2864">
    <p class='ocr_par' dir='ltr' id='par_1_30' title="bbox 1083 2791 1913 2864">
     <span class='ocr_line' id='line_1_128' title="bbox 1083 2791 1913 2831; baseline -0.009 -7"><span class='ocrx_word' id='word_1_1207' title='bbox 1083 2803 1168 2824; x_wconf 80' lang='lat' dir='ltr'>autem</span> <span class='ocrx_word' id='word_1_1208' title='bbox 1187 2802 1287 2824; x_wconf 84' lang='lat' dir='ltr'>tutores</span> <span class='ocrx_word' id='word_1_1209' title='bbox 1306 2797 1485 2822; x_wconf 83' lang='lat' dir='ltr'>auctoritatem</span> <span class='ocrx_word' id='word_1_1210' title='bbox 1509 2795 1641 2822; x_wconf 84' lang='lat' dir='ltr'>dumtaxat</span> <span class='ocrx_word' id='word_1_1211' title='bbox 1659 2796 1834 2831; x_wconf 84' lang='lat' dir='ltr'>interponunt.</span> <span class='ocrx_word' id='word_1_1212' title='bbox 1855 2791 1913 2829; x_wconf 70' lang='lat'><strong>1111.</strong></span> 
     </span>
     <span class='ocr_line' id='line_1_129' title="bbox 1430 2840 1479 2864; baseline -0.02 0"><span class='ocrx_word' id='word_1_1213' title='bbox 1430 2841 1449 2864; x_wconf 91' lang='grc'>1</span> <span class='ocrx_word' id='word_1_1214' title='bbox 1447 2840 1479 2864; x_wconf 79' lang='lat'>&#39;3</span> 
     </span>
    </p>
   </div>
  </div>
 </body>
</html>
