<?xml version="1.0" encoding="UTF-8"?>
<!DOCTYPE html PUBLIC "-//W3C//DTD XHTML 1.0 Transitional//EN"
    "http://www.w3.org/TR/xhtml1/DTD/xhtml1-transitional.dtd">
<html xmlns="http://www.w3.org/1999/xhtml" xml:lang="en" lang="en">
 <head>
  <title>
</title>
<meta http-equiv="Content-Type" content="text/html;charset=utf-8" />
  <meta name='ocr-system' content='tesseract 3.04.00' />
  <meta name='ocr-capabilities' content='ocr_page ocr_carea ocr_par ocr_line ocrx_word'/>
</head>
<body>
  <div class='ocr_page' id='page_1' title='image "./manualelatinitat00dirk_0130.png"; bbox 0 0 2197 3121; ppageno 0'>
   <div class='ocr_carea' id='block_1_1' title="bbox 290 186 351 216">
    <p class='ocr_par' dir='ltr' id='par_1_1' title="bbox 290 186 351 216">
     <span class='ocr_line' id='line_1_1' title="bbox 290 186 351 216; baseline 0 0"><span class='ocrx_word' id='word_1_1' title='bbox 290 186 351 216; x_wconf 87' lang='lat'>116</span> 
     </span>
    </p>
   </div>
   <div class='ocr_carea' id='block_1_2' title="bbox 287 262 1128 346">
    <p class='ocr_par' dir='ltr' id='par_1_2' title="bbox 287 262 1128 346">
     <span class='ocr_line' id='line_1_2' title="bbox 288 262 1127 304; baseline -0.006 -10"><span class='ocrx_word' id='word_1_2' title='bbox 288 266 390 294; x_wconf 67' lang='lat' dir='ltr'>Naxum</span> <span class='ocrx_word' id='word_1_3' title='bbox 409 272 485 304; x_wconf 87' lang='lat' dir='ltr'>capnt</span> <span class='ocrx_word' id='word_1_4' title='bbox 504 266 658 299; x_wconf 83' lang='lat' dir='ltr'>(nocentis)</span> <span class='ocrx_word' id='word_1_5' title='bbox 678 265 762 301; x_wconf 86' lang='lat' dir='ltr'>sequi.</span> <span class='ocrx_word' id='word_1_6' title='bbox 795 263 852 291; x_wconf 87' lang='lat' dir='ltr'>Gai.</span> <span class='ocrx_word' id='word_1_7' title='bbox 872 263 916 290; x_wconf 75' lang='lat' dir='ltr'>IV.</span> <span class='ocrx_word' id='word_1_8' title='bbox 936 265 976 290; x_wconf 90' lang='lat'>77.</span> <span class='ocrx_word' id='word_1_9' title='bbox 1005 262 1076 289; x_wconf 81' lang='lat' dir='ltr'>Paul.</span> <span class='ocrx_word' id='word_1_10' title='bbox 1096 262 1127 289; x_wconf 89' lang='grc'>11.</span> 
     </span>
     <span class='ocr_line' id='line_1_3' title="bbox 287 306 1128 346; baseline -0.006 -10"><span class='ocrx_word' id='word_1_11' title='bbox 287 312 329 337; x_wconf 94' lang='lat'>31.</span> <span class='ocrx_word' id='word_1_12' title='bbox 350 311 386 344; x_wconf 87' lang='lat'>55.</span> <span class='ocrx_word' id='word_1_13' title='bbox 406 315 429 336; x_wconf 58' lang='grc' dir='ltr'>ὅ.</span> <span class='ocrx_word' id='word_1_14' title='bbox 450 320 489 346; x_wconf 88' lang='lat' dir='ltr'>sq.</span> <span class='ocrx_word' id='word_1_15' title='bbox 510 309 540 335; x_wconf 80' lang='grc'>11.</span> <span class='ocrx_word' id='word_1_16' title='bbox 563 311 601 335; x_wconf 72' lang='grc'>18.</span> <span class='ocrx_word' id='word_1_17' title='bbox 621 308 654 335; x_wconf 85' lang='lat' dir='ltr'>de</span> <span class='ocrx_word' id='word_1_18' title='bbox 673 308 732 334; x_wconf 82' lang='lat' dir='ltr'>furt.</span> <span class='ocrx_word' id='word_1_19' title='bbox 753 309 794 333; x_wconf 87' lang='lat'>47.</span> <span class='ocrx_word' id='word_1_20' title='bbox 813 309 837 334; x_wconf 83' lang='lat'>2.</span> <span class='ocrx_word' id='word_1_21' title='bbox 875 307 1029 333; x_wconf 79' lang='lat' dir='ltr'>Iniuriarum</span> <span class='ocrx_word' id='word_1_22' title='bbox 1049 306 1128 332; x_wconf 88' lang='lat' dir='ltr'>actio-</span> 
     </span>
    </p>
   </div>
   <div class='ocr_carea' id='block_1_3' title="bbox 289 349 1128 429">
    <p class='ocr_par' dir='ltr' id='par_1_3' title="bbox 289 349 1128 429">
     <span class='ocr_line' id='line_1_4' title="bbox 289 349 1126 390; baseline -0.005 -11"><span class='ocrx_word' id='word_1_23' title='bbox 289 363 336 379; x_wconf 80' lang='lat' dir='ltr'>nes</span> <span class='ocrx_word' id='word_1_24' title='bbox 355 369 387 373; x_wconf 91' lang='lat'>—</span> <span class='ocrx_word' id='word_1_25' title='bbox 407 363 464 379; x_wconf 85' lang='lat' dir='ltr'>cnm</span> <span class='ocrx_word' id='word_1_26' title='bbox 479 354 563 390; x_wconf 77' lang='lat' dir='ltr'>capite</span> <span class='ocrx_word' id='word_1_27' title='bbox 577 350 717 378; x_wconf 84' lang='lat' dir='ltr'>ambulant.</span> <span class='ocrx_word' id='word_1_28' title='bbox 738 350 768 376; x_wconf 81' lang='lat' dir='ltr'>t&#39;r.</span> <span class='ocrx_word' id='word_1_29' title='bbox 780 351 803 376; x_wconf 89' lang='lat'>7.</span> <span class='ocrx_word' id='word_1_30' title='bbox 818 350 840 384; x_wconf 90' lang='lat'>5.</span> <span class='ocrx_word' id='word_1_31' title='bbox 856 352 878 376; x_wconf 97' lang='lat' dir='ltr'>l.</span> <span class='ocrx_word' id='word_1_32' title='bbox 898 349 931 376; x_wconf 85' lang='lat' dir='ltr'>de</span> <span class='ocrx_word' id='word_1_33' title='bbox 945 351 1021 386; x_wconf 78' lang='lat' dir='ltr'>rapit.</span> <span class='ocrx_word' id='word_1_34' title='bbox 1035 350 1126 375; x_wconf 89' lang='lat' dir='ltr'>minut.</span> 
     </span>
     <span class='ocr_line' id='line_1_5' title="bbox 289 393 1128 429; baseline -0.006 -7"><span class='ocrx_word' id='word_1_35' title='bbox 289 397 312 422; x_wconf 78' lang='lat'>4.</span> <span class='ocrx_word' id='word_1_36' title='bbox 333 398 356 421; x_wconf 87' lang='lat'>5.</span> <span class='ocrx_word' id='word_1_37' title='bbox 386 411 417 415; x_wconf 87' lang='lat'>—</span> <span class='ocrx_word' id='word_1_38' title='bbox 449 396 479 428; x_wconf 64' lang='grc' dir='ltr'>ξ.</span> <span class='ocrx_word' id='word_1_39' title='bbox 500 397 537 422; x_wconf 78' lang='grc'>3.</span> <span class='ocrx_word' id='word_1_40' title='bbox 569 396 742 429; x_wconf 73' lang='lat' dir='ltr'>singulum</span> <span class='ocrx_word' id='word_1_41' title='bbox 770 395 909 425; x_wconf 76' lang='lat' dir='ltr'>animal,</span> <span class='ocrx_word' id='word_1_42' title='bbox 939 395 986 419; x_wconf 78' lang='lat' dir='ltr'>re!</span> <span class='ocrx_word' id='word_1_43' title='bbox 1009 393 1128 418; x_wconf 65' lang='grc'><em>111111101-</em></span> 
     </span>
    </p>
   </div>
   <div class='ocr_carea' id='block_1_4' title="bbox 288 434 1127 473">
    <p class='ocr_par' dir='ltr' id='par_1_4' title="bbox 288 434 1127 473">
     <span class='ocr_line' id='line_1_6' title="bbox 288 434 1127 473; baseline -0.006 -8"><span class='ocrx_word' id='word_1_44' title='bbox 288 441 384 473; x_wconf 82' lang='lat' dir='ltr'>pinm.</span> <span class='ocrx_word' id='word_1_45' title='bbox 422 438 439 464; x_wconf 92' lang='grc'>1.</span> <span class='ocrx_word' id='word_1_46' title='bbox 460 440 521 472; x_wconf 69' lang='lat' dir='ltr'>Sy.</span> <span class='ocrx_word' id='word_1_47' title='bbox 550 436 693 463; x_wconf 72' lang='lat' dir='ltr'>Animalia.</span> <span class='ocrx_word' id='word_1_48' title='bbox 713 447 736 463; x_wconf 65' lang='lat' dir='ltr'>V.</span> <span class='ocrx_word' id='word_1_49' title='bbox 757 436 863 463; x_wconf 61' lang='lat' dir='ltr'>Poeni-a.</span> <span class='ocrx_word' id='word_1_50' title='bbox 901 435 1004 472; x_wconf 80' lang='lat' dir='ltr'>Capita.</span> <span class='ocrx_word' id='word_1_51' title='bbox 1035 434 1066 461; x_wconf 81' lang='lat' dir='ltr'>fr.</span> <span class='ocrx_word' id='word_1_52' title='bbox 1087 436 1127 461; x_wconf 85' lang='lat'>10.</span> 
     </span>
    </p>
   </div>
   <div class='ocr_carea' id='block_1_5' title="bbox 1108 180 1200 213">
    <p class='ocr_par' dir='ltr' id='par_1_5' title="bbox 1108 180 1200 213">
     <span class='ocr_line' id='line_1_7' title="bbox 1108 180 1200 213; baseline -0.022 0"><span class='ocrx_word' id='word_1_53' title='bbox 1108 180 1200 213; x_wconf 70' lang='lat' dir='ltr'>CAP.</span> 
     </span>
    </p>
   </div>
   <div class='ocr_carea' id='block_1_6' title="bbox 1149 262 2011 431">
    <p class='ocr_par' dir='ltr' id='par_1_6' title="bbox 1149 262 2011 431">
     <span class='ocr_line' id='line_1_8' title="bbox 1171 262 2011 297; baseline 0.006 -8"><span class='ocrx_word' id='word_1_54' title='bbox 1171 262 1204 290; x_wconf 86' lang='lat' dir='ltr'>de</span> <span class='ocrx_word' id='word_1_55' title='bbox 1222 262 1339 290; x_wconf 82' lang='lat' dir='ltr'>fideiuss.</span> <span class='ocrx_word' id='word_1_56' title='bbox 1360 264 1401 289; x_wconf 89' lang='lat'>46.</span> <span class='ocrx_word' id='word_1_57' title='bbox 1422 264 1445 290; x_wconf 92' lang='lat'>1.</span> <span class='ocrx_word' id='word_1_58' title='bbox 1476 278 1509 284; x_wconf 82' lang='grc'>·-</span> <span class='ocrx_word' id='word_1_59' title='bbox 1540 264 1570 297; x_wconf 83' lang='lat'>§.</span> <span class='ocrx_word' id='word_1_60' title='bbox 1590 264 1628 291; x_wconf 75' lang='lat'>6.</span> <span class='ocrx_word' id='word_1_61' title='bbox 1661 265 1867 293; x_wconf 67' lang='lat' dir='ltr'>rainer-sitas</span> <span class='ocrx_word' id='word_1_62' title='bbox 1886 268 2011 294; x_wconf 72' lang='lat' dir='ltr'>iun-ium</span> 
     </span>
     <span class='ocr_line' id='line_1_9' title="bbox 1150 307 2010 347; baseline 0.005 -15"><span class='ocrx_word' id='word_1_63' title='bbox 1150 338 1151 342; x_wconf 17' lang='grc' dir='ltr'><strong>Ἰ</strong></span> <span class='ocrx_word' id='word_1_64' title='bbox 1171 308 1260 333; x_wconf 79' lang='lat' dir='ltr'>circa</span> <span class='ocrx_word' id='word_1_65' title='bbox 1274 307 1448 342; x_wconf 75' lang='lat' dir='ltr'>familiam</span> <span class='ocrx_word' id='word_1_66' title='bbox 1466 308 1564 333; x_wconf 76' lang='lat' dir='ltr'>liberi</span> <span class='ocrx_word' id='word_1_67' title='bbox 1587 308 1736 334; x_wconf 69' lang='lat' dir='ltr'>hominis.</span> <span class='ocrx_word' id='word_1_68' title='bbox 1774 307 1816 335; x_wconf 91' lang='lat' dir='ltr'>III.</span> <span class='ocrx_word' id='word_1_69' title='bbox 1837 310 1903 336; x_wconf 76' lang='lat' dir='ltr'>Gn.</span> <span class='ocrx_word' id='word_1_70' title='bbox 1932 309 2010 347; x_wconf 87' lang='lat' dir='ltr'>Capi—</span> 
     </span>
     <span class='ocr_line' id='line_1_10' title="bbox 1149 349 2011 386; baseline 0.006 -12"><span class='ocrx_word' id='word_1_71' title='bbox 1149 360 1151 383; x_wconf 58' lang='grc'>1</span> <span class='ocrx_word' id='word_1_72' title='bbox 1172 349 1206 374; x_wconf 87' lang='lat' dir='ltr'>tis</span> <span class='ocrx_word' id='word_1_73' title='bbox 1225 349 1345 376; x_wconf 88' lang='lat' dir='ltr'>minutio.</span> <span class='ocrx_word' id='word_1_74' title='bbox 1365 359 1430 385; x_wconf 82' lang='lat' dir='ltr'>quac</span> <span class='ocrx_word' id='word_1_75' title='bbox 1449 350 1550 386; x_wconf 76' lang='lat' dir='ltr'>privata</span> <span class='ocrx_word' id='word_1_76' title='bbox 1569 349 1682 376; x_wconf 89' lang='lat' dir='ltr'>hominis</span> <span class='ocrx_word' id='word_1_77' title='bbox 1702 355 1727 377; x_wconf 90' lang='lat' dir='ltr'>et</span> <span class='ocrx_word' id='word_1_78' title='bbox 1747 349 1858 378; x_wconf 78' lang='lat' dir='ltr'>familiae</span> <span class='ocrx_word' id='word_1_79' title='bbox 1877 353 1932 378; x_wconf 87' lang='lat' dir='ltr'>eius</span> <span class='ocrx_word' id='word_1_80' title='bbox 1946 353 2011 379; x_wconf 82' lang='lat' dir='ltr'>iura.</span> 
     </span>
     <span class='ocr_line' id='line_1_11' title="bbox 1150 392 2011 431; baseline 0.006 -15"><span class='ocrx_word' id='word_1_81' title='bbox 1150 395 1151 405; x_wconf 67' lang='lat'>¹</span> <span class='ocrx_word' id='word_1_82' title='bbox 1172 400 1224 417; x_wconf 93' lang='lat' dir='ltr'>non</span> <span class='ocrx_word' id='word_1_83' title='bbox 1245 392 1371 418; x_wconf 79' lang='lat' dir='ltr'>civitatis.</span> <span class='ocrx_word' id='word_1_84' title='bbox 1396 392 1498 418; x_wconf 85' lang='lat' dir='ltr'>amittit.</span> <span class='ocrx_word' id='word_1_85' title='bbox 1530 392 1603 419; x_wconf 80' lang='grc'><em>11.(1.</em></span> <span class='ocrx_word' id='word_1_86' title='bbox 1631 392 1662 419; x_wconf 87' lang='lat' dir='ltr'>ct.</span> <span class='ocrx_word' id='word_1_87' title='bbox 1683 393 1737 419; x_wconf 80' lang='grc'><em>11.·</em></span> <span class='ocrx_word' id='word_1_88' title='bbox 1734 412 1756 420; x_wconf 92' lang='grc'>...</span> <span class='ocrx_word' id='word_1_89' title='bbox 1781 404 1820 431; x_wconf 90' lang='lat' dir='ltr'>pr.</span> <span class='ocrx_word' id='word_1_90' title='bbox 1845 394 1868 428; x_wconf 88' lang='lat'>5.</span> <span class='ocrx_word' id='word_1_91' title='bbox 1889 396 1911 421; x_wconf 89' lang='lat'>1.</span> <span class='ocrx_word' id='word_1_92' title='bbox 1936 394 1967 421; x_wconf 81' lang='grc'>11·</span> <span class='ocrx_word' id='word_1_93' title='bbox 1987 396 2011 421; x_wconf 90' lang='grc'>5.</span> 
     </span>
    </p>
   </div>
   <div class='ocr_carea' id='block_1_7' title="bbox 1149 434 2011 473">
    <p class='ocr_par' dir='ltr' id='par_1_7' title="bbox 1149 434 2011 473">
     <span class='ocr_line' id='line_1_12' title="bbox 1149 434 2011 473; baseline 0.004 -13.083"><span class='ocrx_word' id='word_1_94' title='bbox 1149 434 1229 468; x_wconf 76' lang='lat'>⁴5.‘.</span> <span class='ocrx_word' id='word_1_95' title='bbox 1233 434 1291 461; x_wconf 89' lang='lat' dir='ltr'>.de</span> <span class='ocrx_word' id='word_1_96' title='bbox 1310 435 1387 472; x_wconf 84' lang='lat' dir='ltr'>capit.</span> <span class='ocrx_word' id='word_1_97' title='bbox 1408 435 1498 460; x_wconf 87' lang='lat' dir='ltr'>minut.</span> <span class='ocrx_word' id='word_1_98' title='bbox 1523 436 1547 461; x_wconf 98' lang='lat'>4.</span> <span class='ocrx_word' id='word_1_99' title='bbox 1567 437 1592 462; x_wconf 83' lang='lat'>5.</span> <span class='ocrx_word' id='word_1_100' title='bbox 1624 435 1686 473; x_wconf 66' lang='lat' dir='ltr'>Hp.</span> <span class='ocrx_word' id='word_1_101' title='bbox 1706 435 1751 463; x_wconf 79' lang='lat' dir='ltr'>XI.</span> <span class='ocrx_word' id='word_1_102' title='bbox 1773 438 1812 462; x_wconf 90' lang='lat'>13.</span> <span class='ocrx_word' id='word_1_103' title='bbox 1837 436 1894 463; x_wconf 85' lang='lat' dir='ltr'>Gai.</span> <span class='ocrx_word' id='word_1_104' title='bbox 1914 436 1933 463; x_wconf 92' lang='lat' dir='ltr'>I.</span> <span class='ocrx_word' id='word_1_105' title='bbox 1953 439 2011 464; x_wconf 84' lang='lat'>162.</span> 
     </span>
    </p>
   </div>
   <div class='ocr_carea' id='block_1_8' title="bbox 289 466 2013 516">
    <p class='ocr_par' dir='ltr' id='par_1_8' title="bbox 289 466 2013 516">
     <span class='ocr_line' id='line_1_13' title="bbox 289 466 2013 516; baseline 0 -9"><span class='ocrx_word' id='word_1_106' title='bbox 289 482 310 515; x_wconf 88' lang='lat'>5.</span> <span class='ocrx_word' id='word_1_107' title='bbox 330 483 353 507; x_wconf 96' lang='lat'>3.</span> <span class='ocrx_word' id='word_1_108' title='bbox 375 481 406 507; x_wconf 89' lang='lat' dir='ltr'>de</span> <span class='ocrx_word' id='word_1_109' title='bbox 426 482 481 507; x_wconf 84' lang='lat' dir='ltr'>iure</span> <span class='ocrx_word' id='word_1_110' title='bbox 501 481 554 507; x_wconf 77' lang='grc'><em>11111.</em></span> <span class='ocrx_word' id='word_1_111' title='bbox 576 482 616 506; x_wconf 86' lang='grc'>23.</span> <span class='ocrx_word' id='word_1_112' title='bbox 636 482 660 506; x_wconf 86' lang='grc'>3.</span> <span class='ocrx_word' id='word_1_113' title='bbox 690 478 739 505; x_wconf 82' lang='lat' dir='ltr'>Th.</span> <span class='ocrx_word' id='word_1_114' title='bbox 759 478 791 506; x_wconf 78' lang='lat' dir='ltr'>C.</span> <span class='ocrx_word' id='word_1_115' title='bbox 811 478 854 505; x_wconf 57' lang='lat' dir='ltr'>tl.</span> <span class='ocrx_word' id='word_1_116' title='bbox 875 480 916 505; x_wconf 88' lang='grc'>29.</span> <span class='ocrx_word' id='word_1_117' title='bbox 936 488 957 503; x_wconf 85' lang='lat' dir='ltr'>c.</span> <span class='ocrx_word' id='word_1_118' title='bbox 977 480 1001 503; x_wconf 86' lang='lat'>2.</span> <span class='ocrx_word' id='word_1_119' title='bbox 1021 478 1042 511; x_wconf 92' lang='lat'>5.</span> <span class='ocrx_word' id='word_1_120' title='bbox 1063 478 1086 504; x_wconf 90' lang='lat'>4.</span> <span class='ocrx_word' id='word_1_121' title='bbox 1107 487 1128 504; x_wconf 86' lang='lat' dir='ltr'>c.</span> <span class='ocrx_word' id='word_1_122' title='bbox 1150 466 1151 491; x_wconf 49' lang='lat' dir='ltr'>l</span> <span class='ocrx_word' id='word_1_123' title='bbox 1172 487 1212 514; x_wconf 87' lang='lat' dir='ltr'>s.q</span> <span class='ocrx_word' id='word_1_124' title='bbox 1249 477 1344 504; x_wconf 88' lang='lat' dir='ltr'>Dando</span> <span class='ocrx_word' id='word_1_125' title='bbox 1364 487 1392 503; x_wconf 88' lang='lat' dir='ltr'>se</span> <span class='ocrx_word' id='word_1_126' title='bbox 1412 477 1601 513; x_wconf 76' lang='lat' dir='ltr'>adrogantium,</span> <span class='ocrx_word' id='word_1_127' title='bbox 1620 483 1660 505; x_wconf 80' lang='lat' dir='ltr'>tes</span> <span class='ocrx_word' id='word_1_128' title='bbox 1664 484 1732 505; x_wconf 88' lang='lat' dir='ltr'>tator</span> <span class='ocrx_word' id='word_1_129' title='bbox 1751 489 1808 506; x_wconf 91' lang='lat' dir='ltr'>cum</span> <span class='ocrx_word' id='word_1_130' title='bbox 1829 480 1914 516; x_wconf 83' lang='lat' dir='ltr'>capite</span> <span class='ocrx_word' id='word_1_131' title='bbox 1933 479 2013 507; x_wconf 82' lang='lat' dir='ltr'>fortu-</span> 
     </span>
    </p>
   </div>
   <div class='ocr_carea' id='block_1_9' title="bbox 288 520 1130 559">
    <p class='ocr_par' dir='ltr' id='par_1_9' title="bbox 288 520 1130 559">
     <span class='ocr_line' id='line_1_14' title="bbox 288 520 1130 559; baseline -0.005 -9"><span class='ocrx_word' id='word_1_132' title='bbox 288 526 312 550; x_wconf 91' lang='lat'>6.</span> <span class='ocrx_word' id='word_1_133' title='bbox 333 524 365 550; x_wconf 89' lang='lat' dir='ltr'>de</span> <span class='ocrx_word' id='word_1_134' title='bbox 384 525 479 550; x_wconf 81' lang='lat' dir='ltr'>curios.</span> <span class='ocrx_word' id='word_1_135' title='bbox 508 523 560 549; x_wconf 78' lang='lat' dir='ltr'>Res</span> <span class='ocrx_word' id='word_1_136' title='bbox 581 522 731 559; x_wconf 77' lang='lat' dir='ltr'>(singulae).</span> <span class='ocrx_word' id='word_1_137' title='bbox 765 521 893 559; x_wconf 83' lang='lat' dir='ltr'>Corpora.</span> <span class='ocrx_word' id='word_1_138' title='bbox 912 531 936 546; x_wconf 81' lang='lat' dir='ltr'>v.</span> <span class='ocrx_word' id='word_1_139' title='bbox 952 520 1046 557; x_wconf 81' lang='lat' dir='ltr'>Capita</span> <span class='ocrx_word' id='word_1_140' title='bbox 1065 521 1130 554; x_wconf 90' lang='lat' dir='ltr'>(sin-</span> 
     </span>
    </p>
   </div>
   <div class='ocr_carea' id='block_1_10' title="bbox 523 562 2010 602">
    <p class='ocr_par' dir='ltr' id='par_1_10' title="bbox 523 562 2010 602">
     <span class='ocr_line' id='line_1_15' title="bbox 523 562 2010 602; baseline -0.001 -9"><span class='ocrx_word' id='word_1_141' title='bbox 523 569 547 593; x_wconf 87' lang='lat'>3.</span> <span class='ocrx_word' id='word_1_142' title='bbox 571 566 604 593; x_wconf 87' lang='lat' dir='ltr'>de</span> <span class='ocrx_word' id='word_1_143' title='bbox 623 566 654 592; x_wconf 80' lang='lat' dir='ltr'>R.</span> <span class='ocrx_word' id='word_1_144' title='bbox 674 565 705 592; x_wconf 66' lang='grc' dir='ltr'>Υ.</span> <span class='ocrx_word' id='word_1_145' title='bbox 730 567 753 591; x_wconf 87' lang='grc'>6.</span> <span class='ocrx_word' id='word_1_146' title='bbox 776 567 797 591; x_wconf 97' lang='lat' dir='ltr'>l.</span> <span class='ocrx_word' id='word_1_147' title='bbox 840 564 882 590; x_wconf 80' lang='lat'>111.</span> <span class='ocrx_word' id='word_1_148' title='bbox 902 565 968 591; x_wconf 72' lang='lat' dir='ltr'>Cn.</span> <span class='ocrx_word' id='word_1_149' title='bbox 997 563 1051 598; x_wconf 78' lang='lat' dir='ltr'>Qui</span> <span class='ocrx_word' id='word_1_150' title='bbox 1074 573 1130 599; x_wconf 51' lang='lat' dir='ltr'>gri.»</span> <span class='ocrx_word' id='word_1_151' title='bbox 1150 578 1151 602; x_wconf 52' lang='lat'>3</span> <span class='ocrx_word' id='word_1_152' title='bbox 1172 563 1230 589; x_wconf 87' lang='lat' dir='ltr'>fert.</span> <span class='ocrx_word' id='word_1_153' title='bbox 1259 562 1289 590; x_wconf 77' lang='grc'>11.</span> <span class='ocrx_word' id='word_1_154' title='bbox 1311 565 1350 590; x_wconf 94' lang='lat'>11.</span> <span class='ocrx_word' id='word_1_155' title='bbox 1371 564 1392 598; x_wconf 89' lang='lat'>5.</span> <span class='ocrx_word' id='word_1_156' title='bbox 1411 566 1436 589; x_wconf 87' lang='lat'>2.</span> <span class='ocrx_word' id='word_1_157' title='bbox 1461 563 1493 589; x_wconf 89' lang='lat' dir='ltr'>de</span> <span class='ocrx_word' id='word_1_158' title='bbox 1512 563 1542 589; x_wconf 88' lang='lat' dir='ltr'>B.</span> <span class='ocrx_word' id='word_1_159' title='bbox 1562 562 1590 590; x_wconf 86' lang='lat' dir='ltr'>P.</span> <span class='ocrx_word' id='word_1_160' title='bbox 1611 574 1632 590; x_wconf 89' lang='lat' dir='ltr'>s.</span> <span class='ocrx_word' id='word_1_161' title='bbox 1653 569 1669 591; x_wconf 93' lang='lat' dir='ltr'>t.</span> <span class='ocrx_word' id='word_1_162' title='bbox 1689 566 1730 590; x_wconf 88' lang='lat'>37.</span> <span class='ocrx_word' id='word_1_163' title='bbox 1752 566 1792 590; x_wconf 91' lang='lat'>11.</span> <span class='ocrx_word' id='word_1_164' title='bbox 1822 564 1853 591; x_wconf 79' lang='grc'>01.</span> <span class='ocrx_word' id='word_1_165' title='bbox 1878 564 1909 591; x_wconf 79' lang='lat' dir='ltr'>fr.</span> <span class='ocrx_word' id='word_1_166' title='bbox 1927 566 1951 591; x_wconf 98' lang='lat'>3.</span> <span class='ocrx_word' id='word_1_167' title='bbox 1971 575 2010 602; x_wconf 85' lang='lat' dir='ltr'>pr.</span> 
     </span>
    </p>
   </div>
   <div class='ocr_carea' id='block_1_11' title="bbox 288 566 503 603">
    <p class='ocr_par' dir='ltr' id='par_1_11' title="bbox 288 566 503 603">
     <span class='ocr_line' id='line_1_16' title="bbox 288 566 503 603; baseline -0.005 -10"><span class='ocrx_word' id='word_1_168' title='bbox 288 566 367 603; x_wconf 75' lang='lat' dir='ltr'>gula).</span> <span class='ocrx_word' id='word_1_169' title='bbox 389 566 418 593; x_wconf 85' lang='lat' dir='ltr'>sr.</span> <span class='ocrx_word' id='word_1_170' title='bbox 441 569 461 592; x_wconf 93' lang='lat'>1.</span> <span class='ocrx_word' id='word_1_171' title='bbox 482 567 503 600; x_wconf 90' lang='lat'>5.</span> 
     </span>
    </p>
   </div>
   <div class='ocr_carea' id='block_1_12' title="bbox 1150 517 2012 574">
    <p class='ocr_par' dir='ltr' id='par_1_12' title="bbox 1150 517 2012 574">
     <span class='ocr_line' id='line_1_17' title="bbox 1150 517 2012 574; baseline 0.003 -28"><span class='ocrx_word' id='word_1_172' title='bbox 1150 517 1151 574; x_wconf 30' lang='grc' dir='ltr'>ἢ</span> <span class='ocrx_word' id='word_1_173' title='bbox 1173 530 1218 546; x_wconf 88' lang='lat' dir='ltr'>nas</span> <span class='ocrx_word' id='word_1_174' title='bbox 1239 530 1343 557; x_wconf 83' lang='lat' dir='ltr'>quoque</span> <span class='ocrx_word' id='word_1_175' title='bbox 1362 530 1423 547; x_wconf 85' lang='lat' dir='ltr'>snas</span> <span class='ocrx_word' id='word_1_176' title='bbox 1443 521 1469 546; x_wconf 92' lang='lat' dir='ltr'>in</span> <span class='ocrx_word' id='word_1_177' title='bbox 1488 520 1612 548; x_wconf 81' lang='lat' dir='ltr'>familiam</span> <span class='ocrx_word' id='word_1_178' title='bbox 1631 526 1654 547; x_wconf 90' lang='lat' dir='ltr'>et</span> <span class='ocrx_word' id='word_1_179' title='bbox 1675 521 1781 548; x_wconf 86' lang='lat' dir='ltr'>domum</span> <span class='ocrx_word' id='word_1_180' title='bbox 1801 521 1910 548; x_wconf 88' lang='lat' dir='ltr'>alienam</span> <span class='ocrx_word' id='word_1_181' title='bbox 1930 527 2012 549; x_wconf 88' lang='lat' dir='ltr'>traus-</span> 
     </span>
    </p>
   </div>
   <div class='ocr_carea' id='block_1_13' title="bbox 288 605 2012 732">
    <p class='ocr_par' dir='ltr' id='par_1_13' title="bbox 288 605 2012 732">
     <span class='ocr_line' id='line_1_18' title="bbox 288 605 2012 647; baseline -0.001 -11"><span class='ocrx_word' id='word_1_182' title='bbox 288 620 345 646; x_wconf 78' lang='lat' dir='ltr'>gem</span> <span class='ocrx_word' id='word_1_183' title='bbox 359 610 469 636; x_wconf 83' lang='lat' dir='ltr'>habebat</span> <span class='ocrx_word' id='word_1_184' title='bbox 483 611 597 647; x_wconf 83' lang='lat' dir='ltr'>capitum</span> <span class='ocrx_word' id='word_1_185' title='bbox 611 608 702 635; x_wconf 84' lang='lat' dir='ltr'>CCC..</span> <span class='ocrx_word' id='word_1_186' title='bbox 721 608 825 634; x_wconf 84' lang='lat' dir='ltr'>amissis</span> <span class='ocrx_word' id='word_1_187' title='bbox 839 607 879 634; x_wconf 86' lang='lat' dir='ltr'>C..</span> <span class='ocrx_word' id='word_1_188' title='bbox 898 606 1007 633; x_wconf 80' lang='lat' dir='ltr'>redemit</span> <span class='ocrx_word' id='word_1_189' title='bbox 1019 605 1129 632; x_wconf 86' lang='lat' dir='ltr'>totidem</span> <span class='ocrx_word' id='word_1_190' title='bbox 1150 607 1151 643; x_wconf 51' lang='grc'>1</span> <span class='ocrx_word' id='word_1_191' title='bbox 1172 607 1194 640; x_wconf 90' lang='lat'>5.</span> <span class='ocrx_word' id='word_1_192' title='bbox 1217 608 1238 632; x_wconf 90' lang='lat'>1.</span> <span class='ocrx_word' id='word_1_193' title='bbox 1259 606 1291 633; x_wconf 85' lang='lat' dir='ltr'>de</span> <span class='ocrx_word' id='word_1_194' title='bbox 1311 607 1387 643; x_wconf 91' lang='lat' dir='ltr'>capit.</span> <span class='ocrx_word' id='word_1_195' title='bbox 1407 607 1498 632; x_wconf 88' lang='lat' dir='ltr'>minut.</span> <span class='ocrx_word' id='word_1_196' title='bbox 1519 607 1542 633; x_wconf 91' lang='lat'>4.</span> <span class='ocrx_word' id='word_1_197' title='bbox 1563 609 1586 633; x_wconf 88' lang='lat'>5.</span> <span class='ocrx_word' id='word_1_198' title='bbox 1623 607 1706 634; x_wconf 84' lang='lat' dir='ltr'>Filius</span> <span class='ocrx_word' id='word_1_199' title='bbox 1726 623 1758 627; x_wconf 95' lang='lat'>—</span> <span class='ocrx_word' id='word_1_200' title='bbox 1778 608 1801 633; x_wconf 87' lang='lat' dir='ltr'>si</span> <span class='ocrx_word' id='word_1_201' title='bbox 1820 608 1914 644; x_wconf 79' lang='lat' dir='ltr'>capitis</span> <span class='ocrx_word' id='word_1_202' title='bbox 1933 607 2012 635; x_wconf 84' lang='lat' dir='ltr'>demi-</span> 
     </span>
     <span class='ocr_line' id='line_1_19' title="bbox 289 647 2010 690; baseline -0.001 -11"><span class='ocrx_word' id='word_1_203' title='bbox 289 654 373 690; x_wconf 83' lang='lat' dir='ltr'>capita</span> <span class='ocrx_word' id='word_1_204' title='bbox 392 653 482 679; x_wconf 81' lang='lat' dir='ltr'>aliena.</span> <span class='ocrx_word' id='word_1_205' title='bbox 515 653 546 679; x_wconf 84' lang='lat' dir='ltr'>fr.</span> <span class='ocrx_word' id='word_1_206' title='bbox 563 655 588 679; x_wconf 90' lang='lat'>3.</span> <span class='ocrx_word' id='word_1_207' title='bbox 608 662 647 689; x_wconf 88' lang='lat' dir='ltr'>pr.</span> <span class='ocrx_word' id='word_1_208' title='bbox 674 651 706 678; x_wconf 86' lang='lat' dir='ltr'>de</span> <span class='ocrx_word' id='word_1_209' title='bbox 729 651 760 677; x_wconf 82' lang='lat' dir='ltr'>R.</span> <span class='ocrx_word' id='word_1_210' title='bbox 781 650 812 676; x_wconf 66' lang='grc' dir='ltr'>Υ.</span> <span class='ocrx_word' id='word_1_211' title='bbox 837 652 860 676; x_wconf 91' lang='lat'>6.</span> <span class='ocrx_word' id='word_1_212' title='bbox 882 651 904 676; x_wconf 92' lang='lat'>1.</span> <span class='ocrx_word' id='word_1_213' title='bbox 946 648 986 675; x_wconf 81' lang='lat' dir='ltr'>Ex</span> <span class='ocrx_word' id='word_1_214' title='bbox 1011 647 1128 684; x_wconf 72' lang='lat' dir='ltr'>adgnatis</span> <span class='ocrx_word' id='word_1_215' title='bbox 1150 649 1152 681; x_wconf 53' lang='lat' dir='ltr'>l</span> <span class='ocrx_word' id='word_1_216' title='bbox 1173 650 1293 681; x_wconf 77' lang='lat' dir='ltr'>untione,</span> <span class='ocrx_word' id='word_1_217' title='bbox 1312 648 1354 676; x_wconf 79' lang='lat' dir='ltr'>vel</span> <span class='ocrx_word' id='word_1_218' title='bbox 1374 659 1463 686; x_wconf 76' lang='lat' dir='ltr'>magna</span> <span class='ocrx_word' id='word_1_219' title='bbox 1482 649 1524 676; x_wconf 77' lang='lat' dir='ltr'>vel</span> <span class='ocrx_word' id='word_1_220' title='bbox 1543 650 1656 677; x_wconf 87' lang='lat' dir='ltr'>minore.</span> <span class='ocrx_word' id='word_1_221' title='bbox 1677 652 1740 677; x_wconf 84' lang='lat' dir='ltr'>exiit</span> <span class='ocrx_word' id='word_1_222' title='bbox 1761 650 1793 677; x_wconf 89' lang='lat' dir='ltr'>de</span> <span class='ocrx_word' id='word_1_223' title='bbox 1812 655 1950 687; x_wconf 81' lang='lat' dir='ltr'>potestate.</span> <span class='ocrx_word' id='word_1_224' title='bbox 1979 651 2010 678; x_wconf 78' lang='lat' dir='ltr'>fr.</span> 
     </span>
     <span class='ocr_line' id='line_1_20' title="bbox 288 691 2011 732; baseline -0.002 -9"><span class='ocrx_word' id='word_1_225' title='bbox 288 706 390 731; x_wconf 70' lang='lat' dir='ltr'>gregem</span> <span class='ocrx_word' id='word_1_226' title='bbox 410 695 543 732; x_wconf 87' lang='lat' dir='ltr'>supplere.</span> <span class='ocrx_word' id='word_1_227' title='bbox 564 695 690 722; x_wconf 83' lang='lat' dir='ltr'>inlocum</span> <span class='ocrx_word' id='word_1_228' title='bbox 705 695 818 731; x_wconf 80' lang='lat' dir='ltr'>capitum</span> <span class='ocrx_word' id='word_1_229' title='bbox 831 692 1022 719; x_wconf 71' lang='lat' dir='ltr'>defunctorum.</span> <span class='ocrx_word' id='word_1_230' title='bbox 1043 692 1072 718; x_wconf 81' lang='grc'>11.</span> <span class='ocrx_word' id='word_1_231' title='bbox 1086 694 1128 718; x_wconf 82' lang='lat'>68.</span> <span class='ocrx_word' id='word_1_232' title='bbox 1150 698 1151 716; x_wconf 60' lang='lat'>1</span> <span class='ocrx_word' id='word_1_233' title='bbox 1174 694 1196 718; x_wconf 90' lang='lat'>1.</span> <span class='ocrx_word' id='word_1_234' title='bbox 1216 693 1238 726; x_wconf 92' lang='lat'>5.</span> <span class='ocrx_word' id='word_1_235' title='bbox 1257 694 1281 719; x_wconf 83' lang='lat'>4.</span> <span class='ocrx_word' id='word_1_236' title='bbox 1308 691 1340 719; x_wconf 83' lang='lat' dir='ltr'>de</span> <span class='ocrx_word' id='word_1_237' title='bbox 1364 694 1420 719; x_wconf 91' lang='lat' dir='ltr'>suis</span> <span class='ocrx_word' id='word_1_238' title='bbox 1440 697 1465 719; x_wconf 87' lang='lat' dir='ltr'>et</span> <span class='ocrx_word' id='word_1_239' title='bbox 1484 692 1554 729; x_wconf 79' lang='lat' dir='ltr'>legit.</span> <span class='ocrx_word' id='word_1_240' title='bbox 1578 694 1620 719; x_wconf 74' lang='grc'>38.</span> <span class='ocrx_word' id='word_1_241' title='bbox 1641 694 1680 720; x_wconf 91' lang='lat'>16.</span> <span class='ocrx_word' id='word_1_242' title='bbox 1723 692 1786 720; x_wconf 80' lang='lat' dir='ltr'>Sive</span> <span class='ocrx_word' id='word_1_243' title='bbox 1809 698 1894 720; x_wconf 84' lang='lat' dir='ltr'>morte</span> <span class='ocrx_word' id='word_1_244' title='bbox 1917 695 2011 731; x_wconf 86' lang='lat' dir='ltr'>patris,</span> 
     </span>
    </p>
   </div>
   <div class='ocr_carea' id='block_1_14' title="bbox 288 739 353 772">
    <p class='ocr_par' dir='ltr' id='par_1_14' title="bbox 288 739 353 772">
     <span class='ocr_line' id='line_1_21' title="bbox 288 739 353 772; baseline 0.015 -8"><span class='ocrx_word' id='word_1_245' title='bbox 288 739 310 772; x_wconf 62' lang='grc' dir='ltr'>ξ.</span> <span class='ocrx_word' id='word_1_246' title='bbox 329 742 353 765; x_wconf 78' lang='lat'>2.</span> 
     </span>
    </p>
   </div>
   <div class='ocr_carea' id='block_1_15' title="bbox 287 821 1128 1033">
    <p class='ocr_par' dir='ltr' id='par_1_15' title="bbox 287 821 1128 1033">
     <span class='ocr_line' id='line_1_22' title="bbox 288 821 1128 861; baseline -0.005 -10"><span class='ocrx_word' id='word_1_247' title='bbox 288 824 416 860; x_wconf 79' lang='lat' dir='ltr'>legavero.</span> <span class='ocrx_word' id='word_1_248' title='bbox 438 824 467 850; x_wconf 85' lang='lat' dir='ltr'>fr.</span> <span class='ocrx_word' id='word_1_249' title='bbox 488 827 529 851; x_wconf 83' lang='lat'>34.</span> <span class='ocrx_word' id='word_1_250' title='bbox 550 834 588 861; x_wconf 84' lang='lat' dir='ltr'>pr.</span> <span class='ocrx_word' id='word_1_251' title='bbox 609 824 641 850; x_wconf 87' lang='lat' dir='ltr'>de</span> <span class='ocrx_word' id='word_1_252' title='bbox 660 823 735 859; x_wconf 74' lang='lat' dir='ltr'>legat.</span> <span class='ocrx_word' id='word_1_253' title='bbox 756 822 786 848; x_wconf 94' lang='lat' dir='ltr'>II.</span> <span class='ocrx_word' id='word_1_254' title='bbox 806 822 884 855; x_wconf 84' lang='lat'>(31.)</span> <span class='ocrx_word' id='word_1_255' title='bbox 903 837 936 841; x_wconf 96' lang='lat'>-—</span> <span class='ocrx_word' id='word_1_256' title='bbox 955 821 986 854; x_wconf 64' lang='grc' dir='ltr'>ξ.</span> <span class='ocrx_word' id='word_1_257' title='bbox 1007 822 1046 848; x_wconf 70' lang='lat'>4.</span> <span class='ocrx_word' id='word_1_258' title='bbox 1072 823 1128 848; x_wconf 76' lang='lat' dir='ltr'>lus</span> 
     </span>
     <span class='ocr_line' id='line_1_23' title="bbox 287 863 1127 899; baseline -0.005 -5"><span class='ocrx_word' id='word_1_259' title='bbox 287 869 430 894; x_wconf 74' lang='lat' dir='ltr'>hominis</span> <span class='ocrx_word' id='word_1_260' title='bbox 453 869 540 894; x_wconf 80' lang='lat' dir='ltr'>circa</span> <span class='ocrx_word' id='word_1_261' title='bbox 566 869 664 893; x_wconf 76' lang='lat' dir='ltr'>ritum</span> <span class='ocrx_word' id='word_1_262' title='bbox 684 876 778 892; x_wconf 78' lang='lat' dir='ltr'>suam.</span> <span class='ocrx_word' id='word_1_263' title='bbox 818 865 836 891; x_wconf 93' lang='grc'>1.</span> <span class='ocrx_word' id='word_1_264' title='bbox 857 866 919 899; x_wconf 78' lang='lat' dir='ltr'>Sy.</span> <span class='ocrx_word' id='word_1_265' title='bbox 947 863 1127 890; x_wconf 74' lang='lat' dir='ltr'>Animadverti</span> 
     </span>
     <span class='ocr_line' id='line_1_24' title="bbox 288 906 1034 946; baseline -0.004 -10"><span class='ocrx_word' id='word_1_266' title='bbox 288 911 314 936; x_wconf 92' lang='lat' dir='ltr'>in</span> <span class='ocrx_word' id='word_1_267' title='bbox 334 909 454 946; x_wconf 76' lang='lat' dir='ltr'>aliquem.</span> <span class='ocrx_word' id='word_1_268' title='bbox 498 910 600 946; x_wconf 82' lang='lat' dir='ltr'>Capitis</span> <span class='ocrx_word' id='word_1_269' title='bbox 625 919 723 945; x_wconf 82' lang='lat' dir='ltr'>poenas</span> <span class='ocrx_word' id='word_1_270' title='bbox 744 908 823 934; x_wconf 85' lang='lat' dir='ltr'>luere.</span> <span class='ocrx_word' id='word_1_271' title='bbox 852 906 882 933; x_wconf 85' lang='lat' dir='ltr'>sr.</span> <span class='ocrx_word' id='word_1_272' title='bbox 902 909 926 933; x_wconf 85' lang='lat'>6.</span> <span class='ocrx_word' id='word_1_273' title='bbox 950 907 987 941; x_wconf 92' lang='lat'>55.</span> <span class='ocrx_word' id='word_1_274' title='bbox 1012 909 1034 933; x_wconf 91' lang='lat'>4.</span> 
     </span>
     <span class='ocr_line' id='line_1_25' title="bbox 288 949 1128 988; baseline -0.004 -9"><span class='ocrx_word' id='word_1_275' title='bbox 288 953 320 980; x_wconf 87' lang='lat' dir='ltr'>de</span> <span class='ocrx_word' id='word_1_276' title='bbox 334 952 364 979; x_wconf 83' lang='lat' dir='ltr'>R.</span> <span class='ocrx_word' id='word_1_277' title='bbox 380 953 412 979; x_wconf 68' lang='grc'><em>,11.</em></span> <span class='ocrx_word' id='word_1_278' title='bbox 434 954 474 979; x_wconf 87' lang='lat'>49.</span> <span class='ocrx_word' id='word_1_279' title='bbox 491 954 529 979; x_wconf 88' lang='lat'>16.</span> <span class='ocrx_word' id='word_1_280' title='bbox 567 952 674 979; x_wconf 89' lang='lat' dir='ltr'>Summo</span> <span class='ocrx_word' id='word_1_281' title='bbox 694 950 825 988; x_wconf 88' lang='lat' dir='ltr'>supplicio</span> <span class='ocrx_word' id='word_1_282' title='bbox 845 950 932 982; x_wconf 82' lang='lat' dir='ltr'>adfici,</span> <span class='ocrx_word' id='word_1_283' title='bbox 951 960 971 977; x_wconf 92' lang='lat' dir='ltr'>s.</span> <span class='ocrx_word' id='word_1_284' title='bbox 992 949 1128 976; x_wconf 89' lang='lat' dir='ltr'>Summum</span> 
     </span>
     <span class='ocr_line' id='line_1_26' title="bbox 288 993 1127 1033; baseline -0.004 -11"><span class='ocrx_word' id='word_1_285' title='bbox 288 996 447 1033; x_wconf 81' lang='lat' dir='ltr'>supplicium</span> <span class='ocrx_word' id='word_1_286' title='bbox 466 997 541 1022; x_wconf 87' lang='lat' dir='ltr'>sumi.</span> <span class='ocrx_word' id='word_1_287' title='bbox 579 995 682 1032; x_wconf 76' lang='lat' dir='ltr'>Capite.</span> <span class='ocrx_word' id='word_1_288' title='bbox 702 1004 723 1020; x_wconf 91' lang='lat' dir='ltr'>s.</span> <span class='ocrx_word' id='word_1_289' title='bbox 743 993 830 1020; x_wconf 78' lang='lat' dir='ltr'>Poena</span> <span class='ocrx_word' id='word_1_290' title='bbox 850 995 952 1030; x_wconf 86' lang='lat' dir='ltr'>capitis.</span> <span class='ocrx_word' id='word_1_291' title='bbox 972 994 1058 1030; x_wconf 87' lang='lat' dir='ltr'>puniri</span> <span class='ocrx_word' id='word_1_292' title='bbox 1079 997 1127 1019; x_wconf 88' lang='lat' dir='ltr'>etc.</span> 
     </span>
    </p>
   </div>
   <div class='ocr_carea' id='block_1_16' title="bbox 288 1035 1127 1072">
    <p class='ocr_par' dir='ltr' id='par_1_16' title="bbox 288 1035 1127 1072">
     <span class='ocr_line' id='line_1_27' title="bbox 288 1035 1127 1072; baseline -0.005 -6"><span class='ocrx_word' id='word_1_293' title='bbox 288 1039 359 1066; x_wconf 83' lang='lat' dir='ltr'>Paul.</span> <span class='ocrx_word' id='word_1_294' title='bbox 383 1039 411 1065; x_wconf 72' lang='lat' dir='ltr'>V.</span> <span class='ocrx_word' id='word_1_295' title='bbox 431 1040 455 1065; x_wconf 83' lang='lat'>3.</span> <span class='ocrx_word' id='word_1_296' title='bbox 476 1039 512 1072; x_wconf 90' lang='lat'>55.</span> <span class='ocrx_word' id='word_1_297' title='bbox 532 1040 556 1065; x_wconf 87' lang='lat'>3.</span> <span class='ocrx_word' id='word_1_298' title='bbox 577 1039 600 1065; x_wconf 89' lang='lat'>6.</span> <span class='ocrx_word' id='word_1_299' title='bbox 620 1037 651 1064; x_wconf 65' lang='grc' dir='ltr'>Υ.</span> <span class='ocrx_word' id='word_1_300' title='bbox 671 1039 695 1064; x_wconf 91' lang='lat'>4.</span> <span class='ocrx_word' id='word_1_301' title='bbox 716 1037 754 1071; x_wconf 91' lang='lat'>55.</span> <span class='ocrx_word' id='word_1_302' title='bbox 774 1038 798 1063; x_wconf 90' lang='lat'>4.</span> <span class='ocrx_word' id='word_1_303' title='bbox 819 1038 858 1062; x_wconf 97' lang='grc'><em>1-1.</em></span> <span class='ocrx_word' id='word_1_304' title='bbox 878 1035 910 1063; x_wconf 71' lang='lat' dir='ltr'>V.</span> <span class='ocrx_word' id='word_1_305' title='bbox 929 1038 971 1062; x_wconf 85' lang='lat'>21.</span> <span class='ocrx_word' id='word_1_306' title='bbox 991 1036 1028 1070; x_wconf 89' lang='lat'>55.</span> <span class='ocrx_word' id='word_1_307' title='bbox 1047 1038 1072 1062; x_wconf 78' lang='lat'>2.</span> <span class='ocrx_word' id='word_1_308' title='bbox 1087 1046 1127 1072; x_wconf 88' lang='lat' dir='ltr'>sq.</span> 
     </span>
    </p>
   </div>
   <div class='ocr_carea' id='block_1_17' title="bbox 287 1072 1150 1118">
    <p class='ocr_par' dir='ltr' id='par_1_17' title="bbox 287 1072 1150 1118">
     <span class='ocr_line' id='line_1_28' title="bbox 287 1072 1150 1118; baseline -0.003 -10"><span class='ocrx_word' id='word_1_309' title='bbox 287 1082 318 1109; x_wconf 77' lang='lat' dir='ltr'>fr.</span> <span class='ocrx_word' id='word_1_310' title='bbox 337 1084 378 1108; x_wconf 74' lang='lat'>38.</span> <span class='ocrx_word' id='word_1_311' title='bbox 403 1082 440 1116; x_wconf 86' lang='lat'>55.</span> <span class='ocrx_word' id='word_1_312' title='bbox 461 1084 484 1108; x_wconf 88' lang='lat'>5.</span> <span class='ocrx_word' id='word_1_313' title='bbox 509 1083 546 1108; x_wconf 96' lang='lat' dir='ltr'>ll.</span> <span class='ocrx_word' id='word_1_314' title='bbox 567 1091 607 1118; x_wconf 86' lang='lat' dir='ltr'>sq.</span> <span class='ocrx_word' id='word_1_315' title='bbox 635 1080 667 1107; x_wconf 84' lang='lat' dir='ltr'>de</span> <span class='ocrx_word' id='word_1_316' title='bbox 685 1090 763 1117; x_wconf 85' lang='lat' dir='ltr'>poen.</span> <span class='ocrx_word' id='word_1_317' title='bbox 787 1080 828 1105; x_wconf 79' lang='lat'>48.</span> <span class='ocrx_word' id='word_1_318' title='bbox 850 1080 890 1106; x_wconf 94' lang='lat'>19.</span> <span class='ocrx_word' id='word_1_319' title='bbox 931 1079 961 1105; x_wconf 87' lang='grc' dir='ltr'>Η.</span> <span class='ocrx_word' id='word_1_320' title='bbox 983 1081 1050 1113; x_wconf 70' lang='lat' dir='ltr'>(Dp.</span> <span class='ocrx_word' id='word_1_321' title='bbox 1077 1078 1128 1105; x_wconf 74' lang='lat' dir='ltr'>Vel</span> <span class='ocrx_word' id='word_1_322' title='bbox 1149 1072 1150 1077; x_wconf 32' lang='lat'>¹</span> 
     </span>
    </p>
   </div>
   <div class='ocr_carea' id='block_1_18' title="bbox 287 1121 1128 1980">
    <p class='ocr_par' dir='ltr' id='par_1_18' title="bbox 287 1121 1127 1980">
     <span class='ocr_line' id='line_1_29' title="bbox 288 1121 1126 1162; baseline -0.006 -10"><span class='ocrx_word' id='word_1_323' title='bbox 288 1127 373 1162; x_wconf 86' lang='lat' dir='ltr'>capite</span> <span class='ocrx_word' id='word_1_324' title='bbox 392 1124 529 1155; x_wconf 81' lang='lat' dir='ltr'>luendum,</span> <span class='ocrx_word' id='word_1_325' title='bbox 550 1124 592 1150; x_wconf 75' lang='lat' dir='ltr'>vel</span> <span class='ocrx_word' id='word_1_326' title='bbox 611 1125 711 1150; x_wconf 89' lang='lat' dir='ltr'>minore</span> <span class='ocrx_word' id='word_1_327' title='bbox 730 1122 870 1160; x_wconf 75' lang='lat' dir='ltr'>supplicia.</span> <span class='ocrx_word' id='word_1_328' title='bbox 893 1121 922 1148; x_wconf 74' lang='grc'>11.</span> <span class='ocrx_word' id='word_1_329' title='bbox 945 1123 984 1148; x_wconf 87' lang='grc'>16.</span> <span class='ocrx_word' id='word_1_330' title='bbox 1005 1122 1027 1156; x_wconf 89' lang='lat'>5.</span> <span class='ocrx_word' id='word_1_331' title='bbox 1047 1123 1070 1148; x_wconf 94' lang='lat'>4.</span> <span class='ocrx_word' id='word_1_332' title='bbox 1091 1121 1126 1148; x_wconf 92' lang='lat' dir='ltr'>ib.</span> 
     </span>
     <span class='ocr_line' id='line_1_30' title="bbox 287 1164 1127 1202; baseline -0.005 -8"><span class='ocrx_word' id='word_1_333' title='bbox 287 1171 328 1195; x_wconf 71' lang='lat'>48.</span> <span class='ocrx_word' id='word_1_334' title='bbox 350 1170 389 1194; x_wconf 89' lang='lat'>19.</span> <span class='ocrx_word' id='word_1_335' title='bbox 427 1167 468 1194; x_wconf 84' lang='lat' dir='ltr'>Ad</span> <span class='ocrx_word' id='word_1_336' title='bbox 489 1168 722 1198; x_wconf 76' lang='lat' dir='ltr'>existimationem.</span> <span class='ocrx_word' id='word_1_337' title='bbox 746 1176 798 1192; x_wconf 90' lang='lat' dir='ltr'>non</span> <span class='ocrx_word' id='word_1_338' title='bbox 818 1165 850 1192; x_wconf 83' lang='lat' dir='ltr'>ad</span> <span class='ocrx_word' id='word_1_339' title='bbox 869 1166 962 1202; x_wconf 90' lang='lat' dir='ltr'>capitis</span> <span class='ocrx_word' id='word_1_340' title='bbox 981 1164 1127 1202; x_wconf 85' lang='lat' dir='ltr'>periculum</span> 
     </span>
     <span class='ocr_line' id='line_1_31' title="bbox 287 1208 1128 1249; baseline -0.004 -11"><span class='ocrx_word' id='word_1_341' title='bbox 287 1212 463 1249; x_wconf 68' lang='lat' dir='ltr'>(pertinentes</span> <span class='ocrx_word' id='word_1_342' title='bbox 482 1211 603 1248; x_wconf 85' lang='lat' dir='ltr'>poenae).</span> <span class='ocrx_word' id='word_1_343' title='bbox 624 1210 654 1236; x_wconf 79' lang='lat' dir='ltr'>fr.</span> <span class='ocrx_word' id='word_1_344' title='bbox 675 1212 716 1236; x_wconf 66' lang='grc'>25.</span> <span class='ocrx_word' id='word_1_345' title='bbox 737 1219 776 1246; x_wconf 88' lang='lat' dir='ltr'>pr.</span> <span class='ocrx_word' id='word_1_346' title='bbox 796 1209 861 1243; x_wconf 91' lang='lat'>5.1.</span> <span class='ocrx_word' id='word_1_347' title='bbox 881 1208 916 1234; x_wconf 86' lang='lat' dir='ltr'>ib.</span> <span class='ocrx_word' id='word_1_348' title='bbox 937 1209 978 1234; x_wconf 76' lang='lat'>48.</span> <span class='ocrx_word' id='word_1_349' title='bbox 999 1210 1039 1235; x_wconf 87' lang='lat'>19.</span> <span class='ocrx_word' id='word_1_350' title='bbox 1076 1208 1128 1235; x_wconf 75' lang='lat' dir='ltr'>Ex-</span> 
     </span>
     <span class='ocr_line' id='line_1_32' title="bbox 287 1250 1126 1292; baseline -0.005 -11"><span class='ocrx_word' id='word_1_351' title='bbox 287 1254 348 1281; x_wconf 86' lang='lat' dir='ltr'>silio</span> <span class='ocrx_word' id='word_1_352' title='bbox 367 1253 501 1292; x_wconf 87' lang='lat' dir='ltr'>puniendi.</span> <span class='ocrx_word' id='word_1_353' title='bbox 522 1269 555 1273; x_wconf 91' lang='lat'>——-</span> <span class='ocrx_word' id='word_1_354' title='bbox 576 1252 769 1289; x_wconf 73' lang='lat' dir='ltr'>Nonnunquam</span> <span class='ocrx_word' id='word_1_355' title='bbox 783 1253 868 1289; x_wconf 83' lang='lat' dir='ltr'>capite</span> <span class='ocrx_word' id='word_1_356' title='bbox 881 1250 1022 1289; x_wconf 81' lang='lat' dir='ltr'>plectendi.</span> <span class='ocrx_word' id='word_1_357' title='bbox 1043 1250 1073 1278; x_wconf 88' lang='lat' dir='ltr'>fr.</span> <span class='ocrx_word' id='word_1_358' title='bbox 1083 1252 1126 1277; x_wconf 81' lang='lat'>28</span> 
     </span>
     <span class='ocr_line' id='line_1_33' title="bbox 287 1293 1128 1332; baseline -0.005 -8"><span class='ocrx_word' id='word_1_359' title='bbox 287 1298 309 1332; x_wconf 88' lang='lat'>5.</span> <span class='ocrx_word' id='word_1_360' title='bbox 328 1299 353 1323; x_wconf 84' lang='lat'>3.</span> <span class='ocrx_word' id='word_1_361' title='bbox 373 1297 408 1323; x_wconf 88' lang='lat' dir='ltr'>ib.</span> <span class='ocrx_word' id='word_1_362' title='bbox 429 1298 469 1322; x_wconf 71' lang='lat'>48.</span> <span class='ocrx_word' id='word_1_363' title='bbox 492 1298 530 1323; x_wconf 87' lang='lat'>19.</span> <span class='ocrx_word' id='word_1_364' title='bbox 570 1296 611 1322; x_wconf 90' lang='grc'><em>111.</em></span> <span class='ocrx_word' id='word_1_365' title='bbox 632 1297 698 1323; x_wconf 72' lang='lat'>(¹11.</span> <span class='ocrx_word' id='word_1_366' title='bbox 726 1294 820 1327; x_wconf 74' lang='lat' dir='ltr'>Iudex.</span> <span class='ocrx_word' id='word_1_367' title='bbox 841 1296 885 1331; x_wconf 92' lang='lat' dir='ltr'>qui</span> <span class='ocrx_word' id='word_1_368' title='bbox 905 1295 930 1321; x_wconf 92' lang='lat' dir='ltr'>in</span> <span class='ocrx_word' id='word_1_369' title='bbox 950 1299 1028 1331; x_wconf 85' lang='lat' dir='ltr'>caput</span> <span class='ocrx_word' id='word_1_370' title='bbox 1047 1293 1128 1321; x_wconf 86' lang='lat' dir='ltr'>fortn-</span> 
     </span>
     <span class='ocr_line' id='line_1_34' title="bbox 287 1336 1126 1377; baseline -0.004 -11"><span class='ocrx_word' id='word_1_371' title='bbox 287 1350 387 1377; x_wconf 86' lang='lat' dir='ltr'>nasque</span> <span class='ocrx_word' id='word_1_372' title='bbox 406 1339 519 1366; x_wconf 84' lang='lat' dir='ltr'>hominis</span> <span class='ocrx_word' id='word_1_373' title='bbox 540 1340 676 1376; x_wconf 86' lang='lat' dir='ltr'>pecuniam</span> <span class='ocrx_word' id='word_1_374' title='bbox 695 1339 803 1375; x_wconf 84' lang='lat' dir='ltr'>accepit.</span> <span class='ocrx_word' id='word_1_375' title='bbox 831 1337 904 1364; x_wconf 77' lang='lat' dir='ltr'>Paul.</span> <span class='ocrx_word' id='word_1_376' title='bbox 924 1336 956 1364; x_wconf 76' lang='lat' dir='ltr'>V.</span> <span class='ocrx_word' id='word_1_377' title='bbox 976 1339 1018 1364; x_wconf 86' lang='grc'>23.</span> <span class='ocrx_word' id='word_1_378' title='bbox 1043 1337 1126 1371; x_wconf 91' lang='lat'>5.10.</span> 
     </span>
     <span class='ocr_line' id='line_1_35' title="bbox 288 1380 1126 1421; baseline -0.004 -11"><span class='ocrx_word' id='word_1_379' title='bbox 288 1383 382 1421; x_wconf 75' lang='lat' dir='ltr'>Capite</span> <span class='ocrx_word' id='word_1_380' title='bbox 402 1393 430 1409; x_wconf 82' lang='lat' dir='ltr'>ac</span> <span class='ocrx_word' id='word_1_381' title='bbox 450 1383 574 1418; x_wconf 69' lang='lat' dir='ltr'>sangnine</span> <span class='ocrx_word' id='word_1_382' title='bbox 593 1383 646 1408; x_wconf 88' lang='lat' dir='ltr'>sint</span> <span class='ocrx_word' id='word_1_383' title='bbox 665 1381 795 1418; x_wconf 84' lang='lat' dir='ltr'>supplicia</span> <span class='ocrx_word' id='word_1_384' title='bbox 814 1380 913 1407; x_wconf 87' lang='lat' dir='ltr'>luituri.</span> <span class='ocrx_word' id='word_1_385' title='bbox 945 1380 995 1407; x_wconf 91' lang='lat' dir='ltr'>Th.</span> <span class='ocrx_word' id='word_1_386' title='bbox 1011 1380 1041 1407; x_wconf 90' lang='lat' dir='ltr'>C.</span> <span class='ocrx_word' id='word_1_387' title='bbox 1055 1380 1126 1407; x_wconf 69' lang='lat' dir='ltr'>XVI.</span> 
     </span>
     <span class='ocr_line' id='line_1_36' title="bbox 291 1424 1125 1461; baseline -0.004 -8"><span class='ocrx_word' id='word_1_388' title='bbox 291 1428 311 1452; x_wconf 94' lang='lat' dir='ltr'>l.</span> <span class='ocrx_word' id='word_1_389' title='bbox 331 1437 352 1453; x_wconf 94' lang='lat' dir='ltr'>c.</span> <span class='ocrx_word' id='word_1_390' title='bbox 373 1428 395 1452; x_wconf 86' lang='lat'>4.</span> <span class='ocrx_word' id='word_1_391' title='bbox 421 1425 452 1452; x_wconf 77' lang='lat' dir='ltr'>de</span> <span class='ocrx_word' id='word_1_392' title='bbox 472 1425 523 1451; x_wconf 86' lang='lat' dir='ltr'>fide</span> <span class='ocrx_word' id='word_1_393' title='bbox 543 1425 638 1452; x_wconf 85' lang='lat' dir='ltr'>cathol.</span> <span class='ocrx_word' id='word_1_394' title='bbox 663 1424 734 1451; x_wconf 63' lang='lat' dir='ltr'>xt‘l.</span> <span class='ocrx_word' id='word_1_395' title='bbox 754 1426 777 1451; x_wconf 85' lang='lat'>4.</span> <span class='ocrx_word' id='word_1_396' title='bbox 803 1435 824 1451; x_wconf 88' lang='lat' dir='ltr'>c.</span> <span class='ocrx_word' id='word_1_397' title='bbox 846 1426 868 1450; x_wconf 92' lang='grc'>1.</span> <span class='ocrx_word' id='word_1_398' title='bbox 894 1424 926 1450; x_wconf 84' lang='lat' dir='ltr'>de</span> <span class='ocrx_word' id='word_1_399' title='bbox 952 1424 978 1450; x_wconf 95' lang='grc'>11.</span> <span class='ocrx_word' id='word_1_400' title='bbox 1004 1434 1046 1461; x_wconf 90' lang='lat' dir='ltr'>qu.</span> <span class='ocrx_word' id='word_1_401' title='bbox 1067 1434 1125 1461; x_wconf 86' lang='lat' dir='ltr'>sup.</span> 
     </span>
     <span class='ocr_line' id='line_1_37' title="bbox 288 1467 1126 1505; baseline -0.002 -10"><span class='ocrx_word' id='word_1_402' title='bbox 288 1469 360 1505; x_wconf 78' lang='lat' dir='ltr'>relig.</span> <span class='ocrx_word' id='word_1_403' title='bbox 398 1468 526 1498; x_wconf 84' lang='lat' dir='ltr'>Crimina.</span> <span class='ocrx_word' id='word_1_404' title='bbox 552 1478 618 1505; x_wconf 83' lang='lat' dir='ltr'>quae</span> <span class='ocrx_word' id='word_1_405' title='bbox 642 1469 727 1505; x_wconf 81' lang='lat' dir='ltr'>capite</span> <span class='ocrx_word' id='word_1_406' title='bbox 751 1467 926 1494; x_wconf 78' lang='lat' dir='ltr'>vindicantur.</span> <span class='ocrx_word' id='word_1_407' title='bbox 957 1467 995 1494; x_wconf 88' lang='lat' dir='ltr'>lb.</span> <span class='ocrx_word' id='word_1_408' title='bbox 1015 1467 1060 1494; x_wconf 81' lang='lat' dir='ltr'>IX.</span> <span class='ocrx_word' id='word_1_409' title='bbox 1083 1468 1126 1494; x_wconf 74' lang='grc'>38,</span> 
     </span>
     <span class='ocr_line' id='line_1_38' title="bbox 289 1509 1126 1548; baseline -0.004 -9"><span class='ocrx_word' id='word_1_410' title='bbox 289 1523 310 1539; x_wconf 86' lang='grc'>0.</span> <span class='ocrx_word' id='word_1_411' title='bbox 329 1515 353 1538; x_wconf 84' lang='grc'>2.</span> <span class='ocrx_word' id='word_1_412' title='bbox 379 1511 411 1538; x_wconf 84' lang='lat' dir='ltr'>de</span> <span class='ocrx_word' id='word_1_413' title='bbox 434 1511 532 1548; x_wconf 80' lang='lat' dir='ltr'>indulg.</span> <span class='ocrx_word' id='word_1_414' title='bbox 559 1513 630 1538; x_wconf 88' lang='lat' dir='ltr'>crim.</span> <span class='ocrx_word' id='word_1_415' title='bbox 667 1511 798 1538; x_wconf 82' lang='lat' dir='ltr'>Meruerat</span> <span class='ocrx_word' id='word_1_416' title='bbox 817 1511 910 1548; x_wconf 88' lang='lat' dir='ltr'>capitis</span> <span class='ocrx_word' id='word_1_417' title='bbox 933 1520 1059 1547; x_wconf 80' lang='lat' dir='ltr'>poenam,</span> <span class='ocrx_word' id='word_1_418' title='bbox 1083 1509 1126 1537; x_wconf 87' lang='lat' dir='ltr'>be-</span> 
     </span>
     <span class='ocr_line' id='line_1_39' title="bbox 287 1552 1125 1592; baseline -0.002 -11"><span class='ocrx_word' id='word_1_419' title='bbox 287 1556 391 1592; x_wconf 79' lang='lat' dir='ltr'>nignius</span> <span class='ocrx_word' id='word_1_420' title='bbox 411 1560 494 1581; x_wconf 82' lang='lat' dir='ltr'>autem</span> <span class='ocrx_word' id='word_1_421' title='bbox 514 1556 622 1592; x_wconf 84' lang='lat' dir='ltr'>punitus</span> <span class='ocrx_word' id='word_1_422' title='bbox 643 1559 690 1581; x_wconf 84' lang='lat' dir='ltr'>est.</span> <span class='ocrx_word' id='word_1_423' title='bbox 719 1554 750 1581; x_wconf 86' lang='lat' dir='ltr'>fr.</span> <span class='ocrx_word' id='word_1_424' title='bbox 771 1556 810 1580; x_wconf 87' lang='lat'>15.</span> <span class='ocrx_word' id='word_1_425' title='bbox 836 1553 868 1580; x_wconf 84' lang='lat' dir='ltr'>de</span> <span class='ocrx_word' id='word_1_426' title='bbox 891 1553 953 1579; x_wconf 91' lang='lat' dir='ltr'>bon.</span> <span class='ocrx_word' id='word_1_427' title='bbox 978 1552 1064 1579; x_wconf 83' lang='lat' dir='ltr'>libert.</span> <span class='ocrx_word' id='word_1_428' title='bbox 1084 1554 1125 1579; x_wconf 82' lang='lat'>38.</span> 
     </span>
     <span class='ocr_line' id='line_1_40' title="bbox 287 1596 1125 1636; baseline -0.001 -12"><span class='ocrx_word' id='word_1_429' title='bbox 287 1601 310 1625; x_wconf 84' lang='grc'>2.</span> <span class='ocrx_word' id='word_1_430' title='bbox 347 1597 376 1624; x_wconf 90' lang='lat' dir='ltr'>In</span> <span class='ocrx_word' id='word_1_431' title='bbox 396 1603 473 1636; x_wconf 83' lang='lat' dir='ltr'>caput</span> <span class='ocrx_word' id='word_1_432' title='bbox 492 1599 557 1624; x_wconf 84' lang='lat' dir='ltr'>civis</span> <span class='ocrx_word' id='word_1_433' title='bbox 577 1598 608 1625; x_wconf 84' lang='lat' dir='ltr'>R.</span> <span class='ocrx_word' id='word_1_434' title='bbox 629 1597 843 1625; x_wconf 80' lang='lat' dir='ltr'>animadvertere.</span> <span class='ocrx_word' id='word_1_435' title='bbox 870 1596 901 1623; x_wconf 84' lang='lat' dir='ltr'>fr.</span> <span class='ocrx_word' id='word_1_436' title='bbox 921 1598 945 1623; x_wconf 87' lang='grc'>2.</span> <span class='ocrx_word' id='word_1_437' title='bbox 965 1596 1064 1630; x_wconf 74' lang='lat'>5516.</span> <span class='ocrx_word' id='word_1_438' title='bbox 1086 1597 1125 1623; x_wconf 71' lang='lat'>18.</span> 
     </span>
     <span class='ocr_line' id='line_1_41' title="bbox 288 1641 1125 1674; baseline -0.002 -6"><span class='ocrx_word' id='word_1_439' title='bbox 288 1641 320 1668; x_wconf 86' lang='lat' dir='ltr'>dc</span> <span class='ocrx_word' id='word_1_440' title='bbox 339 1641 372 1668; x_wconf 92' lang='grc' dir='ltr'>Ο.</span> <span class='ocrx_word' id='word_1_441' title='bbox 393 1641 410 1667; x_wconf 93' lang='lat' dir='ltr'>I.</span> <span class='ocrx_word' id='word_1_442' title='bbox 433 1643 453 1667; x_wconf 96' lang='lat'>1.</span> <span class='ocrx_word' id='word_1_443' title='bbox 473 1643 498 1667; x_wconf 82' lang='lat'>2.</span> <span class='ocrx_word' id='word_1_444' title='bbox 527 1658 559 1661; x_wconf 97' lang='lat'><strong>—</strong></span> <span class='ocrx_word' id='word_1_445' title='bbox 590 1642 621 1674; x_wconf 85' lang='lat'>§.</span> <span class='ocrx_word' id='word_1_446' title='bbox 643 1643 680 1669; x_wconf 81' lang='lat'>5.</span> <span class='ocrx_word' id='word_1_447' title='bbox 709 1643 787 1668; x_wconf 83' lang='lat' dir='ltr'>lura</span> <span class='ocrx_word' id='word_1_448' title='bbox 813 1641 953 1667; x_wconf 74' lang='lat' dir='ltr'>hominis</span> <span class='ocrx_word' id='word_1_449' title='bbox 976 1641 1067 1666; x_wconf 80' lang='lat' dir='ltr'>circa</span> <span class='ocrx_word' id='word_1_450' title='bbox 1086 1642 1125 1666; x_wconf 82' lang='lat' dir='ltr'>Ii-</span> 
     </span>
     <span class='ocr_line' id='line_1_42' title="bbox 287 1681 1124 1718; baseline -0.004 -7"><span class='ocrx_word' id='word_1_451' title='bbox 287 1687 439 1712; x_wconf 79' lang='lat' dir='ltr'>bertatem</span> <span class='ocrx_word' id='word_1_452' title='bbox 458 1690 485 1711; x_wconf 80' lang='lat' dir='ltr'>et</span> <span class='ocrx_word' id='word_1_453' title='bbox 505 1686 684 1711; x_wconf 74' lang='lat' dir='ltr'>civitatem.</span> <span class='ocrx_word' id='word_1_454' title='bbox 721 1683 739 1710; x_wconf 93' lang='lat' dir='ltr'>I.</span> <span class='ocrx_word' id='word_1_455' title='bbox 759 1685 820 1718; x_wconf 76' lang='lat' dir='ltr'>Sy.</span> <span class='ocrx_word' id='word_1_456' title='bbox 849 1682 948 1709; x_wconf 70' lang='lat' dir='ltr'>Status.</span> <span class='ocrx_word' id='word_1_457' title='bbox 969 1681 1000 1708; x_wconf 72' lang='grc'>11.</span> <span class='ocrx_word' id='word_1_458' title='bbox 1019 1684 1044 1709; x_wconf 88' lang='lat'>3.</span> <span class='ocrx_word' id='word_1_459' title='bbox 1064 1683 1124 1716; x_wconf 91' lang='lat'>5.1.</span> 
     </span>
     <span class='ocr_line' id='line_1_43' title="bbox 288 1724 1124 1764; baseline -0.004 -10"><span class='ocrx_word' id='word_1_460' title='bbox 288 1727 318 1754; x_wconf 76' lang='lat' dir='ltr'>fr.</span> <span class='ocrx_word' id='word_1_461' title='bbox 337 1730 361 1754; x_wconf 80' lang='lat'>4.</span> <span class='ocrx_word' id='word_1_462' title='bbox 382 1727 414 1754; x_wconf 83' lang='lat' dir='ltr'>de</span> <span class='ocrx_word' id='word_1_463' title='bbox 433 1737 488 1764; x_wconf 88' lang='lat' dir='ltr'>cap.</span> <span class='ocrx_word' id='word_1_464' title='bbox 508 1728 599 1754; x_wconf 90' lang='lat' dir='ltr'>minut.</span> <span class='ocrx_word' id='word_1_465' title='bbox 619 1729 643 1754; x_wconf 86' lang='lat'>4.</span> <span class='ocrx_word' id='word_1_466' title='bbox 663 1729 687 1754; x_wconf 89' lang='lat'>5.</span> <span class='ocrx_word' id='word_1_467' title='bbox 716 1726 746 1753; x_wconf 80' lang='lat' dir='ltr'>fr.</span> <span class='ocrx_word' id='word_1_468' title='bbox 766 1728 790 1753; x_wconf 96' lang='lat'>6.</span> <span class='ocrx_word' id='word_1_469' title='bbox 814 1727 836 1760; x_wconf 97' lang='lat'>5.</span> <span class='ocrx_word' id='word_1_470' title='bbox 855 1728 879 1752; x_wconf 79' lang='lat'>2.</span> <span class='ocrx_word' id='word_1_471' title='bbox 905 1725 937 1752; x_wconf 79' lang='lat' dir='ltr'>de</span> <span class='ocrx_word' id='word_1_472' title='bbox 963 1724 1030 1751; x_wconf 83' lang='lat' dir='ltr'>usus.</span> <span class='ocrx_word' id='word_1_473' title='bbox 1055 1725 1124 1752; x_wconf 86' lang='lat' dir='ltr'>adcr.</span> 
     </span>
     <span class='ocr_line' id='line_1_44' title="bbox 288 1767 1126 1807; baseline -0.004 -10"><span class='ocrx_word' id='word_1_474' title='bbox 288 1772 311 1797; x_wconf 89' lang='lat'>7.</span> <span class='ocrx_word' id='word_1_475' title='bbox 330 1773 355 1797; x_wconf 87' lang='lat'>2.</span> <span class='ocrx_word' id='word_1_476' title='bbox 391 1770 442 1797; x_wconf 87' lang='lat' dir='ltr'>Pro</span> <span class='ocrx_word' id='word_1_477' title='bbox 463 1771 547 1807; x_wconf 84' lang='lat' dir='ltr'>capite</span> <span class='ocrx_word' id='word_1_478' title='bbox 566 1780 626 1803; x_wconf 75' lang='lat' dir='ltr'>suo,</span> <span class='ocrx_word' id='word_1_479' title='bbox 649 1770 701 1797; x_wconf 88' lang='lat' dir='ltr'>Pro</span> <span class='ocrx_word' id='word_1_480' title='bbox 721 1770 842 1796; x_wconf 83' lang='lat' dir='ltr'>libertate</span> <span class='ocrx_word' id='word_1_481' title='bbox 862 1768 949 1802; x_wconf 83' lang='lat' dir='ltr'>(dare.</span> <span class='ocrx_word' id='word_1_482' title='bbox 985 1767 1076 1795; x_wconf 87' lang='lat' dir='ltr'>Pactio</span> <span class='ocrx_word' id='word_1_483' title='bbox 1096 1767 1126 1794; x_wconf 88' lang='lat' dir='ltr'>li·</span> 
     </span>
     <span class='ocr_line' id='line_1_45' title="bbox 287 1810 1125 1851; baseline -0.002 -12"><span class='ocrx_word' id='word_1_484' title='bbox 287 1813 423 1847; x_wconf 87' lang='lat' dir='ltr'>bertatis).</span> <span class='ocrx_word' id='word_1_485' title='bbox 452 1813 483 1839; x_wconf 80' lang='lat' dir='ltr'>fr.</span> <span class='ocrx_word' id='word_1_486' title='bbox 504 1815 544 1839; x_wconf 95' lang='lat'>11.</span> <span class='ocrx_word' id='word_1_487' title='bbox 564 1813 586 1847; x_wconf 89' lang='lat'>5.</span> <span class='ocrx_word' id='word_1_488' title='bbox 608 1815 629 1839; x_wconf 95' lang='lat' dir='ltr'>l.</span> <span class='ocrx_word' id='word_1_489' title='bbox 650 1813 683 1840; x_wconf 88' lang='lat' dir='ltr'>de</span> <span class='ocrx_word' id='word_1_490' title='bbox 701 1812 787 1851; x_wconf 86' lang='lat' dir='ltr'>pecul.</span> <span class='ocrx_word' id='word_1_491' title='bbox 809 1814 848 1838; x_wconf 94' lang='lat'>15.</span> <span class='ocrx_word' id='word_1_492' title='bbox 870 1814 891 1838; x_wconf 96' lang='lat' dir='ltr'>l.</span> <span class='ocrx_word' id='word_1_493' title='bbox 921 1811 951 1838; x_wconf 84' lang='lat' dir='ltr'>fr.</span> <span class='ocrx_word' id='word_1_494' title='bbox 972 1812 1012 1838; x_wconf 89' lang='lat'>16.</span> <span class='ocrx_word' id='word_1_495' title='bbox 1032 1821 1071 1848; x_wconf 88' lang='lat' dir='ltr'>pr.</span> <span class='ocrx_word' id='word_1_496' title='bbox 1092 1810 1125 1838; x_wconf 83' lang='lat' dir='ltr'>de</span> 
     </span>
     <span class='ocr_line' id='line_1_46' title="bbox 289 1855 1124 1893; baseline -0.001 -11"><span class='ocrx_word' id='word_1_497' title='bbox 289 1856 372 1893; x_wconf 85' lang='lat' dir='ltr'>pecul.</span> <span class='ocrx_word' id='word_1_498' title='bbox 394 1856 441 1892; x_wconf 79' lang='lat' dir='ltr'>leg.</span> <span class='ocrx_word' id='word_1_499' title='bbox 460 1857 501 1882; x_wconf 86' lang='lat'>33.</span> <span class='ocrx_word' id='word_1_500' title='bbox 521 1858 545 1882; x_wconf 82' lang='lat'>8.</span> <span class='ocrx_word' id='word_1_501' title='bbox 566 1855 596 1882; x_wconf 86' lang='lat' dir='ltr'>sr.</span> <span class='ocrx_word' id='word_1_502' title='bbox 615 1858 639 1882; x_wconf 87' lang='grc'>2.</span> <span class='ocrx_word' id='word_1_503' title='bbox 659 1857 735 1890; x_wconf 84' lang='lat'>§.14.</span> <span class='ocrx_word' id='word_1_504' title='bbox 755 1856 785 1882; x_wconf 78' lang='lat' dir='ltr'>fr.</span> <span class='ocrx_word' id='word_1_505' title='bbox 799 1857 822 1882; x_wconf 90' lang='lat'>9.</span> <span class='ocrx_word' id='word_1_506' title='bbox 837 1865 876 1892; x_wconf 85' lang='lat' dir='ltr'>sq.</span> <span class='ocrx_word' id='word_1_507' title='bbox 895 1865 944 1892; x_wconf 89' lang='lat' dir='ltr'>pro</span> <span class='ocrx_word' id='word_1_508' title='bbox 964 1859 1024 1881; x_wconf 87' lang='lat' dir='ltr'>emt.</span> <span class='ocrx_word' id='word_1_509' title='bbox 1044 1856 1085 1881; x_wconf 89' lang='lat'>41.</span> <span class='ocrx_word' id='word_1_510' title='bbox 1100 1857 1124 1882; x_wconf 88' lang='lat'>6.</span> 
     </span>
     <span class='ocr_line' id='line_1_47' title="bbox 288 1897 1126 1936; baseline -0.001 -11"><span class='ocrx_word' id='word_1_511' title='bbox 288 1898 403 1931; x_wconf 74' lang='lat' dir='ltr'>Poenae⁷</span> <span class='ocrx_word' id='word_1_512' title='bbox 427 1909 474 1936; x_wconf 89' lang='lat' dir='ltr'>per</span> <span class='ocrx_word' id='word_1_513' title='bbox 492 1908 557 1935; x_wconf 86' lang='lat' dir='ltr'>quas</span> <span class='ocrx_word' id='word_1_514' title='bbox 576 1900 699 1926; x_wconf 82' lang='lat' dir='ltr'>eximitur</span> <span class='ocrx_word' id='word_1_515' title='bbox 718 1903 795 1936; x_wconf 84' lang='lat' dir='ltr'>caput</span> <span class='ocrx_word' id='word_1_516' title='bbox 815 1898 847 1925; x_wconf 85' lang='lat' dir='ltr'>de</span> <span class='ocrx_word' id='word_1_517' title='bbox 867 1899 979 1925; x_wconf 88' lang='lat' dir='ltr'>civitate.</span> <span class='ocrx_word' id='word_1_518' title='bbox 1018 1897 1126 1936; x_wconf 83' lang='lat' dir='ltr'>Capita·</span> 
     </span>
     <span class='ocr_line' id='line_1_48' title="bbox 289 1941 1125 1980; baseline -0.001 -11"><span class='ocrx_word' id='word_1_519' title='bbox 289 1942 327 1969; x_wconf 89' lang='lat' dir='ltr'>les</span> <span class='ocrx_word' id='word_1_520' title='bbox 347 1952 454 1980; x_wconf 79' lang='lat' dir='ltr'>poenae.</span> <span class='ocrx_word' id='word_1_521' title='bbox 479 1941 508 1968; x_wconf 85' lang='lat' dir='ltr'>fr.</span> <span class='ocrx_word' id='word_1_522' title='bbox 528 1944 552 1968; x_wconf 79' lang='lat'>2.</span> <span class='ocrx_word' id='word_1_523' title='bbox 573 1941 605 1968; x_wconf 90' lang='lat' dir='ltr'>de</span> <span class='ocrx_word' id='word_1_524' title='bbox 624 1941 695 1979; x_wconf 86' lang='lat' dir='ltr'>publ.</span> <span class='ocrx_word' id='word_1_525' title='bbox 717 1941 795 1968; x_wconf 87' lang='lat' dir='ltr'>indic.</span> <span class='ocrx_word' id='word_1_526' title='bbox 815 1942 856 1968; x_wconf 84' lang='lat'>48.</span> <span class='ocrx_word' id='word_1_527' title='bbox 878 1943 900 1967; x_wconf 94' lang='lat' dir='ltr'>l.</span> <span class='ocrx_word' id='word_1_528' title='bbox 938 1941 980 1968; x_wconf 88' lang='lat'>111.</span> <span class='ocrx_word' id='word_1_529' title='bbox 1002 1942 1067 1969; x_wconf 80' lang='lat' dir='ltr'>Cn.</span> <span class='ocrx_word' id='word_1_530' title='bbox 1096 1941 1125 1968; x_wconf 91' lang='grc'>111</span> 
     </span>
    </p>
   </div>
   <div class='ocr_carea' id='block_1_19' title="bbox 289 1983 1148 2065">
    <p class='ocr_par' dir='ltr' id='par_1_19' title="bbox 289 1983 1148 2065">
     <span class='ocr_line' id='line_1_49' title="bbox 289 1983 1148 2021; baseline 0 -10"><span class='ocrx_word' id='word_1_531' title='bbox 289 1996 344 2012; x_wconf 92' lang='lat' dir='ltr'>eam</span> <span class='ocrx_word' id='word_1_532' title='bbox 363 1996 466 2011; x_wconf 88' lang='lat' dir='ltr'>causam</span> <span class='ocrx_word' id='word_1_533' title='bbox 486 1984 609 2017; x_wconf 77' lang='lat' dir='ltr'>alienata.</span> <span class='ocrx_word' id='word_1_534' title='bbox 634 1994 700 2021; x_wconf 85' lang='lat' dir='ltr'>quae</span> <span class='ocrx_word' id='word_1_535' title='bbox 718 1994 766 2021; x_wconf 89' lang='lat' dir='ltr'>pro</span> <span class='ocrx_word' id='word_1_536' title='bbox 787 1985 873 2021; x_wconf 84' lang='lat' dir='ltr'>capite</span> <span class='ocrx_word' id='word_1_537' title='bbox 892 1985 961 2010; x_wconf 77' lang='lat' dir='ltr'>servi</span> <span class='ocrx_word' id='word_1_538' title='bbox 980 1983 1047 2010; x_wconf 83' lang='lat' dir='ltr'>sacta</span> <span class='ocrx_word' id='word_1_539' title='bbox 1067 1994 1126 2021; x_wconf 86' lang='lat' dir='ltr'>pro·</span> <span class='ocrx_word' id='word_1_540' title='bbox 1146 1993 1148 1998; x_wconf 60' lang='lat'>‘</span> 
     </span>
     <span class='ocr_line' id='line_1_50' title="bbox 290 2026 1148 2065; baseline 0 -11"><span class='ocrx_word' id='word_1_541' title='bbox 290 2033 438 2065; x_wconf 75' lang='lat' dir='ltr'>poneretur.</span> <span class='ocrx_word' id='word_1_542' title='bbox 459 2028 488 2054; x_wconf 77' lang='lat' dir='ltr'>fr.</span> <span class='ocrx_word' id='word_1_543' title='bbox 508 2030 549 2054; x_wconf 82' lang='lat'>50.</span> <span class='ocrx_word' id='word_1_544' title='bbox 569 2028 590 2062; x_wconf 89' lang='lat'>5.</span> <span class='ocrx_word' id='word_1_545' title='bbox 611 2029 635 2054; x_wconf 85' lang='lat'>3.</span> <span class='ocrx_word' id='word_1_546' title='bbox 656 2027 688 2054; x_wconf 91' lang='lat' dir='ltr'>de</span> <span class='ocrx_word' id='word_1_547' title='bbox 706 2026 792 2064; x_wconf 87' lang='lat' dir='ltr'>pecul.</span> <span class='ocrx_word' id='word_1_548' title='bbox 813 2029 852 2053; x_wconf 90' lang='lat'>15.</span> <span class='ocrx_word' id='word_1_549' title='bbox 874 2029 895 2053; x_wconf 94' lang='lat' dir='ltr'>l.</span> <span class='ocrx_word' id='word_1_550' title='bbox 933 2026 1013 2059; x_wconf 76' lang='lat' dir='ltr'>Mori,</span> <span class='ocrx_word' id='word_1_551' title='bbox 1034 2037 1055 2054; x_wconf 91' lang='lat' dir='ltr'>s.</span> <span class='ocrx_word' id='word_1_552' title='bbox 1075 2028 1126 2054; x_wconf 86' lang='lat' dir='ltr'>De·</span> <span class='ocrx_word' id='word_1_553' title='bbox 1146 2039 1148 2045; x_wconf 47' lang='lat'><em>*</em></span> 
     </span>
    </p>
   </div>
   <div class='ocr_carea' id='block_1_20' title="bbox 290 2069 1125 2366">
    <p class='ocr_par' dir='ltr' id='par_1_20' title="bbox 290 2069 1125 2366">
     <span class='ocr_line' id='line_1_51' title="bbox 290 2069 1124 2108; baseline 0 -11"><span class='ocrx_word' id='word_1_554' title='bbox 290 2071 395 2101; x_wconf 86' lang='lat' dir='ltr'>cedere.</span> <span class='ocrx_word' id='word_1_555' title='bbox 420 2071 461 2097; x_wconf 89' lang='lat' dir='ltr'>vel</span> <span class='ocrx_word' id='word_1_556' title='bbox 487 2072 571 2108; x_wconf 85' lang='lat' dir='ltr'>capite</span> <span class='ocrx_word' id='word_1_557' title='bbox 596 2070 718 2097; x_wconf 86' lang='lat' dir='ltr'>deminui.</span> <span class='ocrx_word' id='word_1_558' title='bbox 748 2070 804 2097; x_wconf 86' lang='lat' dir='ltr'>Gai.</span> <span class='ocrx_word' id='word_1_559' title='bbox 824 2070 842 2096; x_wconf 95' lang='lat'>1.</span> <span class='ocrx_word' id='word_1_560' title='bbox 865 2072 921 2096; x_wconf 87' lang='lat'>170.</span> <span class='ocrx_word' id='word_1_561' title='bbox 951 2069 1011 2107; x_wconf 74' lang='lat' dir='ltr'>le.</span> <span class='ocrx_word' id='word_1_562' title='bbox 1030 2069 1075 2097; x_wconf 79' lang='lat' dir='ltr'>XI.</span> <span class='ocrx_word' id='word_1_563' title='bbox 1101 2072 1124 2097; x_wconf 90' lang='lat'>7.</span> 
     </span>
     <span class='ocr_line' id='line_1_52' title="bbox 290 2113 1125 2151; baseline -0.002 -10"><span class='ocrx_word' id='word_1_564' title='bbox 290 2114 319 2140; x_wconf 83' lang='lat' dir='ltr'>sr.</span> <span class='ocrx_word' id='word_1_565' title='bbox 341 2116 362 2141; x_wconf 90' lang='lat'>1.</span> <span class='ocrx_word' id='word_1_566' title='bbox 382 2115 414 2141; x_wconf 84' lang='lat' dir='ltr'>de</span> <span class='ocrx_word' id='word_1_567' title='bbox 433 2125 481 2141; x_wconf 89' lang='lat' dir='ltr'>usu</span> <span class='ocrx_word' id='word_1_568' title='bbox 502 2119 527 2140; x_wconf 87' lang='lat' dir='ltr'>et</span> <span class='ocrx_word' id='word_1_569' title='bbox 547 2114 614 2140; x_wconf 76' lang='lat' dir='ltr'>usus.</span> <span class='ocrx_word' id='word_1_570' title='bbox 634 2113 683 2150; x_wconf 79' lang='lat' dir='ltr'>leg.</span> <span class='ocrx_word' id='word_1_571' title='bbox 703 2115 745 2140; x_wconf 88' lang='lat'>33.</span> <span class='ocrx_word' id='word_1_572' title='bbox 764 2116 789 2140; x_wconf 86' lang='lat'>2.</span> <span class='ocrx_word' id='word_1_573' title='bbox 828 2113 909 2140; x_wconf 82' lang='lat' dir='ltr'>Civili</span> <span class='ocrx_word' id='word_1_574' title='bbox 933 2114 1034 2139; x_wconf 85' lang='lat' dir='ltr'>ratione</span> <span class='ocrx_word' id='word_1_575' title='bbox 1058 2114 1125 2151; x_wconf 87' lang='lat' dir='ltr'>capi-</span> 
     </span>
     <span class='ocr_line' id='line_1_53' title="bbox 290 2155 1124 2194; baseline 0 -11"><span class='ocrx_word' id='word_1_576' title='bbox 290 2158 324 2183; x_wconf 89' lang='lat' dir='ltr'>tis</span> <span class='ocrx_word' id='word_1_577' title='bbox 343 2157 486 2184; x_wconf 78' lang='lat' dir='ltr'>deminutio</span> <span class='ocrx_word' id='word_1_578' title='bbox 509 2159 587 2184; x_wconf 90' lang='lat' dir='ltr'>morti</span> <span class='ocrx_word' id='word_1_579' title='bbox 612 2156 836 2194; x_wconf 85' lang='lat' dir='ltr'>(aequiparatur).</span> <span class='ocrx_word' id='word_1_580' title='bbox 866 2155 923 2183; x_wconf 79' lang='lat' dir='ltr'>Gai.</span> <span class='ocrx_word' id='word_1_581' title='bbox 942 2156 985 2183; x_wconf 84' lang='lat'>111.</span> <span class='ocrx_word' id='word_1_582' title='bbox 1007 2158 1063 2183; x_wconf 84' lang='lat'>153.</span> <span class='ocrx_word' id='word_1_583' title='bbox 1092 2156 1124 2183; x_wconf 79' lang='lat' dir='ltr'>cf.</span> 
     </span>
     <span class='ocr_line' id='line_1_54' title="bbox 290 2198 1125 2236; baseline 0 -11"><span class='ocrx_word' id='word_1_584' title='bbox 290 2201 347 2226; x_wconf 86' lang='lat'>100.</span> <span class='ocrx_word' id='word_1_585' title='bbox 367 2209 406 2236; x_wconf 84' lang='lat' dir='ltr'>sq.</span> <span class='ocrx_word' id='word_1_586' title='bbox 444 2200 506 2227; x_wconf 89' lang='lat' dir='ltr'>Sive</span> <span class='ocrx_word' id='word_1_587' title='bbox 530 2202 670 2227; x_wconf 82' lang='lat' dir='ltr'>amissione</span> <span class='ocrx_word' id='word_1_588' title='bbox 695 2201 821 2231; x_wconf 85' lang='lat' dir='ltr'>civitatis,</span> <span class='ocrx_word' id='word_1_589' title='bbox 846 2200 902 2225; x_wconf 83' lang='lat' dir='ltr'>sive</span> <span class='ocrx_word' id='word_1_590' title='bbox 925 2198 1068 2232; x_wconf 85' lang='lat' dir='ltr'>libertatis,</span> <span class='ocrx_word' id='word_1_591' title='bbox 1092 2215 1125 2219; x_wconf 96' lang='lat'><strong>—</strong></span> 
     </span>
     <span class='ocr_line' id='line_1_55' title="bbox 290 2241 1124 2281; baseline 0 -13"><span class='ocrx_word' id='word_1_592' title='bbox 290 2243 422 2279; x_wconf 81' lang='lat' dir='ltr'>contingat</span> <span class='ocrx_word' id='word_1_593' title='bbox 442 2245 534 2281; x_wconf 82' lang='lat' dir='ltr'>eapitis</span> <span class='ocrx_word' id='word_1_594' title='bbox 558 2244 710 2272; x_wconf 62' lang='lat' dir='ltr'>‹loininutio</span> <span class='ocrx_word' id='word_1_595' title='bbox 742 2242 771 2269; x_wconf 88' lang='lat' dir='ltr'>fr.</span> <span class='ocrx_word' id='word_1_596' title='bbox 791 2245 816 2269; x_wconf 86' lang='lat'>2.</span> <span class='ocrx_word' id='word_1_597' title='bbox 836 2252 875 2279; x_wconf 90' lang='lat' dir='ltr'>pr.</span> <span class='ocrx_word' id='word_1_598' title='bbox 900 2241 930 2268; x_wconf 87' lang='lat' dir='ltr'>fr.</span> <span class='ocrx_word' id='word_1_599' title='bbox 950 2244 974 2268; x_wconf 89' lang='lat'>5.</span> <span class='ocrx_word' id='word_1_600' title='bbox 994 2252 1033 2279; x_wconf 87' lang='lat' dir='ltr'>pr.</span> <span class='ocrx_word' id='word_1_601' title='bbox 1058 2243 1124 2276; x_wconf 94' lang='lat'>5.1.</span> 
     </span>
     <span class='ocr_line' id='line_1_56' title="bbox 302 2285 1124 2324; baseline 0 -12"><span class='ocrx_word' id='word_1_602' title='bbox 302 2296 320 2312; x_wconf 91' lang='lat' dir='ltr'>r.</span> <span class='ocrx_word' id='word_1_603' title='bbox 341 2287 364 2312; x_wconf 81' lang='lat'>7.</span> <span class='ocrx_word' id='word_1_604' title='bbox 385 2287 406 2320; x_wconf 89' lang='lat'>5</span> <span class='ocrx_word' id='word_1_605' title='bbox 426 2288 449 2312; x_wconf 90' lang='lat'>2.</span> <span class='ocrx_word' id='word_1_606' title='bbox 474 2287 506 2313; x_wconf 90' lang='lat' dir='ltr'>de</span> <span class='ocrx_word' id='word_1_607' title='bbox 526 2297 580 2324; x_wconf 84' lang='lat' dir='ltr'>cap.</span> <span class='ocrx_word' id='word_1_608' title='bbox 606 2288 696 2313; x_wconf 90' lang='lat' dir='ltr'>minut.</span> <span class='ocrx_word' id='word_1_609' title='bbox 720 2288 744 2313; x_wconf 71' lang='lat'>4.</span> <span class='ocrx_word' id='word_1_610' title='bbox 765 2288 788 2312; x_wconf 87' lang='lat'>5.</span> <span class='ocrx_word' id='word_1_611' title='bbox 831 2285 955 2318; x_wconf 78' lang='lat' dir='ltr'>Maxima,</span> <span class='ocrx_word' id='word_1_612' title='bbox 979 2301 1011 2305; x_wconf 88' lang='lat'>—</span> <span class='ocrx_word' id='word_1_613' title='bbox 1031 2285 1124 2318; x_wconf 79' lang='lat' dir='ltr'>Media,</span> 
     </span>
     <span class='ocr_line' id='line_1_57' title="bbox 290 2328 1124 2366; baseline -0.001 -10"><span class='ocrx_word' id='word_1_614' title='bbox 290 2329 384 2366; x_wconf 84' lang='lat' dir='ltr'>capitis</span> <span class='ocrx_word' id='word_1_615' title='bbox 403 2328 553 2356; x_wconf 78' lang='lat' dir='ltr'>deminutio.</span> <span class='ocrx_word' id='word_1_616' title='bbox 584 2329 645 2366; x_wconf 65' lang='lat' dir='ltr'>le.</span> <span class='ocrx_word' id='word_1_617' title='bbox 669 2328 713 2356; x_wconf 80' lang='lat' dir='ltr'>XI.</span> <span class='ocrx_word' id='word_1_618' title='bbox 736 2330 774 2355; x_wconf 93' lang='lat' dir='ltr'>ll.</span> <span class='ocrx_word' id='word_1_619' title='bbox 795 2338 834 2365; x_wconf 86' lang='lat' dir='ltr'>sq.</span> <span class='ocrx_word' id='word_1_620' title='bbox 864 2328 921 2355; x_wconf 77' lang='lat' dir='ltr'>Gai.</span> <span class='ocrx_word' id='word_1_621' title='bbox 941 2328 959 2355; x_wconf 91' lang='lat'>1.</span> <span class='ocrx_word' id='word_1_622' title='bbox 987 2330 1044 2355; x_wconf 83' lang='lat'>159.</span> <span class='ocrx_word' id='word_1_623' title='bbox 1065 2338 1124 2366; x_wconf 85' lang='lat' dir='ltr'>sqq.</span> 
     </span>
    </p>
   </div>
   <div class='ocr_carea' id='block_1_21' title="bbox 290 2371 1126 2409">
    <p class='ocr_par' dir='ltr' id='par_1_21' title="bbox 290 2371 1126 2409">
     <span class='ocr_line' id='line_1_58' title="bbox 290 2371 1126 2409; baseline 0 -11"><span class='ocrx_word' id='word_1_624' title='bbox 290 2371 319 2399; x_wconf 79' lang='lat' dir='ltr'>fr.</span> <span class='ocrx_word' id='word_1_625' title='bbox 342 2374 380 2398; x_wconf 92' lang='lat' dir='ltr'>ll.</span> <span class='ocrx_word' id='word_1_626' title='bbox 401 2371 417 2399; x_wconf 96' lang='lat' dir='ltr'>l.</span> <span class='ocrx_word' id='word_1_627' title='bbox 438 2372 454 2398; x_wconf 76' lang='lat' dir='ltr'>l.</span> <span class='ocrx_word' id='word_1_628' title='bbox 479 2374 502 2398; x_wconf 86' lang='lat'>4.</span> <span class='ocrx_word' id='word_1_629' title='bbox 522 2374 545 2398; x_wconf 92' lang='lat'>5.</span> <span class='ocrx_word' id='word_1_630' title='bbox 584 2372 714 2408; x_wconf 80' lang='lat' dir='ltr'>Quotiens</span> <span class='ocrx_word' id='word_1_631' title='bbox 735 2382 825 2408; x_wconf 82' lang='lat' dir='ltr'>magna</span> <span class='ocrx_word' id='word_1_632' title='bbox 845 2372 939 2409; x_wconf 85' lang='lat' dir='ltr'>capitis</span> <span class='ocrx_word' id='word_1_633' title='bbox 959 2372 1069 2399; x_wconf 89' lang='lat' dir='ltr'>minutio</span> <span class='ocrx_word' id='word_1_634' title='bbox 1089 2373 1126 2398; x_wconf 91' lang='lat' dir='ltr'>in-</span> 
     </span>
    </p>
   </div>
   <div class='ocr_carea' id='block_1_22' title="bbox 290 2414 1147 2449">
    <p class='ocr_par' dir='ltr' id='par_1_22' title="bbox 290 2414 1147 2449">
     <span class='ocr_line' id='line_1_59' title="bbox 290 2414 1147 2449; baseline 0 -8"><span class='ocrx_word' id='word_1_635' title='bbox 290 2416 416 2448; x_wconf 80' lang='lat' dir='ltr'>tervenit,</span> <span class='ocrx_word' id='word_1_636' title='bbox 439 2416 455 2442; x_wconf 90' lang='lat' dir='ltr'>i.</span> <span class='ocrx_word' id='word_1_637' title='bbox 476 2426 496 2441; x_wconf 87' lang='lat' dir='ltr'>e.</span> <span class='ocrx_word' id='word_1_638' title='bbox 522 2425 579 2442; x_wconf 90' lang='lat' dir='ltr'>cum</span> <span class='ocrx_word' id='word_1_639' title='bbox 604 2415 710 2441; x_wconf 84' lang='lat' dir='ltr'>libertas</span> <span class='ocrx_word' id='word_1_640' title='bbox 735 2415 864 2441; x_wconf 83' lang='lat' dir='ltr'>adimitur.</span> <span class='ocrx_word' id='word_1_641' title='bbox 898 2414 928 2440; x_wconf 82' lang='lat' dir='ltr'>t&#39;r.</span> <span class='ocrx_word' id='word_1_642' title='bbox 953 2416 976 2441; x_wconf 89' lang='lat'>5.</span> <span class='ocrx_word' id='word_1_643' title='bbox 1000 2416 1022 2449; x_wconf 90' lang='lat'>5.</span> <span class='ocrx_word' id='word_1_644' title='bbox 1042 2417 1066 2442; x_wconf 86' lang='lat'>3.</span> <span class='ocrx_word' id='word_1_645' title='bbox 1093 2415 1125 2441; x_wconf 90' lang='lat' dir='ltr'>de</span> <span class='ocrx_word' id='word_1_646' title='bbox 1146 2429 1147 2436; x_wconf 57' lang='lat'>1</span> 
     </span>
    </p>
   </div>
   <div class='ocr_carea' id='block_1_23' title="bbox 291 2458 1126 2538">
    <p class='ocr_par' dir='ltr' id='par_1_23' title="bbox 291 2458 1126 2538">
     <span class='ocr_line' id='line_1_60' title="bbox 291 2458 1123 2495; baseline 0.001 -12"><span class='ocrx_word' id='word_1_647' title='bbox 291 2463 356 2485; x_wconf 78' lang='lat' dir='ltr'>extr.</span> <span class='ocrx_word' id='word_1_648' title='bbox 376 2468 450 2495; x_wconf 78' lang='lat' dir='ltr'>cogn.</span> <span class='ocrx_word' id='word_1_649' title='bbox 469 2460 510 2484; x_wconf 84' lang='grc'>50.</span> <span class='ocrx_word' id='word_1_650' title='bbox 531 2459 570 2484; x_wconf 84' lang='lat'>13.</span> <span class='ocrx_word' id='word_1_651' title='bbox 608 2458 733 2484; x_wconf 75' lang='lat' dir='ltr'>Iudicium</span> <span class='ocrx_word' id='word_1_652' title='bbox 747 2459 849 2494; x_wconf 88' lang='lat' dir='ltr'>capitis,</span> <span class='ocrx_word' id='word_1_653' title='bbox 869 2459 1035 2494; x_wconf 79' lang='lat' dir='ltr'>pecuniaeve.</span> <span class='ocrx_word' id='word_1_654' title='bbox 1056 2458 1085 2484; x_wconf 79' lang='lat' dir='ltr'>fr.</span> <span class='ocrx_word' id='word_1_655' title='bbox 1101 2460 1123 2485; x_wconf 93' lang='lat'>7.</span> 
     </span>
     <span class='ocr_line' id='line_1_61' title="bbox 291 2500 1126 2538; baseline 0.001 -11"><span class='ocrx_word' id='word_1_656' title='bbox 291 2510 330 2537; x_wconf 87' lang='lat' dir='ltr'>pr.</span> <span class='ocrx_word' id='word_1_657' title='bbox 349 2501 381 2527; x_wconf 84' lang='lat' dir='ltr'>de</span> <span class='ocrx_word' id='word_1_658' title='bbox 400 2501 429 2528; x_wconf 87' lang='lat' dir='ltr'>L.</span> <span class='ocrx_word' id='word_1_659' title='bbox 449 2500 496 2528; x_wconf 91' lang='lat' dir='ltr'>lul.</span> <span class='ocrx_word' id='word_1_660' title='bbox 515 2506 596 2538; x_wconf 81' lang='lat' dir='ltr'>repet.</span> <span class='ocrx_word' id='word_1_661' title='bbox 617 2503 657 2526; x_wconf 72' lang='lat'>48.</span> <span class='ocrx_word' id='word_1_662' title='bbox 674 2503 712 2527; x_wconf 90' lang='lat' dir='ltr'>ll.</span> <span class='ocrx_word' id='word_1_663' title='bbox 749 2501 852 2537; x_wconf 81' lang='lat' dir='ltr'>Capitis</span> <span class='ocrx_word' id='word_1_664' title='bbox 870 2510 954 2538; x_wconf 82' lang='lat' dir='ltr'>poena</span> <span class='ocrx_word' id='word_1_665' title='bbox 973 2500 1063 2538; x_wconf 86' lang='lat' dir='ltr'>plecti,</span> <span class='ocrx_word' id='word_1_666' title='bbox 1082 2506 1126 2528; x_wconf 87' lang='lat' dir='ltr'>ant</span> 
     </span>
    </p>
   </div>
   <div class='ocr_carea' id='block_1_24' title="bbox 291 2542 1147 2581">
    <p class='ocr_par' dir='ltr' id='par_1_24' title="bbox 291 2542 1147 2581">
     <span class='ocr_line' id='line_1_62' title="bbox 291 2542 1147 2581; baseline 0.001 -12"><span class='ocrx_word' id='word_1_667' title='bbox 291 2543 382 2570; x_wconf 87' lang='lat' dir='ltr'>ultimo</span> <span class='ocrx_word' id='word_1_668' title='bbox 402 2543 533 2581; x_wconf 83' lang='lat' dir='ltr'>supplicio</span> <span class='ocrx_word' id='word_1_669' title='bbox 552 2544 665 2570; x_wconf 84' lang='lat' dir='ltr'>mactari.</span> <span class='ocrx_word' id='word_1_670' title='bbox 695 2543 724 2570; x_wconf 81' lang='lat' dir='ltr'>fr.</span> <span class='ocrx_word' id='word_1_671' title='bbox 745 2545 768 2570; x_wconf 89' lang='grc'>9.</span> <span class='ocrx_word' id='word_1_672' title='bbox 792 2545 856 2578; x_wconf 89' lang='lat'>5.1.</span> <span class='ocrx_word' id='word_1_673' title='bbox 882 2543 914 2570; x_wconf 91' lang='lat' dir='ltr'>de</span> <span class='ocrx_word' id='word_1_674' title='bbox 932 2542 962 2570; x_wconf 89' lang='lat' dir='ltr'>L.</span> <span class='ocrx_word' id='word_1_675' title='bbox 982 2543 1072 2581; x_wconf 91' lang='lat' dir='ltr'>Pomp.</span> <span class='ocrx_word' id='word_1_676' title='bbox 1093 2544 1125 2571; x_wconf 90' lang='lat' dir='ltr'>de</span> <span class='ocrx_word' id='word_1_677' title='bbox 1146 2566 1147 2576; x_wconf 59' lang='grc'>,</span> 
     </span>
    </p>
   </div>
   <div class='ocr_carea' id='block_1_25' title="bbox 287 734 1151 818">
    <p class='ocr_par' dir='ltr' id='par_1_25' title="bbox 287 734 1151 818">
     <span class='ocr_line' id='line_1_63' title="bbox 389 734 1151 774; baseline -0.005 -9"><span class='ocrx_word' id='word_1_678' title='bbox 389 738 420 765; x_wconf 85' lang='lat' dir='ltr'>cf.</span> <span class='ocrx_word' id='word_1_679' title='bbox 447 738 476 765; x_wconf 75' lang='lat' dir='ltr'>t‘r.</span> <span class='ocrx_word' id='word_1_680' title='bbox 502 740 542 764; x_wconf 75' lang='lat'>70.</span> <span class='ocrx_word' id='word_1_681' title='bbox 567 739 648 772; x_wconf 90' lang='lat'>55.1.</span> <span class='ocrx_word' id='word_1_682' title='bbox 673 747 731 774; x_wconf 84' lang='lat' dir='ltr'>sqq.</span> <span class='ocrx_word' id='word_1_683' title='bbox 757 736 789 762; x_wconf 87' lang='lat' dir='ltr'>de</span> <span class='ocrx_word' id='word_1_684' title='bbox 812 736 879 763; x_wconf 82' lang='lat' dir='ltr'>usus.</span> <span class='ocrx_word' id='word_1_685' title='bbox 905 737 928 762; x_wconf 89' lang='lat'>7.</span> <span class='ocrx_word' id='word_1_686' title='bbox 951 737 972 762; x_wconf 93' lang='lat'>1.</span> <span class='ocrx_word' id='word_1_687' title='bbox 1015 734 1083 762; x_wconf 93' lang='lat' dir='ltr'>Cum</span> <span class='ocrx_word' id='word_1_688' title='bbox 1103 736 1128 761; x_wconf 92' lang='lat' dir='ltr'>in</span> <span class='ocrx_word' id='word_1_689' title='bbox 1150 758 1151 768; x_wconf 28' lang='lat'>¹</span> 
     </span>
     <span class='ocr_line' id='line_1_64' title="bbox 287 777 1151 818; baseline -0.003 -11"><span class='ocrx_word' id='word_1_690' title='bbox 287 782 433 808; x_wconf 85' lang='lat' dir='ltr'>ministerio</span> <span class='ocrx_word' id='word_1_691' title='bbox 457 786 503 808; x_wconf 88' lang='lat' dir='ltr'>tuo</span> <span class='ocrx_word' id='word_1_692' title='bbox 527 786 564 807; x_wconf 90' lang='lat' dir='ltr'>tot</span> <span class='ocrx_word' id='word_1_693' title='bbox 591 782 675 818; x_wconf 83' lang='lat' dir='ltr'>capita</span> <span class='ocrx_word' id='word_1_694' title='bbox 700 789 835 806; x_wconf 79' lang='lat' dir='ltr'>servorum</span> <span class='ocrx_word' id='word_1_695' title='bbox 860 778 906 805; x_wconf 89' lang='lat' dir='ltr'>tibi</span> <span class='ocrx_word' id='word_1_696' title='bbox 931 778 972 804; x_wconf 87' lang='lat' dir='ltr'>his</span> <span class='ocrx_word' id='word_1_697' title='bbox 997 777 1128 804; x_wconf 83' lang='lat' dir='ltr'>codicillis</span> <span class='ocrx_word' id='word_1_698' title='bbox 1150 793 1151 800; x_wconf 56' lang='lat'>1</span> 
     </span>
    </p>
   </div>
   <div class='ocr_carea' id='block_1_26' title="bbox 1056 903 1150 933">
    <p class='ocr_par' dir='ltr' id='par_1_26' title="bbox 1056 903 1150 933">
     <span class='ocr_line' id='line_1_65' title="bbox 1056 903 1150 933; baseline 0 0"><span class='ocrx_word' id='word_1_699' title='bbox 1056 903 1150 933; x_wconf 73' lang='lat'>7.9.&#39;</span> 
     </span>
    </p>
   </div>
   <div class='ocr_carea' id='block_1_27' title="bbox 1146 1846 1148 1862">
    <p class='ocr_par' dir='ltr' id='par_1_27' title="bbox 1146 1846 1148 1862">
     <span class='ocr_line' id='line_1_66' title="bbox 1146 1846 1148 1862; baseline 0 0"><span class='ocrx_word' id='word_1_700' title='bbox 1146 1846 1148 1862; x_wconf 56' lang='lat'>1</span> 
     </span>
    </p>
   </div>
   <div class='ocr_carea' id='block_1_28' title="bbox 1146 1917 1148 1951">
    <p class='ocr_par' dir='ltr' id='par_1_28' title="bbox 1146 1917 1148 1951">
     <span class='ocr_line' id='line_1_67' title="bbox 1146 1917 1148 1951; baseline 0 0"><span class='ocrx_word' id='word_1_701' title='bbox 1146 1917 1148 1951; x_wconf 59' lang='lat' dir='ltr'>&#39;t</span> 
     </span>
    </p>
   </div>
   <div class='ocr_carea' id='block_1_29' title="bbox 1145 1766 1149 2558">
    <p class='ocr_par' dir='ltr' id='par_1_29' title="bbox 1145 1766 1149 2558">
     <span class='ocr_line' id='line_1_68' title="bbox 1145 1766 1149 2558; baseline 0 0"><span class='ocrx_word' id='word_1_702' title='bbox 1145 1766 1149 2558; x_wconf 95' lang='lat' dir='ltr'> </span> 
     </span>
    </p>
   </div>
   <div class='ocr_carea' id='block_1_30' title="bbox 291 2585 1147 2623">
    <p class='ocr_par' dir='ltr' id='par_1_30' title="bbox 291 2585 1147 2623">
     <span class='ocr_line' id='line_1_69' title="bbox 291 2585 1147 2623; baseline 0.001 -11"><span class='ocrx_word' id='word_1_703' title='bbox 291 2587 384 2623; x_wconf 81' lang='lat' dir='ltr'>parric.</span> <span class='ocrx_word' id='word_1_704' title='bbox 404 2589 444 2613; x_wconf 70' lang='lat'>48.</span> <span class='ocrx_word' id='word_1_705' title='bbox 465 2589 488 2613; x_wconf 82' lang='lat'>9.</span> <span class='ocrx_word' id='word_1_706' title='bbox 513 2586 545 2613; x_wconf 77' lang='lat' dir='ltr'>ct&#39;.</span> <span class='ocrx_word' id='word_1_707' title='bbox 565 2586 615 2613; x_wconf 81' lang='lat' dir='ltr'>Th.</span> <span class='ocrx_word' id='word_1_708' title='bbox 634 2586 666 2613; x_wconf 88' lang='lat' dir='ltr'>C.</span> <span class='ocrx_word' id='word_1_709' title='bbox 686 2586 730 2612; x_wconf 76' lang='lat' dir='ltr'>IX.</span> <span class='ocrx_word' id='word_1_710' title='bbox 748 2588 789 2612; x_wconf 84' lang='grc'>27.</span> <span class='ocrx_word' id='word_1_711' title='bbox 811 2598 832 2612; x_wconf 84' lang='lat' dir='ltr'>c.</span> <span class='ocrx_word' id='word_1_712' title='bbox 843 2589 866 2613; x_wconf 87' lang='lat'>5.</span> <span class='ocrx_word' id='word_1_713' title='bbox 887 2586 919 2613; x_wconf 87' lang='lat' dir='ltr'>ad</span> <span class='ocrx_word' id='word_1_714' title='bbox 931 2586 961 2613; x_wconf 86' lang='lat' dir='ltr'>L.</span> <span class='ocrx_word' id='word_1_715' title='bbox 975 2585 1022 2613; x_wconf 90' lang='lat' dir='ltr'>Iul.</span> <span class='ocrx_word' id='word_1_716' title='bbox 1043 2591 1124 2623; x_wconf 83' lang='lat' dir='ltr'>repet.</span> <span class='ocrx_word' id='word_1_717' title='bbox 1146 2601 1147 2616; x_wconf 57' lang='grc'>1</span> 
     </span>
    </p>
   </div>
   <div class='ocr_carea' id='block_1_31' title="bbox 291 2628 1125 2666">
    <p class='ocr_par' dir='ltr' id='par_1_31' title="bbox 291 2622 1147 2670">
     <span class='ocr_line' id='line_1_70' title="bbox 291 2628 1125 2666; baseline 0.002 -12"><span class='ocrx_word' id='word_1_718' title='bbox 291 2628 339 2655; x_wconf 83' lang='lat' dir='ltr'>Rei</span> <span class='ocrx_word' id='word_1_719' title='bbox 356 2629 474 2665; x_wconf 76' lang='lat' dir='ltr'>capitalis</span> <span class='ocrx_word' id='word_1_720' title='bbox 487 2629 685 2656; x_wconf 83' lang='lat' dir='ltr'>condemnatum</span> <span class='ocrx_word' id='word_1_721' title='bbox 699 2630 816 2666; x_wconf 84' lang='lat' dir='ltr'>accipere</span> <span class='ocrx_word' id='word_1_722' title='bbox 830 2629 963 2658; x_wconf 66' lang='lat' dir='ltr'>debemus.</span> <span class='ocrx_word' id='word_1_723' title='bbox 983 2630 1027 2666; x_wconf 88' lang='lat' dir='ltr'>qui</span> <span class='ocrx_word' id='word_1_724' title='bbox 1041 2634 1125 2656; x_wconf 85' lang='lat' dir='ltr'>morte</span> 
     </span>
    </p>
   </div>
   <div class='ocr_carea' id='block_1_32' title="bbox 292 2672 1124 2871">
    <p class='ocr_par' dir='ltr' id='par_1_32' title="bbox 292 2672 1124 2871">
     <span class='ocr_line' id='line_1_71' title="bbox 292 2672 1122 2709; baseline 0.002 -12"><span class='ocrx_word' id='word_1_725' title='bbox 292 2672 420 2698; x_wconf 73' lang='lat' dir='ltr'>exsiliove</span> <span class='ocrx_word' id='word_1_726' title='bbox 444 2674 575 2699; x_wconf 70' lang='lat' dir='ltr'>coercitus</span> <span class='ocrx_word' id='word_1_727' title='bbox 600 2677 647 2699; x_wconf 87' lang='lat' dir='ltr'>est.</span> <span class='ocrx_word' id='word_1_728' title='bbox 676 2672 706 2699; x_wconf 71' lang='lat' dir='ltr'>t‘r.</span> <span class='ocrx_word' id='word_1_729' title='bbox 726 2673 749 2698; x_wconf 89' lang='lat'>4.</span> <span class='ocrx_word' id='word_1_730' title='bbox 770 2682 807 2709; x_wconf 87' lang='lat' dir='ltr'>pr.</span> <span class='ocrx_word' id='word_1_731' title='bbox 828 2673 850 2697; x_wconf 90' lang='lat' dir='ltr'>si</span> <span class='ocrx_word' id='word_1_732' title='bbox 870 2683 912 2708; x_wconf 90' lang='lat' dir='ltr'>qn.</span> <span class='ocrx_word' id='word_1_733' title='bbox 932 2677 1010 2699; x_wconf 84' lang='lat' dir='ltr'>rantt.</span> <span class='ocrx_word' id='word_1_734' title='bbox 1036 2675 1059 2699; x_wconf 81' lang='lat'>2.</span> <span class='ocrx_word' id='word_1_735' title='bbox 1083 2674 1122 2699; x_wconf 82' lang='lat'>11.</span> 
     </span>
     <span class='ocr_line' id='line_1_72' title="bbox 292 2714 1122 2754; baseline 0.001 -13"><span class='ocrx_word' id='word_1_736' title='bbox 292 2714 479 2751; x_wconf 77' lang='lat' dir='ltr'>Cuiuscunque</span> <span class='ocrx_word' id='word_1_737' title='bbox 498 2721 576 2754; x_wconf 87' lang='lat' dir='ltr'>caput</span> <span class='ocrx_word' id='word_1_738' title='bbox 594 2716 758 2742; x_wconf 81' lang='lat' dir='ltr'>accusatione</span> <span class='ocrx_word' id='word_1_739' title='bbox 777 2714 889 2752; x_wconf 77' lang='lat' dir='ltr'>pulsare.</span> <span class='ocrx_word' id='word_1_740' title='bbox 919 2714 968 2741; x_wconf 83' lang='lat' dir='ltr'>Th.</span> <span class='ocrx_word' id='word_1_741' title='bbox 983 2715 1013 2742; x_wconf 92' lang='lat' dir='ltr'>C.</span> <span class='ocrx_word' id='word_1_742' title='bbox 1034 2715 1078 2742; x_wconf 79' lang='grc' dir='ltr'>ΙΧ.</span> <span class='ocrx_word' id='word_1_743' title='bbox 1102 2718 1122 2742; x_wconf 91' lang='grc'>1.</span> 
     </span>
     <span class='ocr_line' id='line_1_73' title="bbox 292 2756 1124 2796; baseline 0.004 -13"><span class='ocrx_word' id='word_1_744' title='bbox 292 2768 314 2784; x_wconf 82' lang='grc'>0.</span> <span class='ocrx_word' id='word_1_745' title='bbox 335 2759 373 2784; x_wconf 88' lang='lat'>14.</span> <span class='ocrx_word' id='word_1_746' title='bbox 393 2768 413 2784; x_wconf 91' lang='lat' dir='ltr'>c.</span> <span class='ocrx_word' id='word_1_747' title='bbox 436 2760 475 2785; x_wconf 85' lang='lat'>19.</span> <span class='ocrx_word' id='word_1_748' title='bbox 494 2769 532 2796; x_wconf 84' lang='lat' dir='ltr'>pr.</span> <span class='ocrx_word' id='word_1_749' title='bbox 558 2759 590 2785; x_wconf 87' lang='lat' dir='ltr'>de</span> <span class='ocrx_word' id='word_1_750' title='bbox 609 2768 694 2785; x_wconf 85' lang='lat' dir='ltr'>accus.</span> <span class='ocrx_word' id='word_1_751' title='bbox 715 2763 741 2785; x_wconf 89' lang='lat' dir='ltr'>et</span> <span class='ocrx_word' id='word_1_752' title='bbox 758 2759 836 2784; x_wconf 83' lang='lat' dir='ltr'>inser.</span> <span class='ocrx_word' id='word_1_753' title='bbox 877 2756 981 2794; x_wconf 83' lang='lat' dir='ltr'>Capitis</span> <span class='ocrx_word' id='word_1_754' title='bbox 1000 2760 1124 2787; x_wconf 82' lang='lat' dir='ltr'>accusari.</span> 
     </span>
     <span class='ocr_line' id='line_1_74' title="bbox 292 2800 1123 2839; baseline 0.001 -12"><span class='ocrx_word' id='word_1_755' title='bbox 292 2811 313 2827; x_wconf 83' lang='lat' dir='ltr'>s.</span> <span class='ocrx_word' id='word_1_756' title='bbox 337 2800 474 2838; x_wconf 87' lang='lat' dir='ltr'>postulari.</span> <span class='ocrx_word' id='word_1_757' title='bbox 517 2802 618 2839; x_wconf 76' lang='lat' dir='ltr'>Capitis</span> <span class='ocrx_word' id='word_1_758' title='bbox 642 2811 714 2828; x_wconf 89' lang='lat' dir='ltr'>reum</span> <span class='ocrx_word' id='word_1_759' title='bbox 737 2801 801 2827; x_wconf 90' lang='lat' dir='ltr'>fieri.</span> <span class='ocrx_word' id='word_1_760' title='bbox 838 2800 868 2827; x_wconf 78' lang='grc'>11.</span> <span class='ocrx_word' id='word_1_761' title='bbox 893 2802 916 2826; x_wconf 87' lang='lat'>4.</span> <span class='ocrx_word' id='word_1_762' title='bbox 945 2800 967 2833; x_wconf 91' lang='lat'>5.</span> <span class='ocrx_word' id='word_1_763' title='bbox 989 2803 1010 2826; x_wconf 96' lang='lat' dir='ltr'>l.</span> <span class='ocrx_word' id='word_1_764' title='bbox 1034 2803 1057 2827; x_wconf 86' lang='lat' dir='ltr'>si</span> <span class='ocrx_word' id='word_1_765' title='bbox 1081 2812 1123 2838; x_wconf 92' lang='lat' dir='ltr'>qu.</span> 
     </span>
     <span class='ocr_line' id='line_1_75' title="bbox 293 2843 523 2871; baseline 0.004 -2"><span class='ocrx_word' id='word_1_766' title='bbox 293 2848 370 2871; x_wconf 83' lang='lat' dir='ltr'>cautt.</span> <span class='ocrx_word' id='word_1_767' title='bbox 390 2846 413 2870; x_wconf 83' lang='lat'>2.</span> <span class='ocrx_word' id='word_1_768' title='bbox 434 2845 473 2870; x_wconf 95' lang='lat'>11.</span> <span class='ocrx_word' id='word_1_769' title='bbox 495 2843 523 2870; x_wconf 87' lang='lat' dir='ltr'>fr.</span> 
     </span>
    </p>
   </div>
   <div class='ocr_carea' id='block_1_33' title="bbox 1147 1855 1344 1892">
    <p class='ocr_par' dir='ltr' id='par_1_33' title="bbox 1147 1855 1344 1892">
     <span class='ocr_line' id='line_1_76' title="bbox 1147 1855 1344 1892; baseline -0.005 -9"><span class='ocrx_word' id='word_1_770' title='bbox 1147 1864 1148 1874; x_wconf 66' lang='lat'>¹</span> <span class='ocrx_word' id='word_1_771' title='bbox 1170 1857 1256 1883; x_wconf 87' lang='lat' dir='ltr'>comit.</span> <span class='ocrx_word' id='word_1_772' title='bbox 1275 1855 1344 1892; x_wconf 84' lang='lat' dir='ltr'>disp.</span> 
     </span>
    </p>
   </div>
   <div class='ocr_carea' id='block_1_34' title="bbox 1147 735 2012 1763">
    <p class='ocr_par' dir='ltr' id='par_1_34' title="bbox 1149 735 2012 1158">
     <span class='ocr_line' id='line_1_77' title="bbox 1172 735 2012 773; baseline 0.004 -12"><span class='ocrx_word' id='word_1_773' title='bbox 1172 735 1214 761; x_wconf 82' lang='lat' dir='ltr'>vel</span> <span class='ocrx_word' id='word_1_774' title='bbox 1240 735 1303 762; x_wconf 81' lang='lat' dir='ltr'>alias</span> <span class='ocrx_word' id='word_1_775' title='bbox 1327 736 1367 762; x_wconf 91' lang='lat' dir='ltr'>sui</span> <span class='ocrx_word' id='word_1_776' title='bbox 1391 736 1455 762; x_wconf 82' lang='lat' dir='ltr'>iuris</span> <span class='ocrx_word' id='word_1_777' title='bbox 1480 736 1537 762; x_wconf 86' lang='lat' dir='ltr'>sine</span> <span class='ocrx_word' id='word_1_778' title='bbox 1562 737 1656 773; x_wconf 85' lang='lat' dir='ltr'>capitis</span> <span class='ocrx_word' id='word_1_779' title='bbox 1683 735 1862 763; x_wconf 78' lang='lat' dir='ltr'>deminutione</span> <span class='ocrx_word' id='word_1_780' title='bbox 1881 736 1960 763; x_wconf 81' lang='lat' dir='ltr'>suerit</span> <span class='ocrx_word' id='word_1_781' title='bbox 1978 736 2012 764; x_wconf 83' lang='lat' dir='ltr'>es-</span> 
     </span>
     <span class='ocr_line' id='line_1_78' title="bbox 1173 778 2011 812; baseline 0.002 -8"><span class='ocrx_word' id='word_1_782' title='bbox 1173 778 1264 805; x_wconf 83' lang='lat' dir='ltr'>sectus.</span> <span class='ocrx_word' id='word_1_783' title='bbox 1295 778 1326 805; x_wconf 79' lang='grc'>11.</span> <span class='ocrx_word' id='word_1_784' title='bbox 1344 780 1369 805; x_wconf 87' lang='grc'>3.</span> <span class='ocrx_word' id='word_1_785' title='bbox 1393 779 1415 812; x_wconf 90' lang='lat'>5.</span> <span class='ocrx_word' id='word_1_786' title='bbox 1439 780 1464 804; x_wconf 88' lang='lat'>4.</span> <span class='ocrx_word' id='word_1_787' title='bbox 1491 778 1523 804; x_wconf 87' lang='lat' dir='ltr'>de</span> <span class='ocrx_word' id='word_1_788' title='bbox 1547 778 1574 805; x_wconf 91' lang='lat' dir='ltr'>S.</span> <span class='ocrx_word' id='word_1_789' title='bbox 1595 779 1626 805; x_wconf 91' lang='lat' dir='ltr'>C.</span> <span class='ocrx_word' id='word_1_790' title='bbox 1646 778 1744 805; x_wconf 78' lang='lat' dir='ltr'>Maced.</span> <span class='ocrx_word' id='word_1_791' title='bbox 1770 781 1810 805; x_wconf 90' lang='lat'>14.</span> <span class='ocrx_word' id='word_1_792' title='bbox 1829 780 1853 805; x_wconf 92' lang='grc'>6.</span> <span class='ocrx_word' id='word_1_793' title='bbox 1888 778 1942 806; x_wconf 87' lang='lat' dir='ltr'>Gai.</span> <span class='ocrx_word' id='word_1_794' title='bbox 1968 778 2011 806; x_wconf 85' lang='lat' dir='ltr'>III.</span> 
     </span>
     <span class='ocr_line' id='line_1_79' title="bbox 1175 820 2012 858; baseline 0.002 -11"><span class='ocrx_word' id='word_1_795' title='bbox 1175 823 1230 847; x_wconf 89' lang='lat'>114.</span> <span class='ocrx_word' id='word_1_796' title='bbox 1268 820 1352 848; x_wconf 80' lang='lat' dir='ltr'>Filius</span> <span class='ocrx_word' id='word_1_797' title='bbox 1371 831 1400 847; x_wconf 92' lang='lat' dir='ltr'>ac</span> <span class='ocrx_word' id='word_1_798' title='bbox 1419 826 1539 858; x_wconf 54' lang='lat' dir='ltr'>nepotes</span> <span class='ocrx_word' id='word_1_799' title='bbox 1559 823 1603 858; x_wconf 89' lang='lat' dir='ltr'>qui</span> <span class='ocrx_word' id='word_1_800' title='bbox 1623 822 1653 848; x_wconf 88' lang='lat' dir='ltr'>ab</span> <span class='ocrx_word' id='word_1_801' title='bbox 1668 823 1792 848; x_wconf 85' lang='lat' dir='ltr'>intestato</span> <span class='ocrx_word' id='word_1_802' title='bbox 1806 823 1955 849; x_wconf 86' lang='lat' dir='ltr'>successuri</span> <span class='ocrx_word' id='word_1_803' title='bbox 1969 821 2012 849; x_wconf 87' lang='lat' dir='ltr'>de-</span> 
     </span>
     <span class='ocr_line' id='line_1_80' title="bbox 1172 863 2012 902; baseline 0.002 -12"><span class='ocrx_word' id='word_1_804' title='bbox 1172 864 1275 896; x_wconf 73' lang='lat' dir='ltr'>functo.</span> <span class='ocrx_word' id='word_1_805' title='bbox 1295 863 1338 890; x_wconf 79' lang='lat' dir='ltr'>vel</span> <span class='ocrx_word' id='word_1_806' title='bbox 1357 874 1389 890; x_wconf 76' lang='lat' dir='ltr'>ex</span> <span class='ocrx_word' id='word_1_807' title='bbox 1407 863 1464 890; x_wconf 82' lang='lat' dir='ltr'>XII.</span> <span class='ocrx_word' id='word_1_808' title='bbox 1485 863 1609 897; x_wconf 76' lang='lat' dir='ltr'>Tabulis,</span> <span class='ocrx_word' id='word_1_809' title='bbox 1633 864 1676 891; x_wconf 74' lang='lat' dir='ltr'>vel</span> <span class='ocrx_word' id='word_1_810' title='bbox 1701 875 1749 902; x_wconf 85' lang='lat' dir='ltr'>per</span> <span class='ocrx_word' id='word_1_811' title='bbox 1767 866 1953 892; x_wconf 81' lang='lat' dir='ltr'>rescissionem</span> <span class='ocrx_word' id='word_1_812' title='bbox 1972 875 2012 892; x_wconf 78' lang='lat' dir='ltr'>ca-</span> 
     </span>
     <span class='ocr_line' id='line_1_81' title="bbox 1172 906 2010 945; baseline 0.002 -12"><span class='ocrx_word' id='word_1_813' title='bbox 1172 908 1235 945; x_wconf 88' lang='lat' dir='ltr'>pitis</span> <span class='ocrx_word' id='word_1_814' title='bbox 1253 908 1386 945; x_wconf 89' lang='lat' dir='ltr'>praetorio</span> <span class='ocrx_word' id='word_1_815' title='bbox 1405 906 1570 934; x_wconf 66' lang='lat' dir='ltr'>vocabuntur</span> <span class='ocrx_word' id='word_1_816' title='bbox 1589 907 1683 935; x_wconf 87' lang='lat' dir='ltr'>edicto.</span> <span class='ocrx_word' id='word_1_817' title='bbox 1708 907 1758 934; x_wconf 88' lang='lat' dir='ltr'>Th.</span> <span class='ocrx_word' id='word_1_818' title='bbox 1775 907 1805 934; x_wconf 89' lang='lat' dir='ltr'>C.</span> <span class='ocrx_word' id='word_1_819' title='bbox 1824 907 1870 935; x_wconf 81' lang='lat' dir='ltr'>IX.</span> <span class='ocrx_word' id='word_1_820' title='bbox 1889 909 1930 934; x_wconf 86' lang='lat'>42.</span> <span class='ocrx_word' id='word_1_821' title='bbox 1951 918 1972 935; x_wconf 90' lang='lat' dir='ltr'>c.</span> <span class='ocrx_word' id='word_1_822' title='bbox 1986 909 2010 935; x_wconf 87' lang='lat'>9.</span> 
     </span>
     <span class='ocr_line' id='line_1_82' title="bbox 1149 950 2011 987; baseline 0.002 -11"><span class='ocrx_word' id='word_1_823' title='bbox 1149 980 1150 987; x_wconf 15' lang='grc' dir='ltr'>ἵ</span> <span class='ocrx_word' id='word_1_824' title='bbox 1172 960 1211 987; x_wconf 86' lang='lat' dir='ltr'>pr.</span> <span class='ocrx_word' id='word_1_825' title='bbox 1231 950 1264 977; x_wconf 82' lang='lat' dir='ltr'>de</span> <span class='ocrx_word' id='word_1_826' title='bbox 1282 950 1343 976; x_wconf 89' lang='lat' dir='ltr'>bon.</span> <span class='ocrx_word' id='word_1_827' title='bbox 1364 960 1466 987; x_wconf 85' lang='lat' dir='ltr'>proscr.</span> <span class='ocrx_word' id='word_1_828' title='bbox 1486 966 1519 970; x_wconf 94' lang='lat'>—-</span> <span class='ocrx_word' id='word_1_829' title='bbox 1538 951 1568 984; x_wconf 84' lang='lat'>§.</span> <span class='ocrx_word' id='word_1_830' title='bbox 1585 952 1617 977; x_wconf 69' lang='grc'>7.</span> <span class='ocrx_word' id='word_1_831' title='bbox 1643 952 1809 985; x_wconf 74' lang='lat' dir='ltr'>Cupitum,</span> <span class='ocrx_word' id='word_1_832' title='bbox 1829 953 2011 986; x_wconf 77' lang='lat' dir='ltr'>Capitatio.</span> 
     </span>
     <span class='ocr_line' id='line_1_83' title="bbox 1149 992 2012 1030; baseline 0 -10"><span class='ocrx_word' id='word_1_833' title='bbox 1149 993 1274 1030; x_wconf 62' lang='grc' dir='ltr'>ι11831.</span> <span class='ocrx_word' id='word_1_834' title='bbox 1309 992 1450 1030; x_wconf 83' lang='lat' dir='ltr'>Capitatio.</span> <span class='ocrx_word' id='word_1_835' title='bbox 1489 992 1619 1030; x_wconf 86' lang='lat' dir='ltr'>Capitnm.</span> <span class='ocrx_word' id='word_1_836' title='bbox 1651 993 1692 1019; x_wconf 87' lang='lat' dir='ltr'>Ct.</span> <span class='ocrx_word' id='word_1_837' title='bbox 1713 992 1756 1020; x_wconf 89' lang='grc'><em>1111.</em></span> <span class='ocrx_word' id='word_1_838' title='bbox 1776 1003 1818 1020; x_wconf 54' lang='grc' dir='ltr'>τι</span> <span class='ocrx_word' id='word_1_839' title='bbox 1853 994 1965 1021; x_wconf 88' lang='lat' dir='ltr'>Annona</span> <span class='ocrx_word' id='word_1_840' title='bbox 1986 999 2012 1021; x_wconf 85' lang='lat' dir='ltr'>et</span> 
     </span>
     <span class='ocr_line' id='line_1_84' title="bbox 1173 1036 2010 1074; baseline 0.002 -12"><span class='ocrx_word' id='word_1_841' title='bbox 1173 1041 1258 1074; x_wconf 89' lang='lat' dir='ltr'>caput.</span> <span class='ocrx_word' id='word_1_842' title='bbox 1296 1036 1364 1063; x_wconf 79' lang='lat' dir='ltr'>Anu.</span> <span class='ocrx_word' id='word_1_843' title='bbox 1385 1041 1411 1062; x_wconf 83' lang='lat' dir='ltr'>et</span> <span class='ocrx_word' id='word_1_844' title='bbox 1429 1037 1550 1073; x_wconf 88' lang='lat' dir='ltr'>capitum.</span> <span class='ocrx_word' id='word_1_845' title='bbox 1579 1046 1601 1063; x_wconf 92' lang='lat' dir='ltr'>c.</span> <span class='ocrx_word' id='word_1_846' title='bbox 1622 1038 1644 1062; x_wconf 94' lang='lat' dir='ltr'>l.</span> <span class='ocrx_word' id='word_1_847' title='bbox 1672 1036 1693 1070; x_wconf 91' lang='lat'>5.</span> <span class='ocrx_word' id='word_1_848' title='bbox 1713 1039 1737 1062; x_wconf 72' lang='grc' dir='ltr'>ὃ.</span> <span class='ocrx_word' id='word_1_849' title='bbox 1763 1047 1783 1062; x_wconf 88' lang='grc'>0.</span> <span class='ocrx_word' id='word_1_850' title='bbox 1802 1038 1826 1062; x_wconf 91' lang='grc'>2.</span> <span class='ocrx_word' id='word_1_851' title='bbox 1851 1036 1888 1071; x_wconf 88' lang='lat'>55.</span> <span class='ocrx_word' id='word_1_852' title='bbox 1910 1039 1949 1064; x_wconf 81' lang='lat'>19.</span> <span class='ocrx_word' id='word_1_853' title='bbox 1968 1039 2010 1064; x_wconf 86' lang='lat'>23.</span> 
     </span>
     <span class='ocr_line' id='line_1_85' title="bbox 1173 1078 2010 1118; baseline 0.001 -12"><span class='ocrx_word' id='word_1_854' title='bbox 1173 1079 1205 1106; x_wconf 84' lang='lat' dir='ltr'>de</span> <span class='ocrx_word' id='word_1_855' title='bbox 1225 1080 1268 1106; x_wconf 80' lang='lat' dir='ltr'>off.</span> <span class='ocrx_word' id='word_1_856' title='bbox 1288 1078 1341 1105; x_wconf 79' lang='lat' dir='ltr'>Prs.</span> <span class='ocrx_word' id='word_1_857' title='bbox 1362 1078 1404 1105; x_wconf 87' lang='lat' dir='ltr'>Pr.</span> <span class='ocrx_word' id='word_1_858' title='bbox 1423 1079 1479 1105; x_wconf 80' lang='lat' dir='ltr'>At&#39;r.</span> <span class='ocrx_word' id='word_1_859' title='bbox 1501 1081 1524 1105; x_wconf 92' lang='lat'>1.</span> <span class='ocrx_word' id='word_1_860' title='bbox 1537 1080 1578 1105; x_wconf 90' lang='lat'>27.</span> <span class='ocrx_word' id='word_1_861' title='bbox 1599 1089 1620 1105; x_wconf 89' lang='lat' dir='ltr'>c.</span> <span class='ocrx_word' id='word_1_862' title='bbox 1637 1081 1658 1105; x_wconf 95' lang='lat' dir='ltr'>l.</span> <span class='ocrx_word' id='word_1_863' title='bbox 1679 1079 1711 1105; x_wconf 82' lang='lat' dir='ltr'>de</span> <span class='ocrx_word' id='word_1_864' title='bbox 1731 1089 1824 1105; x_wconf 88' lang='lat' dir='ltr'>annon.</span> <span class='ocrx_word' id='word_1_865' title='bbox 1845 1084 1870 1106; x_wconf 85' lang='lat' dir='ltr'>et</span> <span class='ocrx_word' id='word_1_866' title='bbox 1889 1081 1966 1118; x_wconf 84' lang='lat' dir='ltr'>capit.</span> <span class='ocrx_word' id='word_1_867' title='bbox 1987 1083 2010 1107; x_wconf 95' lang='lat'>1.</span> 
     </span>
     <span class='ocr_line' id='line_1_86' title="bbox 1149 1123 2011 1158; baseline 0.002 -10"><span class='ocrx_word' id='word_1_868' title='bbox 1149 1132 1150 1151; x_wconf 59' lang='lat'>1</span> <span class='ocrx_word' id='word_1_869' title='bbox 1173 1125 1214 1149; x_wconf 85' lang='grc'>52.</span> <span class='ocrx_word' id='word_1_870' title='bbox 1246 1138 1279 1142; x_wconf 95' lang='grc'><strong>-</strong></span> <span class='ocrx_word' id='word_1_871' title='bbox 1307 1123 1338 1156; x_wconf 82' lang='lat'>§.</span> <span class='ocrx_word' id='word_1_872' title='bbox 1363 1123 1400 1149; x_wconf 79' lang='lat' dir='ltr'>S.</span> <span class='ocrx_word' id='word_1_873' title='bbox 1430 1124 1653 1156; x_wconf 77' lang='lat' dir='ltr'>Principium,</span> <span class='ocrx_word' id='word_1_874' title='bbox 1676 1132 1695 1148; x_wconf 72' lang='grc' dir='ltr'>ε.</span> <span class='ocrx_word' id='word_1_875' title='bbox 1716 1124 1901 1157; x_wconf 74' lang='lat' dir='ltr'>Praecipua</span> <span class='ocrx_word' id='word_1_876' title='bbox 1917 1133 2011 1158; x_wconf 74' lang='lat' dir='ltr'>pars,</span> 
     </span>
    </p>

    <p class='ocr_par' dir='ltr' id='par_1_35' title="bbox 1148 1164 2012 1374">
     <span class='ocr_line' id='line_1_87' title="bbox 1172 1164 2012 1202; baseline 0 -10"><span class='ocrx_word' id='word_1_877' title='bbox 1172 1167 1220 1192; x_wconf 83' lang='lat' dir='ltr'>rei</span> <span class='ocrx_word' id='word_1_878' title='bbox 1247 1164 1691 1200; x_wconf 57' lang='lat' dir='ltr'>cui11sqne.lll.cn.1elut</span> <span class='ocrx_word' id='word_1_879' title='bbox 1715 1170 1793 1202; x_wconf 82' lang='lat' dir='ltr'>caput</span> <span class='ocrx_word' id='word_1_880' title='bbox 1817 1170 1841 1191; x_wconf 94' lang='lat' dir='ltr'>et</span> <span class='ocrx_word' id='word_1_881' title='bbox 1862 1165 2012 1192; x_wconf 86' lang='lat' dir='ltr'>tundamen-</span> 
     </span>
     <span class='ocr_line' id='line_1_88' title="bbox 1148 1208 2010 1244; baseline 0 -9"><span class='ocrx_word' id='word_1_882' title='bbox 1148 1235 1149 1239; x_wconf 64' lang='grc'>,</span> <span class='ocrx_word' id='word_1_883' title='bbox 1171 1214 1226 1235; x_wconf 89' lang='lat' dir='ltr'>tum</span> <span class='ocrx_word' id='word_1_884' title='bbox 1246 1208 1402 1244; x_wconf 75' lang='lat' dir='ltr'>intelligitur</span> <span class='ocrx_word' id='word_1_885' title='bbox 1425 1209 1506 1234; x_wconf 90' lang='lat' dir='ltr'>totius</span> <span class='ocrx_word' id='word_1_886' title='bbox 1531 1209 1680 1234; x_wconf 81' lang='lat' dir='ltr'>testamenti</span> <span class='ocrx_word' id='word_1_887' title='bbox 1707 1208 1829 1241; x_wconf 81' lang='lat' dir='ltr'>(heredis</span> <span class='ocrx_word' id='word_1_888' title='bbox 1853 1209 2010 1242; x_wconf 88' lang='lat' dir='ltr'>institutio).</span> 
     </span>
     <span class='ocr_line' id='line_1_89' title="bbox 1148 1243 2010 1287; baseline 0 -9"><span class='ocrx_word' id='word_1_889' title='bbox 1148 1243 1150 1278; x_wconf 62' lang='grc'>1</span> <span class='ocrx_word' id='word_1_890' title='bbox 1171 1251 1228 1278; x_wconf 89' lang='lat' dir='ltr'>Gai.</span> <span class='ocrx_word' id='word_1_891' title='bbox 1248 1251 1278 1278; x_wconf 93' lang='lat'>11.</span> <span class='ocrx_word' id='word_1_892' title='bbox 1297 1253 1356 1278; x_wconf 85' lang='grc'><em>229.</em></span> <span class='ocrx_word' id='word_1_893' title='bbox 1385 1250 1506 1277; x_wconf 81' lang='lat' dir='ltr'>Servitus</span> <span class='ocrx_word' id='word_1_894' title='bbox 1526 1261 1607 1287; x_wconf 86' lang='lat' dir='ltr'>aquae</span> <span class='ocrx_word' id='word_1_895' title='bbox 1626 1250 1769 1283; x_wconf 73' lang='lat' dir='ltr'>ducendae,</span> <span class='ocrx_word' id='word_1_896' title='bbox 1787 1251 1830 1277; x_wconf 76' lang='lat' dir='ltr'>vel</span> <span class='ocrx_word' id='word_1_897' title='bbox 1843 1251 2010 1284; x_wconf 80' lang='lat' dir='ltr'>hauriendae</span> 
     </span>
     <span class='ocr_line' id='line_1_90' title="bbox 1148 1293 2011 1332; baseline 0 -11"><span class='ocrx_word' id='word_1_898' title='bbox 1148 1299 1149 1329; x_wconf 54' lang='grc' dir='ltr'><strong>ξ</strong></span> <span class='ocrx_word' id='word_1_899' title='bbox 1171 1296 1222 1321; x_wconf 90' lang='lat' dir='ltr'>nisi</span> <span class='ocrx_word' id='word_1_900' title='bbox 1241 1305 1274 1321; x_wconf 81' lang='lat' dir='ltr'>cx</span> <span class='ocrx_word' id='word_1_901' title='bbox 1293 1295 1378 1331; x_wconf 84' lang='lat' dir='ltr'>capite</span> <span class='ocrx_word' id='word_1_902' title='bbox 1397 1294 1439 1320; x_wconf 61' lang='lat' dir='ltr'>sel</span> <span class='ocrx_word' id='word_1_903' title='bbox 1459 1305 1490 1321; x_wconf 82' lang='lat' dir='ltr'>ex</span> <span class='ocrx_word' id='word_1_904' title='bbox 1510 1293 1582 1320; x_wconf 83' lang='lat' dir='ltr'>sonte</span> <span class='ocrx_word' id='word_1_905' title='bbox 1601 1295 1725 1320; x_wconf 86' lang='lat' dir='ltr'>constitui</span> <span class='ocrx_word' id='word_1_906' title='bbox 1744 1304 1797 1321; x_wconf 90' lang='lat' dir='ltr'>non</span> <span class='ocrx_word' id='word_1_907' title='bbox 1811 1299 1913 1332; x_wconf 78' lang='lat' dir='ltr'>potest3</span> <span class='ocrx_word' id='word_1_908' title='bbox 1931 1294 2011 1321; x_wconf 79' lang='lat' dir='ltr'>hodie</span> 
     </span>
     <span class='ocr_line' id='line_1_91' title="bbox 1148 1333 2009 1374; baseline 0.001 -10"><span class='ocrx_word' id='word_1_909' title='bbox 1148 1333 1149 1358; x_wconf 56' lang='lat'>3</span> <span class='ocrx_word' id='word_1_910' title='bbox 1171 1343 1257 1364; x_wconf 88' lang='lat' dir='ltr'>tamen</span> <span class='ocrx_word' id='word_1_911' title='bbox 1276 1348 1309 1364; x_wconf 80' lang='lat' dir='ltr'>ex</span> <span class='ocrx_word' id='word_1_912' title='bbox 1328 1347 1486 1374; x_wconf 82' lang='lat' dir='ltr'>quocunque</span> <span class='ocrx_word' id='word_1_913' title='bbox 1504 1336 1564 1363; x_wconf 89' lang='lat' dir='ltr'>loco</span> <span class='ocrx_word' id='word_1_914' title='bbox 1584 1338 1709 1363; x_wconf 91' lang='lat' dir='ltr'>constitui</span> <span class='ocrx_word' id='word_1_915' title='bbox 1728 1337 1804 1364; x_wconf 79' lang='lat' dir='ltr'>solet.</span> <span class='ocrx_word' id='word_1_916' title='bbox 1833 1337 1863 1364; x_wconf 86' lang='grc'>11.</span> <span class='ocrx_word' id='word_1_917' title='bbox 1883 1339 1907 1364; x_wconf 88' lang='lat'>9.</span> <span class='ocrx_word' id='word_1_918' title='bbox 1931 1337 1963 1364; x_wconf 89' lang='lat' dir='ltr'>de</span> <span class='ocrx_word' id='word_1_919' title='bbox 1981 1337 2009 1365; x_wconf 93' lang='lat' dir='ltr'>S.</span> 
     </span>
    </p>

    <p class='ocr_par' dir='ltr' id='par_1_36' title="bbox 1148 1367 2009 1416">
     <span class='ocr_line' id='line_1_92' title="bbox 1148 1367 2009 1416; baseline 0.001 -9.029"><span class='ocrx_word' id='word_1_920' title='bbox 1148 1367 1198 1407; x_wconf 87' lang='lat' dir='ltr'>P</span> <span class='ocrx_word' id='word_1_921' title='bbox 1219 1381 1250 1408; x_wconf 91' lang='lat' dir='ltr'>R.</span> <span class='ocrx_word' id='word_1_922' title='bbox 1271 1384 1295 1407; x_wconf 69' lang='lat'>8.</span> <span class='ocrx_word' id='word_1_923' title='bbox 1314 1382 1338 1407; x_wconf 90' lang='grc'>3.</span> <span class='ocrx_word' id='word_1_924' title='bbox 1359 1381 1390 1407; x_wconf 78' lang='lat' dir='ltr'>cf.</span> <span class='ocrx_word' id='word_1_925' title='bbox 1411 1380 1441 1407; x_wconf 84' lang='lat' dir='ltr'>fr.</span> <span class='ocrx_word' id='word_1_926' title='bbox 1463 1382 1502 1407; x_wconf 95' lang='lat'>16.</span> <span class='ocrx_word' id='word_1_927' title='bbox 1532 1379 1659 1416; x_wconf 81' lang='lat' dir='ltr'>Qnemad.</span> <span class='ocrx_word' id='word_1_928' title='bbox 1680 1390 1747 1407; x_wconf 90' lang='lat' dir='ltr'>serv.</span> <span class='ocrx_word' id='word_1_929' title='bbox 1767 1382 1829 1408; x_wconf 87' lang='lat'>8..6</span> <span class='ocrx_word' id='word_1_930' title='bbox 1849 1380 2009 1415; x_wconf 79' lang='lat' dir='ltr'>fr.1.§..39</span> 
     </span>
    </p>

    <p class='ocr_par' dir='ltr' id='par_1_37' title="bbox 1147 1410 2010 1763">
     <span class='ocr_line' id='line_1_93' title="bbox 1147 1410 2008 1461; baseline 0 -10"><span class='ocrx_word' id='word_1_931' title='bbox 1147 1410 1203 1451; x_wconf 88' lang='lat' dir='ltr'>de</span> <span class='ocrx_word' id='word_1_932' title='bbox 1222 1435 1287 1461; x_wconf 85' lang='lat' dir='ltr'>aqua</span> <span class='ocrx_word' id='word_1_933' title='bbox 1307 1428 1378 1460; x_wconf 86' lang='lat' dir='ltr'>quot</span> <span class='ocrx_word' id='word_1_934' title='bbox 1403 1425 1444 1450; x_wconf 80' lang='lat'>43.</span> <span class='ocrx_word' id='word_1_935' title='bbox 1463 1425 1505 1450; x_wconf 87' lang='grc'>20.</span> <span class='ocrx_word' id='word_1_936' title='bbox 1548 1422 1599 1450; x_wconf 86' lang='lat' dir='ltr'>Edi</span> <span class='ocrx_word' id='word_1_937' title='bbox 1617 1424 1684 1449; x_wconf 85' lang='lat' dir='ltr'>ratio</span> <span class='ocrx_word' id='word_1_938' title='bbox 1703 1424 1738 1449; x_wconf 87' lang='lat' dir='ltr'>ita</span> <span class='ocrx_word' id='word_1_939' title='bbox 1757 1423 1927 1460; x_wconf 84' lang='lat' dir='ltr'>intelligitur,</span> <span class='ocrx_word' id='word_1_940' title='bbox 1952 1425 1975 1451; x_wconf 92' lang='lat' dir='ltr'>si</span> <span class='ocrx_word' id='word_1_941' title='bbox 1994 1435 2008 1451; x_wconf 85' lang='lat' dir='ltr'>a</span> 
     </span>
     <span class='ocr_line' id='line_1_94' title="bbox 1148 1444 2008 1505; baseline -0.001 -10"><span class='ocrx_word' id='word_1_942' title='bbox 1148 1444 1149 1505; x_wconf 42' lang='grc' dir='ltr'>ἶ</span> <span class='ocrx_word' id='word_1_943' title='bbox 1171 1469 1256 1505; x_wconf 85' lang='lat' dir='ltr'>capite</span> <span class='ocrx_word' id='word_1_944' title='bbox 1275 1467 1374 1494; x_wconf 83' lang='lat' dir='ltr'>edatur.</span> <span class='ocrx_word' id='word_1_945' title='bbox 1395 1466 1425 1493; x_wconf 91' lang='lat' dir='ltr'>tr.</span> <span class='ocrx_word' id='word_1_946' title='bbox 1447 1469 1486 1493; x_wconf 85' lang='lat'>10.</span> <span class='ocrx_word' id='word_1_947' title='bbox 1507 1466 1530 1501; x_wconf 84' lang='lat'>5.</span> <span class='ocrx_word' id='word_1_948' title='bbox 1549 1468 1574 1493; x_wconf 85' lang='lat'>2.</span> <span class='ocrx_word' id='word_1_949' title='bbox 1593 1466 1626 1493; x_wconf 87' lang='lat' dir='ltr'>de</span> <span class='ocrx_word' id='word_1_950' title='bbox 1645 1466 1756 1493; x_wconf 85' lang='lat' dir='ltr'>edendo.</span> <span class='ocrx_word' id='word_1_951' title='bbox 1775 1468 1799 1493; x_wconf 88' lang='grc'>2.</span> <span class='ocrx_word' id='word_1_952' title='bbox 1814 1468 1854 1493; x_wconf 86' lang='grc'>13.</span> <span class='ocrx_word' id='word_1_953' title='bbox 1875 1466 1906 1493; x_wconf 86' lang='lat' dir='ltr'>cf.</span> <span class='ocrx_word' id='word_1_954' title='bbox 1922 1466 1952 1494; x_wconf 85' lang='lat' dir='ltr'>fr.</span> <span class='ocrx_word' id='word_1_955' title='bbox 1968 1468 2008 1494; x_wconf 87' lang='lat'>19.</span> 
     </span>
     <span class='ocr_line' id='line_1_95' title="bbox 1148 1509 2010 1546; baseline 0.001 -9"><span class='ocrx_word' id='word_1_956' title='bbox 1148 1518 1150 1546; x_wconf 51' lang='grc'>1</span> <span class='ocrx_word' id='word_1_957' title='bbox 1171 1512 1192 1545; x_wconf 92' lang='lat'>5.</span> <span class='ocrx_word' id='word_1_958' title='bbox 1215 1513 1236 1537; x_wconf 93' lang='lat'>1.</span> <span class='ocrx_word' id='word_1_959' title='bbox 1257 1510 1289 1537; x_wconf 91' lang='lat' dir='ltr'>de</span> <span class='ocrx_word' id='word_1_960' title='bbox 1307 1509 1339 1537; x_wconf 75' lang='lat' dir='ltr'>N.</span> <span class='ocrx_word' id='word_1_961' title='bbox 1359 1510 1390 1537; x_wconf 89' lang='lat' dir='ltr'>G.</span> <span class='ocrx_word' id='word_1_962' title='bbox 1409 1512 1433 1537; x_wconf 91' lang='lat'>3.</span> <span class='ocrx_word' id='word_1_963' title='bbox 1454 1512 1477 1536; x_wconf 92' lang='lat'>5.</span> <span class='ocrx_word' id='word_1_964' title='bbox 1515 1510 1545 1536; x_wconf 93' lang='lat' dir='ltr'>Si</span> <span class='ocrx_word' id='word_1_965' title='bbox 1564 1510 1590 1536; x_wconf 89' lang='lat' dir='ltr'>in</span> <span class='ocrx_word' id='word_1_966' title='bbox 1610 1509 1686 1536; x_wconf 87' lang='lat' dir='ltr'>aliam</span> <span class='ocrx_word' id='word_1_967' title='bbox 1706 1520 1783 1546; x_wconf 80' lang='lat' dir='ltr'>quam</span> <span class='ocrx_word' id='word_1_968' title='bbox 1802 1509 1933 1537; x_wconf 84' lang='lat' dir='ltr'>celebrem</span> <span class='ocrx_word' id='word_1_969' title='bbox 1947 1511 2010 1538; x_wconf 87' lang='lat' dir='ltr'>civi-</span> 
     </span>
     <span class='ocr_line' id='line_1_96' title="bbox 1148 1553 2010 1591; baseline 0.001 -11"><span class='ocrx_word' id='word_1_970' title='bbox 1148 1562 1149 1587; x_wconf 60' lang='lat'>]</span> <span class='ocrx_word' id='word_1_971' title='bbox 1171 1559 1262 1586; x_wconf 76' lang='lat' dir='ltr'>tatem.</span> <span class='ocrx_word' id='word_1_972' title='bbox 1286 1554 1329 1580; x_wconf 88' lang='lat' dir='ltr'>vel</span> <span class='ocrx_word' id='word_1_973' title='bbox 1353 1554 1505 1591; x_wconf 79' lang='lat' dir='ltr'>provinciae</span> <span class='ocrx_word' id='word_1_974' title='bbox 1528 1558 1618 1590; x_wconf 72' lang='lat' dir='ltr'>caput,</span> <span class='ocrx_word' id='word_1_975' title='bbox 1643 1553 1786 1580; x_wconf 80' lang='lat' dir='ltr'>advenerit.</span> <span class='ocrx_word' id='word_1_976' title='bbox 1818 1553 1849 1580; x_wconf 78' lang='grc'>11.</span> <span class='ocrx_word' id='word_1_977' title='bbox 1870 1555 1892 1580; x_wconf 93' lang='lat'>7.</span> <span class='ocrx_word' id='word_1_978' title='bbox 1912 1563 1952 1591; x_wconf 86' lang='lat' dir='ltr'>pr.</span> <span class='ocrx_word' id='word_1_979' title='bbox 1976 1553 2010 1581; x_wconf 82' lang='lat' dir='ltr'>de</span> 
     </span>
     <span class='ocr_line' id='line_1_97' title="bbox 1148 1596 2008 1635; baseline 0 -11"><span class='ocrx_word' id='word_1_980' title='bbox 1148 1603 1149 1635; x_wconf 47' lang='grc' dir='ltr'>ζ</span> <span class='ocrx_word' id='word_1_981' title='bbox 1171 1597 1214 1624; x_wconf 76' lang='lat' dir='ltr'>off.</span> <span class='ocrx_word' id='word_1_982' title='bbox 1234 1597 1309 1624; x_wconf 86' lang='lat' dir='ltr'>Proc.</span> <span class='ocrx_word' id='word_1_983' title='bbox 1335 1602 1360 1623; x_wconf 92' lang='lat' dir='ltr'>et</span> <span class='ocrx_word' id='word_1_984' title='bbox 1379 1596 1433 1633; x_wconf 81' lang='lat' dir='ltr'>Leg</span> <span class='ocrx_word' id='word_1_985' title='bbox 1468 1599 1489 1623; x_wconf 94' lang='lat'>1.</span> <span class='ocrx_word' id='word_1_986' title='bbox 1516 1598 1555 1623; x_wconf 84' lang='lat'>16.</span> <span class='ocrx_word' id='word_1_987' title='bbox 1598 1596 1669 1623; x_wconf 68' lang='lat' dir='ltr'>Vrbs</span> <span class='ocrx_word' id='word_1_988' title='bbox 1694 1596 1789 1627; x_wconf 79' lang='lat' dir='ltr'>Roma.</span> <span class='ocrx_word' id='word_1_989' title='bbox 1815 1606 1891 1632; x_wconf 89' lang='lat' dir='ltr'>quam</span> <span class='ocrx_word' id='word_1_990' title='bbox 1915 1598 2008 1624; x_wconf 88' lang='lat' dir='ltr'>merito</span> 
     </span>
     <span class='ocr_line' id='line_1_98' title="bbox 1148 1639 2010 1677; baseline 0.001 -11"><span class='ocrx_word' id='word_1_991' title='bbox 1148 1650 1149 1676; x_wconf 36' lang='grc' dir='ltr'><strong>ᾗ</strong></span> <span class='ocrx_word' id='word_1_992' title='bbox 1171 1645 1249 1677; x_wconf 87' lang='lat' dir='ltr'>caput</span> <span class='ocrx_word' id='word_1_993' title='bbox 1266 1641 1351 1666; x_wconf 88' lang='lat' dir='ltr'>nostri</span> <span class='ocrx_word' id='word_1_994' title='bbox 1369 1649 1524 1666; x_wconf 81' lang='lat' dir='ltr'>veneramur</span> <span class='ocrx_word' id='word_1_995' title='bbox 1542 1641 1652 1677; x_wconf 86' lang='lat' dir='ltr'>imperii.</span> <span class='ocrx_word' id='word_1_996' title='bbox 1677 1639 1744 1666; x_wconf 74' lang='lat' dir='ltr'>Nov.</span> <span class='ocrx_word' id='word_1_997' title='bbox 1764 1639 1894 1666; x_wconf 68' lang='lat' dir='ltr'>valentin.</span> <span class='ocrx_word' id='word_1_998' title='bbox 1914 1639 1956 1666; x_wconf 88' lang='lat'>111.</span> <span class='ocrx_word' id='word_1_999' title='bbox 1977 1640 2010 1667; x_wconf 89' lang='lat' dir='ltr'>de</span> 
     </span>
     <span class='ocr_line' id='line_1_99' title="bbox 1147 1679 2009 1721; baseline 0 -11"><span class='ocrx_word' id='word_1_1000' title='bbox 1147 1679 1149 1720; x_wconf 49' lang='lat' dir='ltr'>l</span> <span class='ocrx_word' id='word_1_1001' title='bbox 1170 1683 1303 1721; x_wconf 86' lang='lat' dir='ltr'>pantapol.</span> <span class='ocrx_word' id='word_1_1002' title='bbox 1324 1682 1354 1709; x_wconf 87' lang='lat' dir='ltr'>ll.</span> <span class='ocrx_word' id='word_1_1003' title='bbox 1374 1685 1397 1709; x_wconf 89' lang='lat'>5.</span> <span class='ocrx_word' id='word_1_1004' title='bbox 1418 1693 1439 1709; x_wconf 91' lang='lat' dir='ltr'>c.</span> <span class='ocrx_word' id='word_1_1005' title='bbox 1461 1685 1483 1709; x_wconf 94' lang='lat'>1.</span> <span class='ocrx_word' id='word_1_1006' title='bbox 1502 1693 1542 1720; x_wconf 89' lang='lat' dir='ltr'>pr.</span> <span class='ocrx_word' id='word_1_1007' title='bbox 1580 1699 1612 1702; x_wconf 97' lang='lat'><strong>—</strong></span> <span class='ocrx_word' id='word_1_1008' title='bbox 1650 1683 1681 1716; x_wconf 63' lang='grc' dir='ltr'>ξ.</span> <span class='ocrx_word' id='word_1_1009' title='bbox 1700 1683 1738 1709; x_wconf 81' lang='grc'>9.</span> <span class='ocrx_word' id='word_1_1010' title='bbox 1775 1684 2009 1717; x_wconf 66' lang='lat' dir='ltr'>Praepositum,</span> 
     </span>
     <span class='ocr_line' id='line_1_100' title="bbox 1147 1723 2010 1763; baseline -0.001 -9"><span class='ocrx_word' id='word_1_1011' title='bbox 1147 1723 1148 1757; x_wconf 53' lang='grc'>1</span> <span class='ocrx_word' id='word_1_1012' title='bbox 1170 1728 1371 1763; x_wconf 79' lang='lat' dir='ltr'>Praefectus.</span> <span class='ocrx_word' id='word_1_1013' title='bbox 1408 1725 1450 1752; x_wconf 88' lang='lat'>111.</span> <span class='ocrx_word' id='word_1_1014' title='bbox 1472 1727 1537 1754; x_wconf 78' lang='lat' dir='ltr'>Gn.</span> <span class='ocrx_word' id='word_1_1015' title='bbox 1557 1725 1670 1751; x_wconf 85' lang='lat' dir='ltr'>Scituris</span> <span class='ocrx_word' id='word_1_1016' title='bbox 1689 1725 1731 1752; x_wconf 84' lang='lat' dir='ltr'>vel</span> <span class='ocrx_word' id='word_1_1017' title='bbox 1750 1727 1878 1763; x_wconf 75' lang='lat' dir='ltr'>principe.</span> <span class='ocrx_word' id='word_1_1018' title='bbox 1897 1725 1940 1752; x_wconf 85' lang='lat' dir='ltr'>vel</span> <span class='ocrx_word' id='word_1_1019' title='bbox 1953 1735 2010 1753; x_wconf 83' lang='lat' dir='ltr'>cor·</span> 
     </span>
    </p>
   </div>
   <div class='ocr_carea' id='block_1_35' title="bbox 1147 1768 2008 1806">
    <p class='ocr_par' dir='ltr' id='par_1_38' title="bbox 1147 1768 2008 1806">
     <span class='ocr_line' id='line_1_101' title="bbox 1147 1768 2008 1806; baseline 0 -10"><span class='ocrx_word' id='word_1_1020' title='bbox 1147 1795 1148 1800; x_wconf 67' lang='grc'>,</span> <span class='ocrx_word' id='word_1_1021' title='bbox 1170 1769 1305 1801; x_wconf 66' lang='grc'><em>0101113110,</em></span> <span class='ocrx_word' id='word_1_1022' title='bbox 1325 1768 1367 1795; x_wconf 79' lang='lat' dir='ltr'>vel</span> <span class='ocrx_word' id='word_1_1023' title='bbox 1386 1768 1531 1806; x_wconf 80' lang='lat' dir='ltr'>capitibus.</span> <span class='ocrx_word' id='word_1_1024' title='bbox 1555 1773 1642 1794; x_wconf 90' lang='lat' dir='ltr'>ternas</span> <span class='ocrx_word' id='word_1_1025' title='bbox 1666 1768 1748 1795; x_wconf 90' lang='lat' dir='ltr'>libras</span> <span class='ocrx_word' id='word_1_1026' title='bbox 1772 1769 1827 1796; x_wconf 90' lang='lat' dir='ltr'>auri</span> <span class='ocrx_word' id='word_1_1027' title='bbox 1847 1779 1879 1795; x_wconf 86' lang='lat' dir='ltr'>ex</span> <span class='ocrx_word' id='word_1_1028' title='bbox 1898 1770 1954 1796; x_wconf 87' lang='lat' dir='ltr'>suis</span> <span class='ocrx_word' id='word_1_1029' title='bbox 1974 1769 2008 1796; x_wconf 81' lang='lat' dir='ltr'>fa-</span> 
     </span>
    </p>
   </div>
   <div class='ocr_carea' id='block_1_36' title="bbox 1168 1810 2008 2193">
    <p class='ocr_par' dir='ltr' id='par_1_39' title="bbox 1168 1810 2008 2193">
     <span class='ocr_line' id='line_1_102' title="bbox 1169 1810 2007 1849; baseline -0.001 -9"><span class='ocrx_word' id='word_1_1030' title='bbox 1169 1813 1311 1840; x_wconf 85' lang='lat' dir='ltr'>cultatibus</span> <span class='ocrx_word' id='word_1_1031' title='bbox 1331 1812 1457 1839; x_wconf 84' lang='lat' dir='ltr'>eruendas</span> <span class='ocrx_word' id='word_1_1032' title='bbox 1477 1817 1526 1838; x_wconf 81' lang='lat' dir='ltr'>etc.</span> <span class='ocrx_word' id='word_1_1033' title='bbox 1546 1811 1595 1838; x_wconf 91' lang='lat' dir='ltr'>Th.</span> <span class='ocrx_word' id='word_1_1034' title='bbox 1610 1810 1640 1838; x_wconf 92' lang='lat' dir='ltr'>C.</span> <span class='ocrx_word' id='word_1_1035' title='bbox 1655 1811 1698 1838; x_wconf 69' lang='lat' dir='ltr'>VI.</span> <span class='ocrx_word' id='word_1_1036' title='bbox 1712 1813 1754 1838; x_wconf 83' lang='lat'>26.</span> <span class='ocrx_word' id='word_1_1037' title='bbox 1769 1822 1790 1838; x_wconf 97' lang='lat' dir='ltr'>c.</span> <span class='ocrx_word' id='word_1_1038' title='bbox 1804 1814 1827 1838; x_wconf 88' lang='lat'>5.</span> <span class='ocrx_word' id='word_1_1039' title='bbox 1848 1811 1881 1838; x_wconf 86' lang='lat' dir='ltr'>de</span> <span class='ocrx_word' id='word_1_1040' title='bbox 1894 1812 2007 1849; x_wconf 83' lang='lat' dir='ltr'>proxim.</span> 
     </span>
     <span class='ocr_line' id='line_1_103' title="bbox 1375 1855 2008 1892; baseline 0.002 -11"><span class='ocrx_word' id='word_1_1041' title='bbox 1375 1855 1429 1891; x_wconf 82' lang='lat' dir='ltr'>Qui</span> <span class='ocrx_word' id='word_1_1042' title='bbox 1451 1860 1513 1881; x_wconf 89' lang='lat' dir='ltr'>sunt</span> <span class='ocrx_word' id='word_1_1043' title='bbox 1534 1856 1561 1881; x_wconf 92' lang='lat' dir='ltr'>in</span> <span class='ocrx_word' id='word_1_1044' title='bbox 1584 1856 1668 1892; x_wconf 86' lang='lat' dir='ltr'>capite</span> <span class='ocrx_word' id='word_1_1045' title='bbox 1692 1855 1844 1887; x_wconf 71' lang='lat' dir='ltr'>constituti.</span> <span class='ocrx_word' id='word_1_1046' title='bbox 1869 1865 1922 1882; x_wconf 87' lang='lat' dir='ltr'>uno</span> <span class='ocrx_word' id='word_1_1047' title='bbox 1940 1865 2008 1882; x_wconf 86' lang='lat' dir='ltr'>anno</span> 
     </span>
     <span class='ocr_line' id='line_1_104' title="bbox 1169 1897 2008 1936; baseline 0 -10"><span class='ocrx_word' id='word_1_1048' title='bbox 1169 1904 1273 1926; x_wconf 81' lang='lat' dir='ltr'>teneant</span> <span class='ocrx_word' id='word_1_1049' title='bbox 1292 1899 1475 1936; x_wconf 80' lang='lat' dir='ltr'>proximatum.</span> <span class='ocrx_word' id='word_1_1050' title='bbox 1504 1898 1541 1925; x_wconf 90' lang='lat' dir='ltr'>Ib.</span> <span class='ocrx_word' id='word_1_1051' title='bbox 1562 1908 1582 1925; x_wconf 91' lang='lat' dir='ltr'>c.</span> <span class='ocrx_word' id='word_1_1052' title='bbox 1605 1900 1644 1924; x_wconf 95' lang='lat'>11.</span> <span class='ocrx_word' id='word_1_1053' title='bbox 1664 1897 1681 1924; x_wconf 88' lang='grc'>1.</span> <span class='ocrx_word' id='word_1_1054' title='bbox 1700 1897 1717 1924; x_wconf 93' lang='lat'>1.</span> <span class='ocrx_word' id='word_1_1055' title='bbox 1738 1914 1771 1917; x_wconf 97' lang='lat'><strong>—</strong></span> <span class='ocrx_word' id='word_1_1056' title='bbox 1795 1898 1826 1931; x_wconf 81' lang='lat'>§.</span> <span class='ocrx_word' id='word_1_1057' title='bbox 1846 1899 1908 1925; x_wconf 79' lang='lat'>1⁰.</span> <span class='ocrx_word' id='word_1_1058' title='bbox 1929 1901 2008 1926; x_wconf 76' lang='lat' dir='ltr'>Sub-</span> 
     </span>
     <span class='ocr_line' id='line_1_105' title="bbox 1169 1940 2005 1976; baseline -0.002 -7"><span class='ocrx_word' id='word_1_1059' title='bbox 1169 1945 1296 1969; x_wconf 77' lang='lat' dir='ltr'>stantia</span> <span class='ocrx_word' id='word_1_1060' title='bbox 1320 1943 1424 1968; x_wconf 77' lang='lat' dir='ltr'>debiti</span> <span class='ocrx_word' id='word_1_1061' title='bbox 1447 1943 1560 1976; x_wconf 77' lang='lat' dir='ltr'>ipsius.</span> <span class='ocrx_word' id='word_1_1062' title='bbox 1598 1941 1616 1967; x_wconf 94' lang='lat' dir='ltr'>l.</span> <span class='ocrx_word' id='word_1_1063' title='bbox 1639 1942 1700 1975; x_wconf 78' lang='lat' dir='ltr'>Sy.</span> <span class='ocrx_word' id='word_1_1064' title='bbox 1734 1940 1808 1968; x_wconf 88' lang='lat' dir='ltr'>Sors.</span> <span class='ocrx_word' id='word_1_1065' title='bbox 1842 1941 1879 1967; x_wconf 91' lang='lat' dir='ltr'>Ib.</span> <span class='ocrx_word' id='word_1_1066' title='bbox 1899 1940 1946 1968; x_wconf 85' lang='lat' dir='ltr'>IV.</span> <span class='ocrx_word' id='word_1_1067' title='bbox 1965 1942 2005 1968; x_wconf 81' lang='lat'>19.</span> 
     </span>
     <span class='ocr_line' id='line_1_106' title="bbox 1170 1982 2005 2018; baseline -0.001 -7"><span class='ocrx_word' id='word_1_1068' title='bbox 1170 1995 1191 2011; x_wconf 92' lang='lat' dir='ltr'>c.</span> <span class='ocrx_word' id='word_1_1069' title='bbox 1212 1987 1234 2011; x_wconf 95' lang='lat'>1.</span> <span class='ocrx_word' id='word_1_1070' title='bbox 1254 1985 1275 2018; x_wconf 91' lang='lat'>5.</span> <span class='ocrx_word' id='word_1_1071' title='bbox 1294 1987 1318 2011; x_wconf 86' lang='grc'>2.</span> <span class='ocrx_word' id='word_1_1072' title='bbox 1339 1984 1372 2011; x_wconf 83' lang='lat' dir='ltr'>de</span> <span class='ocrx_word' id='word_1_1073' title='bbox 1391 1994 1461 2011; x_wconf 90' lang='lat' dir='ltr'>usur.</span> <span class='ocrx_word' id='word_1_1074' title='bbox 1482 1985 1518 2011; x_wconf 83' lang='lat' dir='ltr'>rei</span> <span class='ocrx_word' id='word_1_1075' title='bbox 1537 1984 1590 2011; x_wconf 89' lang='lat' dir='ltr'>ind.</span> <span class='ocrx_word' id='word_1_1076' title='bbox 1627 1984 1658 2010; x_wconf 93' lang='lat'>11.</span> <span class='ocrx_word' id='word_1_1077' title='bbox 1675 1985 1741 2017; x_wconf 72' lang='grc' dir='ltr'>ΟΡ.</span> <span class='ocrx_word' id='word_1_1078' title='bbox 1769 1982 1878 2010; x_wconf 70' lang='lat' dir='ltr'>Vsurae.</span> <span class='ocrx_word' id='word_1_1079' title='bbox 1898 1983 1935 2010; x_wconf 89' lang='lat' dir='ltr'>lb.</span> <span class='ocrx_word' id='word_1_1080' title='bbox 1954 1983 1971 2010; x_wconf 94' lang='lat' dir='ltr'>l.</span> <span class='ocrx_word' id='word_1_1081' title='bbox 1988 1983 2005 2011; x_wconf 92' lang='lat' dir='ltr'>l.</span> 
     </span>
     <span class='ocr_line' id='line_1_107' title="bbox 1170 2028 2005 2062; baseline 0 -8"><span class='ocrx_word' id='word_1_1082' title='bbox 1170 2044 1202 2048; x_wconf 97' lang='lat'><strong>—</strong></span> <span class='ocrx_word' id='word_1_1083' title='bbox 1221 2028 1252 2061; x_wconf 60' lang='grc' dir='ltr'>ᾖ.</span> <span class='ocrx_word' id='word_1_1084' title='bbox 1264 2029 1321 2054; x_wconf 90' lang='lat' dir='ltr'>ll.</span> <span class='ocrx_word' id='word_1_1085' title='bbox 1337 2029 1509 2062; x_wconf 77' lang='lat' dir='ltr'>Siugnlum</span> <span class='ocrx_word' id='word_1_1086' title='bbox 1528 2029 1577 2053; x_wconf 74' lang='lat' dir='ltr'>rei</span> <span class='ocrx_word' id='word_1_1087' title='bbox 1593 2028 1813 2061; x_wconf 72' lang='lat' dir='ltr'>cuiuscunque</span> <span class='ocrx_word' id='word_1_1088' title='bbox 1831 2028 2005 2054; x_wconf 83' lang='lat' dir='ltr'>membrum.</span> 
     </span>
     <span class='ocr_line' id='line_1_108' title="bbox 1170 2069 2006 2105; baseline 0 -8"><span class='ocrx_word' id='word_1_1089' title='bbox 1170 2072 1352 2097; x_wconf 63' lang='lat' dir='ltr'>Articulum.</span> <span class='ocrx_word' id='word_1_1090' title='bbox 1389 2069 1408 2096; x_wconf 91' lang='lat'>1.</span> <span class='ocrx_word' id='word_1_1091' title='bbox 1423 2071 1484 2104; x_wconf 75' lang='lat' dir='ltr'>Sy.</span> <span class='ocrx_word' id='word_1_1092' title='bbox 1513 2069 1576 2096; x_wconf 88' lang='lat' dir='ltr'>Pars</span> <span class='ocrx_word' id='word_1_1093' title='bbox 1596 2069 1682 2105; x_wconf 74' lang='lat' dir='ltr'>(legis.</span> <span class='ocrx_word' id='word_1_1094' title='bbox 1702 2079 1726 2095; x_wconf 89' lang='lat' dir='ltr'>v.</span> <span class='ocrx_word' id='word_1_1095' title='bbox 1746 2070 1916 2104; x_wconf 84' lang='lat' dir='ltr'>testamenti).</span> <span class='ocrx_word' id='word_1_1096' title='bbox 1948 2069 2006 2097; x_wconf 85' lang='lat' dir='ltr'>Gai.</span> 
     </span>
     <span class='ocr_line' id='line_1_109' title="bbox 1169 2110 2005 2150; baseline 0 -10"><span class='ocrx_word' id='word_1_1097' title='bbox 1169 2113 1199 2140; x_wconf 90' lang='grc'>11.</span> <span class='ocrx_word' id='word_1_1098' title='bbox 1218 2115 1278 2140; x_wconf 85' lang='grc'><em>215.</em></span> <span class='ocrx_word' id='word_1_1099' title='bbox 1298 2123 1355 2149; x_wconf 89' lang='lat' dir='ltr'>sqq.</span> <span class='ocrx_word' id='word_1_1100' title='bbox 1386 2112 1415 2139; x_wconf 78' lang='lat' dir='ltr'>t&#39;r.</span> <span class='ocrx_word' id='word_1_1101' title='bbox 1435 2114 1476 2139; x_wconf 89' lang='lat'>29.</span> <span class='ocrx_word' id='word_1_1102' title='bbox 1501 2110 1538 2146; x_wconf 90' lang='lat'>55</span> <span class='ocrx_word' id='word_1_1103' title='bbox 1560 2114 1599 2138; x_wconf 89' lang='lat'>12.</span> <span class='ocrx_word' id='word_1_1104' title='bbox 1619 2122 1678 2149; x_wconf 87' lang='lat' dir='ltr'>sqq.</span> <span class='ocrx_word' id='word_1_1105' title='bbox 1703 2111 1736 2138; x_wconf 88' lang='lat' dir='ltr'>de</span> <span class='ocrx_word' id='word_1_1106' title='bbox 1760 2111 1804 2138; x_wconf 90' lang='lat' dir='ltr'>lib.</span> <span class='ocrx_word' id='word_1_1107' title='bbox 1830 2117 1855 2139; x_wconf 82' lang='lat' dir='ltr'>et</span> <span class='ocrx_word' id='word_1_1108' title='bbox 1873 2112 2005 2150; x_wconf 87' lang='lat' dir='ltr'>posthum.</span> 
     </span>
     <span class='ocr_line' id='line_1_110' title="bbox 1168 2154 2006 2193; baseline 0.001 -11"><span class='ocrx_word' id='word_1_1109' title='bbox 1168 2159 1210 2183; x_wconf 76' lang='grc'>28.</span> <span class='ocrx_word' id='word_1_1110' title='bbox 1228 2158 1252 2182; x_wconf 90' lang='lat'>2.</span> <span class='ocrx_word' id='word_1_1111' title='bbox 1290 2156 1436 2193; x_wconf 86' lang='lat' dir='ltr'>Scriptura.</span> <span class='ocrx_word' id='word_1_1112' title='bbox 1456 2155 1543 2182; x_wconf 61' lang='lat' dir='ltr'>Yerba</span> <span class='ocrx_word' id='word_1_1113' title='bbox 1563 2155 1746 2188; x_wconf 74' lang='lat' dir='ltr'>(testamenti).</span> <span class='ocrx_word' id='word_1_1114' title='bbox 1771 2154 1801 2182; x_wconf 86' lang='lat' dir='ltr'>fr.</span> <span class='ocrx_word' id='word_1_1115' title='bbox 1823 2157 1861 2182; x_wconf 88' lang='lat'>13.</span> <span class='ocrx_word' id='word_1_1116' title='bbox 1882 2155 1915 2182; x_wconf 86' lang='lat' dir='ltr'>de</span> <span class='ocrx_word' id='word_1_1117' title='bbox 1932 2155 2006 2189; x_wconf 73' lang='lat' dir='ltr'>inoff.</span> 
     </span>
    </p>
   </div>
   <div class='ocr_carea' id='block_1_37' title="bbox 1146 2196 2007 2280">
    <p class='ocr_par' dir='ltr' id='par_1_40' title="bbox 1146 2196 2007 2280">
     <span class='ocr_line' id='line_1_111' title="bbox 1146 2196 2007 2233; baseline 0 -8"><span class='ocrx_word' id='word_1_1118' title='bbox 1146 2196 1148 2205; x_wconf 57' lang='lat'><em>¹</em></span> <span class='ocrx_word' id='word_1_1119' title='bbox 1170 2204 1270 2226; x_wconf 83' lang='lat' dir='ltr'>testam.</span> <span class='ocrx_word' id='word_1_1120' title='bbox 1290 2201 1314 2225; x_wconf 87' lang='lat'>5.</span> <span class='ocrx_word' id='word_1_1121' title='bbox 1333 2201 1357 2225; x_wconf 90' lang='lat'>2.</span> <span class='ocrx_word' id='word_1_1122' title='bbox 1377 2198 1407 2225; x_wconf 82' lang='grc'>11.</span> <span class='ocrx_word' id='word_1_1123' title='bbox 1422 2201 1462 2225; x_wconf 85' lang='lat'>40.</span> <span class='ocrx_word' id='word_1_1124' title='bbox 1482 2200 1503 2233; x_wconf 93' lang='lat'>5.</span> <span class='ocrx_word' id='word_1_1125' title='bbox 1523 2201 1547 2225; x_wconf 84' lang='lat'>2.</span> <span class='ocrx_word' id='word_1_1126' title='bbox 1567 2199 1600 2225; x_wconf 81' lang='lat' dir='ltr'>de</span> <span class='ocrx_word' id='word_1_1127' title='bbox 1619 2198 1692 2225; x_wconf 88' lang='lat' dir='ltr'>milit.</span> <span class='ocrx_word' id='word_1_1128' title='bbox 1714 2203 1814 2224; x_wconf 81' lang='lat' dir='ltr'>testam.</span> <span class='ocrx_word' id='word_1_1129' title='bbox 1834 2200 1876 2225; x_wconf 87' lang='lat'>29.</span> <span class='ocrx_word' id='word_1_1130' title='bbox 1897 2200 1920 2226; x_wconf 93' lang='lat' dir='ltr'>l.</span> <span class='ocrx_word' id='word_1_1131' title='bbox 1957 2197 2007 2225; x_wconf 86' lang='lat' dir='ltr'>Ca·</span> 
     </span>
     <span class='ocr_line' id='line_1_112' title="bbox 1147 2240 2004 2280; baseline -0.002 -11"><span class='ocrx_word' id='word_1_1132' title='bbox 1147 2275 1148 2279; x_wconf 17' lang='grc' dir='ltr'><strong>Ἰ</strong></span> <span class='ocrx_word' id='word_1_1133' title='bbox 1169 2242 1288 2280; x_wconf 86' lang='lat' dir='ltr'>pitulum.</span> <span class='ocrx_word' id='word_1_1134' title='bbox 1318 2242 1349 2269; x_wconf 78' lang='lat' dir='ltr'>ct&#39;.</span> <span class='ocrx_word' id='word_1_1135' title='bbox 1370 2242 1393 2268; x_wconf 90' lang='lat' dir='ltr'>h.</span> <span class='ocrx_word' id='word_1_1136' title='bbox 1414 2252 1437 2269; x_wconf 79' lang='lat' dir='ltr'>v.</span> <span class='ocrx_word' id='word_1_1137' title='bbox 1475 2242 1597 2269; x_wconf 85' lang='lat' dir='ltr'>Edictum</span> <span class='ocrx_word' id='word_1_1138' title='bbox 1617 2242 1854 2274; x_wconf 79' lang='lat' dir='ltr'>(successorium).</span> <span class='ocrx_word' id='word_1_1139' title='bbox 1883 2241 1914 2268; x_wconf 83' lang='lat' dir='ltr'>cf.</span> <span class='ocrx_word' id='word_1_1140' title='bbox 1934 2240 1959 2268; x_wconf 90' lang='lat' dir='ltr'>h.</span> <span class='ocrx_word' id='word_1_1141' title='bbox 1979 2251 2004 2267; x_wconf 82' lang='lat' dir='ltr'>v.</span> 
     </span>
    </p>
   </div>
   <div class='ocr_carea' id='block_1_38' title="bbox 1169 2283 2005 2322">
    <p class='ocr_par' dir='ltr' id='par_1_41' title="bbox 1169 2283 2005 2322">
     <span class='ocr_line' id='line_1_113' title="bbox 1169 2283 2005 2322; baseline -0.002 -10"><span class='ocrx_word' id='word_1_1142' title='bbox 1169 2286 1190 2319; x_wconf 90' lang='lat'>5.</span> <span class='ocrx_word' id='word_1_1143' title='bbox 1209 2288 1234 2312; x_wconf 86' lang='grc'>3.</span> <span class='ocrx_word' id='word_1_1144' title='bbox 1271 2285 1313 2312; x_wconf 85' lang='grc'><em>111.</em></span> <span class='ocrx_word' id='word_1_1145' title='bbox 1334 2286 1400 2313; x_wconf 70' lang='lat' dir='ltr'>on.</span> <span class='ocrx_word' id='word_1_1146' title='bbox 1428 2284 1551 2312; x_wconf 87' lang='lat' dir='ltr'>Generali</span> <span class='ocrx_word' id='word_1_1147' title='bbox 1570 2286 1654 2322; x_wconf 82' lang='lat' dir='ltr'>capite</span> <span class='ocrx_word' id='word_1_1148' title='bbox 1673 2286 1833 2322; x_wconf 83' lang='lat' dir='ltr'>praeposito,</span> <span class='ocrx_word' id='word_1_1149' title='bbox 1854 2283 1959 2321; x_wconf 84' lang='lat' dir='ltr'>quidam</span> <span class='ocrx_word' id='word_1_1150' title='bbox 1977 2285 2005 2311; x_wconf 89' lang='lat' dir='ltr'>in</span> 
     </span>
    </p>
   </div>
   <div class='ocr_carea' id='block_1_39' title="bbox 1146 2326 2004 2364">
    <p class='ocr_par' dir='ltr' id='par_1_42' title="bbox 1146 2326 2004 2364">
     <span class='ocr_line' id='line_1_114' title="bbox 1146 2326 2004 2364; baseline -0.001 -10"><span class='ocrx_word' id='word_1_1151' title='bbox 1146 2329 1148 2342; x_wconf 75' lang='lat'><em>*</em></span> <span class='ocrx_word' id='word_1_1152' title='bbox 1169 2333 1325 2354; x_wconf 86' lang='lat' dir='ltr'>testamento</span> <span class='ocrx_word' id='word_1_1153' title='bbox 1345 2338 1393 2355; x_wconf 89' lang='lat' dir='ltr'>suo</span> <span class='ocrx_word' id='word_1_1154' title='bbox 1412 2329 1447 2355; x_wconf 85' lang='lat' dir='ltr'>ita</span> <span class='ocrx_word' id='word_1_1155' title='bbox 1467 2328 1569 2355; x_wconf 85' lang='lat' dir='ltr'>adiecit.</span> <span class='ocrx_word' id='word_1_1156' title='bbox 1603 2328 1634 2354; x_wconf 83' lang='lat' dir='ltr'>fr.</span> <span class='ocrx_word' id='word_1_1157' title='bbox 1653 2329 1694 2354; x_wconf 85' lang='lat'>32.</span> <span class='ocrx_word' id='word_1_1158' title='bbox 1715 2337 1753 2364; x_wconf 86' lang='lat' dir='ltr'>pr.</span> <span class='ocrx_word' id='word_1_1159' title='bbox 1775 2327 1806 2354; x_wconf 88' lang='lat' dir='ltr'>de</span> <span class='ocrx_word' id='word_1_1160' title='bbox 1823 2337 1874 2364; x_wconf 69' lang='lat' dir='ltr'>usu</span> <span class='ocrx_word' id='word_1_1161' title='bbox 1894 2331 1919 2353; x_wconf 90' lang='lat' dir='ltr'>et</span> <span class='ocrx_word' id='word_1_1162' title='bbox 1937 2326 2004 2354; x_wconf 80' lang='lat' dir='ltr'>usus.</span> 
     </span>
    </p>
   </div>
   <div class='ocr_carea' id='block_1_40' title="bbox 1169 2369 2006 2708">
    <p class='ocr_par' dir='ltr' id='par_1_43' title="bbox 1169 2369 2006 2708">
     <span class='ocr_line' id='line_1_115' title="bbox 1170 2369 2005 2408; baseline -0.002 -10"><span class='ocrx_word' id='word_1_1163' title='bbox 1170 2371 1217 2408; x_wconf 78' lang='lat' dir='ltr'>leg.</span> <span class='ocrx_word' id='word_1_1164' title='bbox 1236 2373 1278 2398; x_wconf 81' lang='lat'>33.</span> <span class='ocrx_word' id='word_1_1165' title='bbox 1297 2373 1321 2397; x_wconf 85' lang='lat'>2.</span> <span class='ocrx_word' id='word_1_1166' title='bbox 1353 2371 1384 2397; x_wconf 79' lang='lat' dir='ltr'>cf.</span> <span class='ocrx_word' id='word_1_1167' title='bbox 1405 2371 1434 2398; x_wconf 79' lang='grc'>11.</span> <span class='ocrx_word' id='word_1_1168' title='bbox 1454 2372 1496 2397; x_wconf 84' lang='lat'>34.</span> <span class='ocrx_word' id='word_1_1169' title='bbox 1521 2371 1542 2404; x_wconf 89' lang='lat'>5.</span> <span class='ocrx_word' id='word_1_1170' title='bbox 1562 2372 1586 2397; x_wconf 89' lang='lat'>6.</span> <span class='ocrx_word' id='word_1_1171' title='bbox 1612 2370 1644 2397; x_wconf 84' lang='lat' dir='ltr'>de</span> <span class='ocrx_word' id='word_1_1172' title='bbox 1664 2370 1739 2407; x_wconf 74' lang='lat' dir='ltr'>legat.</span> <span class='ocrx_word' id='word_1_1173' title='bbox 1760 2370 1790 2396; x_wconf 88' lang='grc'>11.</span> <span class='ocrx_word' id='word_1_1174' title='bbox 1811 2370 1888 2403; x_wconf 87' lang='grc'><em>(31.)</em></span> <span class='ocrx_word' id='word_1_1175' title='bbox 1912 2369 1943 2396; x_wconf 80' lang='lat' dir='ltr'>fr.</span> <span class='ocrx_word' id='word_1_1176' title='bbox 1962 2372 2005 2396; x_wconf 81' lang='lat'>20.</span> 
     </span>
     <span class='ocr_line' id='line_1_116' title="bbox 1169 2412 2004 2451; baseline -0.002 -10"><span class='ocrx_word' id='word_1_1177' title='bbox 1169 2425 1208 2451; x_wconf 87' lang='lat' dir='ltr'>pr.</span> <span class='ocrx_word' id='word_1_1178' title='bbox 1229 2414 1261 2440; x_wconf 87' lang='lat' dir='ltr'>de</span> <span class='ocrx_word' id='word_1_1179' title='bbox 1280 2414 1347 2441; x_wconf 86' lang='lat' dir='ltr'>alim.</span> <span class='ocrx_word' id='word_1_1180' title='bbox 1368 2414 1416 2450; x_wconf 68' lang='lat' dir='ltr'>leg.</span> <span class='ocrx_word' id='word_1_1181' title='bbox 1435 2416 1476 2440; x_wconf 89' lang='lat'>34.</span> <span class='ocrx_word' id='word_1_1182' title='bbox 1498 2416 1519 2440; x_wconf 97' lang='lat' dir='ltr'>l.</span> <span class='ocrx_word' id='word_1_1183' title='bbox 1540 2413 1570 2440; x_wconf 83' lang='lat' dir='ltr'>fr.</span> <span class='ocrx_word' id='word_1_1184' title='bbox 1591 2415 1631 2440; x_wconf 66' lang='lat'>40.</span> <span class='ocrx_word' id='word_1_1185' title='bbox 1652 2414 1673 2447; x_wconf 89' lang='lat'>5.</span> <span class='ocrx_word' id='word_1_1186' title='bbox 1694 2415 1716 2440; x_wconf 84' lang='lat'>7.</span> <span class='ocrx_word' id='word_1_1187' title='bbox 1737 2413 1769 2440; x_wconf 85' lang='lat' dir='ltr'>de</span> <span class='ocrx_word' id='word_1_1188' title='bbox 1789 2412 1904 2439; x_wconf 87' lang='lat' dir='ltr'>statnlib.</span> <span class='ocrx_word' id='word_1_1189' title='bbox 1925 2414 1966 2439; x_wconf 86' lang='lat'>40.</span> <span class='ocrx_word' id='word_1_1190' title='bbox 1982 2414 2004 2439; x_wconf 90' lang='lat'>7.</span> 
     </span>
     <span class='ocr_line' id='line_1_117' title="bbox 1170 2455 2006 2494; baseline -0.004 -10"><span class='ocrx_word' id='word_1_1191' title='bbox 1170 2457 1274 2493; x_wconf 75' lang='lat' dir='ltr'>Quodsi</span> <span class='ocrx_word' id='word_1_1192' title='bbox 1293 2457 1393 2484; x_wconf 80' lang='lat' dir='ltr'>liberos</span> <span class='ocrx_word' id='word_1_1193' title='bbox 1413 2467 1463 2483; x_wconf 91' lang='lat' dir='ltr'>non</span> <span class='ocrx_word' id='word_1_1194' title='bbox 1484 2456 1599 2484; x_wconf 83' lang='lat' dir='ltr'>habebit.</span> <span class='ocrx_word' id='word_1_1195' title='bbox 1619 2462 1672 2483; x_wconf 91' lang='lat' dir='ltr'>tum</span> <span class='ocrx_word' id='word_1_1196' title='bbox 1692 2458 1777 2494; x_wconf 84' lang='lat' dir='ltr'>capite</span> <span class='ocrx_word' id='word_1_1197' title='bbox 1796 2455 1911 2482; x_wconf 86' lang='lat' dir='ltr'>secundo</span> <span class='ocrx_word' id='word_1_1198' title='bbox 1932 2460 2006 2493; x_wconf 82' lang='lat' dir='ltr'>pater</span> 
     </span>
     <span class='ocr_line' id='line_1_118' title="bbox 1169 2497 2005 2527; baseline -0.004 0"><span class='ocrx_word' id='word_1_1199' title='bbox 1169 2511 1198 2527; x_wconf 85' lang='lat' dir='ltr'>ac</span> <span class='ocrx_word' id='word_1_1200' title='bbox 1217 2506 1298 2527; x_wconf 88' lang='lat' dir='ltr'>mater</span> <span class='ocrx_word' id='word_1_1201' title='bbox 1317 2501 1343 2527; x_wconf 90' lang='lat' dir='ltr'>in</span> <span class='ocrx_word' id='word_1_1202' title='bbox 1361 2501 1481 2526; x_wconf 83' lang='lat' dir='ltr'>trientem</span> <span class='ocrx_word' id='word_1_1203' title='bbox 1501 2499 1633 2526; x_wconf 82' lang='lat' dir='ltr'>dumtaxat</span> <span class='ocrx_word' id='word_1_1204' title='bbox 1653 2504 1768 2526; x_wconf 85' lang='lat' dir='ltr'>vocetur.</span> <span class='ocrx_word' id='word_1_1205' title='bbox 1797 2515 1830 2519; x_wconf 89' lang='lat'>—</span> <span class='ocrx_word' id='word_1_1206' title='bbox 1858 2497 1942 2525; x_wconf 82' lang='lat' dir='ltr'>Tertii</span> <span class='ocrx_word' id='word_1_1207' title='bbox 1966 2508 2005 2525; x_wconf 89' lang='lat' dir='ltr'>ca—</span> 
     </span>
     <span class='ocr_line' id='line_1_119' title="bbox 1169 2541 2003 2581; baseline -0.004 -11"><span class='ocrx_word' id='word_1_1208' title='bbox 1169 2545 1231 2581; x_wconf 87' lang='lat' dir='ltr'>pitis</span> <span class='ocrx_word' id='word_1_1209' title='bbox 1251 2544 1315 2570; x_wconf 87' lang='lat' dir='ltr'>haec</span> <span class='ocrx_word' id='word_1_1210' title='bbox 1333 2544 1382 2570; x_wconf 89' lang='lat' dir='ltr'>erit</span> <span class='ocrx_word' id='word_1_1211' title='bbox 1401 2542 1496 2579; x_wconf 74' lang='lat' dir='ltr'>regula.</span> <span class='ocrx_word' id='word_1_1212' title='bbox 1534 2541 1582 2569; x_wconf 85' lang='lat' dir='ltr'>Th.</span> <span class='ocrx_word' id='word_1_1213' title='bbox 1600 2542 1631 2569; x_wconf 88' lang='lat' dir='ltr'>C.</span> <span class='ocrx_word' id='word_1_1214' title='bbox 1646 2542 1689 2569; x_wconf 73' lang='lat' dir='ltr'>lx.</span> <span class='ocrx_word' id='word_1_1215' title='bbox 1710 2544 1750 2568; x_wconf 85' lang='lat'>42.</span> <span class='ocrx_word' id='word_1_1216' title='bbox 1771 2552 1792 2568; x_wconf 94' lang='lat' dir='ltr'>c.</span> <span class='ocrx_word' id='word_1_1217' title='bbox 1812 2543 1836 2568; x_wconf 90' lang='lat'>9.</span> <span class='ocrx_word' id='word_1_1218' title='bbox 1855 2542 1892 2575; x_wconf 87' lang='lat'>55.</span> <span class='ocrx_word' id='word_1_1219' title='bbox 1909 2543 1930 2568; x_wconf 96' lang='lat' dir='ltr'>l.</span> <span class='ocrx_word' id='word_1_1220' title='bbox 1944 2550 2003 2578; x_wconf 88' lang='lat' dir='ltr'>sqq.</span> 
     </span>
     <span class='ocr_line' id='line_1_120' title="bbox 1170 2584 2004 2623; baseline -0.004 -10"><span class='ocrx_word' id='word_1_1221' title='bbox 1170 2587 1202 2613; x_wconf 91' lang='lat' dir='ltr'>de</span> <span class='ocrx_word' id='word_1_1222' title='bbox 1220 2587 1282 2613; x_wconf 90' lang='lat' dir='ltr'>bon.</span> <span class='ocrx_word' id='word_1_1223' title='bbox 1302 2595 1402 2623; x_wconf 83' lang='lat' dir='ltr'>proscr.</span> <span class='ocrx_word' id='word_1_1224' title='bbox 1439 2584 1530 2622; x_wconf 69' lang='lat' dir='ltr'>¹Neque</span> <span class='ocrx_word' id='word_1_1225' title='bbox 1555 2585 1727 2622; x_wconf 87' lang='lat' dir='ltr'>compellatur</span> <span class='ocrx_word' id='word_1_1226' title='bbox 1750 2594 1825 2612; x_wconf 86' lang='lat' dir='ltr'>unam</span> <span class='ocrx_word' id='word_1_1227' title='bbox 1849 2585 2004 2611; x_wconf 79' lang='lat' dir='ltr'>sententiam</span> 
     </span>
     <span class='ocr_line' id='line_1_121' title="bbox 1169 2627 2004 2665; baseline -0.004 -9"><span class='ocrx_word' id='word_1_1228' title='bbox 1169 2630 1202 2656; x_wconf 78' lang='lat' dir='ltr'>de</span> <span class='ocrx_word' id='word_1_1229' title='bbox 1221 2629 1341 2656; x_wconf 88' lang='lat' dir='ltr'>omnibus</span> <span class='ocrx_word' id='word_1_1230' title='bbox 1361 2628 1490 2665; x_wconf 76' lang='lat' dir='ltr'>capitibus</span> <span class='ocrx_word' id='word_1_1231' title='bbox 1511 2628 1587 2654; x_wconf 87' lang='lat' dir='ltr'>simul</span> <span class='ocrx_word' id='word_1_1232' title='bbox 1607 2628 1702 2654; x_wconf 79' lang='lat' dir='ltr'>dicere.</span> <span class='ocrx_word' id='word_1_1233' title='bbox 1731 2638 1752 2654; x_wconf 88' lang='grc'>0.</span> <span class='ocrx_word' id='word_1_1234' title='bbox 1774 2630 1813 2654; x_wconf 90' lang='lat'>15.</span> <span class='ocrx_word' id='word_1_1235' title='bbox 1839 2627 1871 2654; x_wconf 83' lang='lat' dir='ltr'>de</span> <span class='ocrx_word' id='word_1_1236' title='bbox 1891 2631 1956 2654; x_wconf 90' lang='lat' dir='ltr'>sent.</span> <span class='ocrx_word' id='word_1_1237' title='bbox 1977 2631 2004 2653; x_wconf 79' lang='lat' dir='ltr'>et</span> 
     </span>
     <span class='ocr_line' id='line_1_122' title="bbox 1169 2670 2002 2708; baseline -0.005 -9"><span class='ocrx_word' id='word_1_1238' title='bbox 1169 2672 1287 2699; x_wconf 70' lang='lat' dir='ltr'>intel-luc.</span> <span class='ocrx_word' id='word_1_1239' title='bbox 1312 2673 1335 2698; x_wconf 92' lang='lat'>7.</span> <span class='ocrx_word' id='word_1_1240' title='bbox 1354 2673 1395 2697; x_wconf 86' lang='lat'>45.</span> <span class='ocrx_word' id='word_1_1241' title='bbox 1432 2671 1543 2697; x_wconf 77' lang='lat' dir='ltr'>Brevem</span> <span class='ocrx_word' id='word_1_1242' title='bbox 1567 2672 1808 2708; x_wconf 74' lang='lat' dir='ltr'>interpretationem</span> <span class='ocrx_word' id='word_1_1243' title='bbox 1827 2686 1859 2690; x_wconf 81' lang='lat'>—-</span> <span class='ocrx_word' id='word_1_1244' title='bbox 1879 2670 2002 2699; x_wconf 83' lang='lat' dir='ltr'>facturus,</span> 
     </span>
    </p>
   </div>
   <div class='ocr_carea' id='block_1_41' title="bbox 1146 2709 2002 2752">
    <p class='ocr_par' dir='ltr' id='par_1_44' title="bbox 1146 2709 2002 2752">
     <span class='ocr_line' id='line_1_123' title="bbox 1146 2709 2002 2752; baseline -0.005 -10"><span class='ocrx_word' id='word_1_1245' title='bbox 1146 2709 1147 2748; x_wconf 43' lang='lat' dir='ltr'>f</span> <span class='ocrx_word' id='word_1_1246' title='bbox 1168 2725 1216 2752; x_wconf 89' lang='lat' dir='ltr'>per</span> <span class='ocrx_word' id='word_1_1247' title='bbox 1239 2716 1295 2752; x_wconf 85' lang='lat' dir='ltr'>ipsa</span> <span class='ocrx_word' id='word_1_1248' title='bbox 1320 2715 1403 2751; x_wconf 89' lang='lat' dir='ltr'>capita</span> <span class='ocrx_word' id='word_1_1249' title='bbox 1427 2715 1465 2740; x_wconf 87' lang='lat' dir='ltr'>ire</span> <span class='ocrx_word' id='word_1_1250' title='bbox 1487 2714 1578 2746; x_wconf 86' lang='lat' dir='ltr'>malui,</span> <span class='ocrx_word' id='word_1_1251' title='bbox 1603 2714 1773 2750; x_wconf 78' lang='lat' dir='ltr'>ordinemque</span> <span class='ocrx_word' id='word_1_1252' title='bbox 1799 2713 1863 2750; x_wconf 74' lang='lat' dir='ltr'>legis</span> <span class='ocrx_word' id='word_1_1253' title='bbox 1889 2722 2002 2739; x_wconf 80' lang='lat' dir='ltr'>servare.</span> 
     </span>
    </p>
   </div>
   <div class='ocr_carea' id='block_1_42' title="bbox 1146 2749 1480 2790">
    <p class='ocr_par' dir='ltr' id='par_1_45' title="bbox 1146 2749 1480 2790">
     <span class='ocr_line' id='line_1_124' title="bbox 1146 2749 1480 2790; baseline -0.006 -6"><span class='ocrx_word' id='word_1_1254' title='bbox 1146 2749 1147 2790; x_wconf 67' lang='grc' dir='ltr'>ἶ</span> <span class='ocrx_word' id='word_1_1255' title='bbox 1170 2757 1238 2785; x_wconf 76' lang='lat' dir='ltr'>coll.</span> <span class='ocrx_word' id='word_1_1256' title='bbox 1258 2756 1311 2784; x_wconf 83' lang='lat' dir='ltr'>LL.</span> <span class='ocrx_word' id='word_1_1257' title='bbox 1330 2757 1364 2783; x_wconf 80' lang='lat' dir='ltr'>m.</span> <span class='ocrx_word' id='word_1_1258' title='bbox 1389 2756 1432 2783; x_wconf 64' lang='grc'>11.</span> <span class='ocrx_word' id='word_1_1259' title='bbox 1456 2758 1480 2782; x_wconf 78' lang='lat'>2.</span> 
     </span>
    </p>
   </div>
   <div class='ocr_carea' id='block_1_43' title="bbox 543 2842 1147 2878">
    <p class='ocr_par' dir='ltr' id='par_1_46' title="bbox 543 2842 1147 2878">
     <span class='ocr_line' id='line_1_125' title="bbox 543 2842 1147 2878; baseline 0 -7"><span class='ocrx_word' id='word_1_1260' title='bbox 543 2847 584 2871; x_wconf 83' lang='grc'>33.</span> <span class='ocrx_word' id='word_1_1261' title='bbox 604 2845 625 2878; x_wconf 86' lang='lat'>5.</span> <span class='ocrx_word' id='word_1_1262' title='bbox 647 2847 669 2871; x_wconf 96' lang='lat' dir='ltr'>l.</span> <span class='ocrx_word' id='word_1_1263' title='bbox 690 2845 722 2871; x_wconf 88' lang='lat' dir='ltr'>de</span> <span class='ocrx_word' id='word_1_1264' title='bbox 741 2843 825 2871; x_wconf 81' lang='lat' dir='ltr'>fideic.</span> <span class='ocrx_word' id='word_1_1265' title='bbox 846 2843 909 2870; x_wconf 91' lang='lat' dir='ltr'>libb.</span> <span class='ocrx_word' id='word_1_1266' title='bbox 929 2845 970 2869; x_wconf 70' lang='lat'>40.</span> <span class='ocrx_word' id='word_1_1267' title='bbox 990 2845 1005 2869; x_wconf 87' lang='grc'><em>5</em></span> <span class='ocrx_word' id='word_1_1268' title='bbox 1034 2844 1063 2870; x_wconf 79' lang='lat' dir='ltr'>fr.</span> <span class='ocrx_word' id='word_1_1269' title='bbox 1083 2846 1123 2871; x_wconf 82' lang='lat'>53.</span> <span class='ocrx_word' id='word_1_1270' title='bbox 1146 2842 1147 2859; x_wconf 66' lang='lat'>³</span> 
     </span>
    </p>
   </div>
   <div class='ocr_carea' id='block_1_44' title="bbox 1169 2754 2002 2880">
    <p class='ocr_par' dir='ltr' id='par_1_47' title="bbox 1169 2754 2002 2880">
     <span class='ocr_line' id='line_1_126' title="bbox 1518 2754 2002 2783; baseline -0.006 0"><span class='ocrx_word' id='word_1_1271' title='bbox 1518 2756 1585 2783; x_wconf 83' lang='lat' dir='ltr'>Tres</span> <span class='ocrx_word' id='word_1_1272' title='bbox 1609 2756 1715 2783; x_wconf 85' lang='lat' dir='ltr'>ordines</span> <span class='ocrx_word' id='word_1_1273' title='bbox 1742 2756 1848 2783; x_wconf 82' lang='lat' dir='ltr'>Praetor</span> <span class='ocrx_word' id='word_1_1274' title='bbox 1870 2754 1931 2781; x_wconf 80' lang='lat' dir='ltr'>serit</span> <span class='ocrx_word' id='word_1_1275' title='bbox 1950 2765 2002 2781; x_wconf 90' lang='lat' dir='ltr'>non</span> 
     </span>
     <span class='ocr_line' id='line_1_127' title="bbox 1169 2799 2002 2838; baseline -0.004 -11"><span class='ocrx_word' id='word_1_1276' title='bbox 1169 2800 1371 2838; x_wconf 85' lang='lat' dir='ltr'>postulantium.</span> <span class='ocrx_word' id='word_1_1277' title='bbox 1395 2810 1506 2836; x_wconf 83' lang='lat' dir='ltr'>quorum</span> <span class='ocrx_word' id='word_1_1278' title='bbox 1525 2800 1567 2826; x_wconf 90' lang='lat' dir='ltr'>hic</span> <span class='ocrx_word' id='word_1_1279' title='bbox 1586 2800 1678 2825; x_wconf 84' lang='lat' dir='ltr'>tertius</span> <span class='ocrx_word' id='word_1_1280' title='bbox 1698 2804 1752 2826; x_wconf 86' lang='lat' dir='ltr'>cst.</span> <span class='ocrx_word' id='word_1_1281' title='bbox 1772 2814 1804 2818; x_wconf 92' lang='lat'><em>-</em></span> <span class='ocrx_word' id='word_1_1282' title='bbox 1823 2799 1896 2834; x_wconf 86' lang='lat' dir='ltr'>quasi</span> <span class='ocrx_word' id='word_1_1283' title='bbox 1916 2799 2002 2825; x_wconf 88' lang='lat' dir='ltr'>minus</span> 
     </span>
     <span class='ocr_line' id='line_1_128' title="bbox 1169 2841 2002 2880; baseline -0.002 -10"><span class='ocrx_word' id='word_1_1284' title='bbox 1169 2844 1327 2880; x_wconf 79' lang='lat' dir='ltr'>deliquerint</span> <span class='ocrx_word' id='word_1_1285' title='bbox 1347 2853 1422 2880; x_wconf 82' lang='lat' dir='ltr'>quam</span> <span class='ocrx_word' id='word_1_1286' title='bbox 1442 2843 1481 2873; x_wconf 85' lang='lat' dir='ltr'>hi.</span> <span class='ocrx_word' id='word_1_1287' title='bbox 1501 2843 1545 2879; x_wconf 88' lang='lat' dir='ltr'>qui</span> <span class='ocrx_word' id='word_1_1288' title='bbox 1565 2842 1745 2879; x_wconf 84' lang='lat' dir='ltr'>superioribus</span> <span class='ocrx_word' id='word_1_1289' title='bbox 1765 2841 1894 2878; x_wconf 83' lang='lat' dir='ltr'>capitibus</span> <span class='ocrx_word' id='word_1_1290' title='bbox 1913 2846 2002 2868; x_wconf 86' lang='lat' dir='ltr'>notan-</span> 
     </span>
    </p>
   </div>
  </div>
 </body>
</html>
