2197 3121
268 163 332 193 482

307 243 511 279 lustigare.
556 245 719 276 Imitare,
753 245 928 278 [inpellere.
976 242 1018 269 Ill.
1046 243 1113 270 Gn.

271 287 326 323 Qui
345 292 523 313 accusatorem
542 286 682 313 submittit.
701 291 745 312 aut
759 287 874 323 instigat,
895 290 939 313 aut
952 286 997 322 qui
1010 285 1115 312 mandat

271 335 322 356 etc.
342 330 371 356 l'r.
396 331 415 355 1.
435 329 517 363 513.
542 329 574 355 ad
594 328 621 355 S.
642 329 672 356 C.
693 328 775 367 anp.
794 330 836 356 48.
858 330 897 355 16.

308 373 523 407 lustigatio.
572 374 785 405 ΡΓουοι-(ιῑίο,
823 373 1020 406 Compalu'o.
1070 370 1112 398 III.

271 417 338 444 Cn.
363 414 554 442 Novercalibus
574 414 767 448 delinimentis,
791 414 1039 451 instigationibusve
1059 424 1114 441 cor-

272 459 350 495 rupti.
371 458 401 485 fr.
422 460 445 484 4.
466 458 498 485 de
518 458 590 485 inolI‘.
610 463 711 485 testam.
731 460 755 485 5.
773 460 798 484 2.
836 458 922 485 lustac
941 468 1022 484 sensu
1042 458 1115 485 insti-

271 502 385 537 gationis
405 502 625 537 (adgnoscimus.)
645 501 695 528 Th.
716 501 746 529 C.
766 500 836 528 XVI.
856 503 880 527 5.
905 511 926 527 c.
950 502 972 528 7.
996 501 1019 535 5.
1041 503 1062 528 l.
1082 500 1115 528 de

272 544 395 571 haeretic.

310 587 531 621 Instigator.
576 589 639 620 Qui
665 589 820 623 instigat.
857 587 876 614 1.
901 588 963 622 Sy.
995 587 1048 623 Qui
1074 598 1116 615 ex-

272 629 400 656 hortatur.
421 629 452 656 cf.
473 629 667 657 v..Exhortari.

309 673 532 707 Instigatus.
574 673 700 706 (Subst.)
743 675 938 709 Inntigatio.
980 673 1023 700 111.
1049 674 1116 701 Gn.

272 715 310 748 Si,
329 717 456 753 instigatu
474 716 592 748 alterius,
612 716 665 743 sera
684 716 805 743 damnum
825 716 935 744 dederit.
960 716 990 743 fr.
1014 718 1034 743 l.
1055 717 1077 750 5.
1091 718 1115 743 6.

272 759 295 785 si
316 759 406 796 quadr.
426 770 504 797 paup.
524 761 548 786 9.
571 761 592 785 1.

308 802 571 829 Instimulare.
608 803 790 837 Instigare.
828 802 847 829 I.
873 803 935 838 Sy.
967 802 1115 839 Instigatio—

272 844 350 871 nibus
370 846 510 882 corrumpi.
548 844 626 871 Falso
645 844 810 872 instimulati.
835 845 866 872 l'r.
885 847 909 872 3.
930 855 970 883 sq.
990 845 1023 872 dc
1041 846 1114 873 inoff.

273 892 374 915 testam.
393 890 418 914 5.
438 890 462 914 2.

308 931 531 958 Ῐιιδΐίιιθίιιε.
573 930 711 964 (Subst.)
754 933 952 967 Insligaeio.
999 931 1018 958 Ι.
1053 934 1115 967 Sy.

272 973 388 1000 monitus
413 973 564 1007 (deorum.)
593 973 663 1001 Coll.
687 973 746 1001 LL.
771 974 804 1002 111.
830 974 889 1002 XV.
914 977 938 1002 2.
980 974 1022 1002 111,
1049 977 1115 1003 Gn.

272 1016 356 1044 Cuius
376 1016 487 1043 consilio
507 1022 585 1054 atque
603 1018 731 1044 instinctu
750 1017 800 1051 (ad
819 1019 1012 1045 accusationem
1031 1029 1117 1045 acces-

272 1060 341 1086 sisse
360 1059 519 1093 videbitur.)
540 1059 590 1087 Th.
605 1059 635 1087 C.
650 1060 693 1087 IX.
708 1063 731 1087 5.
752 1071 773 1087 c.
795 1062 817 1087 1.
837 1071 877 1098 pr.
897 1060 929 1087 ad
943 1060 973 1087 L.
991 1060 1039 1088 Iul.
1058 1063 1115 1088 mai.

272 1102 356 1129 Cuius
371 1103 507 1135 instinctu,
526 1103 558 1130 ad
574 1103 750 1131 infamandum
763 1103 906 1136 dominum,
920 1120 952 1124 -
967 1104 1117 1141 confugisse

272 1151 424 1183 compertus
445 1147 500 1172 erit.
525 1145 555 1173 fr.
575 1149 599 1173 5.
623 1146 657 1173 de
676 1151 741 1173 extr.
762 1147 833 1173 crim.
852 1148 894 1173 47.
915 1149 954 1174 11.
986 1147 1117 1174 Instinctu

272 1188 436 1216 exercendae
455 1188 582 1222 libidinis,
602 1199 626 1216 v.
640 1200 782 1227 persuasae
800 1189 984 1227 professionis,
1004 1191 1117 1224 (irruere

272 1232 339 1265 etc.)
360 1231 429 1259 Coll.
448 1231 502 1259 LL.
522 1232 555 1260 M.
579 1232 619 1259 VI.
639 1235 663 1259 4.
689 1232 739 1260 Th.
759 1232 790 1260 C.
810 1232 881 1260 XVI.
900 1235 924 1260 2.
947 1244 969 1260 c.
988 1235 1030 1261 27.
1050 1234 1072 1269 5.
1094 1236 1115 1261 l.

272 1275 305 1301 de
324 1276 404 1312 episc.
425 1275 488 1302 eccl.

309 1318 481 1345 lustitor.
521 1320 619 1352 Quia
643 1321 770 1346 domino
793 1321 923 1354 negotii
943 1322 1116 1354 praeposi-

271 1367 323 1388 tus
348 1367 395 1387 est
420 1363 646 1396 negotiationi
665 1365 901 1396 procurandae.
938 1362 1034 1398 [Sy.
1055 1362 1117 1390 Cui-

272 1414 375 1441 cunque
395 1405 499 1440 negotio
519 1406 694 1442 praepositus.
715 1405 746 1432 fr.
760 1407 783 1432 3.
804 1405 834 1432 fr.
849 1408 872 1432 5.
892 1416 932 1444 pr.
952 1406 982 1433 sr.
998 1408 1038 1433 17.
1058 1407 1080 1441 5
1091 1408 1116 1434 4.

273 1448 302 1473 l'r.
325 1449 362 1473 la.
383 1457 441 1484 sqq.
463 1447 495 1473 de
514 1449 628 1475 institor.
648 1453 697 1475 act.
719 1450 758 1475 14.
778 1450 802 1475 3.
832 1448 890 1476 Gai.
909 1449 953 1476 IV.
974 1451 1014 1476 71.
1043 1449 1116 1476 Paul.

273 1489 303 1517 11.
327 1493 351 1516 ὅ.
377 1490 398 1523 5.
426 1492 448 1516 1.
493 1490 536 1516 111.
563 1492 629 1518 Gn.
667 1491 697 1518 Si
725 1493 800 1528 quasi
828 1497 984 1530 procurator
1005 1492 1056 1520 suit
1078 1503 1116 1520 re·

272 1532 358 1559 lictus.
380 1549 410 1553 «-
431 1532 479 1559 Sin
498 1543 561 1560 vero
581 1535 656 1571 quasi
675 1535 788 1562 institor.
808 1536 838 1563 fr.
858 1538 882 1563 5.
902 1537 923 1571 5.
940 1538 980 1563 10.
1000 1535 1017 1562 1.
1037 1536 1054 1563 l.
1076 1538 1115 1563 14.

270 1577 295 1602 3.
328 1575 396 1602 Cum
415 1578 496 1613 magis
515 1576 559 1603 hic
578 1577 698 1604 custodis
720 1579 756 1604 sit
779 1578 852 1611 loco,
876 1589 953 1616 quam
975 1580 1114 1606 institoris.

272 1619 302 1645 l'r.
324 1621 363 1646 11.
387 1619 408 1653 5.
429 1621 453 1646 6.
479 1620 513 1647 ib.
539 1621 579 1646 14.
598 1622 622 1647 3.
659 1620 714 1656 Qui
733 1631 891 1658 cauponam,
916 1621 958 1648 vel
982 1622 1116 1649 stabulum

272 1667 405 1695 exercent,
425 1664 596 1689 institoresve
614 1673 712 1690 eorum.
734 1663 763 1690 fr.
784 1665 806 1690 1.
827 1665 848 1698 5.
868 1667 892 1691 5.
912 1669 982 1692 naut.
1002 1676 1076 1703 caup.
1090 1668 1114 1692 4.

271 1707 295 1732 9.
321 1705 351 1732 fr.
373 1707 412 1733 13.
433 1716 471 1743 pr.
496 1706 526 1732 l'r.
548 1708 588 1732 15.
612 1716 651 1743 pr.
672 1706 704 1732 dc
723 1707 797 1734 instr.
824 1707 872 1743 leg.
892 1709 934 1734 33.
955 1710 978 1735 7.
1015 1708 1115 1736 Servus

272 1749 378 1775 institor
397 1749 543 1776 dominicae
561 1750 670 1781 mercis,
694 1749 737 1776 vel
758 1751 926 1787 praepositus
945 1751 1043 1778 debitis
1063 1753 1116 1779 exi-

272 1792 372 1827 gendis.
397 1792 427 1819 sr.
446 1794 488 1819 37.
512 1793 533 1826 5.
556 1794 578 1818 1.
603 1792 636 1819 de
660 1792 755 1819 admin.
780 1797 806 1819 et
825 1794 904 1830 peric.
924 1795 965 1821 26.
987 1797 1009 1822 7.
1034 1795 1065 1822 cf.
1085 1795 1115 1822 fr.

275 1837 313 1861 19.
333 1836 354 1869 5.
374 1837 398 1862 3.
419 1835 451 1862 de
470 1835 547 1863 indic.
567 1838 591 1862 5.
614 1837 636 1862 l.
673 1834 773 1862 Servus
793 1851 824 1855 -—
845 1837 868 1863 si
887 1838 994 1864 institor
1013 1839 1070 1871 erit,
1091 1843 1117 1865 et

273 1879 362 1914 operis
382 1879 437 1905 eius
458 1884 515 1905 utar
533 1880 559 1905 in
579 1878 694 1905 taberna.
714 1878 746 1905 fr.
761 1880 803 1905 20.
823 1878 856 1906 de
875 1890 925 1907 usu
944 1885 970 1907 et
989 1880 1071 1908 habit.
1092 1884 1114 1908 7.

272 1921 296 1947 8.
321 1920 352 1946 cs.
378 1921 407 1947 l'r.
430 1923 468 1948 13.
493 1923 514 1956 5
534 1925 558 1948 2.
583 1921 615 1948 dc
639 1922 752 1949 institor.
772 1926 821 1948 act.
843 1924 882 1949 14.
901 1925 926 1950 3.
964 1923 1115 1951 convenire

273 1963 407 1990 dominum
427 1966 531 1991 nomine
549 1965 687 1991 institoris
707 1964 737 1991 sr.
757 1966 780 1991 8.
802 1965 853 2001 Qu.
874 1976 894 1992 c.
915 1977 954 1993 eo.
976 1969 1015 1994 14.
1034 1970 1059 1994 5.

309 2007 541 2034 InstitoriuS·
579 2007 718 2041 (Adiect.)
755 2010 802 2035 Ad
828 2011 1018 2037 institorem
1046 2021 1115 2045 spe-

272 2057 373 2077 ctans.
410 2049 452 2076 111.
473 2051 539 2078 011·
570 2050 747 2081 Exercitoria.
775 2056 801 2077 et
820 2052 952 2079 institoria
977 2052 1114 2086 (formula,

274 2103 294 2119 s.
314 2094 403 2125 actio.)
423 2093 480 2120 Gai.
496 2093 539 2120 lV.
560 2095 600 2120 71.
615 2095 655 2120 74.
681 2094 823 2131 Competet
835 2095 975 2128 institoria,
995 2096 1115 2133 exemplo

274 2137 445 2163 exercitui-iae
465 2137 585 2163 actionis.
610 2136 640 2163 fr.
662 2139 684 2163 7.
709 2137 774 2171 5.1.
799 2137 832 2164 de
855 2139 937 2165 instit.
957 2144 1005 2166 act.
1034 2141 1071 2166 l4.
1091 2141 1115 2165 3.

274 2179 314 2205 Ex
334 2184 402 2205 emto
422 2181 461 2215 agi
480 2190 561 2217 posse
580 2179 637 2206 utili
657 2181 774 2211 actione,
794 2180 827 2207 ad
846 2181 994 2218 exemplum
1014 2183 1117 2209 instito-

275 2222 328 2248 riae
347 2223 465 2249 actionis.
485 2223 515 2249 t‘r.
538 2224 576 2249 13.
596 2223 618 2257 5.
638 2224 679 2249 25.
700 2222 732 2249 de
752 2223 782 2249 A.
802 2223 831 2250 E.
852 2223 884 2250 V.
900 2226 939 2250 19.
961 2227 983 2251 l.
1004 2235 1024 2251 c.
1045 2226 1068 2251 4.
1084 2224 1116 2251 dc

275 2265 356 2291 instit.
377 2270 402 2290 vt
421 2276 505 2293 exerc.
525 2271 573 2293 act.
593 2267 617 2292 4.
637 2268 678 2291 25,
716 2265 837 2292 Dandam
863 2267 888 2292 in
908 2277 967 2293 eum
987 2269 1061 2304 quasi
1080 2269 1117 2294 in-

274 2309 405 2334 stitoriam
425 2309 560 2335 actionem.
581 2308 611 2335 fr.
631 2311 655 2335 5.
675 2308 697 2342 5.
717 2310 742 2335 8.
763 2308 794 2335 cl'.
819 2308 850 2335 l'r.
872 2311 911 2336 12.
936 2309 968 2336 de
987 2311 1047 2337 inst.
1068 2315 1116 2337 act.

279 2354 314 2378 14.
334 2353 358 2377 3.
396 2352 449 2387 Qui
470 2352 495 2377 in
515 2361 569 2377 rem
588 2352 687 2379 domini
706 2353 798 2384 vertit,
823 2357 866 2379 aut
884 2353 958 2379 iussu
979 2353 1049 2386 eius,
1074 2358 1118 2380 aut

276 2396 298 2421 si
318 2395 448 2421 institoria
468 2404 526 2420 cum
546 2404 576 2419 eo
596 2397 635 2431 agi
654 2396 748 2432 possit.
768 2394 798 2422 fr.
817 2397 842 2422 3.
861 2396 921 2430 5.1.
941 2396 992 2432 Qu.
1014 2406 1045 2422 ex
1056 2406 1076 2422 c.
1091 2397 1117 2422 in

276 2448 347 2474 poss.
373 2440 414 2464 42.
435 2438 460 2464 4.
486 2437 517 2463 cf.
543 2436 572 2463 t'r.
597 2440 620 2463 4.
645 2438 678 2464 de
701 2439 794 2465 minor.
814 2441 837 2465 4.
858 2440 882 2465 4.
906 2438 936 2465 fr.
959 2440 998 2465 17.
1022 2449 1061 2476 pr.
1085 2439 1118 2466 de

276 2482 336 2507 inst.
357 2485 405 2507 act.
428 2482 465 2507 14.
484 2482 509 2507 3.

318 2524 539 2551 lnsfituere-
580 2523 611 2556 §.
637 2525 672 2549 l·
708 2526 846 2556 Ponere,
876 2526 1055 2551 Collocare.
1098 2525 1117 2551 I.

278 2568 338 2600 Sy.
368 2566 468 2592 Pon-we
493 2566 627 2599 (vineas.)
656 2564 685 2591 sr.
706 2567 745 2592 (il.
767 2566 843 2594 locat.
866 2568 904 2594 19.
923 2569 946 2594 2.
983 2567 1026 2594 111.
1052 2569 1117 2596 Gn.

277 2609 305 2634 Si
326 2611 384 2645 quis
404 2609 532 2645 saligneas
556 2610 655 2645 virgas,
679 2609 833 2636 institut-ndi
857 2609 942 2637 salicti
962 2620 1050 2641 causa,
1075 2611 1118 2637 de-

278 2652 365 2677 lixvrit.
397 2652 426 2678 l‘r.
446 2655 468 2678 3.
494 2652 515 2685 5.
535 2653 559 2678 3.
586 2651 670 2678 arbor.
693 2651 752 2678 furt.
774 2662 839 2678 cars
865 2655 906 2680 47.
927 2655 949 2680 7.
974 2669 1005 2673 --—
1025 2655 1056 2687 ᾖ.
1081 2655 1116 2680 2·

281 2695 473 2727 Dixpnnere,
495 2696 672 2727 Ονάἰιιανρ,
694 2696 910 2721 Constituere.
957 2696 975 2723 1.
997 2698 1059 2730 Sy.
1078 2696 1117 2722 In-

279 2736 431 2765 troducvrv.
456 2738 634 2764 Constituere.
659 2736 688 2764 fr.
713 2739 736 2764 5.
763 2736 795 2763 de
819 2737 836 2763 1.
861 2742 887 2763 et
909 2737 928 2764 1.
949 2741 971 2765 l.
993 2741 1014 2766 l.
1043 2739 1073 2765 fr.
1095 2740 1116 2764 1.

278 2789 316 2815 pr.
347 2778 379 2804 d«-
408 2780 450 2805 oll'.
476 2780 526 2806 Prl'.
551 2780 593 2806 Pr.
620 2782 642 2806 l.
665 2782 703 2806 11.
746 2779 788 2806 111.
807 2781 873 2808 Gn·
903 2780 983 2816 Quod
1007 2786 1046 2807 est
1070 2782 1117 2808 ini-

279 2831 366 2857 quum.
387 2826 412 2847 et
431 2827 520 2848 contra
539 2824 687 2850 institutum
707 2834 720 2849 a
738 2822 880 2850 maioribus
898 2822 1028 2850 libertatis
1048 2824 1116 2851 savo-

1099 160 1178 191 [Ns.

1158 252 1220 269 rem.
1240 241 1271 268 sr.
1292 243 1332 268 12.
1351 242 1373 276 5.
1392 244 1416 270 9.
1436 242 1468 270 de
1488 245 1582 281 captiv.
1602 246 1644 271 49.
1660 246 1699 272 15.
1732 246 1786 281 Qui
1805 256 1901 274 novum
1921 248 2000 274 vecti-

1158 284 1199 320 gal
1217 285 1369 312 instituerit.
1390 284 1420 312 fr.
1442 288 1463 314 l.
1484 287 1505 321 5.
1525 288 1549 314 3.
1569 286 1602 313 de
1621 286 1650 314 L.
1670 287 1717 315 lul.
1739 288 1805 316 amb.
1819 291 1860 317 48.
1876 291 1916 317 14.
1940 289 2002 317 Pro-

1158 332 1306 355 curatorem
1325 329 1463 356 instituere
1482 340 1570 367 posse.
1595 329 1667 357 Paul.
1686 330 1730 358 IV.
1751 333 1791 358 12.
1811 332 1834 366 5.
1853 334 1876 359 9.
1904 332 2001 360 Dotem

1159 370 1246 398 dicere
1265 375 1355 408 potest
1375 387 1405 391 —
1426 371 1531 399 debitor
1549 372 1682 405 mulieris,
1705 375 1728 400 si
1752 375 1826 401 iussu
1847 376 1903 402 eius
1923 376 2001 407 dicat,

1159 414 1304 440 institutus.
1325 412 1385 450 le.
1398 412 1519 442 VI.2.—
1540 416 1571 450 §.
1582 417 1670 443 2.A.
1690 417 1882 450 Dec-eruere,
1902 421 2003 446 Prae-

1158 458 1310 483 stienere.
1348 456 1366 483 1.
1392 458 1454 492 Sy.
1489 457 1632 486 Praefinire
1656 459 1814 496 (spatium.)
1839 459 1888 487 Th.
1914 460 1944 488 C.
1969 462 2002 489 X.

1161 501 1200 526 10.
1221 510 1242 526 c.
1262 501 1304 526 27.
1325 500 1361 534 55.
1383 501 1405 526 l.
1424 502 1449 527 3.
1469 500 1501 528 de
1520 503 1594 539 petit.
1615 507 1641 529 et
1660 501 1729 528 ultro
1745 501 1797 529 dat.
1812 517 1845 522 —
1865 504 1884 537 §
1911 505 2002 532 2.B·

1161 544 1356 570 Solemniter
1384 553 1578 579 nuncupare.
1624 545 1643 572 1.
1667 547 1730 580 Sy.
1764 545 1889 573 Scribere
1913 545 2002 579 (here-

1159 584 1240 618 dem.)
1259 585 1290 612 fr.
1310 587 1333 613 7.
1353 585 1375 619 5.
1396 586 1436 613 18.
1456 586 1489 613 de
1508 592 1576 625 pact.
1595 590 1619 615 2.
1641 589 1681 615 14.
1700 588 1730 615 fr.
1752 590 1808 615 142.
1829 588 1862 616 de
1874 588 1906 616 V.
1920 588 1947 616 S.
1961 591 2002 616 50.

1161 629 1201 654 16.
1231 627 1392 665 Relinquere
1410 628 1567 664 (heredem.)
1599 630 1656 658 Gai.
1676 631 1694 658 1.
1713 633 1755 657 21.
1786 631 1848 669 le.
1868 631 1886 658 1.
1908 633 1948 658 14.
1972 631 2004 659 II.

1162 672 1229 705 ΟΡ.
1266 670 1435 699 Substituere
1462 672 1629 706 (heredem.)
1667 674 1698 701 l'r.
1722 675 1764 701 27.
1789 684 1828 712 pr.
1852 674 1887 701 de
1914 674 2003 702 hereri.

1160 714 1221 741 inst.
1236 716 1278 740 28.
1293 716 1316 742 5.
1336 714 1366 742 fr.
1383 717 1404 742 l.
1425 725 1462 753 pr.
1483 715 1515 743 de
1534 715 1603 752 vulg.
1623 721 1650 744 et
1667 727 1730 754 pup.
1745 718 1788 744 28.
1803 718 1826 744 6.
1846 716 2003 755 le.XX11.

1159 758 1202 784 33.
1233 756 1305 784 Paul.
1319 757 1362 784 III.
1382 757 1434 784 413.
1455 759 1476 793 5.
1495 761 1519 785 4.
1540 758 1571 786 V.
1586 761 1610 787 9.
1630 760 1652 793 5.
1674 762 1696 786 1.
1714 759 1856 787 instituere
1871 760 2003 788 heredem.

1162 816 1192 821 ——-
1212 800 1389 828 Exheredare.
1410 801 1451 828 Cf.
1471 801 1495 828 h.
1514 812 1538 829 v.
1575 801 1618 829 III.
1633 804 1699 830 οη.
1729 802 1806 830 Alius
1829 801 1906 830 heres
1926 808 2005 831 testa-

1160 848 1248 870 mento
1267 844 1424 876 instituitur,
1443 855 1456 871 a
1471 855 1523 881 quo
1537 846 1614 872 etiam
1627 845 1711 882 legata
1724 846 1917 884 relinquuntur,
1937 846 2004 874 alius

1160 885 1227 913 dicis
1247 887 1328 922 gratia
1348 903 1379 907 —
1399 887 1513 914 familiae
1531 892 1615 915 emtor
1638 888 1785 916 adhibetur.
1817 889 1874 917 Gai.
1894 889 1924 917 11.
1945 890 2004 916 103.

1160 928 1273 956 Servum
1291 930 1386 966 primo,
1405 935 1449 957 aut
1468 930 1593 963 secundo,
1612 931 1655 958 vel
1675 933 1752 959 etiam
1771 931 1897 959 ulteriore
1914 932 2004 969 gradu,

1160 971 1274 998 liberum
1293 977 1319 998 et
1338 972 1461 1000 heredem
1481 974 1627 1001 instituere.
1659 974 1742 1002 lb.11.
1761 976 1816 1002 154.
1838 977 1895 1002 160.
1928 975 2004 1007 Cum,

1160 1024 1185 1041 v.
1204 1014 1277 1046 Sine,
1296 1013 1418 1043 libertate
1437 1015 1561 1043 heredem
1581 1018 1719 1044 instituere
1738 1018 1888 1051 (servum.)
1918 1018 1957 1045 lb.
1972 1017 2004 1045 11.

1162 1058 1219 1084 187.
1245 1056 1305 1094 le.
1320 1058 1404 1086 XXII.
1425 1061 1465 1085 12.
1503 1059 1579 1092 Cum,
1599 1070 1623 1087 v.
1641 1060 1714 1093 Sine,
1735 1062 1852 1088 cretione
1871 1060 1949 1088 heres
1968 1062 2006 1088 in-

1161 1101 1277 1127 stitutus.
1306 1100 1363 1128 Gai.
1382 1101 1412 1128 11.
1434 1103 1491 1128 165.
1512 1112 1551 1139 sq.
1573 1104 1630 1129 165.
1650 1113 1690 1140 sq.
1720 1102 1781 1141 le.
1800 1103 1882 1131 XXII.
1902 1106 1944 1131 32.
1962 1105 2005 1131 34.

1161 1142 1256 1169 Mulier
1279 1142 1310 1169 ab
1335 1154 1380 1177 eo,
1405 1145 1450 1181 qui
1469 1149 1516 1171 ctc.
1537 1161 1570 1165 -—
1588 1155 1637 1182 per
1660 1145 1744 1182 legem
1764 1145 1909 1174 Voconiam
1928 1147 2006 1174 heres

1161 1190 1265 1216 institui
1284 1198 1337 1216 non
1355 1192 1453 1224 potest.
1482 1187 1539 1215 Gai.
1558 1187 1589 1214 11.
1607 1190 1667 1216 274,
1704 1189 1778 1216 Deos
1798 1189 1910 1216 heredes
1930 1191 2006 1217 insti—

1161 1237 1235 1260 tuere
1259 1242 1312 1259 non
1334 1240 1492 1268 possumuS,
1516 1236 1622 1268 praeter
1644 1241 1691 1258 eos
1711 1237 1759 1258 etc.
1796 1231 1858 1269 le.
1877 1233 1962 1260 XXII.
1981 1235 2005 1260 6.

1161 1275 1248 1307 Bona,
1268 1285 1301 1302 ex
1320 1274 1417 1311 quibus
1436 1273 1582 1311 Imperator
1600 1273 1677 1301 heres
1695 1275 1833 1302 institutus
1853 1280 1900 1303 est.
1931 1276 1962 1303 fr.
1980 1279 2005 1303 2.

1161 1317 1194 1345 de
1213 1318 1257 1345 off.
1277 1317 1353 1345 Proc.
1374 1316 1451 1344 Caes.
1468 1319 1489 1343 l.
1505 1318 1544 1344 19.
1574 1316 1638 1344 Sine
1656 1322 1731 1354 parte
1749 1317 1862 1345 heredes
1882 1319 2005 1346 instituti.

1161 1361 1234 1389 Paul.
1254 1360 1297 1388 111.
1316 1360 1369 1387 413.
1389 1360 1411 1394 5.
1431 1361 1454 1386 6.
1492 1360 1533 1387 Ex
1552 1361 1656 1387 minima
1676 1365 1750 1398 parte
1769 1361 1915 1389 institutus.
1934 1361 1965 1388 fr.
1980 1364 2004 1389 2.

1161 1405 1184 1438 5.
1206 1406 1227 1431 l.
1249 1404 1301 1440 Qu.
1322 1414 1343 1431 c.
1363 1413 1394 1430 eo
1414 1413 1457 1440 qu.
1477 1404 1503 1430 in
1523 1402 1554 1430 al.
1574 1408 1629 1441 pot.
1650 1405 1690 1430 14.
1710 1405 1734 1430 5.
1754 1419 1784 1423 ——
1806 1404 1837 1438 ᾖ.
1857 1405 1895 1431 3.
1916 1407 2006 1432 Inci-

1158 1458 1245 1482 pere,
1272 1449 1447 1480 Suscipere
1492 1445 1511 1472 1.
1532 1447 1594 1481 Sy.
1623 1446 1749 1473 Inchoat-e
1768 1448 2005 1481 (accusationem.)

1160 1491 1191 1517 l'r.
1211 1493 1234 1517 5.
1259 1490 1340 1524 551.
1361 1499 1400 1526 sq.
1425 1489 1458 1516 de
1481 1489 1543 1526 pub.
1568 1488 1647 1516 iudic.
1667 1490 1708 1516 48.
1729 1491 1751 1516 l.
1776 1490 1807 1516 sr.
1827 1492 1850 1516 4.
1874 1500 1914 1527 pr.
1938 1491 1960 1525 5.
1980 1492 2004 1518 2.

1161 1533 1194 1560 ad
1211 1532 1242 1560 L.
1262 1533 1309 1561 lul.
1329 1532 1362 1560 de
1381 1532 1462 1559 adult.
1486 1534 1528 1559 45.
1547 1534 1572 1558 5.
1609 1531 1748 1559 Intendere
1771 1532 1919 1566 (actionem
1939 1534 2005 1568 etc.)

1160 1576 1234 1603 Paul.
1252 1575 1284 1603 V.
1304 1577 1328 1603 4.
1348 1576 1448 1610 55.11.
1467 1585 1506 1612 sq.
1543 1575 1574 1602 II.
1595 1577 1664 1609 01».
1694 1574 1825 1603 Pcrficere
1850 1577 2006 1610 (testamen-

1160 1620 1241 1653 tum.)
1270 1619 1300 1646 fr.
1319 1620 1362 1645 22.
1382 1618 1415 1645 de
1434 1618 1510 1647 adim.
1530 1617 1606 1655 legat.
1625 1619 1667 1646 34.
1686 1619 1710 1645 4.
1748 1618 1893 1647 Desistere.
1912 1619 1944 1646 fr.
1964 1621 2005 1647 11.

1160 1663 1182 1697 5.
1206 1665 1231 1689 3.
1257 1662 1289 1689 ad
1312 1661 1342 1689 L.
1365 1661 1413 1688 lul.
1438 1661 1471 1688 de
1495 1661 1576 1688 adult.
1600 1663 1641 1688 48.
1665 1663 1688 1689 5.
1726 1660 1769 1689 111.
1792 1662 1858 1690 οη.
1891 1662 1920 1689 Si
1945 1672 2007 1690 con-

1161 1705 1256 1733 ductor
1278 1715 1324 1732 sua
1344 1715 1423 1742 opera
1443 1704 1543 1741 aliquid
1563 1721 1593 1725 —
1614 1705 1729 1737 auxerit,
1753 1703 1795 1731 vel
1817 1704 2006 1739 aedificaverit,

1160 1749 1203 1776 vel
1222 1749 1374 1776 instituerit.
1395 1747 1426 1774 l'r.
1445 1749 1485 1774 55.
1506 1747 1527 1781 5'.
1549 1749 1571 1774 l.
1591 1746 1669 1774 locat.
1691 1749 1730 1775 19.
1749 1750 1774 1775 2.
1801 1747 1915 1783 Quoties
1934 1748 2007 1776 aliud

1161 1793 1223 1819 novi
1242 1792 1331 1829 operis
1354 1790 1546 1818 instituendum
1569 1791 1675 1827 petitur.
1700 1790 1732 1817 fr.
1751 1793 1775 1817 2.
1801 1791 1823 1824 5.
1845 1793 1884 1818 10.
1909 1801 1942 1818 ne
1961 1801 2006 1828 qu.

1160 1836 1186 1862 iu
1206 1834 1265 1862 loco
1284 1833 1346 1871 pub.
1367 1835 1408 1861 43.
1428 1834 1452 1860 8.
1483 1832 1586 1860 Novam
1606 1843 1660 1860 rem
1678 1834 1825 1866 instituere,
1846 1850 1878 1854 —
1897 1835 1943 1871 qui
1961 1833 2006 1861 de-

1160 1877 1259 1904 siderat
1278 1882 1326 1904 ete.
1356 1876 1386 1904 I'r.
1413 1878 1453 1903 ll.
1482 1877 1503 1911 5.
1525 1878 1548 1904 7.
1580 1876 1613 1903 ad
1635 1876 1664 1903 L.
1688 1875 1736 1903 Iul.
1762 1876 1795 1904 de
1818 1876 1900 1904 adult.
1919 1878 1960 1903 48.
1979 1878 2003 1903 5.

1160 1921 1275 1948 Plurima
1294 1921 1420 1947 innovare
1438 1920 1561 1946 instituit.
1586 1919 1616 1946 sr.
1635 1922 1660 1946 2.
1685 1920 1707 1954 5.
1727 1921 1768 1946 47.
1793 1919 1826 1946 de
1845 1920 1878 1946 Ο.
1897 1919 1915 1947 1.
1937 1921 1960 1945 1.
1978 1921 2003 1946 2.

1161 1963 1321 1991 Contractus
1341 1973 1421 2000 quos,
1440 1962 1550 1990 alienam
1570 1962 1649 1989 tidem
1667 1963 1764 1995 secuti,
1783 1963 1953 1989 instituimus.
1972 1961 2003 1988 sr.

1162 2009 1185 2034 l.
1206 2007 1238 2034 de
1257 2006 1288 2033 R.
1308 2005 1339 2033 C.
1361 2008 1400 2033 12.
1423 2008 1444 2032 1.
1481 2005 1517 2033 Vt
1536 2006 1667 2037 actiones,
1687 2015 1754 2041 quae
1772 2005 1805 2031 ob
1825 2014 1881 2032 eam
1900 2014 2004 2032 causam

1160 2051 1296 2077 institutae
1319 2059 1372 2076 non
1396 2054 1500 2081 essent,
1521 2065 1551 2070 -—
1577 2049 1757 2075 restituantur.
1787 2046 1816 2073 fr.
1838 2049 1877 2073 16.
1906 2047 1939 2074 de
1958 2047 2003 2075 off.

1161 2092 1248 2119 Praes.
1271 2095 1292 2119 l.
1314 2094 1353 2119 1⁸.
1374 2092 1405 2119 cl'.
1426 2091 1457 2118 fr.
1476 2094 1501 2118 2.
1521 2091 1543 2124 5.
1563 2092 1587 2117 6.
1607 2090 1640 2117 de
1659 2090 1693 2117 Ο.
1713 2090 1731 2117 I.
1753 2091 1775 2116 1.
1788 2092 1812 2116 2.
1842 2089 1916 2123 Filia,
1937 2101 2004 2128 quae

1161 2135 1193 2161 de
1212 2135 1361 2162 inofficioso
1381 2145 1456 2171 agere
1475 2134 1598 2165 instituit,
1618 2138 1644 2160 et
1663 2133 1797 2169 transegit.
1818 2132 1848 2160 sr.
1865 2135 1922 2160 135.
1942 2135 1964 2168 5
1977 2136 2002 2162 4.

1161 2178 1193 2205 de
1212 2177 1243 2204 V.
1265 2178 1297 2204 O.
1318 2179 1359 2203 45.
1382 2179 1403 2204 l.
1441 2176 1500 2204 Non
1520 2177 1619 2203 suflicit
1637 2175 1710 2203 litem
1733 2176 1884 2208 instituere,
1909 2178 1932 2204 si
1950 2187 2004 2204 non

1161 2222 1187 2248 in
1207 2232 1235 2247 ea
1255 2225 1415 2258 perseveret.
1435 2220 1465 2246 fr.
1487 2222 1526 2246 15.
1546 2220 1568 2254 5.
1590 2221 1612 2246 1.
1632 2218 1661 2245 fr.
1679 2220 1721 2244 25.
1741 2219 1763 2253 5.
1777 2220 1801 2245 3.
1821 2219 1854 2246 de
1873 2220 1946 2247 inoff.
1965 2225 2003 2248 te-

1161 2269 1235 2291 stam.
1255 2266 1278 2290 5.
1298 2266 1322 2290 2.
1361 2263 1415 2299 Qui
1433 2262 1558 2299 intelligit
1576 2271 1628 2288 non
1647 2266 1718 2288 recte
1737 2271 1766 2288 se
1786 2272 1873 2298 agere,
1894 2262 1941 2290 sed
1962 2273 2004 2290 ve-

1162 2307 1241 2334 xandi
1260 2306 1403 2334 adversarii
1421 2307 1502 2342 gratia
1521 2306 1649 2332 actionem
1667 2305 1789 2331 instituit.
1814 2305 1872 2332 Gai.
1884 2300 1929 2332 IV.
1944 2307 2002 2334 178.

1163 2350 1194 2377 cf.
1215 2349 1286 2377 Paul.
1307 2349 1338 2377 V.
1358 2352 1382 2377 4.
1406 2350 1428 2383 5.
1450 2351 1488 2375 ll.
1513 2348 1543 2375 fr.
1564 2349 1602 2374 10.
1628 2347 1661 2374 de
1680 2347 1758 2374 indie.
1778 2350 1802 2374 5.
1824 2349 1846 2375 l.
1882 2347 1948 2375 Post
1965 2350 2004 2376 in-

1162 2395 1280 2420 stitutam
1303 2393 1508 2423 accusationem,
1529 2406 1559 2410 —
1585 2395 1610 2417 et
1633 2395 1692 2416 ante
1717 2391 1795 2417 linem
1818 2392 2002 2419 accusationis.

1163 2437 1193 2463 l'r.
1211 2438 1253 2463 31.
1273 2437 1294 2470 5.
1314 2438 1338 2462 2.
1358 2435 1390 2462 de
1408 2434 1484 2461 adim.
1504 2433 1579 2469 legat.
1598 2435 1640 2459 34.
1660 2435 1684 2460 4.
1706 2450 1736 2454 —
1756 2434 1788 2468 ᾖ.
1807 2436 1846 2461 4.
1867 2435 2002 2468 Docere,

1162 2481 1311 2506 Erudire.
1352 2477 1394 2504 111.
1413 2478 1478 2505 Gn·
1503 2476 1646 2503 Plurimum
1666 2486 1711 2503 eos
1730 2492 1763 2497 -
1783 2476 1873 2509 audiit,
1898 2479 2000 2505 institu-

1162 2527 1204 2549 tus
1224 2533 1237 2549 a
1256 2521 1340 2548 Balbo
1359 2519 1475 2551 Lucilio,
1494 2521 1638 2546 instructus
1657 2524 1743 2546 autem
1761 2521 1873 2548 maxime
1891 2532 1904 2548 a
1924 2520 2001 2548 Gallo

1162 2565 1278 2602 Aquilio.
1299 2564 1328 2591 fr.
1347 2566 1371 2590 2.
1398 2564 1419 2597 5.
1440 2565 1480 2590 43.
1502 2563 1531 2589 cf.
1552 2564 1573 2597 5.
1594 2565 1634 2590 47.
1654 2563 1687 2589 de
1706 2563 1738 2589 Ο.
1758 2562 1776 2589 1.
1797 2565 1819 2590 l.
1839 2566 1863 2591 2,
1895 2564 1924 2591 Si
1943 2573 2000 2590 eum

1162 2608 1319 2645 disciplinis,
1339 2606 1380 2633 vel
1400 2611 1455 2632 arte
1473 2607 1624 2633 instituerit.
1645 2606 1674 2632 sr.
1689 2608 1730 2632 27.
1751 2607 1772 2640 5.
1785 2609 1810 2633 2.
1830 2606 1863 2633 de
1881 2605 1960 2634 usufr.
1976 2607 1999 2632 7.

1164 2654 1184 2678 1.
1210 2650 1352 2682 Mercedem
1372 2655 1401 2676 ut
1419 2649 1572 2676 liberalibus
1592 2649 1692 2676 artibus
1706 2650 1895 2681 institueretur,
1914 2648 2000 2685 pupil—

1162 2694 1201 2721 lae
1221 2694 1325 2720 nomine
1344 2693 1559 2730 praeceptoribus
1579 2692 1647 2719 dare.
1667 2692 1697 2719 fr.
1717 2694 1740 2720 4.
1761 2692 1805 2719 ubi
1824 2701 1885 2730 pup.
1898 2692 1976 2717 222.

1197 2736 1405 2764 Institutio.
1451 2736 1482 2770 §⁰
1514 2738 1549 2763 1.
1592 2737 1803 2770 Nuncupatio
1838 2735 1997 2761 solemnis.

1161 2779 1184 2806 11
1201 2781 1268 2813 ⁰1).
1297 2778 1458 2806 substitutio
1479 2777 1626 2811 (heredis.)
1652 2777 1682 2804 fr.
1702 2779 1726 2805 9.
1751 2779 1832 2812 §.15.
1858 2775 1890 2802 de
1908 2775 1996 2803 hered.

1159 2823 1220 2849 inst.
1244 2824 1285 2848 28.
1309 2824 1332 2849 5.
1357 2821 1541 2849 Exheredatio.
1573 2820 1614 2848 Cf.
1639 2821 1662 2847 h.
1687 2830 1710 2847 v.
1747 2819 1789 2846 111.
1816 2820 1883 2847 Gn·
1918 2819 1997 2855 Quod
