2197 3121
238 162 303 194 278

240 243 421 271 emendatione
448 248 608 270 resecentur.
646 240 697 268 Th.
722 240 753 268 C.
778 240 849 268 XVI.
873 242 897 267 5.
926 250 948 267 c.
973 241 1015 267 35.
1051 239 1083 267 (le
1104 240 1107 248 ¹

241 287 338 315 haeret.

274 332 476 358 netexere.
522 329 699 355 Temuram
733 330 905 354 absolvere.
948 326 991 353 111.
1017 327 1083 354 Cn.

242 373 322 410 Quod
343 374 367 399 iu
389 371 439 398 tela
459 376 506 402 est.
527 369 643 396 noudum
663 373 839 408 (pertextum.
860 369 919 402 vel)
939 369 1082 395 detextum.

241 416 272 443 [Γ.
292 418 333 442 22.
359 415 391 441 de
411 425 472 441 auro
493 423 544 449 arg.
564 414 605 440 34.
626 415 650 440 2.
680 413 711 440 cs.
732 413 762 440 [Γ.
783 415 823 440 70.

247 459 289 486 111.
309 458 385 492 (32.)

844 414 866 448 5.
887 415 926 439 12.
953 411 992 439 (1ο.Ἰ
1007 411 1083 448 legat.
1106 409 1107 424 ³

277 501 472 529 Detinet-e.
502 499 534 532 ἓ.
549 500 583 525 l.
612 500 743 532 Tenere,
766 500 940 532 Occupare.
963 497 1085 525 Istsn.

243 545 296 580 Qui
317 544 414 570 detinet
435 541 593 573 (fiduciam.)
613 558 645 562 -
665 544 722 569 sine
742 542 811 569 surto
832 540 970 578 possidere
988 545 1014 567 et
1027 550 1087 567 usu·

243 598 337 625 capere
356 590 452 624 potest.
483 584 540 611 Gai.
560 584 603 611 llI.
621 587 681 612 201.
724 585 803 612 Fines
827 584 950 621 publicos
969 594 982 609 a
1001 585 1087 621 priva-

242 631 277 657 tis
297 630 416 656 detineri.
444 628 474 655 [Γ.
495 631 518 654 5.
539 628 561 662 5.
578 630 599 654 l.
620 628 652 655 de
670 639 731 665 opp.
752 628 814 665 pub.
834 629 875 653 50.
892 629 932 654 10.
970 626 1025 662 Qui
1044 637 1087 664 pe-

243 674 345 701 cuniam
365 671 498 709 publicam
522 672 690 707 magistratus
715 672 755 697 sui
780 676 899 708 tempore
919 685 951 690 —
971 669 1088 696 detinue-
1108 672 1110 697 t

243 722 290 744 rat.
315 716 345 742 [Γ.
359 717 384 742 9.
404 715 426 749 5.
443 716 481 741 10.
501 714 534 741 de
554 714 620 740 adm.
641 724 689 740 rer.
711 713 742 740 ad
757 715 828 740 civit.
848 716 889 740 50.
908 714 932 739 8.
952 728 986 732 —
1005 713 1036 746 §-
1051 714 1086 739 2.

243 762 410 790 Retinere,
433 759 615 785 continere.
653 756 671 783 1.
690 757 752 790 Sy.
780 756 913 782 Retinere.
938 755 969 782 fr.
984 757 1006 782 1.
1027 756 1048 789 5.
1065 757 1086 782 l.

243 803 277 830 de
296 812 326 829 eo
346 812 372 840 p.
392 811 434 838 qu.
456 800 514 827 fact.
534 803 559 826 2.
581 802 620 826 10.
651 800 680 826 [Γ.
694 802 718 826 2.
738 800 760 833 5.
774 801 798 826 9.
819 798 849 826 [Γ.
863 801 887 825 3.
908 800 931 825 si
950 808 993 835 qu.
1007 803 1087 826 cautt.
1109 795 1111 830 1

242 848 268 872 2.
290 847 329 872 11.
372 844 414 871 III.
436 846 502 872 Cn.
537 844 600 869 Sive
619 842 643 868 b.
665 842 680 869 [.
701 843 799 869 serviat
824 842 902 868 homo
926 841 1006 874 liber.
1030 843 1088 868 sive
1110 840 1111 847 ¹

244 889 368 916 detentus
393 888 434 913 sit.
464 886 494 913 [Γ.
516 888 555 912 ll.
582 885 612 911 [Γ.
633 887 673 912 15.
699 896 739 923 pr.
764 896 796 912 ex
821 896 864 922 qu.
890 895 911 912 c.
935 886 993 912 mai.
1020 887 1044 912 4.
1064 886 1087 911 6.

244 931 285 958 Ne
304 941 414 968 corpora
435 929 630 956 detinerentur.
651 933 692 955 aut
713 933 883 960 vexarentur,
904 933 948 954 aut
966 928 1090 965 prohibe-

244 980 336 1002 rentur
355 983 402 1011 [ιι-Γ
421 973 553 998 territoria
573 971 733 1009 oppidorum
752 971 897 998 transferri.
929 970 959 997 [Γ.
978 973 1002 998 3.
1022 971 1044 1005 5.
1064 973 1088 997 4.

245 1017 278 1044 de
297 1016 360 1043 viol.
381 1014 480 1053 sepulc.
505 1017 546 1041 47.
568 1016 608 1040 12.
639 1014 671 1041 cf.
692 1014 722 1041 fr.
741 1015 782 1041 38.
811 1014 843 1040 de
862 1013 978 1050 religios,
1004 1016 1044 1040 11.
1066 1016 1089 1040 7.
1111 1027 1113 1045 1

245 1060 275 1088 Si
296 1061 354 1097 quis
375 1070 407 1085 ex
426 1058 548 1085 vinculis.
568 1057 611 1084 vel
631 1057 766 1090 custodia,
786 1057 908 1084 detentus
929 1067 941 1083 a
960 1058 1091 1094 potentio-

245 1104 328 1132 ribus.
349 1118 381 1122 -
401 1101 558 1137 confugerit.
583 1100 612 1127 [Γ.
626 1103 668 1127 28.
688 1101 710 1134 5.
726 1102 748 1127 7.
769 1100 802 1126 de
820 1110 897 1137 poen.
917 1101 958 1126 48.
980 1101 1019 1126 19.
1051 1100 1091 1127 Ac

245 1157 278 1173 ne
297 1145 342 1172 diu
362 1144 468 1181 quidem
488 1146 514 1171 in
535 1154 566 1170 eo
586 1145 642 1170 iure
662 1143 814 1170 detinentur
828 1143 956 1175 homines,
976 1143 1024 1169 sed
1036 1142 1092 1180 ple·

246 1198 356 1226 rumque
376 1188 426 1214 hoc
445 1188 473 1214 fit
495 1187 561 1214 dicis
581 1188 670 1224 gratia.
690 1196 742 1212 uno
756 1191 897 1213 momento.
927 1186 984 1213 Gai.
998 1186 1016 1213 I.
1033 1188 1090 1213 141.

246 1232 283 1259 Vt
302 1248 334 1252 -—-
353 1231 413 1258 falsi
433 1241 507 1263 reos,
527 1240 586 1257 esse
600 1229 764 1256 detinendos
794 1228 844 1256 Th.
859 1228 889 1256 C.
904 1229 949 1256 XI.
968 1230 1010 1256 39.
1030 1240 1052 1256 c.
1067 1231 1091 1256 7.

247 1275 280 1302 de
299 1274 352 1301 fide
372 1279 432 1300 test.
460 1290 491 1294 —
516 1274 546 1307 §.
564 1275 601 1300 3.
631 1275 837 1300 conservare.
873 1271 891 1298 I.
912 1273 974 1306 Sy.
1000 1271 1092 1298 Firmi-

246 1323 327 1345 tatem
346 1316 444 1343 habere
463 1316 653 1349 (donationes.)
690 1314 791 1342 firmas
805 1325 886 1352 posse
905 1315 1025 1342 detineri.
1054 1315 1090 1342 lb.

247 1360 316 1388 Vlll.
338 1362 378 1387 12.
399 1370 420 1387 c.
440 1361 463 1385 3.
490 1359 521 1385 de
541 1359 628 1385 donat.
670 1358 701 1385 II.
727 1360 794 1392 ΟΡ.
831 1358 951 1385 Detiueri
976 1368 1034 1385 usu.
1059 1374 1092 1378 -—-
1113 1349 1115 1361 ›

247 1404 378 1440 Deperire
397 1413 449 1429 non
470 1402 575 1428 utendo.
601 1402 631 1428 fr.
651 1403 675 1428 6.
695 1401 761 1435 5.1.
791 1400 920 1436 Quemad.
940 1412 1008 1428 serv.
1029 1404 1053 1428 8.
1067 1402 1091 1428 6.

248 1447 407 1474 Detentum.
428 1461 461 1465 -—
480 1445 640 1472 Alienatum.
664 1444 695 1471 fr.
714 1446 756 1471 25.
776 1443 809 1470 de
828 1444 856 1470 S.
875 1443 904 1471 P.
924 1444 956 1471 lt.
976 1446 1000 1472 8.
1020 1446 1045 1471 3.

283 1489 514 1517 netondere.
555 1490 706 1515 Tondet-e.
748 1487 790 1515 111.
811 1489 878 1515 Gn.
909 1486 981 1514 Lana
1005 1488 1094 1514 ovium

249 1533 417 1563 furtivarum,
442 1532 464 1557 si
490 1530 596 1568 quidem
616 1531 686 1569 apud
705 1530 788 1558 furem
807 1530 918 1558 detonsa
937 1535 986 1557 est.
1017 1530 1048 1557 [Γ.
1069 1532 1093 1557 4.

249 1577 272 1611 5.
295 1577 334 1602 19.
355 1574 388 1601 de
407 1584 497 1611 usurp.
518 1576 560 1601 41.
579 1576 603 1600 3.

285 1620 537 1650 netorquere.
575 1617 606 1650 §.
625 1618 659 1644 1.
689 1618 851 1644 Avertere.
888 1615 931 1643 III.
951 1617 1017 1644 Cn.
1048 1616 1095 1643 Di-

249 1662 348 1688 latioue
368 1660 540 1698 suspendere,
560 1665 604 1686 aut
622 1664 724 1686 terrore
737 1659 896 1696 detorquere
915 1659 1094 1693 (commodum

250 1705 398 1732 sententiae
416 1703 509 1737 latae.)
544 1702 594 1729 Th.
615 1702 646 1729 C.
665 1702 711 1729 XI.
729 1704 771 1729 36.
793 1714 814 1729 c.
833 1704 857 1729 6.
886 1702 969 1738 Quor.
990 1712 1049 1740 app.
1069 1712 1094 1729 n.
1116 1696 1117 1708 ¹

250 1758 303 1774 rec.
350 1746 391 1773 Ab
420 1746 462 1772 his
491 1762 523 1766 —
551 1755 678 1772 concessa
706 1745 812 1782 quidam
835 1750 963 1772 conantur
991 1745 1096 1783 privile-

252 1792 292 1827 gia
312 1790 477 1826 detorquere.
505 1788 542 1815 lb.
563 1789 607 1815 XI.
627 1790 668 1815 35.
694 1799 716 1815 c.
735 1790 760 1816 5.
786 1788 818 1815 de
842 1789 909 1825 priv.
930 1798 983 1815 eor.
1005 1798 1048 1825 qu.
1069 1790 1096 1815 iu
1117 1824 1118 1829 1

253 1833 282 1860 S.
301 1832 352 1870 pal.
373 1848 405 1852 --
426 1833 456 1865 §-
472 1833 508 1858 2.
538 1834 747 1863 Convertere,
769 1833 935 1868 Conferre.
970 1831 1013 1858 111.
1029 1833 1095 1859 Cn.
1117 1832 1119 1842 '

254 1876 323 1912 Qui,
345 1885 402 1901 eum
422 1879 601 1906 recusaretur.
626 1875 683 1911 ipse
707 1873 819 1900 detorsit
842 1875 869 1900 in
891 1873 970 1900 alium
990 1875 1096 1901 crimen.
1118 1869 1119 1888 ³

255 1920 286 1946 [Γ.
306 1920 330 1945 3.
351 1919 372 1952 5.
393 1920 433 1944 14.
454 1917 486 1943 ad
505 1916 532 1943 S.
554 1917 585 1943 C.
605 1916 687 1943 Silau.
712 1918 753 1943 29.
774 1919 798 1943 5.
840 1916 978 1943 Adversus
999 1927 1044 1944 eos
1064 1933 1097 1937 —

256 1962 378 1998 detorqu.
397 1966 454 1987 tuas
474 1961 617 1997 petitiones
637 1959 726 1985 debes.
747 1970 767 1986 c.
782 1962 823 1986 20.
844 1959 876 1986 (le
895 1958 927 1986 N.
942 1959 974 1986 G.
993 1962 1018 1986 2.
1039 1962 1079 1987 19.
1118 1992 1121 2000 1

290 2005 530 2032 notrae-tare.
575 2003 775 2029 Detrectare.
818 2001 860 2028 III.
887 2003 953 2029 Cn.
987 2002 1041 2038 Qui
1065 2019 1097 2023 -

257 2057 299 2074 res
319 2048 390 2078 eins,
410 2046 558 2073 tiliorumve
578 2045 685 2071 tutelam
705 2045 887 2071 ad111inist1·are
906 2044 1033 2072 detractat
1054 2046 1097 2079 [al.
1120 2040 1121 2083 i

257 2089 410 2123 detrectat]
441 2088 471 2115 fr.
494 2090 532 2116 19.
559 2088 592 2115 de
616 2090 671 2115 iure
691 2093 792 2125 patron.
817 2089 859 2114 37.
880 2090 920 2114 14.
949 2087 981 2115 ct'.
1006 2088 1036 2115 [Γ.
1058 2090 1098 2115 19.
1120 2085 1121 2097 ¹

257 2143 297 2170 pr.
316 2132 349 2158 de
368 2132 456 2158 testib.
475 2134 517 2158 22.
537 2133 560 2158 5.

294 2175 544 2202 Betrnctatio.

259 2218 316 2245 Gai.
338 2217 379 2243 111.
402 2219 457 2243 178.

295 2260 503 2287 netraefio.
543 2262 737 2294 Separatio,
762 2260 928 2287 Deductio.
966 2260 1008 2287 111.
1034 2262 1099 2289 Gn.
1121 2276 1123 2293 1

260 2303 290 2330 Si
310 2303 368 2339 quis
389 2302 494 2328 domum
513 2302 633 2328 deductis
657 2303 830 2329 marmoribus
855 2303 993 2339 legaverit,
1018 2319 1050 2323 —
1074 2305 1101 2330 in
1122 2295 1123 2317 l

262 2351 373 2381 utroque
393 2344 580 2371 detractionem
601 2355 653 2371 nou
671 2345 766 2372 valere.
792 2346 822 2372 [Γ.
837 2348 878 2373 41.
898 2347 920 2380 5.
936 2348 959 2372 4.
980 2345 1100 2383 delegat.

261 2388 279 2415 1,
300 2388 376 2421 (30.)
415 2387 477 2413 Sine
497 2386 548 2413 ulla
569 2387 729 2415 detractione
748 2388 835 2415 soluta
854 2388 981 2424 (legata.)
1010 2388 1040 2416 [Γ.
1062 2391 1101 2415 15.
1123 2381 1125 2415 ³,

261 2432 283 2465 ς.
303 2433 326 2457 2.
347 2430 378 2456 ..1
399 2429 427 2456 1..
448 2429 518 2457 rac.
536 2431 578 2456 35.
598 2434 621 2457 2.
642 2431 673 2458 cs.
695 2432 724 2458 fr.
746 2434 785 2458 το.
806 2432 827 2465 ξ.
849 2433 871 2458 1.
891 2431 923 2458 d„
942 2431 973 2458 R.
988 2431 1019 2458 r.
1040 2434 1102 2459 6.1.
1124 2424 1125 2437 ¹

262 2474 443 2511 Impensarum
468 2489 500 2492 —
525 2472 659 2500 detractio.
694 2474 723 2501 [Γ.
745 2477 767 2501 1.
793 2475 814 2509 5.
835 2476 858 2501 5.
883 2474 916 2501 de
940 2474 994 2501 dot.
1015 2474 1102 2501 collat.
1125 2506 1127 2555 ἱ

262 2518 303 2542 37.
324 2518 347 2543 7.

300 2560 523 2586 netu-nuere.
553 2559 630 2593 §.L
650 2561 860 2592 Abstrultere,
885 2562 1025 2593 Tollere,
1045 2562 1103 2587 Au-
1125 2558 1127 2578 ⁵

259 2602 359 2637 ferre.
396 2601 415 2628 l.
436 2603 497 2636 Sy.
525 2601 684 2634 Removere.
705 2601 820 2628 Tollere.
852 2602 882 2629 [Γ.
902 2604 942 2630 43.
969 2603 1001 2629 de
1020 2603 1050 2630 R.
1072 2603 1103 2630 V.
1125 2595 1127 2615 l

265 2645 289 2669 6.
311 2645 332 2669 l.
363 2644 392 2670 [Γ.
414 2646 453 2670 ll.
473 2646 495 2678 5.
516 2646 539 2671 4.
565 2644 597 2671 de
617 2646 677 2671 inst.
698 2649 746 2671 art.
774 2646 812 2670 11.
832 2647 856 2671 3.
894 2645 923 2672 11.
945 2648 1011 2680 ΟΡ.
1042 2645 1105 2672 Pro-

267 2695 372 2723 ponere.
405 2686 434 2712 [Γ.
455 2689 494 2713 ll.
519 2688 540 2721 5.
561 2689 585 2714 4.
610 2687 626 2714 l.
649 2689 688 2714 14.
707 2689 730 2714 ·3.
774 2687 924 2724 hnpouere,
952 2687 1104 2725 Reponere,

267 2728 442 2763 (Jouiuugere.
473 2730 502 2756 [Γ.
522 2732 563 2756 43,
584 2730 598 2756 l⁴
620 2732 644 2756 6.
667 2732 688 2756 l.
715 2729 746 2756 [Γ.
768 2731 807 2756 18.
828 2731 849 2764 5.
872 2732 893 2756 l.
920 2730 952 2756 de.
971 2731 1002 2757 A.
1022 2731 1051 2758 E.
1072 2731 1104 2758 V.

267 2772 309 2798 19.
331 2772 352 2797 Ι.
375 2771 405 2796 [Γ.
425 2773 465 2797 63.
486 2772 518 2798 dc
537 2772 597 2799 don.
617 2774 663 2799 int.
684 2772 714 2800 Y.
734 2774 775 2799 24.
798 2775 820 2799 l.
856 2772 898 2799 lII.
920 2774 985 2800 (111.
1011 2772 1050 2799 »Ne
1070 2775 1108 2800 iu-

269 2813 347 2840 dicati
368 2812 535 2841 detrahantur
554 2815 601 2848 [al.
623 2815 810 2850 detrudantur]
831 2816 857 2841 in
877 2825 1014 2842 carcerem.
1041 2827 1062 2842 c.
1084 2818 1106 2842 1.

588 2175 769 2201 Detractio.
810 2173 841 2200 11.
867 2175 935 2208 ⁰1).
967 2173 1122 2201 Adiectio.:

1128 2838 1130 2879 1

1113 1344 1114 1347 ¹
1136 1326 1186 1343 usu
1205 1321 1232 1342 et
1251 1315 1318 1342 usus.
1338 1315 1388 1353 leg.
1416 1317 1458 1342 33.
1478 1317 1503 1342 2.

1058 156 1159 188 DET.

1129 240 1180 276 Qu.
1194 239 1255 266 bon.
1270 238 1326 266 ced.
1347 241 1370 266 7.
1385 241 1426 266 71.
1462 239 1576 277 lnsignia
1596 240 1718 268 militaria
1737 241 1881 269 detrahere.
1902 242 1933 269 [Γ.
1946 244 1971 269 2.

1128 283 1150 317 5.
1169 285 1193 310 2.
1214 282 1247 309 de.
1266 282 1290 308 h.
1312 292 1355 319 qu.
1375 287 1429 309 not.
1449 283 1535 310 infam.
1559 284 1583 310 3.
1603 286 1627 310 2.
1670 283 1776 311 Statuas
1801 286 1856 319 (sc.
1875 285 1973 322 relega-

1128 326 1226 358 torum)
1247 324 1422 352 detrahendas
1442 336 1509 352 esse.
1533 326 1563 353 fr.
1577 328 1619 352 24.
1640 326 1673 353 de
1692 337 1769 364 poen.
1790 329 1832 355 48.
1849 330 1889 355 19.
1921 329 1973 355 De.-

1106 393 1107 402 .
1129 368 1214 395 moliri
1240 367 1394 401 (aedificia)
1421 373 1445 395 et
1470 368 1569 396 detrah.
1589 379 1725 396 marmora.
1754 380 1776 396 c.
1795 372 1819 397 2.
1844 370 1877 397 de
1896 370 1972 398 aedis.

1129 412 1195 449 priv.
1215 412 1239 438 8.
1261 413 1301 438 10.
1337 412 1379 438 Ex
1398 411 1508 437 aedibus
1532 412 1632 438 detrah.
1653 418 1677 439 et
1703 414 1740 439 uti
1765 412 1814 446 (ad
1834 413 1910 447 hoc.)
1941 413 1972 440 fr.

1106 451 1107 455 ¹
1130 457 1171 481 41.
1191 453 1320 489 delegat.
1341 454 1359 481 I.
1381 455 1459 487 (30.)
1488 470 1521 474 -
1549 455 1580 488 δ.
1601 457 1637 482 2.
1668 457 1846 488 Deduc-ere,
1868 457 1972 483 Demi-

1130 508 1234 524 nuere.
1272 497 1290 524 l.
1311 498 1373 532 Sy.
1402 497 1521 524 Minuere
1543 498 1668 535 (legata.)
1696 498 1726 525 [Γ.
1747 500 1788 525 73.
1807 499 1831 533 5.
1849 501 1872 525 5.
1892 499 1925 525 ad
1942 498 1973 526 L.

1130 540 1200 567 Falc.
1220 542 1262 567 35.
1276 542 1300 567 2.
1339 541 1486 572 Deducere,
1505 540 1630 568 Retinere
1650 542 1802 578 (quartam.)
1817 541 1847 568 [Γ.
1861 544 1902 568 80.
1914 551 1974 578 sqq.

1108 618 1109 622 Ἰ
1131 584 1165 610 ib.
1181 594 1202 610 c.
1223 585 1263 610 14.
1284 583 1342 610 eod.
1362 585 1386 610 (3.
1406 586 1448 610 50.
1484 583 1518 611 Π.
1537 586 1604 618 011.
1623 584 1736 611 Prorsus
1756 584 1859 615 tollere,
1872 583 1976 611 —Par·

1108 631 1109 665 J
1132 632 1183 653 tem
1204 626 1270 653 detr.
1296 626 1326 652 [Γ.
1349 628 1406 653 102.
1427 626 1459 653 de
1478 626 1510 653 V.
1531 627 1558 654 S.
1578 629 1619 654 50.
1638 630 1678 654 16.
1716 626 1807 653 Solida
1827 627 1927 659 deberi,
1942 643 1976 647 —

1109 703 1110 706 Ἴ
1131 669 1235 696 Partem
1255 669 1364 695 detrahi.
1395 670 1425 696 [Γ.
1446 671 1487 696 73.
1507 680 1547 707 pr.
1572 670 1604 696 ad
1622 669 1652 697 L.
1672 670 1742 697 falc.
1761 672 1804 697 35.
1823 672 1847 696 2.
1886 670 1976 707 Stipu-

1109 727 1110 731 =
1131 712 1188 745 lari,
1208 712 1336 739 arbitratu
1356 713 1411 739 eius
1432 712 1495 740 dari.
1516 729 1548 733 ——
1568 713 1710 750 Stipulatio
1725 713 1834 740 arbitrio
1848 713 1976 740 detracto.

1109 770 1110 794 ζ
1132 755 1163 782 [Γ.
1183 756 1224 782 69.
1249 755 1270 789 5.
1291 757 1316 781 4.
1335 755 1367 782 de
1387 757 1443 782 iure
1463 756 1516 782 dot.
1541 758 1582 783 23.
1602 758 1627 783 3.
1664 756 1707 783 111.
1727 758 1793 784 Gn.
1818 756 1914 789 Minui,
1934 756 1977 783 de-

1132 804 1213 825 tracta
1234 799 1453 832 (coniunctione.)
1482 799 1512 825 [Γ.
1533 800 1575 826 46.
1595 799 1628 826 de
1647 799 1723 836 legat.
1743 800 1786 826 111.
1806 800 1881 833 (32.)
1920 798 1978 826 Tri-

1133 842 1186 874 bui,
1207 841 1322 868 detracta
1342 842 1432 874 (tertia
1451 843 1546 879 parte.)
1576 841 1626 869 Th.
1646 842 1677 869 C.
1697 842 1729 868 Y.
1751 844 1773 869 1.
1798 852 1820 869 c.
1839 844 1864 869 5.
1891 841 1924 868 de
1942 841 1978 868 le-

1110 895 1111 921 ]
1133 886 1177 920 git.
1198 884 1308 911 lneredit.
1347 884 1515 922 Competere,
1536 885 1654 912 detracto
1674 890 1723 912 etc.
1753 885 1783 912 [Γ.
1802 886 1826 912 9.
1846 886 1868 919 5.
1884 886 1925 911 14.
1945 884 1978 911 de

1133 927 1223 954 hered.
1243 928 1305 954 inst.
1329 929 1371 954 28.
1391 930 1415 955 5.
1452 928 1508 955 Nec
1533 929 1653 965 cuiquam
1677 928 1812 955 hominum
1837 929 1878 955 ius
1902 938 1979 954 suum

1135 971 1245 998 detrahi.
1275 970 1345 998 Coll.
1364 970 1418 998 LL.
1438 971 1472 998 Μ.
1492 971 1534 998 Ill.
1554 973 1578 998 ·3.
1616 971 1690 998 Nihil
1713 971 1793 998 rebus
1812 971 1927 1008 publicis
1947 981 1979 998 ex

1135 1015 1243 1051 antiquo
1263 1015 1319 1041 iure
1345 1014 1515 1041 detrahimus.
1549 1014 1599 1041 Th.
1623 1014 1654 1041 C.
1674 1013 1718 1040 IV.
1744 1016 1785 1040 ll.
1809 1025 1831 1041 c.
1850 1016 1875 1041 3.
1899 1013 1933 1040 ad
1950 1013 1979 1041 S.

1136 1057 1167 1084 C.
1189 1057 1283 1084 Claud.
1324 1056 1397 1084 Nulli
1424 1056 1611 1094 (Principum)
1638 1058 1778 1084 aeternitas
1798 1067 1844 1084 sua
1864 1057 1981 1084 detracta

1112 1118 1113 1131 1
1136 1106 1184 1127 est.
1209 1100 1304 1127 Const.
1318 1100 1368 1127 Th.
1382 1100 1413 1127 II.
1433 1100 1466 1127 de
1486 1099 1535 1126 Th.
1550 1100 1581 1128 C.
1602 1106 1669 1128 auct.
1689 1101 1712 1135 5.
1725 1102 1750 1127 3.
1770 1100 1862 1133 (ch.
1882 1111 1907 1138 p.
1926 1100 1980 1134 10.)

1136 1160 1168 1163 -
1189 1144 1219 1177 §0
1243 1145 1280 1170 3.
1309 1145 1484 1178 Excipere,
1509 1145 1668 1172 Retinere.
1706 1143 1724 1170 I.
1745 1144 1807 1178 Sy.
1831 1143 1980 1176 Deducere,

1136 1187 1279 1224 Excipere,
1307 1186 1437 1224 Recipere
1466 1187 1510 1220 (in
1538 1186 1710 1223 mancipanda
1738 1187 1915 1223 proprietate,
1943 1196 1980 1213 sc.

1112 1244 1114 1266 2
1136 1230 1244 1263 usums.)
1274 1229 1332 1257 Gai.
1350 1229 1381 1256 II.
1401 1231 1443 1256 30.
1463 1231 1504 1256 33.
1538 1228 1623 1256 Yatic.
1648 1230 1685 1263 55.
1705 1231 1747 1256 47.
1767 1239 1826 1266 sqq.
1846 1228 1877 1255 fr.
1895 1230 1938 1255 36.
1957 1229 1980 1263 5.

1137 1275 1160 1300 l.
1187 1273 1218 1300 fr.
1237 1274 1280 1300 46.
1298 1283 1339 1310 pr.
1364 1272 1395 1299 [Γ.
1416 1274 1457 1299 54.
1483 1272 1516 1299 de
1535 1271 1602 1299 usus.
1628 1274 1652 1299 7.
1673 1274 1695 1299 1.
1721 1272 1751 1299 [Γ.
1772 1274 1813 1299 19.
1837 1271 1868 1298 [Γ.
1887 1273 1929 1299 26.
1949 1271 1982 1298 de

1544 1314 1587 1341 ΙΙΙ.
1609 1316 1675 1343 Gn.
1703 1316 1854 1347 Detractis,
1885 1319 1911 1342 et
1939 1314 1983 1342 ad·

1137 1360 1246 1396 signatis
1267 1358 1356 1391 alteri.
1380 1358 1475 1395 legare.
1507 1357 1538 1385 [Γ.
1558 1360 1581 1385 l.
1600 1368 1641 1395 pr.
1671 1358 1703 1386 cf.
1723 1358 1753 1385 fr.
1773 1360 1815 1385 32.
1839 1358 1877 1392 55.
1897 1360 1921 1384 8.
1941 1367 1982 1394 sq.

1137 1402 1169 1428 de
1188 1412 1250 1428 auro
1271 1412 1322 1438 arg.
1342 1403 1384 1428 34.
1403 1404 1428 1428 2.
1464 1400 1589 1428 Vendere
1608 1401 1743 1435 (fundum)
1763 1406 1789 1428 et
1808 1400 1920 1433 tradere,
1940 1399 1985 1427 de-

1138 1450 1221 1472 tracto
1241 1444 1336 1479 (usus.)
1360 1444 1392 1471 [Γ.
1405 1445 1447 1471 54.
1468 1443 1501 1471 de
1519 1443 1588 1471 usuf.
1609 1446 1633 1472 7.
1648 1447 1671 1471 l.
1708 1444 1846 1482 stipulari,
1865 1443 1984 1470 detracto

1138 1487 1233 1521 (usus.)
1262 1487 1292 1514 [Γ.
1312 1488 1354 1514 36.
1374 1487 1396 1521 5.
1418 1489 1441 1514 1.
1461 1487 1496 1514 ib.
1517 1489 1579 1514 7.1.
1601 1504 1631 1508 -—
1652 1488 1683 1521 ξ.
1699 1489 1739 1514 4.
1764 1488 1907 1522 Negare,
1925 1489 1984 1514 Re-

1138 1527 1279 1558 curare.¹
1303 1528 1403 1565 [Sy.
1437 1529 1498 1557 Non
1522 1529 1656 1562 habenda.
1682 1529 1853 1557 Detrahenda
1872 1529 1984 1563 (fides.)

1115 1587 1116 1611 ξ
1139 1573 1169 1601 [Γ.
1185 1575 1207 1601 1.
1227 1574 1265 1608 55.
1279 1575 1321 1600 23.
1335 1570 1395 1610 sqq'.
1416 1573 1449 1600 de
1469 1574 1616 1610 quaestion.
1635 1574 1734 1600 48.18.
1769 1572 1813 1599 III.
1827 1573 1894 1601 οη.
1914 1572 1985 1609 Quia

1115 1636 1117 1644 ,
1139 1616 1272 1643 intellexit
1290 1616 1434 1653 legislator,
1453 1631 1488 1636 —
1507 1616 1622 1643 detraxit
1640 1617 1664 1643 ei
1677 1626 1736 1643 cum
1749 1615 1800 1642 alio
1815 1615 1984 1643 connubium.

1139 1660 1169 1687 fr.
1191 1661 1231 1686 11.
1250 1669 1290 1696 pr.
1311 1659 1343 1685 de
1363 1659 1458 1685 divort.
1478 1660 1520 1685 24.
1539 1661 1564 1686 2.

1173 1704 1414 1730 Detrectare.
1442 1703 1633 1734 Declinare,
1651 1703 1832 1729 Reluctari.
1862 1700 1894 1728 11.
1916 1702 1984 1736 Op·

1139 1745 1325 1782 Adgnoscere,
1344 1745 1480 1782 Adpetere
1499 1744 1628 1778 (munus.)
1655 1744 1687 1771 [Γ.
1706 1746 1730 1771 4.
1750 1745 1834 1779 §-1⁰·
1855 1743 1887 1771 de
1905 1743 1937 1771 R.
1950 1743 1985 1771 M.

1140 1790 1182 1815 49.
1203 1789 1243 1815 16.
1267 1787 1298 1814 [Γ.
1318 1789 1343 1814 9.
1362 1788 1395 1814 de
1414 1798 1484 1814 mun.
1505 1792 1531 1814 et
1549 1787 1610 1814 hon.
1630 1789 1672 1814 50.
1692 1789 1716 1814 4.
1753 1787 1796 1815 III.
1817 1788 1883 1815 Gn.
1909 1786 1940 1814 Si
1958 1791 1986 1814 et

1117 1856 1119 1860 ,
1140 1831 1266 1858 iudicium
1284 1840 1339 1857 nou
1357 1830 1527 1863 detrectetur‚
1547 1835 1573 1857 et
1591 1829 1734 1857 iudicatum
1751 1829 1821 1857 solvi
1833 1829 1984 1857 satisdetur.

1141 1874 1172 1901 [Γ.
1191 1875 1234 1900 21.
1253 1873 1275 1908 5.
1295 1875 1320 1900 3.
1341 1884 1374 1900 ex
1393 1884 1436 1910 qu.
1456 1884 1478 1900 c.
1497 1874 1556 1900 mai.
1576 1875 1600 1900 4.
1614 1874 1638 1900 6.
1677 1873 1706 1900 Si
1726 1872 1872 1900 creditores
1892 1882 1938 1900 eos
1952 1889 1984 1893 —

1142 1917 1308 1949 conveniant.
1328 1921 1354 1943 et
1373 1927 1441 1943 uuus
1459 1916 1556 1954 placita
1575 1916 1713 1944 detrectet.
1738 1916 1770 1942 [Γ.
1783 1918 1825 1943 20.
1845 1916 1867 1950 5.
1880 1917 1904 1942 3.
1924 1914 1984 1942 fam.

1142 1961 1235 1987 ercisc.
1256 1961 1297 1986 10.
1310 1961 1335 1985 2.
1372 1959 1484 1986 Praeses
1503 1959 1546 1987 Pr.
1567 1976 1599 1979 —
1619 1959 1728 1986 reticere
1747 1969 1775 1985 ea
1789 1957 1939 1995 compellat.
1959 1962 1986 1984 et

1120 2028 1121 2035 ,
1143 2003 1270 2030 adversus
1291 2002 1480 2029 detrectantem
1504 2003 1664 2039 competenti
1687 2001 1803 2028 remedio
1826 2000 1986 2027 deformitati

1143 2046 1269 2073 auxilium
1288 2045 1362 2072 serat.
1391 2045 1421 2072 [Γ.
1443 2047 1466 2072 7.
1491 2045 1524 2072 de
1543 2045 1587 2071 off.
1606 2044 1694 2071 Prnos.
1721 2045 1744 2070 l.
1765 2044 1804 2070 18.
1848 2042 1878 2070 Si
1902 2042 1985 2070 detre-

1144 2094 1230 2116 ctasse
1249 2088 1329 2114 fidem
1347 2089 1543 2125 praetermissis
1566 2086 1780 2123 suggestionibus
1803 2086 1986 2113 monstrabun-

1120 2122 1122 2171 }
1144 2137 1193 2159 tur.
1222 2130 1272 2158 Th.
1294 2130 1325 2157 C.
1345 2130 1413 2157 VIII.
1435 2133 1457 2157 1.
1478 2141 1499 2157 c.
1520 2132 1543 2157 9.
1564 2131 1585 2165 5.
1608 2132 1630 2157 1.
1650 2130 1683 2157 de
1702 2139 1829 2156 numerar.

1179 2174 1428 2202 Detrectatio.
1467 2175 1688 2200 Contumacia.
1720 2172 1761 2198 111.
1777 2173 1843 2200 Cn.
1864 2171 1918 2207 Qui
1930 2177 1986 2198 tum

1121 2220 1122 2223 ’
1145 2219 1201 2245 sine
1221 2217 1411 2244 detrectatione
1430 2217 1495 2253 reip.
1515 2226 1536 2242 c.
1556 2216 1647 2242 aberit.
1675 2215 1706 2242 [Γ.
1728 2217 1767 2241 15.
1792 2215 1874 2249 55.1.
1894 2225 1934 2252 sq.
1954 2214 1986 2241 ad

1145 2261 1174 2288 L.
1195 2260 1242 2287 Iul.
1262 2260 1294 2286 de
1313 2259 1394 2286 adult.
1413 2261 1455 2286 48.
1475 2261 1499 2285 5.

1180 2303 1476 2331 Detrimentum.
1525 2302 1703 2331 Damnum,
1737 2302 1986 2332 Incommodum,

1147 2347 1370 2381 Dispeudium.
1407 2345 1425 2371 I.
1441 2346 1502 2379 Sy.
1529 2344 1660 2370 Damnum
1674 2343 1827 2376 (infamiae.)
1847 2353 1868 2370 c.
1883 2345 1906 2370 1.
1926 2354 1947 2370 c.
1961 2344 1986 2370 6.

1147 2400 1179 2416 ex
1199 2399 1242 2426 qu.
1263 2399 1284 2415 e.
1305 2387 1392 2414 infam.
1411 2389 1436 2414 2.
1458 2388 1497 2413 12.
1535 2385 1720 2423 Dispendium.
1745 2385 1794 2412 Th.
1810 2386 1840 2413 C.
1859 2385 1986 2413 XVI.10.

1148 2443 1168 2459 c.
1192 2434 1231 2458 13.
1258 2431 1290 2457 de
1309 2440 1400 2468 pagan.
1441 2429 1471 2456 ll.
1493 2430 1556 2463 ⁰1».
1585 2429 1768 2464 Augmeutum.
1798 2428 1827 2455 [Γ.
1847 2431 1872 2455 3.
1891 2439 1930 2466 pr.
1954 2428 1988 2456 de

1125 2488 1126 2501 ;
1148 2476 1223 2501 instr.
1243 2473 1293 2509 leg.
1312 2475 1355 2499 33.
1374 2474 1397 2499 7.
1434 2471 1476 2498 III.
1491 2473 1557 2499 0111.
1585 2471 1721 2498 Neminem
1740 2481 1799 2498 cum
1817 2471 1925 2498 alterius
1945 2471 1987 2498 de-

1149 2518 1271 2544 trimento
1292 2521 1317 2542 et
1336 2515 1428 2542 iniuria
1447 2515 1505 2541 lieri
1524 2514 1731 2551 locupletiorem.
1757 2514 1787 2541 [Γ.
1803 2515 1842 2540 14.
1863 2514 1895 2541 de
1911 2514 1986 2541 cond.

1149 2559 1236 2587 indcb.
1262 2561 1302 2585 12.
1321 2559 1344 2584 6.
1387 2557 1503 2595 Operam
1527 2556 1601 2589 dare,
1631 2563 1658 2584 ut
1682 2567 1758 2594 quam
1781 2558 1887 2584 minime
1910 2556 1987 2583 detri-

1149 2608 1237 2629 mento
1257 2603 1292 2628 sit
1311 2611 1339 2627 ea
1359 2610 1401 2627 res
1422 2601 1522 2626 emtori.
1546 2600 1576 2627 [Γ.
1592 2602 1614 2626 l.
1628 2601 1650 2635 5.
1665 2602 1689 2626 3.
1710 2599 1742 2626 de
1755 2600 1835 2637 peric.
1856 2604 1882 2626 et
1894 2608 1986 2626 comm.

1151 2648 1190 2672 18.
1210 2646 1233 2671 6.
1272 2643 1308 2671 Vt
1327 2658 1358 2663 —
1379 2645 1402 2670 ei
1422 2643 1578 2670 detrimento
1598 2644 1633 2670 sit
1652 2644 1716 2669 iuris
1736 2643 1888 2679 ignorantia.
1917 2641 1947 2668 fr.
1961 2643 1985 2668 9.

1149 2689 1171 2723 5.
1182 2690 1206 2715 3.
1227 2687 1259 2714 de
1279 2687 1327 2713 iur.
1342 2691 1368 2712 et
1381 2686 1441 2713 sacti
1455 2687 1536 2722 ignor.
1556 2689 1598 2712 22.
1611 2688 1634 2712 6.
1656 2685 1750 2717 Tuum,
1770 2695 1823 2712 non
1841 2694 1926 2711 meum
1945 2683 1988 2710 de-

1152 2732 1303 2757 trimentum
1322 2730 1380 2761 crit,
1400 2730 1422 2755 si
1442 2734 1490 2755 etc.
1520 2728 1549 2755 [Γ.
1569 2730 1610 2755 20.
1631 2727 1758 2755 commod.
1780 2730 1819 2754 13.
1839 2728 1863 2753 6.
1883 2725 1914 2753 cf.
1929 2726 1986 2753 Gai.

1150 2773 1193 2800 Ill.
1214 2774 1271 2799 122.
1309 2771 1396 2798 Verba
1421 2771 1512 2798 edicti:
1542 2771 1662 2807 „Quanti
1687 2781 1715 2797 ea
1738 2780 1780 2798 res
1805 2770 1889 2801 erit,“
1912 2779 1988 2796 omne

1152 2815 1336 2843 detrimentum
1355 2816 1492 2852 recipiunt.
1518 2813 1548 2841 [Γ.
1563 2816 1603 2840 11.
1617 2824 1656 2851 pr.
1677 2813 1710 2841 de
1728 2822 1805 2840 servo
1823 2822 1890 2838 corr.
1911 2813 1950 2838 ll.
1963 2813 1987 2839 3.
