2197 3121
1004 151 1104 184 DEC.

196 246 235 273 pr.
255 235 287 262 ad
305 234 402 267 L.,1u1.
423 234 455 262 de
474 236 499 262 vi
518 234 580 272 pub.
603 235 644 261 48.
663 234 687 260 6.
724 232 834 260 Praetor
852 249 885 253 —
905 232 938 260 de
957 243 985 260 ea
1004 244 1033 260 re

196 278 318 304 omnibus
337 279 372 304 ita
391 279 432 304 ius
452 277 546 309 dicito.
570 276 719 308 decernito,
744 286 843 313 eosque
867 275 940 308 duci,
964 276 1032 303 bona

196 331 286 347 eorum
309 320 455 358 possideri,
484 319 666 357 proscribive‚
694 320 837 355 venireque
865 319 963 346 iubeto.
1002 318 1032 346 L.

196 363 264 390 Gall.
281 363 381 401 Cisalp.
401 364 432 390 II.
452 365 493 390 46.
507 373 547 400 sq.
584 362 646 398 Qui,
667 372 724 388 cum
743 361 857 398 aliquam
875 367 1034 399 potestatem

196 406 313 435 haberet.
333 407 470 444 pecuniam
489 405 522 432 ob
539 403 706 432 iudicandum
719 404 945 431 decernendumve
963 415 1034 431 acce-

195 450 272 486 perit.
307 449 337 475 l'r.
360 450 385 475 3.
411 448 443 474 de
466 447 498 474 L.
515 447 563 474 lul.
584 452 665 484 repet.
693 448 735 474 48.
756 449 796 473 ll.
839 446 914 482 Quae
937 446 1033 479 edixit,

197 501 263 528 quae
281 491 405 518 decrevit.
438 490 467 517 fr.
487 492 511 517 3.
531 490 563 517 de
583 490 627 516 oss.
647 489 732 516 Praet.
752 491 774 516 l.
795 490 835 515 14.
872 489 1033 516 Interdicere

197 539 223 560 et
241 534 389 561 decernere.
417 532 488 560 Coll.
506 532 559 559 LL.
580 532 613 559 M.
634 532 652 559 I.
674 534 713 559 ll.
754 531 926 568 Coguoscens
945 532 1034 559 decer-

197 586 266 603 nere.
294 576 324 603 fr.
345 579 367 603 l.
387 577 410 611 5.
430 578 453 602 1.
475 575 507 602 de
527 581 611 602 const.
630 575 716 602 Princ.
736 576 758 601 l.
773 575 796 600 4.
832 575 883 601 Est
901 580 927 601 et
945 575 1034 602 decre-

197 623 250 645 tum
270 619 301 645 ab
315 619 482 657 Imperatore,
501 623 527 645 et
540 619 719 645 constitutum.
745 616 775 643 fr.
788 619 830 644 25.
850 617 883 644 de
896 619 953 645 iure
966 618 1032 645 fisci.

195 663 238 688 49.
259 663 299 688 14.
325 662 356 688 cf.
376 661 406 688 [Γ.
421 663 443 687 l.
465 661 486 695 5.
501 663 525 687 3.
546 661 578 688 de
592 660 666 687 liber.
681 659 767 687 exhib.
786 661 828 686 43.
841 661 883 686 30.
920 661 954 688 D.
967 661 1033 688 Mar-

197 714 243 731 cus
262 704 387 731 decrevit.
407 720 439 724 -—
458 703 547 730 Verba
566 703 665 729 decreti
683 702 747 729 haec
765 707 835 729 sunt.
859 702 890 730 sr.
908 705 930 730 7.
951 704 983 731 ad
1001 704 1031 731 L.

196 746 243 773 lul.
264 746 296 773 de
314 748 340 773 vi
358 748 425 784 priv.
445 748 486 773 48.
508 749 530 773 7.
567 745 648 773 Adito
668 744 793 772 Praetore
811 745 886 773 dixit.
906 763 938 766 —
957 746 1033 774 Prae-

196 794 239 816 tor
257 790 291 815 ita
312 789 436 816 decrevit.
474 789 504 816 sr.
523 790 566 815 37.
591 799 630 826 pr.
659 787 692 814 de.
715 794 831 815 excusat.
858 791 900 816 27.
926 791 947 816 l.
997 789 1034 816 Vt

196 831 283 858 aditus
302 831 410 858 Praetor
429 833 455 858 in
475 842 528 858 rem
547 832 622 857 matri
643 830 767 858 decernat
785 833 922 859 actionem.
942 832 971 859 fr.
991 834 1033 859 55.

195 875 218 909 5.
239 876 261 901 1.
281 874 313 901 de
332 874 418 901 fideie.
439 874 502 901 libb.
521 876 563 900 40.
582 876 606 900 5.
631 873 662 900 cs.
682 873 713 900 fr.
734 876 758 900 2.
778 875 800 908 5.
819 876 843 901 3.
869 874 901 901 de
919 875 988 911 vulg.
1008 880 1034 902 et

194 927 258 955 pup.
277 919 319 944 28.
338 919 362 944 6.
400 916 459 944 Non
479 921 519 943 est
537 917 664 953 iniquum.
683 916 881 953 postulantibus
900 917 1035 944 creditori—

196 961 246 987 bus
265 961 300 987 ita
319 961 439 992 decerni,
459 965 487 986 ut
505 964 554 986 etc.
588 958 618 986 fr.
638 961 662 985 4.
681 970 721 997 pr.
747 960 779 986 de
804 960 865 987 bon.
890 965 957 987 auct.
980 960 1033 987 iud.

196 1005 238 1030 42.
257 1006 281 1030 5.
318 1003 439 1030 Probatis
453 1002 502 1033 his,
523 1007 675 1039 competens
694 1001 773 1029 iudex
792 1002 916 1030 decernat
935 1008 983 1030 etc.
1003 1004 1034 1030 fr.

195 1048 237 1074 23.
263 1047 300 1081 55.
322 1049 344 1073 1.
364 1056 403 1082 sq.
429 1045 480 1080 Qu.
500 1050 559 1071 met.
581 1056 601 1071 c.
625 1048 650 1071 4.
669 1047 693 1071 2.
739 1044 862 1072 Nondum
886 1046 971 1073 delata
995 1052 1035 1073 cst

196 1089 352 1124 (decretalis
371 1089 401 1115 B.
420 1087 472 1120 R),
492 1089 543 1114 nisi
563 1098 621 1114 cum
640 1087 719 1114 fuerit
737 1088 851 1115 decreta.
880 1088 910 1116 sr.
931 1091 953 1116 l.
968 1090 995 1124 5.
1010 1092 1033 1116 7.

196 1132 229 1159 de
247 1142 362 1158 success.
383 1130 459 1157 edict.
479 1132 521 1157 38.
541 1132 565 1157 9.

230 1176 459 1207 Bet-erpere.
497 1174 528 1206 ξ.
548 1174 583 1200 1.
618 1175 774 1208 Carpere,
805 1175 978 1210 Colligere.
1015 1175 1034 1202 I.

196 1218 258 1251 Sy.
295 1216 422 1254 Separare
442 1217 473 1249 (a
492 1221 573 1245 terra.
594 1226 630 1243 sc.
650 1216 777 1250 fructus).
805 1216 836 1243 fr.
857 1220 897 1245 12.
916 1219 938 1252 5.
958 1220 983 1245 5.
1003 1218 1035 1245 de

197 1259 264 1286 usul'.
285 1262 307 1286 7.
325 1261 347 1286 l.
384 1259 426 1286 III.
443 1260 508 1287 Cn.
528 1259 688 1296 Decerpere,
707 1259 750 1286 vel
769 1259 893 1287 desecare
912 1260 1034 1294 (fructus,

197 1313 221 1329 v.
240 1302 382 1339 segetem).
407 1301 437 1328 l‘r.
459 1304 498 1328 12.
518 1303 540 1336 5.
559 1305 583 1329 5.
604 1302 620 1329 l.
641 1304 664 1329 7.
685 1304 707 1328 1.
736 1302 766 1328 l'r.
785 1304 827 1329 27.
847 1304 869 1337 5.
888 1306 930 1330 25.
954 1303 986 1330 ad
1004 1303 1034 1331 L.

196 1345 265 1381 Aqu.
286 1346 309 1371 9.
329 1347 353 1371 2.
394 1344 430 1372 Vt
453 1355 558 1382 pomum
582 1344 723 1382 decerpere
747 1345 838 1378 liceat,
866 1351 895 1373 ut
918 1348 1034 1384 spatiari,

197 1392 226 1414 ut
245 1397 355 1414 coenare
376 1389 402 1414 in
421 1387 505 1413 alieno
525 1388 668 1424 possimus.
694 1387 724 1414 sr.
745 1390 768 1414 8.
789 1398 828 1425 pr.
849 1388 881 1415 de
900 1391 990 1417 servit.
1009 1392 1034 1417 8.

198 1432 221 1456 l.
259 1430 313 1466 Qui
332 1430 432 1457 fructus
452 1435 551 1456 stantes
571 1431 740 1468 subripuerit,
764 1446 796 1450 —
816 1436 845 1458 ut
862 1433 974 1469 primum
994 1433 1036 1460 de-

199 1478 304 1510 cerptus
324 1478 395 1499 esset
415 1477 464 1499 etc.
484 1472 514 1499 fr.
528 1475 570 1500 26.
591 1474 650 1507 5.1.
670 1473 703 1499 de
721 1473 781 1500 furt.
801 1475 843 1501 47.
857 1477 881 1501 2.
902 1492 934 1495 —
953 1477 985 1510 §.
999 1479 1035 1504 ².

198 1516 407 1548 Denainuere,
431 1518 609 1543 Fraudare.
650 1515 694 1542 III.
715 1517 780 1544 Gn.
812 1517 854 1544 De
873 1534 905 1538 -
924 1530 1036 1546 annona-

198 1559 245 1585 riis
264 1558 394 1585 alimentis
415 1558 511 1585 nullam
535 1575 568 1579 —
593 1559 751 1596 decerpendi
771 1559 883 1597 aliquid,
907 1562 949 1589 vel
968 1563 1036 1590 aufe-

199 1601 274 1628 rendi
292 1601 424 1628 licentiam
442 1601 546 1628 habere.
581 1601 648 1628 Nov.
668 1601 718 1628 Th.
737 1602 768 1629 11.
794 1602 826 1629 de
849 1604 915 1631 amb.
941 1610 965 1632 et
984 1606 1034 1632 loc.

200 1643 274 1670 limit.
293 1643 312 1670 I.
331 1646 372 1670 24.
398 1655 419 1671 c.
440 1647 462 1670 l.
486 1645 508 1678 5.
528 1647 553 1671 2.
595 1644 700 1681 Quodsi
725 1645 785 1672 huIc
810 1662 841 1666 -—-
865 1657 972 1674 numero
992 1648 1036 1676 ali-

201 1696 278 1722 quem
297 1691 340 1713 aut
359 1687 475 1714 conditio
495 1687 589 1719 fatalis,
609 1692 653 1714 aut
671 1687 756 1724 aliqua
776 1688 879 1716 fortuna
899 1690 1036 1729 decerpse-

201 1729 243 1755 rit.
271 1729 320 1757 Th.
339 1729 370 1756 C.
389 1730 457 1757 XIII.
476 1732 501 1757 3.
521 1741 542 1756 c.
557 1732 580 1757 8.
600 1731 621 1764 5.
641 1732 665 1756 2.
686 1730 718 1757 de
732 1731 824 1758 medic.
844 1738 870 1759 et
887 1734 955 1770 prof.
983 1734 1036 1761 Ad-

200 1771 351 1808 pellatiouis
370 1772 486 1809 perfugia
506 1772 655 1810 decerpere.
684 1773 721 1800 Ib.
734 1773 779 1800 XI.
793 1776 834 1801 36.
855 1786 876 1802 c.
893 1777 931 1802 14.
952 1776 1035 1811 Quor.

202 1824 261 1851 app.
280 1825 305 1841 n.
325 1825 375 1841 rec.

235 1858 459 1884 neem-tare.
498 1859 641 1885 certare.
684 1858 702 1884 I.
723 1860 785 1892 Sy.
817 1858 975 1896 Confligere.
1004 1861 1035 1888 cs.

201 1900 226 1927 h.
246 1910 269 1926 v.
312 1899 355 1926 [11.
379 1901 444 1927 Cn.
478 1899 610 1935 Quamdiu
633 1902 736 1937 privato
760 1902 842 1937 iurgio
868 1905 957 1940 aequis
978 1915 1037 1931 con-

201 1943 318 1969 flictibus
337 1942 493 1969 decertatur.
523 1941 573 1968 Th.
589 1943 619 1969 C.
633 1944 665 1970 X.
682 1945 720 1970 10.
742 1954 762 1970 c.
776 1946 817 1970 32.
838 1946 858 1979 5.
874 1948 896 1972 l.
917 1946 949 1973 de
962 1949 1036 1984 petit.

201 1990 228 2011 et
245 1985 314 2012 ultro
334 1985 384 2011 dat.

235 2028 467 2055 neeertatio.
511 2029 677 2061 Cen-tatio,
708 2031 857 2057 Labores.
898 2031 941 2058 111.
970 2034 1036 2060 Gn.

202 2070 284 2098 Filios
304 2081 408 2108 quoque
432 2080 521 2096 eorum
540 2070 681 2098 defendant
700 2072 904 2107 decertationes,
925 2086 991 2112 quae
1010 2077 1036 2103 in

201 2115 283 2150 patris
302 2124 415 2150 persona
434 2113 547 2140 suerunt.
579 2113 628 2140 Th.
647 2114 678 2141 C.
698 2114 753 2142 Vll.
773 2120 814 2143 20.
835 2127 855 2144 c.
875 2120 899 2144 2.
919 2119 941 2152 5
960 2121 984 2145 2.
1004 2119 1037 2145 de

203 2161 315 2182 veteran.

237 2199 426 2227 lle-cessio.
463 2201 638 2232 Deduc-tiu,
667 2201 864 2230 Deminutz'o.
906 2204 936 2231 Il.
969 2207 1036 2239 ⁰1).

205 2240 342 2274 Accessio‚
364 2242 546 2278 Augmentum.
579 2242 620 2269 Cf.
644 2243 687 2269 hh.
712 2254 753 2271 vv.
798 2246 840 2273 III.
860 2249 925 2275 Cn.
957 2248 1037 2284 Quod

208 2284 257 2315 (sc.
277 2293 370 2310 nomen
387 2285 552 2318 hereditatis)
573 2290 597 2311 et
616 2288 793 2315 accessionem
813 2294 838 2315 et
857 2290 1037 2318 decessionem

206 2327 233 2352 in
252 2336 281 2351 se
300 2327 399 2363 recipit.
425 2328 454 2354 fr.
470 2330 527 2355 178.
547 2329 569 2362 5.
586 2331 608 2355 1.
629 2329 661 2355 de
681 2329 712 2356 V.
733 2330 760 2357 S.
779 2334 820 2358 50.
836 2334 875 2359 16.
912 2334 975 2360 Eam
995 2334 1037 2360 de-

208 2370 352 2394 cessionem
371 2371 482 2405 patietur
505 2372 540 2403 is,
565 2372 622 2405 (cui
641 2375 761 2400 restituta
780 2374 858 2401 fuerit
879 2376 1035 2410 hereditas).
1057 2365 1060 2408 l

208 2412 238 2437 l'r.
257 2413 298 2437 28.
318 2412 340 2445 5.
362 2413 383 2436 l.
403 2412 425 2437 si
444 2423 486 2448 qu.
506 2424 555 2440 om.
576 2426 596 2441 c.
618 2420 718 2443 testam.
737 2418 778 2444 29.
798 2420 821 2444 4.
1058 2445 1059 2451 ,

247 2455 441 2480 Decessor·
482 2459 681 2485 Antecessor.
727 2459 745 2486 1.
775 2462 836 2495 Sy.
873 2461 1036 2489 Praecessor.
1058 2485 1059 2496 ,

208 2496 300 2522 iuliani
321 2497 381 2532 epit.
402 2506 460 2523 (ιον.
481 2508 501 2524 c.
522 2501 578 2527 125.
609 2501 641 2528 cf.
661 2512 682 2529 c.
702 2503 742 2529 88.
762 2503 783 2537 5.
802 2505 861 2531 337.
903 2504 1037 2542 Superior.
1058 2528 1060 2543 Ι

209 2539 258 2565 Th.
273 2539 304 2565 C.
323 2538 381 2565 XV.
402 2540 424 2564 l.
445 2549 465 2565 c.
484 2541 508 2566 3.
528 2551 549 2568 c.
567 2545 608 2570 21.
628 2544 661 2571 de
680 2555 740 2583 opp.
760 2546 822 2583 pub.
860 2547 902 2574 III.
923 2550 988 2576 Gn.
1009 2548 1038 2575 Si
1059 2550 1060 2574 i

209 2581 323 2608 edietum
341 2581 474 2608 decessori
493 2593 541 2610 suo
559 2587 658 2613 miserit
676 2589 729 2621 (sc.
749 2588 874 2623 Proeos.)
899 2591 1038 2623 significet-

209 2635 260 2661 que
279 2630 327 2650 etc.
347 2624 376 2650 l'r.
396 2626 419 2651 4.
439 2626 460 2659 5.
480 2628 504 2652 4.
524 2625 556 2653 de
569 2628 611 2654 off.
625 2629 699 2657 Proc.
713 2636 738 2657 et
751 2631 812 2669 Leg.
832 2635 854 2659 l.
870 2635 909 2660 16.
923 2620 1038 2660 ”Contra
1059 2639 1060 2655 ¹

209 2678 294 2699 suam,
314 2666 355 2693 vel
375 2666 522 2695 decessoris
541 2671 582 2695 sui
600 2675 753 2701 sententiam
771 2676 810 2709 (in
825 2677 952 2713 integrum
966 2678 1039 2703 resti-

209 2711 301 2743 tuere).
323 2710 352 2736 fr.
373 2711 413 2735 42.
434 2710 466 2737 de
484 2713 575 2739 minor.
595 2715 618 2739 4.
638 2716 661 2740 4.
703 2717 806 2752 Quibus
831 2720 856 2745 in
875 2719 954 2746 rebus
973 2719 1039 2746 illud

209 2762 314 2789 quoque
334 2763 348 2779 a
366 2752 506 2780 decessore
524 2760 569 2781 tuo
589 2755 727 2785 salubriter
745 2762 892 2789 institutum
912 2768 958 2789 est.
989 2762 1037 2789 Th.

210 2794 241 2821 C.
261 2794 329 2822 XIV.
351 2797 373 2821 4.
394 2806 414 2822 c.
435 2798 457 2822 4.
478 2798 499 2831 5.
518 2800 542 2823 2.
563 2798 595 2825 de
614 2809 680 2826 suar.

1854 155 1918 186 249

1111 235 1308 262 necessus.
1337 235 1465 269 (Subst.)
1504 237 1627 263 Obitus.
1664 235 1683 262 I.
1708 236 1769 270 Sy.
1801 236 1855 272 Qui
1873 235 1916 262 de—

1077 278 1194 304 cesserit.
1230 276 1296 303 Post
1319 277 1457 305 decessum
1481 280 1545 305 eius.
1581 279 1612 305 fr.
1631 279 1672 304 34.
1697 289 1736 315 pr.
1761 278 1794 305 de
1822 288 1872 305 usu
1891 284 1917 306 et

1078 319 1145 346 usus.
1166 319 1215 356 leg.
1234 321 1276 346 33.
1295 322 1320 346 2.

1111 371 1243 397 Decet.
1273 372 1443 406 Congruit.
1475 372 1518 398 III.
1534 373 1600 400 (7η.
1620 373 1706 399 Nemo
1727 381 1759 398 ex
1778 370 1828 403 hiS‚
1848 381 1917 408 quos

1077 412 1168 439 licebit
1186 414 1317 450 accipere,
1337 413 1379 440 vel
1399 414 1510 441 decebit.
1542 426 1563 441 c.
1584 416 1607 441 6.
1627 415 1649 448 5.
1668 416 1693 440 3.
1720 414 1753 440 de
1772 414 1870 451 postul.
1890 417 1915 441 2.

1077 456 1100 481 6.
1138 455 1345 483 Inverecundum
1365 462 1414 489 est,
1434 473 1466 476 —
1486 457 1561 483 decet
1581 458 1649 483 enim
1668 458 1768 491 (tantae
1787 458 1917 484 maiestati

1077 498 1144 531 etc.)
1177 498 1207 525 fr.
1227 501 1268 526 23.
1289 499 1322 526 de
1340 498 1416 536 legat.
1435 499 1477 526 ΙΠ.
1496 500 1563 533 (32.)

1111 551 1311 578 Recidere.
1352 552 1384 585 §-
1411 552 1446 578 1.
1483 554 1619 584 Cadere,
1655 554 1762 579 Ruere.
1808 551 1827 578 I.
1855 553 1917 586 Sy.

1076 593 1213 620 Excidere.
1243 593 1273 619 l'r.
1293 595 1317 620 5.
1337 594 1375 627 55.
1389 595 1412 620 6.
1427 596 1452 621 8.
1474 596 1513 620 10.
1536 596 1575 620 12.
1595 593 1628 620 de
1647 594 1671 620 l1.
1692 604 1734 631 qu.
1755 594 1834 621 effud.
1853 596 1878 621 9.
1891 596 1916 621 3.

1077 635 1192 667 Cadere,
1211 635 1311 667 Ruere,
1331 636 1472 663 Corruere.
1499 636 1528 663 fr.
1544 639 1567 663 7.
1587 637 1608 670 5.
1628 639 1652 662 2.
1673 636 1703 663 sr.
1722 638 1764 663 24.
1785 638 1822 672 55.
1837 639 1860 664 5.
1876 639 1917 665 10.

1078 689 1118 715 sq.
1139 679 1171 705 de
1191 678 1275 705 damu.
1295 678 1340 706 ins.
1363 681 1405 706 39.
1425 682 1449 706 2.
1491 679 1522 706 II.
1543 681 1610 713 ΟΡ.
1640 679 1714 714 Quae
1733 690 1781 717 per
1800 690 1829 706 se
1849 679 1918 706 deci-

1077 721 1154 753 derit,
1174 737 1206 741 —-
1224 721 1344 748 Excussa
1364 722 1455 756 (olea).
1475 722 1505 749 fr.
1526 724 1566 748 13.
1586 722 1638 758 Qu.
1657 722 1726 748 mod.
1747 722 1829 748 usust.
1849 724 1873 749 7.
1892 724 1916 749 4.

1054 770 1055 776 ¹
1078 764 1122 790 III.
1142 765 1207 792 Gn.
1236 764 1324 799 Quod,
1344 776 1402 792 cum
1421 765 1642 803 suspenderetur,
1662 764 1768 791 decidit.
1799 765 1829 791 sr.
1852 767 1874 791 1.
1894 765 1917 799 5.

1076 809 1101 834 3.
1125 806 1156 833 cf.
1177 807 1207 833 l'r.
1227 809 1250 833 5.
1272 807 1295 842 5.
1311 810 1350 834 12.
1371 808 1403 834 de
1422 808 1447 834 h.
1468 818 1510 845 qu.
1532 807 1610 835 effud.
1631 810 1654 834 9.
1668 809 1693 834 3.
1727 807 1757 833 Si
1776 808 1801 833 in
1821 809 1918 834 itineri-

1078 850 1127 877 bus
1146 849 1264 876 secerunt
1283 856 1332 883 (sc.
1347 850 1458 883 foveas),
1477 861 1562 887 eoque
1574 850 1674 888 aliquid
1688 849 1794 882 decidit,
1812 850 1918 877 sactum-

1079 904 1129 930 que
1148 892 1265 919 deterius
1285 898 1332 919 est.
1365 892 1396 919 fr.
1416 895 1457 920 28.
1477 904 1516 931 pr.
1542 893 1574 920 ad
1592 893 1622 920 L.
1642 893 1711 930 Aqu.
1736 894 1760 919 9.
1780 895 1805 919 2.
1846 893 1918 919 lusu—

1078 936 1129 963 lam
1149 935 1309 967 aedificavit,
1330 946 1358 962 ea
1377 937 1438 963 vivo
1458 947 1489 963 eo
1509 936 1616 969 decidit,
1634 936 1677 962 vel
1697 935 1789 962 deusta
1810 941 1857 962 ost.
1887 936 1917 962 fr.

1078 981 1120 1006 36.
1139 988 1179 1016 pr.
1204 977 1237 1004 de
1261 978 1328 1005 usus.
1353 980 1375 1005 7.
1397 981 1418 1006 l.
1451 995 1483 999 -
1515 980 1545 1012 ἓ.
1570 981 1605 1006 2.
1641 981 1804 1006 Cadmum
1821 980 1917 1014 fieri.

1079 1022 1122 1049 III.
1137 1023 1203 1049 Cn·
1234 1021 1276 1047 Ad
1295 1022 1388 1048 fiscum
1407 1022 1567 1055 (inferatur),
1588 1022 1659 1059 quod
1678 1022 1709 1048 ab
1729 1022 1848 1059 ipsorum
1861 1031 1919 1058 per-

1079 1075 1142 1091 sona
1162 1063 1268 1091 decidit.
1289 1064 1339 1091 Th.
1354 1064 1386 1091 C.
1404 1064 1448 1091 IV.
1469 1066 1492 1091 6.
1513 1075 1533 1091 e.
1549 1067 1572 1090 5.
1593 1064 1698 1098 (ch.)
1718 1064 1750 1091 de
1767 1069 1850 1090 natur.
1864 1064 1901 1090 fil.

1113 1107 1314 1143 net-idere.
1352 1116 1382 1148 §-
1407 1116 1442 1142 1.
1473 1117 1628 1149 Caedere,
1656 1116 1838 1142 Sur-cidere.
1875 1114 1918 1141 ΙΠ.

1080 1160 1146 1186 Cn.
1182 1159 1313 1185 Damnum
1342 1159 1368 1184 in
1397 1157 1551 1185 decidendis
1581 1157 1719 1184 arboribus
1745 1157 1920 1193 domibusque

1079 1201 1246 1228 destruendis
1265 1201 1296 1226 ab
1317 1210 1347 1227 eo
1367 1200 1462 1227 datum.
1488 1212 1509 1227 c.
1530 1203 1553 1227 7.
1574 1200 1606 1227 de
1626 1202 1696 1238 pign.
1717 1206 1765 1227 act.
1786 1203 1810 1227 4.
1829 1203 1871 1227 24.
1886 1216 1919 1220 —-

1079 1245 1110 1278 §-
1126 1246 1161 1271 2.
1190 1246 1340 1275 Pulsare,
1364 1245 1548 1271 I‘erberare.
1585 1243 1710 1271 1Π.01ι.
1739 1243 1861 1270 Sufficiet
1874 1253 1920 1270 eos

1079 1287 1234 1314 verberibus
1259 1286 1389 1313 decidere.
1423 1286 1454 1313 fr.
1472 1288 1496 1312 2.
1522 1286 1554 1313 de
1577 1291 1651 1313 term.
1675 1291 1737 1312 mot.
1760 1288 1801 1313 47.
1820 1288 1863 1312 21.
1887 1302 1920 1305 —

1079 1332 1109 1365 ξ.
1136 1332 1173 1358 ³.
1210 1331 1413 1361 Terminare,
1443 1331 1620 1356 Absolvere.
1668 1329 1711 1355 Ill.
1731 1330 1797 1356 Cn.
1832 1328 1920 1355 Prius-

1080 1384 1156 1411 quam
1176 1384 1204 1399 ea
1224 1373 1344 1409 quaestio
1364 1371 1538 1404 decideretur,
1558 1373 1678 1399 constitit
1697 1377 1746 1398 etc.
1775 1371 1805 1398 sr.
1824 1373 1866 1398 38.
1880 1382 1919 1409 pr.

1079 1417 1111 1444 de
1130 1417 1185 1443 iure.
1205 1416 1270 1442 fisci.
1290 1417 1331 1442 49.
1353 1417 1393 1442 14.
1434 1415 1495 1452 Ipso
1520 1416 1576 1441 iure
1594 1415 1783 1441 manumissum
1804 1414 1920 1446 liberari,

1080 1460 1155 1496 quasi
1174 1459 1293 1485 decisum
1313 1459 1354 1485 sit.
1384 1458 1415 1485 fr.
1435 1460 1476 1484 42.
1497 1458 1518 1492 5.
1541 1460 1562 1484 l.
1588 1457 1620 1484 de
1640 1458 1700 1484 furt.
1720 1459 1762 1484 47.
1782 1459 1806 1483 2.
1843 1457 1920 1484 Libe-

1080 1502 1148 1529 rales
1168 1512 1275 1533 causae,
1300 1503 1322 1528 si
1347 1512 1399 1528 non
1419 1502 1610 1527 interveniente
1627 1501 1686 1527 fisci
1706 1500 1833 1527 advocato
1853 1499 1921 1527 deci—

1079 1556 1124 1572 sae
1142 1547 1203 1571 sint.
1224 1544 1254 1571 sr.
1273 1546 1297 1571 3.
1318 1545 1339 1578 5.
1359 1546 1383 1571 9.
1404 1544 1436 1570 de
1455 1545 1511 1570 iure
1530 1544 1597 1570 fisci.
1617 1545 1658 1570 49.
1679 1544 1719 1569 14.
1744 1542 1775 1569 cf.
1796 1553 1818 1569 c.
1831 1545 1854 1569 5.
1876 1542 1920 1569 ubi

1080 1600 1101 1615 c.
1121 1588 1177 1614 fise.
1197 1590 1221 1614 3.
1240 1589 1282 1613 26.
1320 1587 1376 1614 Hoc
1396 1586 1557 1618 decidentes,
1577 1586 1716 1612 sancimus.
1745 1595 1767 1612 c.
1779 1587 1821 1611 24.
1842 1585 1874 1612 de
1887 1584 1919 1612 N.

1081 1631 1112 1658 G.
1131 1633 1156 1657 2.
1176 1633 1217 1657 19.
1253 1630 1319 1657 Post
1343 1640 1397 1657 rem
1421 1630 1572 1662 iudicatam,
1597 1628 1639 1655 vel
1665 1628 1832 1655 iureiurando
1852 1628 1920 1655 deci—

1080 1685 1135 1701 sam
1155 1678 1203 1700 etc.
1233 1674 1262 1700 sr.
1282 1675 1323 1700 56.
1344 1673 1376 1699 de
1395 1683 1422 1700 re
1442 1672 1494 1699 iud.
1515 1674 1556 1698 42.
1578 1673 1600 1698 1.
1631 1670 1663 1697 cs.
1684 1670 1714 1697 fr.
1733 1672 1775 1697 22.
1796 1671 1817 1704 5.
1837 1673 1862 1697 4.
1887 1670 1920 1697 de

1080 1728 1141 1744 nox.
1161 1722 1209 1743 act.
1229 1718 1253 1743 9.
1267 1718 1291 1743 4.
1310 1716 1340 1742 l'r.
1353 1718 1375 1741 l.
1396 1715 1428 1742 de
1447 1716 1552 1741 iureiur.
1574 1716 1614 1740 12.
1628 1716 1652 1740 2.
1672 1729 1705 1733 -
1725 1714 1756 1747 §.
1771 1715 1810 1740 4.
1832 1716 1921 1741 Com-

1078 1770 1207 1795 ponere,
1231 1761 1438 1793 Trarzsigere.
1474 1757 1494 1784 l.
1509 1759 1571 1792 Sy.
1597 1755 1699 1783 Pacisci
1719 1757 1790 1789 (cum
1809 1756 1920 1783 credito-

1080 1803 1175 1835 ribus).
1203 1801 1234 1828 fr.
1253 1802 1294 1826 44.
1315 1800 1347 1827 de
1366 1805 1434 1838 pact.
1452 1802 1476 1826 2.
1499 1802 1537 1826 l4.
1567 1799 1599 1826 fr.
1618 1800 1660 1826 59.
1681 1799 1713 1825 de
1733 1799 1799 1826 adm.
1820 1804 1845 1826 et
1863 1809 1919 1837 per.

1080 1847 1121 1872 26.
1142 1847 1165 1871 7.
1186 1844 1215 1871 sr.
1229 1845 1270 1869 54.
1291 1843 1313 1877 5.
1330 1846 1351 1870 l.
1372 1843 1404 1870 de
1424 1853 1534 1869 manum.
1555 1847 1658 1869 testam.
1678 1843 1719 1868 40.
1733 1844 1757 1868 4.
1794 1842 1837 1868 Ill.
1853 1844 1920 1870 Cn.

1081 1888 1253 1924 Transegisse
1273 1896 1331 1913 cum
1346 1897 1375 1912 eo
1391 1891 1416 1912 et
1430 1885 1562 1912 decidisse
1575 1885 1680 1911 videtur
1699 1885 1743 1919 (eo
1756 1886 1842 1922 pretio
1857 1886 1920 1918 etc.)

1057 1928 1059 1955 l
1081 1931 1111 1958 sr.
1131 1932 1172 1957 46.
1193 1930 1225 1956 de
1243 1929 1274 1956 R.
1294 1929 1326 1955 V.
1346 1930 1370 1955 6.
1392 1931 1413 1955 l.
1452 1928 1540 1960 Paeto,
1563 1938 1587 1954 v.
1608 1927 1806 1960 Trausactione,
1825 1927 1919 1954 decidi.

1081 1973 1153 2000 Paul.
1173 1973 1191 1999 I.
1213 1974 1253 1999 19.
1277 1973 1299 2006 5.
1318 1974 1342 1998 2.
1373 1972 1403 1998 fr.
1423 1973 1464 1998 29.
1490 1972 1512 2005 5
1531 1973 1555 1997 2.
1582 1971 1615 1998 de
1638 1971 1710 1997 inoff.
1730 1975 1832 1997 testam.
1852 1973 1876 1997 5.
1895 1973 1918 1997 2.

1082 2016 1150 2043 Cum
1175 2015 1295 2042 debitore
1315 2014 1426 2044 decidit.
1453 2019 1478 2040 et
1503 2024 1598 2040 nomen
1617 2014 1673 2040 eius
1692 2013 1818 2040 vendidit.
1846 2014 1875 2040 fr.
1895 2015 1919 2040 4.

1081 2060 1102 2093 5.
1122 2061 1146 2085 6.
1171 2058 1204 2085 de
1223 2057 1247 2084 d.
1267 2068 1299 2084 m.
1320 2063 1345 2084 et
1364 2062 1424 2084 met.
1445 2067 1500 2084 exc.
1524 2059 1565 2083 44.
1586 2058 1609 2083 4.
1655 2056 1684 2083 Si
1710 2072 1741 2075 ——
1765 2056 1842 2083 heres
1861 2067 1919 2083 cum

1081 2101 1257 2129 creditoribus
1277 2100 1414 2131 deciderit,
1434 2110 1466 2127 ne
1485 2099 1600 2126 solidum
1619 2099 1743 2126 solveret.
1764 2099 1794 2126 fr.
1814 2101 1838 2126 3.
1858 2100 1917 2133 5.1.

1081 2145 1113 2172 ad
1131 2144 1160 2171 L.
1180 2144 1250 2171 Falc.
1273 2145 1314 2170 35.
1334 2146 1358 2170 2.
1388 2144 1419 2169 cs.
1439 2142 1469 2169 sr.
1489 2144 1530 2169 59.
1556 2142 1589 2169 de
1614 2142 1680 2169 adm.
1705 2147 1731 2169 et
1754 2153 1809 2180 per.
1833 2144 1874 2169 26.
1895 2144 1918 2168 7.

1081 2188 1131 2214 Pro
1150 2187 1207 2214 sure
1226 2186 1347 2213 damnum
1367 2186 1495 2213 decidere.
1520 2185 1576 2212 Gai.
1597 2185 1640 2211 IV.
1659 2187 1701 2212 37.
1721 2186 1762 2211 45.
1783 2185 1813 2212 sr.
1835 2186 1875 2211 46.
1896 2186 1917 2218 5.

1081 2233 1104 2257 5.
1124 2230 1154 2257 sr.
1175 2232 1216 2256 61.
1236 2230 1318 2263 55.1.
1339 2239 1397 2266 sqq.
1418 2229 1450 2255 de
1468 2228 1528 2255 furt.
1549 2229 1590 2254 47.
1608 2230 1633 2254 2.

1115 2281 1268 2312 Decies,
1291 2280 1412 2313 (Advb.)
1432 2290 1493 2317 pro:
1523 2281 1638 2306 Decies
1660 2285 1791 2305 centena
1811 2279 1917 2305 millia

1082 2326 1142 2351 HS.
1179 2324 1197 2350 l.
1213 2325 1274 2357 Sy.
1302 2323 1399 2349 Decies
1419 2328 1526 2349 centena
1547 2323 1706 2355 (restituere,
1727 2331 1746 2348 s.
1762 2321 1915 2351 numerare).

1081 2367 1111 2393 l'r.
1130 2368 1154 2393 6.
1179 2367 1201 2400 5.
1222 2369 1243 2393 l.
1269 2366 1301 2393 de
1320 2376 1390 2392 usur.
1415 2367 1456 2391 22.
1478 2367 1499 2391 l.
1529 2364 1559 2391 fr.
1580 2366 1620 2391 77.
1645 2365 1666 2398 5.
1686 2366 1710 2391 3.
1735 2363 1767 2390 de
1792 2362 1867 2389 cond.
1892 2367 1916 2388 et

1058 2424 1060 2435 ι
1081 2409 1146 2436 dem.
1166 2411 1208 2435 35.
1229 2411 1251 2434 1.

1116 2463 1286 2490 Decima.
1324 2462 1449 2495 (Subst.)
1497 2464 1578 2489 Pars
1610 2464 1756 2488 bonorum
1789 2461 1915 2486 decima.

1082 2506 1120 2532 Il..
1135 2508 1202 2539 Op.
1234 2505 1368 2538 Solidum,
1388 2521 1420 2525 -
1439 2505 1574 2531 Decimam
1594 2506 1638 2537 (ex
1657 2503 1733 2528 bonis
1752 2501 1859 2528 alterius
1878 2512 1917 2528 ca-

1082 2559 1144 2586 pere
1169 2549 1274 2585 posse).
1305 2548 1366 2585 le.
1386 2548 1444 2575 XV.
1467 2550 1487 2574 l.
1511 2547 1581 2573 XVI.
1603 2548 1624 2572 1.
1666 2545 1708 2571 III.
1734 2546 1800 2572 Gn.
1830 2545 1916 2571 Bono-

1083 2601 1139 2618 rum
1158 2601 1265 2617 suorum
1284 2590 1409 2617 decimam
1434 2590 1549 2626 (legare,
1573 2600 1596 2615 v.
1616 2587 1738 2620 vovere).
1765 2587 1796 2614 fr.
1817 2589 1856 2614 18.
1876 2598 1914 2624 pr.

1083 2634 1115 2660 (le
1139 2643 1201 2660 auro
1226 2643 1277 2669 arg.
1300 2634 1342 2659 34.
1366 2634 1390 2659 2.
1422 2632 1452 2659 sr.
1476 2635 1500 2658 2.
1525 2634 1546 2665 5.
1566 2634 1589 2657 2.
1614 2631 1646 2657 de
1669 2630 1779 2667 pollicit.
1808 2632 1850 2656 50.
1875 2632 1914 2656 12.

1083 2676 1163 2712 Quod
1182 2677 1223 2703 vir
1242 2677 1317 2703 uxori
1337 2675 1423 2707 dedit,
1444 2691 1475 2695 —-
1495 2675 1540 2700 fini
1565 2674 1722 2700 decimarum
1744 2673 1840 2700 auferri
1863 2683 1915 2699 non

1083 2724 1212 2757 oportere.
1238 2719 1321 2746 Vatic.
1342 2720 1363 2752 5.
1377 2720 1435 2745 294.
1472 2717 1610 2748 Personae,
1630 2717 1725 2753 quibus
1744 2716 1858 2743 decimae
1871 2713 1915 2742 im—

1083 2763 1234 2789 munitatem
1253 2764 1310 2799 ipse
1330 2763 1383 2795 (sc.
1403 2760 1560 2796 Imperator)
1581 2759 1678 2786 tribuit.
1711 2758 1780 2785 Coll.
1804 2758 1856 2785 LL.
1880 2758 1912 2785 Μ.

1083 2805 1153 2833 XVI.
1177 2808 1201 2833 9.
1242 2805 1348 2833 Praeter
1371 2803 1508 2833 decimam,
1533 2812 1609 2839 quam
1632 2803 1789 2830 matrimonii
1812 2802 1914 2827 nomine
