2197 3121
294 173 358 204 216

294 299 433 367 ‘Xrlifn
454 341 495 365 (ι.
517 340 539 364 1.
578 338 698 369 Misceri,
719 336 861 363 contribui
881 336 994 370 (bona).
1024 336 1054 362 ιϊ.
1075 337 1097 362 1.
1118 336 1140 370 ξ.

301 385 340 409 12.
361 382 393 409 de
412 386 523 419 separat.
544 382 586 407 42.
606 382 630 407 6.
668 379 711 406 111.
733 381 799 408 Cn.
820 379 900 415 Quod
921 379 998 405 bonis
1018 379 1073 405 iure
1084 377 1141 405 Fal-

300 425 383 452 cidiae
402 423 621 451 contribuendum
641 427 681 449 est
701 433 714 449 a
734 422 863 449 debitore.
884 422 914 448 fr.
936 424 976 448 15.
996 431 1035 458 pr.
1056 421 1086 448 sr.
1098 423 1140 448 22.
1162 430 1163 435 ¹

300 469 321 502 5.
342 470 364 493 -1.
386 467 418 494 ad
436 467 466 494 L.
486 466 556 493 falc.
576 468 617 492 35.
637 468 662 492 2.
691 481 723 486 —
751 466 782 499 §0
808 466 843 492 2.
878 466 1086 491 Adtribuere.
1122 464 1141 490 I.
1163 449 1164 477 l

300 512 362 545 sy.
390 511 483 546 Aequo
504 511 559 536 iure
579 508 845 540 deberi‚'C0nn·ibui
866 508 964 541 (onmia
984 506 1090 543 legata).
1110 506 1142 533 fr.

301 556 341 579 15.
361 554 383 587 5
406 555 427 579 l.
448 552 480 579 de
499 553 574 579 milit.
594 556 697 578 testam.
722 554 764 578 29.
786 553 807 577 l.
846 550 1012 576 Adtribuere.
1045 549 1095 576 Tb.
1111 549 1142 576 C.
1164 558 1165 567 ¹

301 596 344 623 tl.
364 598 405 622 26.
426 607 447 622 c.
469 596 508 622 16.
529 606 569 632 sq.
590 595 622 622 (18
640 605 716 632 prox.
737 604 803 621 coin.
823 593 924 630 dispos.
944 592 988 620 11.
1002 594 1045 619 30.
1065 603 1086 619 8.
1100 594 1142 618 20.
1164 603 1165 606 ’

301 640 334 666 de
359 639 437 677 palat.
462 639 490 666 S.
514 638 593 674 largg.
641 636 684 664 Ill.
710 638 776 665 Cn.
813 635 921 662 Nullum
944 635 1059 672 legatum
1085 636 1142 667 erit,

301 693 349 709 nec
375 683 485 709 caeteris
509 681 699 708 contribuetur.
738 679 768 705 l'r.
792 681 833 706 22.
862 680 884 714 5.
909 681 933 706 4.
961 678 994 705 ad
1018 678 1048 705 L.
1072 677 1143 705 Falc.
1165 690 1166 698 1

300 728 342 752 35.
361 728 385 752 2.

339 767 590 796 Contributio.
622 767 861 799 Peraequatio,
881 766 1015 792 Dicisio
1034 775 1144 800 aequa.
1166 758 1167 761 ¹

302 812 320 838 I.
341 813 402 847 Sy.
435 810 559 838 Collatio.
597 809 627 836 sr.
649 811 670 834 1.
697 808 726 834 fr.
746 811 770 834 2.
791 808 813 842 5.
835 809 857 834 7.
882 807 913 834 fr.
932 809 956 834 3.
982 807 1013 834 sr.
1034 809 1057 834 4.
1078 808 1100 841 5.
1120 809 1144 833 2.

303 854 336 882 de
354 854 384 881 L.
403 853 490 880 Rhod.
512 855 551 879 14.
570 855 594 879 2.

302 898 332 925 ln
351 897 585 927 contributionem,
612 895 640 921 In
666 895 888 931 computationem
916 894 1035 927 (venire,
1061 903 1082 919 s.
1107 903 1146 919 ce-

303 941 392 974 dere).
413 940 442 966 sr.
465 941 485 964 1.
507 940 537 965 fr.
557 940 581 965 4.
601 948 640 975 pr.
660 937 677 964 l.
699 940 739 964 14.
759 939 784 963 2.
804 936 834 963 lr.
847 939 889 963 30.
909 936 947 970 55.
966 938 990 963 ὃ.
1011 946 1051 973 sq.
1072 936 1105 963 ad
1115 936 1145 962 L.

303 984 374 1011 falc.
394 985 436 1009 35.
456 985 480 1008 2.

304 1029 371 1056 Cn.

408 1026 475 1052 Cum
496 1025 626 1051 communi
646 1023 747 1050 calculo
771 1023 958 1054 subiiciantur,
985 1027 1011 1048 et
1034 1023 1147 1048 invicem

304 1069 429 1097 inducant
449 1068 679 1095 contributionem.
706 1066 736 1093 sr.
753 1068 793 1092 ll.
813 1066 835 1099 5.
851 1067 874 1091 7.
894 1065 926 1091 cl'.
945 1065 967 1099 5.
987 1067 1012 1092 6.
1032 1064 1048 1091 l.
1069 1065 1085 1091 l.
1104 1067 1146 1091 35.
1169 1087 1170 1090 ,

303 1116 328 1139 2.
366 1112 395 1139 Si
415 1111 545 1138 libertatis
566 1109 623 1136 dies
643 1110 731 1147 coepit
751 1108 858 1140 cedere.
879 1109 901 1134 ei
922 1108 1102 1140 debebuntur.
1123 1112 1148 1134 et

304 1157 331 1182 in
351 1154 574 1182 contributionein
593 1153 710 1179 veniunt.
730 1152 816 1178 f1=.30.
837 1152 858 1185 5.
879 1156 902 1178 ὅ.
923 1151 958 1178 ib.
978 1153 1019 1179 35.
1034 1154 1058 1178 2.

306 1199 338 1225 tii
359 1197 556 1225 contributione
580 1195 660 1227 sacta,
685 1205 832 1231 consequar
856 1199 955 1220 tantum
976 1199 1024 1221 etc.
1056 1194 1087 1221 fr.
1107 1196 1148 1221 753.

307 1241 340 1268 de
362 1240 438 1277 legat.
457 1239 488 1266 11.
509 1239 586 1273 (31.)
630 1238 820 1275 Compensatio
845 1242 885 1264 est
910 1237 993 1264 debiti
1012 1242 1038 1264 et
1056 1237 1150 1265 crediti

308 1286 378 1311 inter
397 1294 425 1309 se
445 1282 614 1309 contributio.
642 1281 672 1307 l'r.
694 1284 716 1307 1.
738 1281 770 1308 de
791 1290 924 1317 compens.
946 1282 985 1307 16.
999 1283 1023 1307 2.
1061 1282 1150 1307 Onera

307 1336 467 1354 annonarum
492 1330 517 1352 et
545 1324 769 1351 contributionum
797 1323 980 1360 temporalium
1009 1325 1149 1351 sustinere.
1172 1342 1173 1348 .

306 1370 339 1397 fr.
358 1372 400 1396 32.
421 1370 442 1404 5.
463 1371 486 1395 6.
507 1368 539 1394 (18
558 1367 652 1394 admin.
673 1372 699 1394 et
717 1368 797 1404 peric.
817 1369 859 1393 26.
880 1368 903 1393 7.
933 1366 982 1393 Tb.
1004 1367 1035 1394 C.
1054 1367 1111 1393 XII.
1128 1369 1150 1393 1.

309 1425 330 1440 c.
352 1415 409 1440 173.
430 1413 451 1447 5.
474 1414 496 1438 l.
515 1410 548 1437 de
567 1410 701 1437 dccurion.

344 1454 624 1484 Controversia.
653 1454 683 1486 §-
703 1454 738 1480 1.
761 1454 956 1486 Troe-tatus,
976 1454 1151 1487 Discepta-
1172 1474 1174 1480 .

309 1502 363 1527 tio.
400 1499 418 1525 1.
434 1500 495 1533 Sy.
515 1496 545 1523 Si
566 1497 712 1533 ambigitur.

309 1553 348 1580 pr.
370 1542 402 1568 de
422 1542 528 1567 iureiur.
550 1542 590 1566 12.
609 1542 634 1566 2.
671 1539 846 1576 Disceptatio.
877 1550 899 1565 c.
918 1541 960 1565 23.
980 1540 1002 1573 5.
1023 1541 1045 1566 l.
1066 1539 1098 1565 dc
1117 1539 1152 1565 le—

751 1496 780 1522 Si
800 1497 980 1523 controversia
1000 1497 1057 1523 erit.
1082 1497 1112 1523 t'r.
1127 1498 1150 1523 9.

308 1591 359 1622 gat.
379 1586 402 1611 6.
422 1586 464 1610 37.
500 1583 543 1610 111.
563 1584 629 1611 Cn.
659 1582 739 1619 Apud
754 1582 893 1609 Yivianum
913 1582 1005 1609 Sabini
1025 1587 1050 1609 et
1064 1582 1152 1609 Cassii
1173 1598 1174 1608 ι

310 1634 335 1655 et
349 1627 454 1655 Proculi
475 1627 622 1664 expositam
642 1636 700 1651 csse
720 1627 746 1652 iu
760 1627 914 1662 quaestione
927 1625 1078 1652 huiusmodi
1092 1636 1152 1652 con-
1173 1626 1174 1654 Ῐ

310 1672 474 1699 troversiam.
493 1669 524 1696 fr.
546 1671 585 1695 l4.
605 1679 645 1706 pr.
665 1668 698 1694 de
718 1669 773 1694 iure
794 1668 876 1695 codic.
897 1670 939 1695 29.
959 1670 983 1695 7.
1007 1684 1040 1688 —
1065 1670 1096 1702 §.
1115 1670 1151 1696 2.

310 1716 380 1746 Lis,
402 1714 573 1741 Iudicium.
614 1711 628 1737 I.
651 1712 714 1745 Sy.
738 1711 794 1738 Lis.
822 1712 853 1738 fr.
874 1713 914 1738 77.
935 1721 975 1748 sq.
995 1711 1028 1738 de
1046 1722 1151 1749 procur.
1173 1713 1174 1722 ¹

310 1760 334 1784 3.
354 1759 377 1783 3.
398 1756 428 1783 l'r.
448 1758 490 1782 21.
509 1765 549 1792 pr.
570 1754 602 1781 de
622 1758 750 1780 excusatt.
769 1756 811 1781 27.
834 1756 855 1780 l.
893 1755 1035 1790 Quaestio.
1056 1755 1152 1787 Causa,
1173 1744 1175 1779 l

311 1800 433 1837 Iurgium.
465 1798 495 1825 fr.
516 1800 539 1824 l.
559 1807 598 1835 pr.
623 1797 662 1831 55.
683 1799 723 1823 10.
743 1807 783 1834 sq.
813 1797 843 1824 sr.
862 1799 886 1824 3.
906 1798 943 1832 55.
966 1799 988 1823 l.
1008 1807 1048 1834 sq.
1077 1797 1108 1824 sr.
1128 1799 1152 1824 6.

312 1845 334 1878 5.
351 1846 373 1869 1.
393 1842 424 1869 l'r.
439 1844 462 1869 7.
483 1851 522 1879 pr.
543 1840 574 1867 de
589 1839 704 1866 Carbon.
720 1840 797 1867 edict.
817 1842 859 1868 37.
880 1843 920 1867 10.
946 1840 995 1867 Tb.
1011 1840 1042 1867 C.
1061 1840 1091 1867 11.
1110 1842 1152 1867 26.

314 1898 335 1914 c.
349 1889 370 1913 l.
385 1896 443 1922 sqq.
459 1884 563 1918 (ch.)
583 1884 627 1910 fin.
642 1883 749 1919 regund.
779 1883 822 1910 111.
837 1885 902 1912 Cn·
922 1883 1002 1910 Iubeo
1017 1883 1068 1916 det,
1082 1894 1154 1921 prae-

314 1934 380 1961 stet,
400 1930 456 1955 sinc
476 1926 529 1953 ulla
553 1927 742 1952 controversia.
773 1926 804 1953 l'r.
824 1928 866 1953 40.
890 1927 912 1961 5.
931 1929 955 1953 2.
981 1927 1014 1954 de
1036 1927 1153 1954 statulib.
1175 1937 1177 1957 3

314 1975 356 2000 40.
377 1973 400 1998 7.
421 1971 452 1997 cs.
473 1970 504 1996 sr.
518 1971 559 1995 41.
580 1969 657 2003 514.
677 1968 710 1995 dc
729 1968 815 1995 lideic.
835 1969 899 1996 libb.
919 1972 959 1996 40.
974 1972 998 1996 5.
1036 1969 1155 1997 Concedi

315 2017 353 2042 eis
367 2014 437 2042 volo.
456 2024 488 2039 ne
502 2023 579 2049 quam
593 2022 651 2039 cum
665 2011 706 2038 his
721 2014 928 2039 controversiam
945 2012 1052 2039 habeas.
1072 2013 1102 2039 l'r.
1114 2015 1154 2039 77.

315 2059 337 2092 5.
356 2060 398 2084 20,
419 2057 452 2083 (18
471 2056 546 2092 legat.
567 2055 596 2082 ll.
617 2056 684 2089 (31.)
709 2055 740 2082 cl‘.
760 2055 790 2082 sr.
810 2057 851 2082 26.
872 2055 904 2082 de
924 2055 1027 2083 liberat.
1045 2055 1093 2091 leg.
1112 2057 1154 2082 34.

315 2103 340 2127 3.
377 2101 432 2136 Qui
452 2099 547 2126 furtive
567 2100 701 2135 ingressus
722 2103 762 2125 est
786 2100 997 2136 possessiouem,
1020 2099 1156 2134 ignorante
1176 2100 1179 2126 ¹¹.

318 2155 348 2170 eo
368 2153 444 2179 quein
464 2142 514 2169 sibi
535 2143 742 2168 controversiam
761 2141 890 2168 facturum
909 2141 1105 2179 suspicabatur,
1131 2146 1155 2167 et

318 2197 350 2213 ne
364 2186 460 2212 sam—rot
481 2185 594 2212 timebat.
620 2184 650 2211 fr.
666 2188 689 2211 b'.
706 2195 745 2222 pr.
767 2184 799 2211 (18
812 2185 844 2211 Α.
858 2195 882 2211 V.
897 2185 927 2211 Λ.
944 2185 970 2211 I'.
991 2187 1015 2211 4.
1033 2187 1058 2211 2.

319 2229 404 2256 solum
429 2229 525 2265 quibus
550 2229 729 2255 controversia
753 2228 813 2259 suit.
838 2227 886 2254 sed
910 2229 987 2254 ctiam
1011 2238 1076 2264 quae
1100 2229 1156 2254 sine
1178 2240 1180 2244 ⁴

320 2274 499 2299 controversia
525 2273 577 2298 sint
600 2282 734 2309 possi-ssa.
766 2270 796 2297 fr.
816 2272 875 2297 229.
899 2270 931 2296 tlt·
952 2270 982 2296 1⁷.
1003 2271 1030 2297 S.
1054 2273 1095 2297 50.
1117 2273 1157 2297 16.

321 2315 352 2342 cf.
377 2314 408 2341 sr.
431 2317 468 2341 13.
496 2314 527 2340 ‹1‹·
552 2315 606 2341 rvb.
631 2319 698 2341 aiutt.
723 2314 775 2341 iud.
800 2316 841 2340 42.
861 2315 884 2339 5.
919 2313 949 2339 [ι’.
969 2316 1010 2340 33.
1035 2314 1056 2348 5.
1076 2316 1100 2340 2.
1126 2313 1158 2340 de

321 2368 371 2386 usu
391 2363 416 2384 et
436 2357 502 2384 usut'.
523 2357 570 2392 leg.
590 2360 631 2384 33.
650 2361 674 2384 2.
713 2357 838 2394 Tempus,
860 2366 911 2393 quo
932 2358 957 2382 in
977 2356 1034 2393 suga
1054 2357 1097 2389 sit,
1116 2356 1159 2382 vel

322 2403 348 2428 in
374 2401 552 2427 controversia
579 2402 632 2432 (sc.
652 2401 769 2434 servus).
802 2400 832 2426 fr.
852 2402 875 2426 4.
902 2400 923 2434 5.
943 2404 966 2426 S.
991 2400 1023 2426 (18
1042 2399 1158 2426 statulib.

322 2447 363 2471 40.
384 2446 406 2470 7.
445 2442 524 2479 Quod
544 2443 604 2470 serit
624 2445 748 2479 quisque,
778 2454 835 2469 cum
860 2444 1065 2469 controversiam
1084 2443 1160 2469 habe-

324 2493 371 2515 ret.
392 2486 573 2513 liabiturumvc
593 2496 620 2511 se
640 2491 751 2522 putaret.
781 2487 811 2513 l'r.
833 2488 872 2513 73.
893 2487 914 2520 5
934 2488 957 2512 2.
979 2486 1010 2512 de
1030 2486 1060 2512 Ii.
1080 2486 1098 2512 I.
1118 2488 1159 2511 50.

326 2533 365 2556 17.
402 2530 459 2556 Etsi
480 2539 532 2555 non
551 2529 585 2554 sit
604 2530 684 2565 petita
704 2529 734 2555 B.
756 2528 796 2559 l'..
817 2530 866 2555 iam
885 2534 970 2555 tamen
990 2534 1082 2566 coepta
1102 2538 1161 2555 con-

327 2573 462 2604 trowwsia⁷
482 2571 523 2597 vel
543 2576 702 2608 praeparata.
728 2571 758 2597 l'r.
778 2574 800 2598 6,
826 2573 846 2606 5.
867 2574 890 2598 2.
916 2571 948 2599 de
966 2572 1038 2598 inoll'.
1060 2576 1160 2597 testam.

326 2617 349 2640 5.
368 2618 392 2640 2.
430 2614 511 2651 quue
532 2625 563 2640 ex
583 2623 695 2651 persona
715 2623 817 2640 corum.
838 2616 905 2641 inter
924 2626 990 2651 qnos
1011 2619 1161 2641 controver-

327 2659 364 2683 sia
384 2659 444 2683 vrit.
465 2662 487 2683 ct
510 2668 541 2683 vx
560 2667 654 2693 genere
673 2666 765 2683 causac
785 2658 998 2685 constitut-mlum
1018 2662 1065 2684 est.
1085 2657 1117 2684 sr.
1136 2659 1160 2683 3.

328 2701 349 2733 ς’.
369 2702 392 2725 4.
414 2700 444 2725 tlt*
465 2700 538 2726 libet·.
559 2700 646 2726 rxlllb.
670 2701 711 2726 43.
731 2702 772 2726 30.

329 2743 526 2779 (principaliter
555 2744 736 2769 auctoritatem
764 2753 836 2769 suam
864 2745 1002 2780 prat-ponit
1029 2742 1162 2776 Praetor).

815 2700 950 2726 finiendis
975 2701 1161 2727 controversiis

330 2785 386 2810 (iai.
402 2784 444 2810 11.
468 2788 521 2811 139.
559 2786 675 2822 Singulis
696 2786 884 2813 controversiis
905 2785 1020 2821 singulas
1039 2787 1163 2818 actiones.
1184 2785 1186 2794 ¹

332 2838 462 2864 unumque
482 2827 586 2854 iudicati
607 2829 683 2855 linem
703 2829 832 2856 sufficere.
852 2828 882 2855 t'r.
896 2830 919 2854 6.
941 2828 973 2855 dc
987 2838 1042 2855 exc.
1061 2830 1097 2854 rei
1112 2828 1163 2855 iud.

432 296 448 322 l.
469 298 526 330 Sy.
559 294 697 322 Conferre.
726 293 757 320 sr.
779 295 801 320 7.
822 294 844 328 5.
865 294 889 320 S.
909 294 940 320 fr.
959 295 1000 320 27.
1021 294 1042 328 5.
1064 295 1086 320 l.
1108 293 1140 320 de
1162 312 1163 315 κ

631 851 780 878 Intributio.
810 850 842 877 cs.
857 850 881 877 11.
898 861 922 877 v.
959 850 988 877 In
1008 850 1146 882 tributum,
1167 875 1168 879 ,

511 982 541 1008 fr.
562 983 585 1008 7.
610 981 648 1015 55.
667 982 692 1007 3.
713 990 753 1017 sq.
779 979 828 1006 sol.
848 981 959 1006 matrim.
979 981 1020 1006 24.
1040 981 1064 1006 3.
1103 978 1145 1005 111.
1168 991 1169 994 ’

1088 1151 1149 1178 Prc-
1170 1156 1171 1174 1

1097 2184 1156 2210 Non
1177 2182 1179 2212 ¹.

1110 167 1214 200 CON.

332 254 595 282 sonti-ibuere.
632 253 663 286 §-
688 253 722 278 1.
753 252 857 278 Simul
875 252 1034 283 tribuere,
1055 252 1142 278 Con-

1160 255 1162 278 ’.
1184 252 1225 277 44.
1249 252 1273 277 2.
1315 250 1358 277 De
1384 250 1465 278 rebus
1495 253 1738 290 controversiisque
1761 254 1882 281 omnibus
1908 263 2026 291 compro-

1162 329 1163 333 *
1184 294 1294 320 missum
1312 309 1346 313 —-
1366 293 1471 321 factum.
1505 294 1535 321 fr.
1555 296 1596 321 43.
1622 294 1652 321 sr.
1671 297 1713 322 46.
1739 295 1772 322 (18
1794 307 1845 323 rec.
1865 307 1908 334 qu.
1928 297 1981 323 arb.
2001 298 2024 323 4.

1162 339 1163 381 ἒ
1185 340 1208 363 8.
1235 336 1266 363 cf.
1289 336 1318 363 sr.
1338 338 1380 363 21.
1400 347 1440 374 pr.
1461 337 1494 364 (18
1514 343 1641 365 excusatt.
1665 341 1707 366 27.
1729 340 1751 365 l.
1789 338 1818 365 Si
1837 339 1870 366 de
1888 341 1947 377 ipso
1967 349 2027 366 con-

1186 380 1314 406 troversia
1339 384 1392 411 est,
1424 379 1574 417 capitalium
1600 382 1732 408 actionum
1756 382 1959 419 iniuriarumque
1983 392 2027 408 no-

1185 423 1262 448 mine.
1293 421 1323 448 l'r.
1343 424 1367 448 5.
1391 423 1415 449 si
1435 433 1467 449 ex
1487 433 1547 450 nox.
1568 434 1589 450 c.
1613 426 1637 450 2.
1657 426 1681 451 9.
1719 423 1937 457 Controversiae,
1961 435 2027 462 quae

1163 486 1164 489 ,
1187 466 1262 501 qnasi
1287 470 1372 491 status
1396 467 1603 493 controversiam
1629 468 1773 493 continent.
1808 467 1838 493 l'r.
1859 469 1882 494 7.
1905 468 1928 501 5.
1948 469 1971 494 l.
1995 467 2027 494 de

1163 498 1165 517 l
1186 513 1278 534 ventre
1303 509 1329 534 iu
1353 518 1426 545 poss.
1449 510 1492 535 37.
1512 510 1535 536 9.
1578 508 1705 536 Coun-ov.
1731 510 1763 536 de
1782 510 1880 537 finibus
1900 515 1965 537 orta.
1996 510 2026 537 fr.

1164 571 1165 590 ἶ
1186 553 1228 577 44.
1249 550 1282 577 de
1301 561 1352 577 rec.
1373 562 1415 588 qu.
1436 552 1490 578 arb.
1515 554 1539 578 4.
1559 552 1584 578 8.
1624 553 1723 579 Eorum
1747 553 1890 585 bonorum,
1910 563 1977 590 quae
1995 552 2028 579 ad

1186 594 1280 620 liscum
1303 595 1437 632 pertinere
1461 594 1596 627 dicuntur,
1625 596 1648 622 si
1672 601 1790 622 controv.
1813 601 1957 623 moveatur.
1985 595 2028 622 Fr.

1188 636 1220 663 de
1240 636 1258 663 I.
1280 636 1308 663 F.
1329 638 1350 671 5.
1366 639 1406 664 14.
1444 637 1473 664 Si
1493 638 1552 674 quis
1572 639 1615 670 sit,
1635 639 1679 675 qni
1699 640 1906 666 controversiam
1925 638 2028 666 referat.

1188 680 1219 707 l‘r.
1240 682 1262 706 7.
1283 680 1305 714 5.
1327 682 1349 707 l.
1369 680 1402 707 (18
1420 685 1512 707 ventre
1531 682 1559 707 in
1577 691 1650 718 poss.
1670 683 1711 708 37.
1732 684 1756 709 9.

1225 741 1529 768 Contubernalis.
1568 741 1599 774 ἕ.
1625 742 1659 768 l.
1694 743 1891 769 commilito.
1929 741 1947 768 I.
1968 742 2030 776 Sy-

1190 783 1274 810 Miles.
1303 783 1354 810 Th.
1368 783 1399 812 C.
1420 784 1476 811 VII.
1496 787 1520 811 4.
1541 795 1562 811 c.
1576 786 1601 811 2.
1622 794 1643 811 c.
1658 785 1699 811 33.
1720 784 1753 812 de
1772 796 1841 823 erog.
1861 784 1916 812 mil.
1936 794 2030 811 annon.

1190 827 1234 853 XI.
1257 829 1296 854 17.
1322 838 1342 854 c.
1362 829 1386 854 2.
1407 837 1448 864 sq.
1473 827 1505 854 de
1529 837 1619 864 equor.
1641 827 1729 854 collat.
1766 828 1808 855 111.
1830 830 1896 856 Un-
1928 826 2031 854 Medico

1191 880 1239 896 suo
1260 870 1457 902 contubernali,
1477 875 1502 897 et
1522 871 1697 897 communium
1718 871 1915 908 expeditionum
1935 871 2032 902 comiti,

1191 914 1259 939 inter
1279 918 1380 939 caetera
1400 914 1434 940 ita
1454 913 1592 950 legaverat.
1618 913 1705 940 11.-10.
1725 924 1764 951 pr.
1785 913 1818 941 de
1837 924 1899 941 auro
1919 923 1970 950 arg.
1989 914 2032 939 34.

1190 959 1214 982 2.
1252 955 1280 982 In
1306 957 1423 983 exercitu
1447 956 1679 983 contubernalibus
1703 967 1764 984 vasa
1789 957 1883 983 utenda
1903 956 2033 983 communi

1168 1007 1169 1018 ¹
1191 998 1312 1036 periculo
1332 998 1400 1026 dedi.
1421 998 1451 1026 sr.
1470 1001 1512 1026 21.
1532 1000 1554 1033 5.
1577 1001 1598 1026 l.
1619 1000 1747 1027 commod.
1769 1001 1809 1027 13.
1828 1001 1853 1026 6.
1890 999 1977 1037 Super
1995 1009 2034 1026 ra-

1192 1044 1307 1069 tiociniis
1328 1042 1498 1074 militaribus,
1523 1052 1570 1079 per
1593 1053 1659 1079 quae
1685 1053 1748 1070 suos
1769 1042 1972 1070 contubernales
1991 1042 2034 1069 ad-

1193 1086 1295 1112 flixisse
1320 1085 1463 1112 adseritur.
1488 1086 1514 1111 in
1540 1085 1645 1112 militari
1669 1091 1775 1123 oportet
1800 1086 1898 1113 iudicio
1926 1095 2035 1123 respon-

1193 1129 1263 1156 dere.
1289 1139 1310 1155 c.
1330 1131 1355 1155 2.
1374 1128 1419 1155 ubi
1438 1128 1470 1155 de
1490 1129 1608 1154 ratiocin.
1627 1129 1651 1154 3.
1670 1131 1712 1155 21.
1738 1144 1770 1148 —
1795 1129 1826 1162 §.
1851 1130 1886 1156 2.
1912 1130 2034 1155 Contu-

1193 1175 1352 1204 hernales,
1376 1173 1393 1198 i.
1413 1182 1433 1198 e.
1454 1173 1582 1198 Coniux
1601 1173 1700 1204 servi,
1723 1178 1753 1198 et
1771 1173 1870 1198 liberi
1887 1174 2034 1198 eiusdem.

1194 1215 1211 1242 Ι.
1232 1216 1293 1250 Sy.
1322 1214 1426 1241 onres
1446 1219 1471 1241 et
1490 1215 1544 1240 nati
1563 1224 1707 1240 servorum.
1744 1213 1877 1241 Personae
1896 1214 2036 1241 contuber-

1171 1282 1172 1287 .
1194 1259 1238 1285 nio
1258 1259 1421 1284 coniunctae.
1460 1256 1681 1284 Contubernales.
1705 1257 1737 1284 fr.
1751 1258 1792 1283 35.
1813 1256 1846 1283 de
1858 1256 1945 1283 Aedil.
1957 1256 2034 1283 edict.

1194 1304 1235 1328 21.
1252 1303 1274 1328 l.
1300 1301 1330 1328 fr.
1346 1303 1385 1328 12.
1400 1302 1421 1335 5.
1435 1302 1477 1327 33.
1498 1300 1530 1326 de
1548 1301 1624 1326 instr.
1643 1299 1692 1336 leg.
1712 1301 1753 1326 33.
1769 1302 1792 1326 7.
1828 1299 1871 1326 ΠΙ.
1886 1301 1952 1327 Cn.
1972 1299 2035 1326 Seio

1173 1361 1174 1367 .
1194 1345 1291 1371 liberto
1310 1354 1367 1371 meo
1387 1343 1484 1370 fundos
1503 1343 1577 1370 illum
1596 1347 1622 1369 et
1640 1342 1714 1369 illum
1734 1342 1767 1369 do
1792 1342 1864 1379 lego,
1888 1343 1923 1369 ita
1947 1347 1975 1369 ut
1999 1343 2037 1369 in—

1172 1394 1174 1425 ]
1197 1389 1290 1414 structi
1315 1391 1389 1419 sunt.
1418 1397 1476 1413 cum
1501 1386 1609 1412 dotibus
1633 1390 1658 1412 et
1682 1385 1791 1422 reliquis
1816 1385 1982 1418 colonorum,
2011 1390 2037 1412 et

1173 1441 1174 1458 ς
1196 1431 1336 1463 saltu-ariis,
1357 1440 1415 1456 cum
1435 1429 1668 1456 contubernalibus
1688 1429 1743 1455 suis
1763 1433 1789 1455 et
1807 1428 1870 1455 filiis
1884 1433 1909 1455 et
1922 1428 2035 1455 filiabus.

1173 1482 1174 1520 i
1197 1474 1226 1501 l'r.
1246 1476 1287 1500 20.
1309 1474 1330 1507 5.
1353 1475 1375 1499 l.
1400 1473 1435 1500 ib.
1454 1474 1496 1499 33.
1517 1474 1540 1499 7.
1567 1471 1599 1506 cf.
1620 1471 1650 1498 fr.
1669 1474 1728 1498 220.
1753 1472 1819 1506 5.1.
1843 1471 1876 1498 de
1895 1470 1927 1498 V.
1947 1471 1974 1498 S.
1994 1472 2028 1497 50

1173 1521 1174 1566 ἢ
1198 1519 1238 1543 16.
1276 1516 1369 1543 Sticho
1389 1515 1604 1542 contubernalem
1624 1516 1680 1541 eius
1700 1519 1725 1541 et
1744 1514 1843 1541 liberos
1868 1514 1973 1551 legavit.
2005 1513 2036 1540 fr.

1173 1567 1174 1590 l
1195 1562 1237 1587 20.
1258 1570 1296 1597 pr.
1323 1559 1355 1586 (18
1379 1559 1448 1586 alim.
1472 1569 1496 1585 v.
1517 1558 1596 1585 cibar.
1620 1559 1662 1585 34.
1683 1560 1705 1584 1.
1737 1557 1767 1584 sr.
1788 1559 1829 1584 41.
1854 1558 1891 1592 55.
1911 1559 1935 1584 2.
1955 1559 1979 1584 5.
2004 1556 2038 1584 (18

1196 1603 1271 1640 legat.
1291 1602 1334 1629 III.
1355 1602 1422 1636 (32.)
1460 1601 1575 1628 Severus
1594 1600 1714 1633 villicus.
1741 1605 1767 1627 et
1785 1599 1921 1627 victorina
1939 1599 2037 1632 villica,

1173 1658 1174 1674 z
1196 1646 1288 1673 Severi
1308 1644 1518 1677 contubernalis,
1543 1645 1570 1670 in
1594 1654 1676 1670 annos
1700 1643 1767 1670 Vssl.
1787 1642 1865 1670 liberi
1889 1648 1976 1670 sunto.
2005 1642 2036 1669 fr.

1173 1681 1174 1710 ἓ
1196 1691 1237 1715 41.
1258 1689 1279 1723 ς’.
1301 1690 1341 1714 15.
1363 1688 1396 1714 de
1414 1687 1500 1714 fideie.
1520 1686 1585 1714 libb.
1604 1689 1646 1713 4ο.
1666 1689 1690 1713 5.

1232 1748 1545 1776 Contubernium.
1577 1747 1608 1781 §.
1622 1748 1656 1774 1.
1687 1748 1938 1780 commilitium,
1959 1748 2038 1774 Con-

1198 1794 1343 1818 sortium.
1385 1790 1404 1817 1.
1429 1792 1490 1825 Sy.
1525 1791 1661 1827 Obscquia
1686 1789 1910 1827 spectaculorum,
1939 1789 2038 1817 Contu-

1174 1830 1175 1873 ξ
1197 1834 1317 1861 bernium
1335 1834 1450 1861 scaenici
1468 1833 1631 1871 praeiudicii.
1660 1832 1710 1860 Th.
1725 1832 1755 1859 C.
1774 1832 1833 1859 XV.
1854 1834 1877 1859 7.
1898 1842 1919 1859 c.
1933 1833 1958 1859 4.
1978 1842 1999 1859 c.
2013 1833 2037 1859 9.

1174 1887 1176 1897 ¹
1199 1877 1231 1904 (18
1250 1878 1363 1904 scaenic.
1404 1876 1448 1903 III.
1472 1878 1537 1904 Gn.
1570 1876 1729 1907 Remansor‚
1754 1881 1798 1902 aut
1821 1875 1955 1912 negligens
1979 1883 2039 1901 suo-

1175 1909 1176 1933 l
1199 1930 1264 1952 rum.
1284 1925 1326 1946 aut
1347 1920 1451 1956 segni5‚
1472 1924 1515 1946 aut
1534 1925 1607 1946 extra
1627 1918 1827 1945 contubernium
1845 1927 1931 1955 agens.
1963 1916 1993 1943 fr.
2013 1918 2037 1943 5.

1175 1962 1177 1998 l
1199 1964 1220 1997 5.
1240 1964 1264 1989 6.
1285 1962 1317 1989 de
1336 1962 1368 1989 R.
1388 1962 1421 1989 Μ.
1440 1964 1482 1989 49.
1504 1964 1544 1989 16.
1574 1978 1606 1982 -
1638 1962 1669 1996 §.
1689 1963 1724 1988 2.
1754 1963 1865 1988 Coin'o
1890 1961 1991 1986 maris
2009 1965 2039 1986 ee

1177 2007 1359 2042 1[ιἠιίιιιιε,
1378 2008 1465 2033 citra
1485 2006 1692 2032 matrimonii
1709 2005 1853 2031 concessi
1870 2006 2038 2030 rationem.

1177 2047 1178 2066 1
1200 2049 1218 2075 1.
1239 2050 1300 2082 Sy.
1330 2047 1504 2075 Consuetudo
1528 2048 1663 2081 (mulieris
1683 2046 1806 2080 liberae).
1839 2056 1859 2072 c.
1882 2047 1921 2072 10.
1941 2055 1981 2082 sq.
2007 2045 2039 2072 de

1177 2090 1178 2093 ¹
1201 2096 1283 2117 natur.
1304 2090 1379 2117 liber.
1399 2092 1423 2116 5.
1441 2092 1484 2117 27.
1520 2089 1644 2127 Iungere,
1664 2099 1685 2116 S.
1705 2089 1886 2125 Cmriungere..
1905 2098 1934 2115 se
1952 2098 2038 2115 servo.

1177 2130 1178 2159 l
1201 2135 1283 2171 Sequi
1302 2133 1502 2160 contubernium
1522 2134 1586 2160 eius.
1614 2132 1687 2159 Paul.
1708 2132 1737 2158 11.
1757 2133 1798 2158 21.
1822 2132 1853 2158 A.
1878 2131 1916 2165 55.
1937 2133 1959 2158 l.
1980 2140 2039 2168 sqq.

1200 2180 1223 2204 6.
1245 2187 1303 2214 sqq.
1324 2176 1355 2203 cl'.
1377 2176 1406 2203 l'r.
1429 2178 1467 2203 14.
1488 2177 1509 2210 5.
1529 2178 1552 2203 3.
1574 2176 1606 2202 (le
1625 2175 1656 2202 R.
1676 2174 1708 2202 N.
1727 2176 1768 2201 23.
1788 2177 1813 2201 2.
1833 2174 1883 2201 Tb.
1900 2174 1931 2201 C.
1950 2173 1995 2200 IV.
2014 2175 2039 2200 9.

1178 2223 1179 2230 ’
1202 2232 1222 2247 c.
1245 2222 1267 2246 1.
1292 2230 1313 2246 c.
1333 2221 1357 2246 3.
1381 2219 1414 2246 ad
1437 2219 1464 2245 S.
1485 2218 1515 2246 C.
1536 2218 1630 2245 Claud.
1678 2217 1709 2244 II.
1736 2219 1802 2252 Op.
1836 2217 2039 2244 Matrimonium.

1179 2271 1181 2277 '
1202 2263 1274 2290 Paul.
1294 2263 1325 2290 II.
1347 2264 1386 2289 19.
1407 2263 1428 2296 5.
1443 2264 1466 2288 6.
1492 2262 1522 2288 l'r.
1537 2264 1577 2288 ll.
1597 2262 1662 2296 5.1.
1683 2260 1715 2287 ad
1734 2260 1763 2287 L.
1779 2260 1826 2287 Iul.
1846 2260 1878 2287 de
1898 2259 1978 2287 adult.
1997 2260 2039 2286 48.

1180 2331 1181 2334 ,
1202 2310 1225 2333 5.
1264 2306 1307 2332 111.
1323 2307 1388 2334 Gn.
1414 2305 1443 2332 Si
1463 2305 1611 2339 (mulieres)
1631 2304 1741 2330 libertae
1754 2314 1816 2331 suae
1835 2304 1994 2341 permittant,
2013 2303 2039 2329 in

1180 2343 1181 2346 ¹
1204 2349 1376 2376 contubernio
1396 2347 1474 2374 alie-ni
1493 2348 1563 2374 servi
1582 2348 1684 2373 morari.
1714 2346 1775 2384 Ylp.
1793 2346 1839 2374 XI.
1859 2347 1901 2372 27.
1922 2345 1953 2372 cs.
1967 2344 2039 2372 Paul.

1180 2389 1181 2392 ¹
1203 2393 1233 2419 II.
1253 2394 1294 2418 21.
1315 2392 1346 2418 Α.
1366 2391 1404 2425 55.
1425 2393 1447 2417 1.
1469 2393 1508 2416 12.
1529 2392 1568 2416 18.
1606 2389 1713 2421 Mulier.
1734 2400 1800 2427 quae
1818 2394 1910 2426 stupro
1930 2389 2040 2425 cognIta‚

1180 2432 1181 2435 ¹
1205 2437 1231 2462 in
1251 2435 1423 2461 contubernio
1443 2433 1533 2460 militis
1553 2432 1609 2458 suit.
1636 2433 1665 2459 fr.
1683 2435 1721 2459 14.
1742 2432 1774 2459 de
1787 2432 1811 2459 h.
1833 2442 1875 2468 qu.
1896 2436 1924 2458 ut
1942 2430 2039 2467 indIgn.

1203 2480 1244 2505 34.
1266 2481 1289 2504 9.
1314 2478 1344 2503 rl'.
1366 2477 1395 2503 lr.
1416 2478 1455 2502 11.
1476 2476 1540 2509 5.1.
1562 2475 1593 2501 ad
1612 2474 1641 2501 L.
1662 2475 1709 2501 Iul.
1729 2475 1761 2502 de
1780 2474 1860 2501 adult.
1879 2477 1921 2501 48.
1941 2476 1964 2500 5.
2001 2474 2040 2501 Ex

1205 2522 1255 2548 hoc
1275 2520 1446 2547 contubernio
1471 2529 1519 2544 nec
1543 2518 1591 2545 lilii
1611 2518 1719 2555 legitimi
1743 2517 1921 2549 habebuntur,
1945 2527 1993 2543 nec
2014 2517 2040 2542 in

1205 2565 1287 2590 sacris
1306 2563 1388 2600 patris
1408 2566 1482 2588 crunt
1502 2566 1551 2587 etc.
1581 2560 1630 2587 Tb.
1647 2560 1677 2587 C.
1697 2560 1739 2587 III.
1760 2562 1799 2587 12.
1820 2571 1841 2587 c.
1861 2563 1884 2586 4.
1905 2559 1936 2587 dc
1950 2561 2039 2586 incest.

1182 2638 1184 2642 ι
1205 2612 1279 2644 nupt.
1317 2605 1430 2637 Fratres.
1451 2609 1475 2630 et
1495 2614 1623 2641 personae
1643 2603 1816 2630 contubernio
1835 2602 1886 2629 sibi
1905 2604 1954 2635 (sc.
1972 2610 2042 2627 mau—

1183 2652 1184 2659 ¹
1206 2650 1288 2686 cipio)
1308 2649 1469 2675 coniunctae.
1498 2647 1528 2673 fr.
1542 2648 1584 2673 35.
1605 2646 1637 2673 (18
1656 2646 1742 2673 Aedil.
1762 2646 1839 2673 edict.
1858 2647 1900 2672 21.
1915 2646 1936 2670 1.
1965 2642 2042 2670 Servi

1183 2688 1184 2703 ³
1207 2693 1240 2718 ob
1266 2691 1391 2717 violatum
1416 2690 1615 2716 contubernium
1644 2689 1764 2716 adulterii
1793 2689 1899 2717 crimine
1927 2687 2042 2713 accusari

1207 2744 1259 2760 non
1278 2738 1398 2770 possunt.
1419 2744 1440 2759 c.
1454 2735 1496 2759 23.
1510 2743 1548 2770 pr.
1570 2743 1590 2759 c.
1604 2734 1646 2758 24.
1667 2731 1699 2758 ml
1708 2731 1738 2758 L.
1752 2731 1799 2758 Iul.
1819 2731 1852 2758 de
1864 2728 1943 2756 adult.
1963 2730 1987 2756 9.
2001 2731 2024 2756 9.

1244 2786 1436 2813 contueri.
1474 2786 1620 2817 Intueri,
1641 2786 1816 2818 Inspicere.
1847 2781 1890 2808 111.
1908 2783 1972 2809 Cn.
1992 2780 2043 2808 Hu-

1184 2808 1321 2870 lfflsmodi
1350 2827 1488 2865 explorare
1517 2828 1656 2854 rationem.
1692 2831 1717 2853 et
1745 2834 1868 2862 quaerere.
1895 2824 2044 2861 qualitatem

1184 2747 1185 2758 l

1184 2765 1186 2784 l

2003 2877 2044 2893 ess-
