2197 3121
1029 168 1126 198 FVR.

1877 166 1938 195 397

218 253 386 281 Subtrahere.
406 252 476 279 Paul.
489 252 517 279 II.
532 254 572 278 31.
595 251 631 285 55
646 252 683 277 19.
695 260 754 287 sqq.
770 252 810 277 26.
839 249 947 276 Furtum
966 249 1058 276 facere.
1080 254 1083 287 J
1104 249 1128 276 R
1147 249 1259 276 litteram
1287 250 1399 279 invenit,
1424 254 1451 275 ut
1475 259 1522 286 pro
1542 248 1656 275 Valesiis
1674 246 1773 273 Valerii
1793 252 1893 277 essent.
1913 251 1937 272 et

219 297 249 323 fr.
270 299 310 322 50.
332 297 370 330 55
394 298 415 322 l.
437 306 475 332 sq.
496 295 528 322 de
548 294 606 321 furt.
630 296 671 320 47.
695 295 718 320 2.
755 293 796 319 III.
817 295 882 321 On.
905 293 939 319 Et
958 292 1059 319 furandi
1080 324 1081 331 ἵ

220 345 245 366 et
265 340 372 366 iniuriae
393 338 524 365 faciendae
544 341 678 374 (capacem
698 337 776 369 esse.)
797 336 825 362 fr.
848 337 905 362 111.
925 346 962 372 pr.
984 335 1015 361 de
1027 335 1057 361 R.

218 382 235 408 I.
255 384 296 408 50.
318 383 357 408 17.

217 427 241 451 3.
262 424 294 450 de
314 423 372 450 furt.
393 426 433 450 47.
452 427 476 450 2.
520 423 573 459 Qui
600 421 701 449 furandi
726 423 810 448 animo
835 421 960 448 conclave
984 421 1058 447 effre-

217 468 263 503 git.
282 466 324 493 vel
343 468 450 503 aperuit.
470 465 540 492 Paul.
562 466 592 492 II.
611 468 653 492 31.
681 467 702 500 5
721 467 762 492 35.
800 464 927 491 Adfectus
947 463 1056 490 furandi.

219 510 275 536 Gai.
297 509 326 535 11.
347 511 387 535 50.

255 554 394 580 Fun-a.
432 554 630 578 Patihulum.
668 551 709 577 III.
725 552 791 579 Gn.
819 549 848 576 In
869 549 1002 576 metallum
1017 549 1059 575 da-

218 596 301 622 mnari
320 605 371 620 non
391 599 503 631 possunt
523 596 568 626 (sc
598 594 778 625 decuriones.)
799 602 847 618 nee
871 593 896 618 in
917 602 983 629 opus
1006 602 1057 618 me-

219 638 285 669 talli.
306 648 353 663 nec
373 637 460 663 furcae
480 637 583 667 subiici,
602 637 645 663 vel
664 637 717 663 vivi
737 636 816 662 exuri.
837 634 866 661 fr.
886 637 908 662 9.
929 636 950 668 5.
966 637 1005 661 11.
1026 635 1058 661 de
1078 642 1080 670 ς

217 691 296 718 poen.
316 681 357 706 48.
379 681 418 706 19.
456 680 539 706 Furca
558 681 612 716 figi.
632 690 655 706 v.
675 679 703 705 In
722 678 820 705 furcam
839 677 905 704 tolli.
925 678 955 704 fr.
973 679 1015 704 28.
1035 679 1055 712 5
1078 674 1079 685 ¹

219 726 257 750 15.
278 723 307 750 fr.
328 724 369 749 38.
389 723 410 756 ξ.
429 725 452 749 2.
473 723 506 749 ih.
527 724 567 749 48.
585 724 625 749 19.

251 768 408 794 Furere.
445 767 476 800 ᾗ.
502 767 535 792 l.
574 768 701 792 Furore
724 766 866 798 corripi,
890 774 908 790 s.
935 765 1055 790 velari.
1077 773 1078 791 ῐ

216 808 235 835 I.
249 810 311 843 Sy.
330 808 359 834 In
379 808 466 835 surore
486 819 553 839 esse,
573 818 593 834 s.
613 818 696 844 agere.
733 806 872 833 Furiosum
892 816 957 833 esse.
983 805 1012 832 fr.
1032 807 1055 832 8.

216 861 255 888 pr.
275 852 296 885 5.
319 853 340 877 1.
360 851 392 877 de
417 851 441 877 h.
467 861 509 887 qu.
535 851 583 877 sui.
609 852 631 877 1.
657 852 681 877 6.
706 850 736 876 fr.
762 851 802 876 13.
827 849 849 884 5.
872 851 892 876 l.
913 849 942 875 fr.
964 851 1003 875 14.
1024 849 1056 875 de

216 894 260 920 off.
280 893 368 920 Praes.
391 896 412 920 1.
434 895 473 920 18.
510 893 552 920 ΠΙ.
574 895 640 921 Gn.
662 892 699 918 Ita
719 892 827 919 absente
846 893 954 929 (patre.)
968 908 999 911 —
1013 891 1056 918 vel

216 938 293 964 etiam
312 937 421 963 furente.
442 936 471 963 fr.
492 939 515 963 5.
535 937 557 970 5.
578 938 599 962 1.
638 935 689 971 Qu.
714 935 779 962 ordo
803 936 829 961 in
854 935 884 961 B.
905 935 933 961 P.
952 936 993 961 38.
1015 936 1055 961 15.

216 980 245 1006 Si
264 980 368 1006 interim
387 979 507 1006 dominus
526 979 612 1005 furere
632 979 761 1015 coeperit,
785 977 829 1004 vel
852 978 1003 1004 decesserit.
1024 977 1054 1004 fr.

215 1024 240 1049 6.
258 1033 297 1059 pr.
317 1022 349 1048 de
368 1032 467 1059 precar.
486 1023 527 1048 43.
547 1023 588 1048 26.
627 1021 680 1057 Qui
700 1032 713 1047 a
732 1021 841 1053 furioso⁷
862 1022 983 1057 ignorans
997 1031 1055 1047 eum

215 1064 311 1097 furere,
332 1066 400 1091 emit.
420 1064 450 1091 fr.
476 1066 498 1091 7.
524 1065 545 1098 5.
565 1066 588 1090 2.
609 1064 642 1091 de
661 1064 725 1091 Pub.
750 1066 776 1091 in
794 1064 825 1090 R.
846 1065 877 1090 A.
897 1065 921 1090 6.
940 1066 964 1090 2.
1001 1064 1055 1099 Qui

215 1107 310 1134 furenti
329 1107 442 1142 gladium
461 1108 587 1144 porrexit.
608 1107 638 1134 fr.
660 1109 682 1134 7.
706 1108 728 1141 5.
748 1110 772 1134 6.
799 1107 830 1133 ad
849 1106 878 1134 L.
899 1108 967 1144 Aqu.
986 1108 1010 1133 9.
1029 1109 1053 1133 2.

215 1166 247 1169 —
267 1151 297 1183 ξ.
321 1151 356 1176 2.
381 1151 483 1184 lmpie
499 1152 663 1185 grassari.
701 1150 743 1176 III.
773 1151 838 1178 θη.
859 1150 912 1185 Qui
932 1152 982 1182 (sc.
1004 1149 1055 1176 Ma-

214 1192 324 1223 nichaei.
342 1192 522 1223 Donatistae.)
542 1192 628 1219 furere
647 1203 700 1219 nou
714 1192 855 1220 desistunt.
876 1192 925 1219 Th.
939 1192 969 1219 C.
984 1191 1054 1219 XVI.

214 1237 238 1261 5.
258 1246 279 1261 c.
299 1235 341 1261 38.
362 1234 394 1261 de
413 1235 537 1262 haeretic.

248 1290 379 1317 Furia.
418 1291 534 1316 Nomen
553 1293 776 1324 compluribus
795 1293 924 1326 legibus
943 1292 1050 1317 adtri-

212 1335 329 1359 butum.
366 1332 410 1358 111.
434 1334 499 1360 Gn.
519 1332 575 1359 Lex
595 1332 672 1359 Furia
692 1334 920 1367 (testamentaria.)
941 1333 997 1360 Gai.
1010 1332 1053 1359 IV.

212 1377 254 1401 23.
279 1385 318 1411 sq.
344 1376 401 1401 109.
430 1374 461 1401 cf.
486 1375 515 1401 ll.
540 1377 599 1402 224.
625 1386 684 1412 sqq.
712 1376 774 1413 le.
798 1376 816 1402 1.
836 1378 860 1402 2.
888 1376 1010 1403 XXVIII.
1031 1378 1053 1402 7.

213 1417 297 1444 Vatic.
317 1418 338 1451 5.
357 1419 416 1444 301.
453 1417 483 1444 L.
503 1417 580 1444 Furia
601 1418 646 1452 (de
665 1420 786 1456 sponsu.)
807 1418 862 1445 Gai.
879 1419 919 1445 III.
942 1420 998 1446 121.
1013 1429 1053 1456 sq.

213 1460 257 1487 IV.
277 1462 318 1487 22.
356 1460 385 1486 L.
411 1460 487 1487 Furia
508 1460 627 1488 Caninia.
659 1462 696 1488 Ib.
716 1462 734 1489 I.
756 1464 796 1488 42.
817 1472 875 1498 sqq.
896 1463 954 1488 139.
991 1461 1053 1499 le.

214 1503 232 1529 1.
251 1505 292 1530 24.

251 1554 431 1581 FurialiS.
468 1554 599 1587 (Adiect.)
639 1557 787 1582 Vesanus.
812 1554 854 1581 111.
875 1557 941 1583 Cn.
960 1555 1054 1582 Libera

214 1597 248 1622 sit
272 1596 304 1623 ad
329 1597 474 1633 arguendos
501 1607 546 1623 eos
570 1599 662 1624 animis
687 1598 824 1625 furialibus
849 1599 932 1635 copia.
953 1598 1002 1625 Th.
1023 1598 1052 1625 C.

213 1638 283 1666 XVI.
302 1641 326 1665 2.
347 1650 368 1666 c.
389 1642 428 1666 12.
448 1640 481 1666 de
500 1642 580 1677 episc.
602 1640 665 1667 eccl.

249 1691 440 1718 Furiosus.
478 1691 594 1725 (Subst.)
632 1693 730 1718 Homo
750 1694 782 1718 iu
800 1694 922 1728 furore
941 1702 1053 1727 agens.

214 1732 232 1759 1.
253 1734 317 1767 Sy.
336 1733 364 1759 111
383 1734 471 1760 furore
490 1735 658 1760 constitutus.
678 1734 708 1761 sr.
728 1736 752 1761 S.
772 1735 847 1769 551.
865 1737 889 1762 3.
910 1735 942 1761 de
961 1740 1008 1761 tut.
1029 1739 1054 1761 et

214 1786 267 1802 cur.
287 1775 338 1802 dat.
357 1778 398 1803 26.
417 1779 442 1803 5.
463 1776 503 1803 Cf.
524 1787 547 1804 v.
568 1776 672 1803 Furere.
693 1778 715 1811 5.
736 1780 758 1804 1.
795 1778 838 1804 III.
857 1779 923 1805 Cn.
943 1777 973 1803 Si
992 1787 1053 1803 vere

213 1818 304 1845 furios.
324 1824 403 1850 esset,
422 1819 465 1845 vel
484 1819 598 1845 demens.
620 1819 649 1846 fr.
669 1822 694 1846 2.
721 1820 753 1846 de
771 1820 844 1846 inoff.
864 1825 966 1846 testam.
985 1822 1009 1846 5.
1028 1822 1052 1846 2.

214 1861 244 1888 cl'.
265 1862 295 1888 [ι’.
314 1863 356 1887 27.
385 1862 407 1896 5.
427 1864 450 1888 5.
471 1861 504 1888 de
523 1872 573 1888 rec.
594 1872 636 1898 qu.
661 1862 713 1888 arb.
735 1864 757 1888 4.
777 1864 801 1889 8.
839 1862 956 1894 Furios,
976 1872 1053 1898 quem

213 1914 275 1931 suae
294 1905 388 1931 mentis
409 1914 468 1930 esse
492 1905 634 1930 existimas.
659 1904 689 1931 fr.
711 1906 750 1931 18.
775 1906 846 1939 5.1.
874 1905 907 1932 de
925 1905 957 1931 A.
977 1915 1001 1931 v.
1022 1905 1052 1931 A.

213 1947 240 1974 P.
262 1949 303 1973 41.
322 1951 346 1974 2.
385 1947 516 1982 Quamdiu
540 1946 630 1973 furios.
651 1963 683 1966 —
703 1948 842 1974 sanitatem
865 1949 1001 1985 receperit.
1022 1948 1052 1974 fr.

214 1992 236 2016 1.
256 2001 295 2028 pr.
316 1990 348 2016 de
368 2001 420 2016 cur.
441 1990 530 2016 furios
550 1991 591 2016 27.
613 1991 656 2015 10.
692 1989 834 2022 Furiosus.
856 2007 888 2010 -—
908 2001 966 2017 cum
986 2001 1053 2017 com-

212 2043 261 2070 pos
281 2035 376 2060 mentis
396 2043 448 2059 non
467 2034 515 2063 sit;
539 2032 586 2058 sed
610 2033 633 2058 si
659 2032 738 2059 hahet
762 2034 983 2060 intermissionem
1003 2039 1051 2060 etc.

213 2075 243 2102 fr.
262 2078 303 2102 20.
323 2077 344 2110 5.
365 2078 388 2102 4.
409 2077 460 2111 Qu.
481 2080 582 2101 testam.
603 2074 650 2101 fac.
674 2085 699 2112 p.
719 2076 760 2102 28.
781 2078 803 2102 1.
824 2075 955 2113 Perpetuo
975 2076 1053 2103 surio-

213 2128 266 2145 sus.
287 2119 318 2145 fr.
339 2121 377 2145 12.
398 2120 420 2153 5.
440 2120 464 2144 2.
485 2118 517 2144 de
536 2117 613 2143 iudic.
633 2119 694 2144 5.1.
732 2118 868 2151 Furiosus.
889 2120 1003 2156 itemque
1016 2120 1053 2145 in-

214 2160 278 2187 fans.
308 2161 380 2188 Paul.
400 2161 431 2188 V.
451 2163 475 2188 3.
504 2161 525 2195 5.
545 2162 569 2186 2.
596 2159 627 2185 cs.
653 2160 686 2187 ib.
707 2160 748 2187 1Π.
769 2162 792 2187 6.
818 2162 840 2195 5.
862 2163 901 2188 18.
933 2161 990 2188 Gai.
1010 2162 1051 2188 111.

216 2204 272 2229 109.
292 2203 322 2230 fr.
340 2206 398 2231 209.
420 2204 452 2231 de
471 2203 502 2230 V.
524 2203 551 2229 S.
571 2205 612 2228 50.
631 2204 671 2229 16.
709 2203 820 2230 Furioso
841 2209 866 2231 et
885 2204 1006 2237 furiosae,
1027 2210 1053 2231 et

215 2290 238 2314 8.
254 2289 275 2322 5.
295 2290 318 2314 3.
339 2288 371 2314 de
389 2294 434 2315 tut.
455 2294 480 2315 et
499 2299 553 2315 cur.
573 2288 623 2315 dat.
640 2290 682 2314 26.
697 2291 720 2314 5.
735 2288 766 2315 cf⁴
793 2289 823 2315 fr.
839 2291 860 2315 l.
881 2291 902 2324 5.
918 2292 958 2316 ll.
978 2290 1008 2316 fr.
1027 2292 1051 2316 2.

216 2341 275 2367 sqq.
300 2330 331 2356 de
355 2332 450 2367 postul.
478 2335 502 2358 3.
528 2335 550 2359 1.
589 2332 728 2363 Furiosus,
754 2337 797 2358 aut
816 2332 949 2369 prodigus.
982 2332 1051 2365 Fur.⁷

216 2373 257 2399 vel
277 2374 308 2405 is.
329 2374 369 2399 cui
388 2373 464 2400 bouis
483 2375 651 2402 interdictum
670 2375 712 2401 sit.
734 2374 763 2400 fr.
782 2376 823 2401 28,
848 2376 870 2409 5.
892 2377 913 2401 l.
933 2375 965 2402 de
984 2380 1051 2413 pact.

214 2418 237 2441 2.
259 2417 299 2441 14.
319 2414 349 2441 fr.
368 2417 409 2441 40.
429 2415 461 2441 (le
478 2416 509 2443 R.
528 2418 546 2444 1,
566 2420 607 2444 50.
629 2420 667 2444 17.

250 2465 441 2492 Furiosus.
470 2466 597 2500 (Adiect.)
629 2469 660 2502 ᾖ.
680 2469 714 2494 l·
740 2469 776 2494 Iu
790 2469 912 2504 furore
930 2471 1052 2495 consti-

215 2514 317 2538 tutus,
339 2510 472 2535 Furens.
509 2508 549 2535 1Π.
569 2512 634 2538 Gn.
655 2510 733 2537 Pater
752 2510 876 2537 furiosus.
915 2511 997 2537 Mater
1016 2511 1053 2538 fu-

215 2552 291 2577 riosa.
311 2550 341 2576 sr.
363 2552 385 2576 1.
405 2551 426 2584 5.
448 2553 470 2576 l.
490 2551 520 2577 l'r.
540 2553 564 2577 4.
584 2552 616 2578 de
635 2563 687 2580 cur.
707 2553 800 2580 furios.
819 2555 860 2580 27.
886 2555 925 2580 10,
960 2570 989 2573 -—
1020 2554 1052 2587 §-

214 2595 250 2620 2.
270 2595 490 2620 Inconsultus.
527 2592 570 2619 1Π.
585 2595 649 2621 Cn.
670 2596 731 2631 Qui,
752 2596 823 2632 quod
842 2596 875 2623 ad
896 2596 963 2622 bona
983 2597 1052 2634 ipso-

215 2646 271 2662 rum
290 2637 411 2673 pertinet,
431 2635 557 2662 furiosum
576 2636 672 2663 faciunt
690 2639 794 2665 exitum.
821 2639 851 2665 fr.
872 2641 911 2665 12.
931 2640 952 2673 5.
972 2642 996 2666 2.
1019 2639 1051 2666 de

214 2682 291 2704 tutor.
312 2683 337 2704 et
356 2688 408 2704 cur.
429 2677 480 2704 dat.
498 2680 540 2705 26.
559 2680 583 2705 5.
608 2678 640 2704 cf.
666 2679 696 2705 fr.
718 2682 738 2706 1.
763 2691 803 2718 pr.
828 2681 860 2708 de
885 2692 938 2709 cur.
957 2682 1049 2709 furios

213 2722 255 2747 27.
282 2722 321 2746 10.

248 2771 398 2798 Fufius.
419 2772 466 2797 ..ld
483 2773 653 2806 singulam
672 2775 839 2805 percinens
854 2781 985 2810 gentem
1004 2778 1050 2802 ci-

217 2814 298 2839 vium
318 2815 349 2840 in
370 2815 441 2840 urhe
460 2815 563 2841 Roma.
601 2813 642 2841 III.
662 2815 728 2842 Cn.
748 2814 851 2852 Appius
871 2816 999 2845 Claudius
1015 2834 1046 2838 -

395 381 508 408 Furandi
531 380 643 406 consilio
664 389 784 405 amovere
804 380 900 412 (rem.)
925 379 954 405 l'r.
975 380 1016 404 56.
1037 379 1057 412 5
1079 402 1081 408 ,

1079 428 1080 437 ¹
1103 420 1197 447 deinde
1216 420 1323 447 furnarii
1343 419 1419 457 culpa
1445 420 1566 446 damnum
1592 419 1679 445 datum
1698 418 1782 444 fuerit.
1803 418 1833 444 fr.
1853 419 1894 443 24.
1914 418 1936 451 5.

1104 303 1153 329 pro
1172 292 1260 318 Fusiis
1280 291 1359 318 Furii.
1380 292 1409 318 fr.
1428 294 1452 318 2.
1474 292 1494 325 5.
1514 293 1554 318 36.
1576 291 1608 318 de
1628 291 1660 317 O.
1680 290 1698 316 I.
1721 292 1741 316 1.
1761 292 1785 315 2.

1138 335 1360 362 Furnarius.
1400 337 1462 368 Qui
1480 345 1517 361 ex
1531 337 1636 371 furno
1656 340 1823 367 quaestum
1836 334 1936 368 facit.

1102 377 1144 404 Ill.
1165 379 1233 406 Gn.
1251 377 1281 404 Si
1300 377 1367 404 furni
1387 378 1490 403 nomine
1515 377 1600 403 damni
1620 375 1708 402 infecti
1728 375 1805 401 suerit
1825 380 1936 405 cautum,

1104 465 1126 489 7.
1147 463 1178 489 de
1198 463 1281 490 damn.
1302 462 1345 490 inf.
1365 465 1406 489 39.
1426 464 1450 488 2.

1138 508 1299 533 Furnu..
1336 507 1455 537 Locus,
1480 507 1511 531 in
1536 515 1593 539 quo
1616 507 1711 538 panis
1731 505 1934 538 decoquitur.

1102 548 1143 575 III.
1169 550 1234 576 (7η.
1255 549 1299 582 (cf.
1318 559 1342 575 v.
1362 548 1526 580 Furnarius.)
1563 546 1592 573 Si
1611 547 1713 573 furuum
1732 545 1875 572 secundum
1894 555 1936 582 pa-

1079 601 1080 605 *
1102 593 1193 618 rietem
1213 602 1374 618 communem
1397 591 1516 617 habereS.
1540 590 1570 616 fr.
1589 591 1631 616 27.
1656 591 1677 623 5.
1698 591 1737 616 10.
1762 588 1794 615 ad
1819 588 1847 615 L.
1867 588 1935 624 Aqu.

1102 635 1125 660 9.
1150 636 1175 660 2.

1136 679 1271 705 Furor.
1303 678 1334 712 ᾖ.
1353 679 1388 704 l.
1410 678 1530 704 Mentis
1549 677 1709 703 alienatio
1727 676 1873 709 gravior.
1893 672 1936 699 III.

1102 721 1166 747 Cn.
1187 721 1215 747 lu
1235 720 1335 752 surore,
1359 724 1403 746 aut
1426 719 1555 746 dementia
1580 719 1746 745 constitutus.
1773 716 1802 743 fr.
1822 720 1845 742 8.
1870 716 1935 749 5.1.

1101 762 1133 789 de
1152 768 1199 790 tut.
1220 768 1245 790 et
1264 769 1343 790 curat.
1365 763 1415 789 dat.
1435 764 1477 789 26.
1496 764 1519 788 5.
1544 761 1575 788 cf.
1600 760 1630 787 fr.
1650 762 1673 786 6.
1694 759 1725 786 (le
1746 764 1824 785 curat.
1845 758 1936 784 furios.

1099 807 1140 831 27.
1164 808 1202 832 lo.
1238 805 1351 843 Propter
1372 806 1500 837 furorem,
1525 804 1567 830 vel
1587 813 1663 840 quem
1687 802 1764 829 alium
1788 811 1875 828 casum
1895 800 1937 827 de-

1100 850 1220 880 mentiae,
1240 850 1327 884 (agere
1346 859 1399 875 non
1418 849 1519 885 posse.)
1540 847 1570 874 fr.
1590 848 1630 872 17.
1651 846 1672 879 5.
1694 847 1733 871 ll.
1753 844 1785 871 de
1805 845 1880 870 iniur.
1895 845 1935 869 47.

1102 893 1141 918 10.
1178 890 1220 923 Hi,
1241 901 1308 927 quos
1327 891 1463 923 valetudo,
1483 890 1525 917 vcl
1544 890 1629 921 furor,
1652 888 1695 915 vel
1718 887 1826 914 morbus
1846 896 1936 924 perpe-

1100 939 1160 960 tuus
1181 939 1296 960 excusat.
1316 933 1399 960 Valle.
1420 935 1441 967 5.
1460 935 1519 959 238.
1540 932 1570 959 cf.
1591 932 1621 958 fr.
1640 934 1664 958 2.
1684 932 1706 965 5.
1727 933 1750 957 5.
1771 932 1792 957 si
1807 940 1849 966 qu.
1870 933 1935 955 caut.

1099 979 1123 1003 2.
1145 979 1184 1003 ll.
1222 976 1251 1003 Si
1270 981 1358 1003 tantus
1378 976 1449 1002 furor
1473 981 1525 1005 est,
1549 977 1584 1001 ita
1607 974 1689 1005 ferox.
1709 975 1744 1000 ita
1762 973 1936 1010 perniciosus,

1100 1024 1128 1046 ut
1148 1020 1267 1046 sanitatis
1291 1019 1362 1046 nulla
1385 1029 1446 1056 spes
1471 1019 1594 1055 supersit.
1620 1017 1650 1044 fr.
1669 1019 1710 1043 22.
1731 1017 1752 1050 5.
1774 1018 1796 1042 7.
1817 1014 1865 1041 sol.
1885 1025 1937 1041 ma-

1099 1064 1168 1089 trim.
1187 1065 1229 1089 24.
1249 1064 1274 1089 3.
1311 1062 1340 1089 Si
1355 1061 1520 1088 intervallum
1539 1061 1610 1087 furor
1623 1061 1723 1087 habeat.
1744 1075 1776 1079 -—
1797 1058 1825 1085 Si
1844 1067 1937 1095 perpe-

1099 1111 1160 1132 tuus
1180 1105 1288 1132 morbus
1308 1110 1356 1132 est.
1380 1105 1416 1131 lb.
1437 1104 1453 1131 1.
1475 1104 1491 1131 l.
1512 1104 1542 1130 cf.
1568 1104 1599 1130 fr.
1620 1106 1658 1130 14.
1683 1103 1715 1130 de
1741 1102 1784 1129 off.
1803 1101 1892 1128 Praes.
1913 1101 1935 1126 l.

1100 1150 1140 1175 18.
1161 1148 1232 1175 Paul.
1253 1149 1295 1175 Ill.
1314 1151 1339 1175 4.
1358 1149 1390 1175 A.
1410 1149 1432 1182 5.
1452 1150 1475 1174 5.
1496 1163 1528 1167 —
1549 1147 1578 1180 ξ.
1596 1148 1630 1173 2.
1654 1147 1793 1179 Quaevis
1810 1153 1936 1179 perver-

1099 1194 1183 1218 sitas
1202 1191 1336 1224 indicii,
1359 1192 1554 1218 obcaecatio
1582 1189 1601 1216 I.
1620 1191 1681 1224 Sy.
1700 1188 1795 1219 Lubes,
1813 1186 1936 1217 Perfidia,

1100 1234 1228 1269 Vesauia0
1241 1235 1322 1261 Error
1341 1233 1574 1267 (haereticorum.)
1607 1232 1656 1259 Th.
1678 1231 1708 1258 C.
1728 1230 1798 1257 XVI.
1822 1232 1845 1256 5.
1871 1239 1892 1255 c.
1911 1230 1935 1254 6.

1099 1279 1180 1312 551.
1199 1280 1223 1304 3.
1244 1288 1265 1304 c.
1284 1279 1326 1303 25.
1347 1277 1368 1311 5.
1390 1279 1412 1303 l.
1433 1287 1454 1303 c.
1473 1278 1514 1303 32.
1535 1287 1555 1302 c.
1575 1277 1617 1302 60.
1637 1275 1669 1302 <le
1688 1275 1785 1301 haeret.
1810 1272 1851 1299 111.
1870 1273 1936 1299 (7η.

1099 1321 1242 1357 Tyrannici
1261 1320 1357 1347 suroris
1372 1325 1397 1346 et
1409 1319 1560 1346 barbaricae
1573 1318 1683 1345 feritatis
1697 1317 1809 1344 occasio.
1829 1315 1865 1341 lb.
1880 1313 1935 1341 Vll.

1100 1365 1138 1390 16.
1160 1374 1180 1390 c.
1200 1366 1225 1390 2.
1245 1363 1276 1390 de
1295 1363 1365 1389 litor.
1385 1367 1411 1389 et
1434 1364 1488 1389 itin.
1509 1367 1574 1388 cust.
1611 1360 1764 1388 parricidali
1788 1359 1876 1386 surore
1898 1367 1936 1383 ra-

1098 1411 1167 1444 ptus.
1188 1406 1224 1432 lb.
1244 1406 1288 1433 IX.
1308 1407 1350 1432 38.
1370 1416 1391 1432 c.
1411 1406 1434 1432 6.
1455 1405 1487 1431 de
1506 1404 1603 1441 indulg.
1625 1405 1695 1431 crim.
1717 1403 1803 1434 Saxis,
1822 1406 1866 1428 aut
1885 1399 1936 1426 alio

1098 1449 1194 1476 suroris
1213 1459 1307 1485 genere
1326 1463 1357 1467 —
1377 1448 1519 1475 adtentare.
1543 1448 1580 1474 lb.
1599 1447 1670 1474 XVl.
1689 1448 1713 1473 8.
1739 1456 1760 1472 c.
1782 1447 1804 1471 1.
1830 1444 1862 1471 de
1881 1443 1935 1470 Iud.

1098 1492 1127 1518 In
1146 1492 1214 1518 hauc
1233 1492 1401 1529 pertinaciam
1420 1491 1505 1517 illiciti
1524 1491 1620 1517 suroris
1640 1499 1785 1526 erumpere,
1805 1487 1876 1524 quod
1895 1497 1936 1513 au-

1099 1534 1158 1561 deat
1178 1540 1226 1561 etc.
1247 1535 1283 1561 lb.
1302 1534 1359 1561 XII.
1381 1536 1403 1560 1.
1424 1545 1445 1560 c.
1465 1536 1506 1560 85.
1526 1533 1558 1560 dc
1578 1532 1711 1559 decurion.

1133 1578 1294 1605 Furtim.
1332 1576 1446 1610 (Advb.)
1483 1578 1649 1603 Latenter.
1687 1575 1705 1601 I.
1729 1575 1791 1608 Sy.
1810 1573 1860 1600 Per
1883 1573 1934 1599 sur-

1099 1626 1168 1652 tum,
1188 1620 1264 1647 Clam
1282 1619 1421 1653 (caedere,
1447 1630 1483 1646 sc.
1503 1623 1614 1655 segetes.
1634 1619 1691 1644 sive
1710 1616 1843 1649 arbores.)
1862 1615 1934 1641 Paul.

1099 1664 1130 1690 II.
1150 1666 1191 1690 31.
1212 1664 1234 1697 5.
1253 1665 1294 1689 25.
1314 1663 1344 1689 fr.
1365 1664 1388 1689 8.
1409 1663 1430 1696 5.
1447 1664 1468 1689 1.
1488 1662 1573 1688 arbor.
1593 1661 1653 1687 furt.
1669 1670 1735 1687 caes.
1746 1661 1787 1685 47.
1803 1661 1825 1685 7.
1862 1658 1935 1695 Igno-

1098 1711 1172 1733 rautc
1190 1706 1309 1737 domino,
1335 1705 1489 1742 celandique
1514 1705 1569 1730 eius
1595 1713 1679 1735 causa.
1699 1702 1840 1736 (caedere.)
1860 1700 1891 1727 fr.
1912 1703 1934 1726 7.

1098 1759 1137 1786 pr.
1157 1748 1188 1775 cf.
1210 1748 1240 1774 fr.
1261 1750 1283 1774 1.
1303 1748 1338 1774 ib.
1357 1750 1398 1774 47.
1418 1750 1441 1774 7.

1132 1791 1304 1818 Furtive.
1341 1790 1454 1824 (Advb.)
1490 1789 1568 1816 Idem.
1606 1788 1647 1814 ΠΙ.
1671 1789 1736 1815 Gn.
1757 1787 1832 1814 Clam
1851 1788 1936 1824 possi-

1098 1833 1160 1860 dere
1190 1843 1261 1865 eum,
1282 1849 1313 1853 -—
1334 1835 1378 1870 qui
1409 1833 1469 1860 furt.
1498 1834 1632 1869 ingressus
1661 1836 1702 1857 est
1728 1831 1934 1868 possessionem.

1097 1877 1233 1913 ignorante
1252 1886 1282 1902 eo
1303 1886 1380 1913 quem
1398 1876 1449 1903 sibi
1475 1875 1681 1902 controversiam
1704 1874 1831 1900 iacturum
1850 1873 1935 1910 suspi-

1098 1919 1212 1946 cabatur.
1231 1918 1262 1946 fr.
1282 1920 1306 1946 6.
1325 1929 1364 1956 pr.
1386 1918 1418 1945 de
1437 1919 1468 1945 A.
1488 1929 1512 1945 v.
1532 1918 1563 1944 A.
1583 1917 1611 1944 P.
1632 1919 1672 1943 41.
1692 1919 1716 1943 2.

1136 1962 1328 1989 Furtivus.
1349 1961 1478 1996 (Adiect.)
1499 1962 1528 1995 §.
1549 1962 1584 1987 1.
1605 1962 1854 1991 Clandestinus,
1876 1959 1933 1985 Oc-

1096 2007 1214 2032 cultus.
1250 2004 1294 2031 III.
1314 2006 1379 2032 Cn.
1416 2004 1467 2031 Per
1485 2004 1607 2031 furtivam
1626 2003 1757 2033 militiam,
1782 2007 1807 2028 et
1828 2001 1934 2028 fraudes

1097 2048 1181 2074 varias
1201 2047 1369 2084 dignitatum,
1395 2047 1539 2083 (obsequia
1559 2048 1692 2073 civitatum
1711 2045 1863 2081 refugisse.)
1883 2043 1932 2070 Th.

1097 2090 1127 2118 C.
1147 2090 1204 2117 XII.
1226 2092 1248 2117 1.
1269 2101 1290 2117 c.
1310 2092 1352 2117 94.
1371 2090 1403 2117 de
1423 2090 1556 2116 decurion.
1599 2089 1674 2123 Quae
1693 2089 1725 2115 de
1742 2088 1847 2114 furtivis
1866 2096 1934 2113 com-

1096 2133 1201 2171 pendiis
1220 2133 1333 2160 obscure
1357 2138 1432 2170 capta
1455 2143 1484 2159 ac
1508 2137 1580 2169 parta
1604 2137 1672 2158 sunt.
1697 2131 1733 2157 lb.
1759 2130 1801 2157 [V.
1821 2131 1846 2157 8.
1868 2140 1889 2156 c.
1908 2131 1932 2156 6.

1097 2177 1118 2210 5.
1139 2179 1163 2203 5.
1183 2175 1285 2210 OVck.)
1306 2176 1338 2203 de
1357 2175 1459 2202 liberali
1479 2186 1500 2202 c.
1520 2175 1670 2212 Impetratio
1691 2174 1792 2201 furtiva.
1812 2173 1848 2200 lb.
1865 2172 1932 2199 VIII.

880 2249 885 2254 ,
1073 2230 1075 2256 3
1096 2222 1120 2246 5.
1140 2230 1161 2246 c.
1180 2220 1222 2246 39.
1243 2219 1275 2246 de
1295 2229 1372 2246 cursu
1392 2219 1454 2256 pub.
1475 2232 1505 2235 —
1526 2219 1604 2252 §.2-
1625 2220 1686 2245 Per
1699 2219 1812 2253 furem
1831 2219 1930 2242 inter-

216 2250 300 2276 muto,
318 2251 343 2272 et
362 2247 441 2273 surdo
460 2249 587 2277 (tutorem
606 2245 648 2272 vel
668 2251 814 2272 curatorem
832 2247 886 2273 dari
900 2248 1001 2284 posse.)
1021 2248 1051 2274 fr.
1074 2257 1075 2262 ¹

1096 2268 1217 2296 ceptus.
1247 2262 1265 2288 I.
1286 2263 1348 2296 Sy.
1368 2261 1508 2299 Subrepta,
1528 2261 1634 2287 furtiva
1653 2261 1730 2293 (res.)
1749 2259 1820 2286 Paul.
1840 2258 1869 2284 ll.
1889 2259 1929 2283 31,

1096 2305 1118 2338 5.
1137 2306 1180 2331 34.
1201 2304 1229 2331 fr.
1250 2306 1274 2331 9.
1294 2315 1334 2341 sq.
1354 2315 1403 2342 pro
1422 2309 1481 2331 emt.
1501 2305 1542 2330 41.
1562 2305 1585 2330 4.
1611 2303 1641 2330 fr.
1660 2305 1719 2329 215.
1740 2303 1771 2329 de
1791 2301 1822 2328 V.
1843 2300 1869 2326 S.
1888 2301 1929 2325 50.

1098 2348 1136 2373 16.
1174 2347 1217 2374 111.
1230 2349 1295 2375 Gn.
1315 2347 1368 2373 Res
1389 2347 1491 2375 furtiva.
1511 2351 1554 2373 aut
1572 2347 1599 2372 vi
1616 2356 1748 2384 possessa.
1769 2344 1825 2371 Gai.
1845 2343 1875 2369 ll.
1888 2344 1930 2368 45.

1096 2391 1137 2417 49.
1175 2389 1228 2416 Fur
1246 2390 1413 2421 manifestus,
1434 2406 1466 2409 -
1486 2390 1508 2415 si
1535 2399 1592 2416 cum
1620 2399 1648 2415 re
1671 2389 1764 2415 furtiva
1789 2385 1931 2422 deprehen-

1097 2432 1180 2459 datur.
1200 2432 1230 2459 sr.
1250 2435 1273 2459 5.
1293 2443 1333 2470 pr.
1352 2433 1374 2466 5.
1395 2434 1417 2458 1.
1438 2432 1470 2458 de
1489 2432 1549 2458 furt.
1568 2434 1609 2458 47.
1629 2434 1652 2458 2.
1676 2431 1707 2457 cf.
1734 2430 1789 2456 Gai.
1809 2428 1851 2455 111.
1873 2428 1929 2453 186.

1097 2486 1136 2512 sq.
1175 2475 1229 2511 Qui
1247 2476 1411 2513 putaverint,
1435 2474 1559 2501 furtivum
1581 2474 1689 2501 fundum
1708 2473 1765 2499 fieri
1784 2481 1872 2509 posse.
1892 2470 1929 2497 Ib.

1096 2518 1127 2545 ll.
1146 2520 1187 2544 51.
1225 2518 1255 2545 Si
1274 2534 1305 2538 —
1325 2518 1388 2549 scit,
1407 2517 1531 2544 furtivum
1550 2527 1620 2547 esse.
1645 2515 1716 2552 quod
1739 2515 1818 2541 venit.
1838 2513 1868 2540 fr.
1887 2516 1928 2540 34.

1096 2562 1118 2595 5.
1138 2562 1162 2587 3.
1183 2561 1216 2587 de
1235 2565 1317 2587 contr.
1338 2565 1396 2587 emt.
1418 2562 1457 2587 18.
1479 2563 1501 2587 1.
1539 2559 1618 2595 Quod
1642 2569 1673 2584 ex
1698 2568 1725 2584 re
1750 2557 1844 2584 furtiva
1863 2557 1929 2584 redi-

1095 2605 1173 2640 gitur,
1192 2603 1317 2630 furtivum
1335 2613 1388 2630 non
1413 2613 1479 2630 esse.
1503 2603 1533 2629 fr.
1552 2603 1594 2628 48.
1619 2601 1641 2634 5.
1662 2602 1684 2627 7.
1709 2600 1741 2627 de
1764 2600 1824 2627 furt.
1843 2602 1884 2626 47.
1904 2601 1928 2625 2.

1096 2646 1210 2682 Tiguum
1230 2646 1362 2673 furtivum.
1387 2646 1416 2673 sr.
1443 2648 1465 2672 1.
1488 2655 1526 2682 pr.
1551 2643 1583 2670 de
1607 2644 1668 2679 tign.
1693 2644 1772 2669 iunct.
1792 2644 1832 2669 47.
1852 2644 1876 2669 3.
1897 2658 1928 2661 —-

1071 2699 1073 2707 '
1096 2690 1127 2722 ξ.
1148 2691 1185 2716 3.
1205 2691 1396 2725 Adfurtum
1422 2694 1575 2722 spectans.
1612 2685 1654 2712 ΠΙ.
1681 2687 1746 2713 Gn.
1765 2686 1878 2721 Quoties
1897 2695 1929 2711 ex

1096 2731 1225 2759 maleficio
1245 2733 1328 2758 oritur
1346 2732 1426 2761 actio,
1452 2734 1541 2766 utputa
1566 2739 1597 2755 ex
1620 2738 1696 2755 causa
1714 2728 1816 2755 furtiva.
1837 2727 1866 2754 fr.
1889 2729 1927 2752 10.

1095 2775 1116 2809 5.
1136 2777 1160 2802 2.
1181 2775 1213 2802 de
1232 2784 1364 2811 compens.
1385 2774 1424 2798 16.
1443 2774 1467 2798 ⁴2.
1504 2772 1544 2798 Ex
1564 2771 1657 2798 furtiva
1677 2781 1753 2798 causa
1772 2770 1834 2797 dare
1853 2780 1927 2806 opor-

1094 2822 1158 2845 tere.
1178 2817 1208 2844 sr.
1228 2819 1251 2844 8.
1272 2817 1294 2849 5.
1315 2819 1337 2842 7.
1357 2815 1389 2842 de
1408 2814 1508 2841 liberat.
1528 2814 1577 2850 leg.
1595 2816 1637 2841 34.
1655 2815 1679 2840 3.
1717 2813 1858 2841 Condictio
1878 2812 1925 2837 sur-
