2197 3121
263 177 347 209 1000

263 264 314 291 tor,
325 269 429 297 semper
439 265 570 297 augustus.
584 258 626 286 Cf.
638 256 941 295 v.Triumphator.—§.
949 257 984 284 2.
998 258 1061 290 Qui
1074 257 1106 282 in

264 305 325 330 lite
338 305 508 337 superavit
522 303 753 328 adversarium.
772 301 803 328 Η,
817 302 884 335 ΟΡ.
899 299 991 327 Victor
1004 308 1105 326 causae.

264 359 297 364 -
310 345 404 373 Victus
423 345 545 381 litigator.
565 343 614 371 Th.
635 343 665 371 C.
680 343 726 370 lv.
742 345 781 370 18.
797 354 818 370 c.
836 345 857 369 l.
876 353 916 380 sq,
936 342 968 369 de
985 342 1060 369 fruct.
1081 346 1107 368 ct

265 388 303 415 lit.
324 399 383 426 exp.
420 388 462 415 ΠΙ.
483 388 549 415 Cn.
568 387 611 414 Ad
630 388 817 424 usucapionem
836 396 890 412 eam
909 386 1107 423 possessiouem

263 432 359 459 victori
379 430 521 469 procedere
541 435 652 457 constat.
672 430 702 457 fr.
716 431 757 456 39.
778 429 810 456 de
828 428 860 455 Α.
874 438 897 455 v.
911 429 942 455 A.
957 427 986 455 P.
1005 429 1047 454 41.
1060 429 1085 454 2.

300 474 479 501 Victoria.
500 474 530 507 §.
545 474 580 500 1.
601 474 753 500 Hostium
771 473 951 507 superatio.
981 470 1024 497 111.
1040 471 1107 499 Un-

265 517 377 545 militum
400 516 518 543 illustres
542 517 679 547 victoriae,
707 525 753 542 seu
781 520 881 552 strages
908 514 1037 546 hostium,
1065 517 1109 540 aut

266 561 349 587 nostri
369 559 502 597 triumphi.
522 558 572 586 Th.
592 558 623 586 C.
644 558 710 585 V111.
732 560 772 585 11.
792 568 814 585 c.
827 560 851 584 3.
871 567 909 594 sq.
930 567 962 584 ne
981 567 1024 594 qu.
1045 556 1108 594 pub.

264 603 324 630 laet.
356 602 385 629 Si
404 601 507 639 quando
527 603 661 633 victoriae,
685 602 709 628 si
728 600 831 638 quando
851 600 965 627 laetitiae
984 599 1108 638 publicae

266 645 431 672 nunciantur.
450 644 487 671 Ib.
509 655 530 672 c.
546 646 570 671 2.
591 660 623 665 —
643 645 674 678 ἕ.
691 646 727 672 2.
747 645 868 671 Exitus
889 644 1045 676 (iudicii)
1065 653 1109 669 se·

265 690 396 715 cundus.
422 687 452 714 11.
470 689 538 722 Op.
556 688 626 715 Ante
645 687 809 714 sententiam.
830 702 860 707 -—
880 685 945 712 Post
964 686 1108 712 victoriam.

265 731 297 758 fr.
316 733 340 758 5.
365 731 387 765 §.
408 732 430 757 l.
450 735 479 757 ut
498 730 574 767 legat.
593 741 661 757 serv.
686 741 707 757 c.
727 731 768 756 36.
787 731 812 756 3.
853 728 897 756 111.
922 730 988 757 Gn.
1017 728 1109 755 Potius

267 784 300 801 ex
313 773 407 801 iudicis
420 783 516 806 errore,
530 773 572 801 vel
586 774 730 810 iniquitate,
749 773 886 799 victoriam
899 782 1014 809 sperare,
1033 782 1110 808 quam

267 827 299 844 ex
318 826 395 844 causa
413 818 540 844 veritatis.
561 816 616 843 Gai.
636 815 680 843 IV.
702 817 758 842 178.
794 815 922 842 Iudicium
940 815 1110 846 secutorium‚

266 859 340 897 qnod
357 861 476 897 sequitur
494 861 647 898 sponsionis
665 859 810 886 victoriam.
837 858 875 885 Id.
895 857 937 885 IV.
960 859 1017 885 169.
1050 857 1110 884 Nou

268 904 293 929 ei
309 904 395 940 prosit
413 904 532 930 victoria.
557 919 588 922 —
613 903 655 929 An
680 903 805 928 victoriae
829 901 994 928 commodum
1017 900 1112 928 debeat

269 956 329 973 cum
348 956 378 973 eo
398 946 600 973 communicari?
620 945 649 972 fr.
670 947 693 972 7.
714 944 771 972 fam.
792 946 884 972 ercisc.
905 946 944 972 10.
963 946 988 971 2.
1009 943 1058 971 Th.
1079 942 1110 970 C.

267 988 313 1016 IX.
333 990 374 1016 21.
395 999 416 1016 c.
436 990 459 1016 6.
479 988 511 1015 ad
529 988 559 1015 L.
580 987 626 1015 Iul.
646 993 730 1025 repet.

303 1032 511 1059 Victorina.
532 1033 647 1059 Nomen
667 1032 816 1058 ancillae.
854 1030 976 1058 [lton.
995 1029 1111 1056 Severus

268 1074 383 1106 villicus,
397 1079 422 1101 et
435 1074 571 1101 Victorina
585 1073 681 1105 villica,
696 1073 789 1100 Severi
803 1072 1007 1100 contubernalis.
1023 1072 1053 1098 fr.
1067 1073 1108 1098 41.

269 1119 292 1153 §.
313 1120 353 1144 15.
373 1117 405 1144 de
423 1117 510 1145 fideic.
531 1117 594 1144 libb.
613 1119 654 1143 40.
674 1119 698 1143 5.

304 1161 460 1188 Victrix.
480 1160 609 1194 (Adiect.)
629 1161 660 1194 ξ.
676 1161 710 1186 1.
731 1161 848 1186 Hostes
867 1168 1030 1193 superans.
1066 1156 1110 1184 III.
1132 1154 1135 1166 ⁵

270 1205 337 1233 Cn.
360 1203 473 1241 Aquilae
491 1205 623 1230 victrices.
647 1202 689 1229 Cf.
709 1202 733 1229 h.
752 1212 776 1228 v.
801 1218 833 1222 —
857 1202 888 1235 ξ.
908 1203 943 1228 2.
968 1203 1043 1228 Lite
1061 1210 1111 1227 su·
1133 1238 1135 1244 Ι

267 1258 386 1283 perans
405 1248 641 1274 adversarium.
677 1244 720 1271 Ill.
739 1246 805 1273 Cn.
825 1244 888 1272 Pars
906 1245 1009 1270 victrix.
1029 1254 1050 1270 c.
1073 1245 1111 1270 10.
1133 1250 1135 1270 1

269 1290 338 1318 unde
357 1291 391 1317 vi.
410 1292 435 1317 8.
454 1293 478 1317 4.
499 1288 637 1317 Calculum
656 1287 791 1314 meliorem
810 1292 835 1313 et
854 1288 988 1314 victricem
1008 1291 1112 1313 senten-

270 1335 332 1361 tiam
350 1338 492 1370 reportare.
530 1331 597 1359 Nov.
622 1330 671 1358 Th.
691 1330 721 1357 Il.
746 1341 778 1357 ne
802 1330 906 1357 duciani
929 1341 951 1357 v.
976 1330 1029 1357 lim.
1049 1329 1068 1357 1.
1087 1331 1111 1356 2.
1134 1361 1135 1372 ἵ

271 1387 292 1404 c.
314 1379 337 1403 l.
358 1377 378 1410 ξ.
398 1379 423 1403 2.
1134 1377 1136 1396 t

304 1418 500 1447 victualis.
528 1416 666 1450 (Adieet.)
704 1418 751 1443 Ad
772 1417 986 1443 nutritionem
1008 1418 1113 1451 perti-

270 1473 355 1490 nens.
392 1461 411 1488 I.
426 1462 487 1495 Sy.
507 1460 536 1486 In
556 1470 630 1486 usum
649 1460 770 1490 vestium,
790 1458 830 1484 vel
850 1458 995 1491 alimoniae,
1015 1460 1113 1496 impen-

270 1516 336 1533 sum.
357 1503 485 1532 Victualis
505 1507 614 1529 sumtus.
631 1502 680 1528 Th.
696 1501 727 1528 C.
743 1501 773 1528 V.
788 1503 812 1528 5.
832 1512 853 1528 c.
866 1504 891 1528 2.
911 1502 933 1535 §.
948 1504 970 1529 1.
991 1502 1024 1528 dc
1043 1507 1114 1539 post·
1134 1507 1136 1529 1

270 1549 323 1576 lim.
359 1548 402 1574 ΙΙΙ.
427 1548 492 1575 Gn.
516 1546 570 1572 Res
593 1544 728 1572 victuales.
754 1555 774 1571 c.
798 1546 822 1571 6.
846 1555 885 1582 pr.
912 1544 944 1572 de
968 1544 992 1571 h.
1019 1546 1062 1582 qui
1082 1544 1114 1571 ad

271 1591 335 1619 eccl.
362 1592 383 1617 l.
404 1591 443 1616 12.
485 1588 638 1616 Substantia
662 1589 722 1615 vict.
747 1587 797 1614 Th.
823 1587 854 1614 C.
878 1587 922 1614 IX.
942 1589 966 1615 3.
991 1598 1013 1615 c.
1034 1589 1057 1614 7.
1081 1587 1113 1614 dc
1135 1607 1136 1628 ᾖ

273 1639 339 1662 cust.
359 1643 426 1660 reor.

306 1676 447 1703 VictuS.
471 1674 592 1707 (Partic.)
617 1675 648 1708 §0
668 1675 702 1701 1.
724 1675 908 1701 Certamiue
927 1680 1113 1708 superatus.

272 1719 313 1747 Cf.
333 1729 357 1745 v.
378 1718 497 1745 Vincere.
517 1718 538 1752 ᾗ.
561 1720 582 1744 l.
604 1733 635 1737 —-
656 1718 687 1751 §.
699 1719 734 1744 2.
757 1718 955 1751 Oppressus,
977 1718 1114 1751 Depres-

273 1772 333 1789 επις.
370 1761 413 1788 111.
428 1762 494 1788 Cn.
509 1761 572 1787 Sive
591 1761 715 1786 continuo
735 1759 889 1786 submersus
908 1765 957 1791 est,
972 1764 1015 1786 aut
1034 1759 1114 1786 lassa·
1135 1774 1136 1778 =

272 1810 315 1832 tus
334 1805 360 1831 vi
379 1804 494 1831 ssuminis
512 1805 598 1830 victus
618 1804 733 1840 perierit.
758 1802 788 1829 fr.
808 1804 830 1829 Τ.
856 1803 878 1837 ξ.
898 1805 920 1830 T.
945 1803 976 1829 ad
995 1802 1024 1829 L.
1045 1803 1113 1839 Aqu.
1135 1802 1136 1827 Ῐ

272 1849 296 1875 9.
315 1850 338 1874 2.
358 1848 403 1878 Ea,
423 1857 489 1884 quae
507 1847 574 1872 victa
594 1847 668 1872 senio
689 1845 849 1878 fatiscerent,
868 1856 997 1883 reparare.
1018 1845 1067 1872 Th.
1082 1845 1112 1873 C.

273 1889 332 1917 XV.
354 1892 375 1916 l.
390 1900 411 1917 c.
428 1892 466 1916 15.
486 1889 519 1915 de
537 1899 598 1926 opp.
618 1889 680 1926 pub.
702 1905 732 1909 —-
755 1889 786 1922 δ.
802 1890 838 1916 3.
861 1891 922 1922 Qui
941 1891 972 1916 in
991 1888 1136 1916 iudicio

273 1936 310 1961 ab
328 1934 519 1960 adversario
539 1939 714 1967 superatus
733 1938 786 1958 cst.
807 1932 849 1958 Cf.
863 1942 887 1959 v.
902 1931 1022 1959 Vincere.
1036 1932 1057 1966 ς’.
1071 1934 1095 1958 3.
1135 1936 1137 1965 ᾗ

309 1976 451 2003 Victus.
476 1974 602 2007 (Subst.)
628 1977 716 2008 Quae
735 1977 773 2001 ad
793 1977 892 2002 vitam
911 1977 1113 2001 tolerandam

274 2020 459 2046 necessaria
478 2024 559 2044 eunt.
590 2017 609 2044 I.
630 2019 691 2052 Sy.
711 2018 786 2053 Quae
805 2017 836 2044 ad
856 2017 996 2044 vivendum
1016 2017 1115 2044 homini
1136 2010 1138 2045 l

274 2062 421 2088 necessaria
441 2065 510 2087 sunt.
529 2060 668 2087 Alimenta.
690 2060 730 2087 Cf.
745 2070 768 2086 v.
783 2060 950 2087 Alimentum.
989 2060 1030 2087 Ill.
1049 2061 1115 2088 Cn.
1136 2055 1138 2059 ’

275 2104 318 2131 Ad
337 2114 400 2130 suos
413 2104 507 2136 victus,
525 2113 638 2140 suasque
657 2102 792 2129 alimonias
812 2103 918 2136 (mulier
931 2103 1059 2141 possidet,
1079 2113 1115 2130 sc.

276 2147 390 2178 dotem.)
414 2157 435 2173 c.
458 2148 496 2173 12.
520 2156 560 2184 pr.
589 2147 642 2182 Qui
662 2147 756 2183 potior.
776 2147 798 2172 S.
822 2149 859 2174 18.
888 2146 929 2173 Ad
949 2148 1054 2178 victum,
1074 2146 1115 2173 vel

276 2189 309 2216 ad
328 2199 508 2226 quemcunque
527 2199 602 2216 nsum
621 2190 756 2227 pertinens
777 2189 913 2226 (species.)
934 2200 954 2216 c.
971 2191 995 2217 l.
1013 2189 1045 2216 de
1064 2199 1117 2216 mo-

276 2232 366 2270 nopol.
390 2234 414 2258 4.
436 2234 474 2259 16.
512 2231 605 2259 Victus
625 2237 651 2258 et
668 2236 765 2263 vestes,
789 2241 810 2257 S.
830 2233 949 2258 vestitus.
974 2232 1003 2259 fr.
1025 2234 1064 2259 18.
1085 2232 1117 2259 de

277 2285 348 2313 oper.
369 2274 454 2301 libert.
473 2276 514 2302 38.
531 2277 552 2301 1.
573 2274 601 2301 fr.
616 2276 656 2301 43.
671 2284 727 2311 sqq.
747 2274 779 2301 dc
795 2273 825 2301 V.
841 2274 867 2301 S.
888 2276 929 2301 50.
946 2277 984 2301 16.
1004 2275 1116 2307 Victum,

277 2318 319 2345 vel
339 2323 447 2344 stratum
467 2318 604 2350 (inferre.)
625 2317 655 2344 fr.
675 2319 717 2344 34.
738 2317 770 2344 de
790 2327 817 2344 re
837 2317 889 2344 iud.
908 2320 949 2344 42.
971 2319 992 2343 l.
1025 2317 1117 2344 Victus

277 2360 423 2398 quotidiani
443 2370 518 2386 causa
539 2361 636 2393 (emere
656 2360 740 2397 quid.)
761 2360 790 2387 fr.
805 2362 828 2387 6.
848 2361 869 2394 §.
883 2362 907 2388 3.
928 2360 960 2387 de
980 2360 1023 2387 olf.
1044 2360 1117 2386 l'rnc.

278 2409 304 2430 et
317 2403 378 2439 Leg.
395 2405 415 2429 l.
433 2405 470 2429 16.
491 2402 542 2429 Vix
562 2402 594 2429 de
614 2413 661 2430 suo
682 2404 779 2429 victum
798 2404 930 2430 sustinere.
949 2413 1036 2440 posse.
1050 2403 1080 2430 fr.
1094 2405 1117 2429 6.

279 2457 317 2484 pr.
338 2445 370 2472 de
390 2456 458 2473 mun.
483 2451 508 2472 et
533 2445 592 2472 hou.
617 2448 658 2472 50.
678 2448 702 2472 4.
727 2445 776 2472 Th.
797 2446 828 2473 C.
847 2446 917 2473 Xlll.
938 2448 960 2473 1.
985 2456 1005 2472 c.
1026 2448 1066 2472 lt).
1086 2445 1119 2472 de

279 2489 354 2516 lustr.
374 2488 434 2515 coll.

314 2532 438 2558 Vicus.
463 2531 493 2564 ξ.
513 2532 548 2557 1.
574 2532 736 2558 Collectio
755 2533 1006 2567 aedificiorum,
1026 2538 1119 2558 extra

281 2576 428 2608 oppidum
447 2575 638 2607 punitorum.
670 2573 713 2600 111.
734 2575 799 2601 Gn.
819 2574 963 2612 Oppidum.
978 2591 1010 2595 —
1027 2574 1119 2606 Villae,

281 2620 308 2641 ct
326 2617 375 2642 viri
396 2621 443 2643 etc.
464 2616 507 2643 Cf.
526 2626 548 2642 V.
569 2616 711 2653 Oppidum.
732 2616 869 2648 Civitates,
893 2622 918 2643 et
937 2618 995 2649 vici,
1019 2622 1044 2644 et
1063 2618 1120 2644 viae.

282 2662 330 2683 etc.
351 2658 380 2683 fr.
395 2660 418 2684 6.
434 2669 472 2696 pr.
486 2658 518 2685 de
532 2658 555 2685 h.
577 2660 620 2696 qui
640 2659 721 2686 deiec.
736 2662 758 2686 9.
772 2662 796 2686 3.
817 2659 889 2686 Vicis
909 2660 991 2695 legata
1011 2659 1120 2697 perinde

282 2699 362 2726 licere
382 2710 481 2737 capere,
506 2707 583 2738 atque
604 2702 760 2729 civitatibus.
787 2702 817 2730 fr.
838 2704 878 2729 73.
904 2703 925 2736 ξ.
947 2705 968 2729 l.
993 2703 1025 2729 de
1045 2703 1118 2739 legat.

282 2742 300 2768 1.
321 2742 386 2775 (530.)
408 2742 448 2769 Cf.
469 2755 492 2770 v.
507 2745 614 2771 CivitaS.
635 2745 656 2778 §.
670 2747 693 2771 4.
719 2744 845 2771 Primates
864 2745 976 2777 urbium,
995 2746 1119 2777 vicorum,

283 2783 509 2821 castellorumque.
529 2787 578 2814 Th.
594 2787 624 2814 C.
641 2787 693 2814 Vll.
710 2789 748 2814 18.
763 2798 784 2814 c.
802 2790 839 2814 13.
854 2787 886 2814 de
900 2787 1026 2815 desertor.
1056 2788 1120 2815 Cor·
1140 2800 1142 2807 ·

283 2837 339 2863 pus.
358 2826 399 2853 vol
413 2828 493 2859 vicus,
508 2829 546 2855 vel
565 2829 612 2856 alia
631 2831 795 2857 universitas.
816 2841 836 2858 c.
847 2832 870 2857 2.
885 2831 908 2865 ξ
919 2833 942 2858 5.
963 2831 995 2858 de
1013 2832 1117 2858 iureiur.

1007 173 1084 206 VIC
1096 192 1139 197 —

1151 173 1239 204 VID.

1150 265 1188 293 pr.
1203 254 1250 282 cal.
1263 256 1287 282 2.
1301 256 1343 281 59.
1363 254 1522 284 functiones
1541 267 1641 289 omnes,
1662 267 1726 294 quas
1745 259 1928 286 metrocomiae
1947 259 1992 286 de-

1150 299 1222 331 bent,
1242 303 1268 325 et
1286 297 1386 336 publici
1405 300 1454 325 vici
1474 299 1577 328 debent.
1604 300 1653 327 Th.
1675 300 1705 328 C.
1724 300 1770 328 XI.
1781 303 1823 328 24.
1843 312 1863 328 c.
1884 303 1907 328 6.
1927 302 1949 335 ξ.
1968 304 1992 329 6.

1151 341 1184 368 de
1202 346 1300 379 patroc.
1314 342 1396 368 vicor.
1416 341 1474 368 Vici
1488 343 1585 369 civitati
1604 343 1698 376 relicti,
1718 345 1763 380 qui
1782 345 1905 382 proprios
1925 344 1992 371 fines

1151 384 1290 411 habebant.
1310 383 1339 411 fr.
1361 386 1401 411 77.
1421 385 1443 419 ᾗ.
1456 386 1498 412 33.
1518 385 1550 412 de
1569 385 1644 423 legat.
1659 386 1688 414 11.
1708 388 1776 419 (31.)
1796 397 1817 414 c.
1836 388 1860 414 8.
1880 387 1913 413 de
1932 388 1994 415 inst.

1152 433 1178 454 et.
1196 427 1281 454 subst.
1305 428 1330 454 6.
1349 429 1390 454 25.
1434 428 1487 464 Qui
1507 438 1539 455 cx
1558 430 1615 455 vico
1635 435 1708 456 ortus
1729 435 1781 462 est,
1805 440 1860 456 cam
1884 431 1994 468 patriam

1153 470 1308 507 intelligitur
1324 470 1430 502 hahere,
1454 472 1495 498 cui
1514 471 1615 509 reipub.
1636 473 1708 500 vicus
1728 472 1773 499 ille
1791 472 1943 510 respondet.
1963 472 1994 499 fr.

1152 515 1193 540 30.
1213 512 1246 539 ad
1265 514 1386 551 municip.
1407 516 1449 540 50.
1469 516 1491 540 1.
1522 514 1569 541 Iul.
1590 525 1630 552 ep.
1650 525 1708 542 noV.
1734 525 1754 542 c.
1774 517 1815 542 82.
1840 516 1862 550 §.
1881 516 1942 542 309.
1961 531 1995 535 —

1154 557 1185 591 ξ.
1204 557 1241 583 2.
1270 558 1376 583 Series
1400 559 1633 584 continentium
1660 560 1800 590 aedium,
1827 560 1918 585 intra
1943 568 1995 585 ur-

1153 603 1223 627 bem.
1251 598 1294 626 111.
1309 601 1374 628 οη.
1393 599 1523 636 Quolibet
1542 599 1610 633 loco,
1624 602 1696 628 —in
1715 601 1831 638 publico,
1851 602 1995 639 privatove,

1153 642 1194 669 vel
1213 643 1240 669 in
1259 643 1326 669 vico.
1346 643 1377 670 fr.
1396 646 1420 670 2.
1440 643 1462 677 §.
1481 644 1505 670 5.
1526 642 1559 669 de
1578 643 1602 670 h.
1623 645 1668 681 qui
1687 649 1740 671 not.
1760 644 1806 671 inf.
1824 645 1851 671 3.
1870 646 1894 672 2.
1920 644 1951 671 fr.
1971 646 1996 670 4.
2051 666 2053 670 .

1154 686 1176 720 §.
1198 687 1220 712 l.
1240 684 1273 712 dc
1291 685 1378 712 Aedil.
1398 685 1475 712 edict.
1495 687 1537 713 21.
1559 688 1582 712 l.

1188 728 1386 756 Videlicet.
1405 728 1517 762 (Advb.)
1536 729 1568 762 §.
1580 730 1615 756 1.
1635 731 1737 762 Certe,
1752 731 1922 757 Nimirum.
1953 730 1997 757 111.

1155 772 1222 799 Gn.
1242 771 1338 798 Testes
1356 781 1456 803 omueS,
1475 771 1552 798 videl.
1571 772 1649 799 simul
1669 788 1700 793 —-
1719 772 1842 799 scribere.
1862 784 1883 800 c.
1895 775 1937 800 21.
1956 782 1996 810 pr.

1155 813 1188 841 de
1201 819 1303 841 testam.
1317 815 1341 841 6.
1353 816 1395 841 23.
1425 814 1460 841 Et.
1472 814 1522 841 hoc
1536 815 1586 842 vid.
1600 815 1726 852 gradatim
1740 816 1806 847 fieri,
1826 821 1854 842 ut
1867 820 1916 842 etc.
1937 826 1958 843 c.
1972 817 1997 842 5.

1156 857 1189 883 de
1207 856 1238 884 V.
1258 857 1285 884 S.
1305 858 1329 884 6.
1348 858 1388 884 38.
1418 857 1490 893 Quid
1510 863 1595 885 tamen
1614 859 1637 885 si
1657 858 1723 885 etc?
1751 857 1835 885 Videt.
1855 858 1998 891 tenebitur,

1155 899 1260 938 decepit
1279 901 1347 927 enim
1367 905 1416 927 etc.
1436 900 1466 928 fr.
1479 903 1504 928 9.
1523 902 1544 935 §.
1562 904 1582 928 l.
1602 901 1678 928 locat.
1700 902 1739 928 19.
1758 903 1783 928 2.
1803 901 1842 928 lbi
1862 901 1926 933 dari,
1945 902 1999 928 tuis

1155 942 1206 970 vid.
1227 943 1366 970 sumtibus.
1386 943 1416 970 sr.
1436 945 1460 970 4.
1480 944 1501 978 §.
1522 946 1545 971 5.
1565 944 1598 971 de
1617 944 1727 971 edendo.
1747 946 1771 971 2.
1792 945 1831 972 13.
1851 944 1900 971 tllo
1920 944 1998 971 videl.

1155 985 1328 1018 observando,
1349 991 1378 1013 ut
1397 992 1446 1013 etc.
1466 997 1488 1013 c.
1508 988 1532 1013 7.
1551 986 1584 1014 de
1603 987 1710 1024 aquaed.
1732 989 1772 1014 ll.
1791 989 1832 1014 42.
1853 1000 1884 1005 -·
1910 987 1941 1021 ὃ.
1962 988 1999 1015 2.

1158 1031 1301 1056 Scilicet.
1338 1028 1382 1055 Ill.
1407 1030 1474 1057 Gn.
1501 1029 1620 1067 Repellit
1639 1030 1762 1062 Praetor,
1785 1029 1836 1057 vid.
1858 1029 1929 1067 quod
1949 1034 1998 1057 etc.

1155 1071 1185 1098 fr.
1207 1073 1229 1097 l.
1248 1072 1271 1105 ξ.
1290 1073 1314 1097 5.
1336 1071 1368 1098 dc
1387 1072 1486 1109 postul.
1505 1074 1530 1099 3.
1552 1074 1572 1100 1.
1604 1073 1807 1105 constituimus,
1826 1073 1877 1100 vid.
1897 1083 1930 1099 ne
1950 1077 1998 1100 etc.

1156 1113 1206 1141 Th.
1227 1114 1257 1141 C.
1277 1114 1322 1141 IX.
1341 1116 1384 1141 24.
1405 1125 1427 1141 c.
1446 1117 1471 1142 2.
1491 1114 1524 1142 de
1543 1120 1620 1153 raptu
1638 1117 1717 1152 virgg.
1746 1116 1857 1148 Placuit,
1877 1132 1909 1136 —
1929 1115 2000 1152 quod

1155 1156 1233 1183 videl.
1255 1162 1304 1184 etc.
1324 1157 1354 1184 fr.
1373 1159 1416 1184 30.
1442 1158 1463 1191 §.
1486 1160 1507 1185 1.
1527 1158 1559 1185 de
1579 1164 1693 1185 excusat.
1711 1161 1753 1186 27.
1774 1161 1796 1186 1.
1836 1158 1922 1186 videl.
1942 1169 2000 1186 cum

1133 1226 1134 1233 ἵ
1156 1204 1205 1227 etc.
1227 1199 1268 1227 Pr.
1287 1200 1306 1227 I.
1327 1200 1359 1227 de
1378 1200 1409 1227 B.
1428 1199 1457 1227 P.
1476 1202 1500 1228 3.
1522 1203 1562 1228 10.

1191 1243 1342 1270 Videre.
1375 1244 1406 1277 §.
1425 1245 1460 1271 1.
1493 1245 1608 1271 Oculis
1635 1245 1826 1278 conspicere.
1866 1244 1909 1270 III.
1933 1246 2000 1272 Cn.

1157 1285 1186 1312 Si
1205 1285 1300 1312 viderit
1319 1291 1433 1319 tantum,
1457 1288 1573 1323 quamvis
1593 1286 1735 1324 prohibere
1754 1296 1806 1313 non
1825 1288 1948 1324 potuerit.
1969 1287 2000 1314 fr.

1156 1330 1180 1355 4.
1203 1338 1242 1365 pr.
1262 1327 1294 1355 de
1314 1339 1373 1356 nox.
1394 1334 1443 1356 act.
1463 1332 1486 1356 9.
1506 1332 1530 1356 4.
1550 1329 1663 1365 Insignia
1683 1330 1849 1366 magistratus
1868 1330 1957 1357 videre
1976 1335 2002 1357 et

1157 1372 1271 1398 revereri
1290 1382 1342 1398 non
1362 1382 1443 1409 posse
1462 1373 1511 1405 (sc.
1531 1373 1657 1405 caecum.)
1677 1372 1707 1399 fr.
1731 1374 1751 1399 1.
1771 1373 1792 1406 §.
1807 1374 1831 1398 5.
1852 1372 1884 1399 de
1902 1373 2000 1410 postul.

1156 1416 1181 1441 3.
1202 1416 1224 1440 l.
1247 1431 1275 1435 —
1298 1414 1329 1448 ξ.
1349 1416 1385 1442 Β.
1405 1417 1608 1450 Intelligere,
1629 1417 1838 1451 Cognoscere.
1875 1415 1919 1443 111.
1934 1417 2000 1444 Gn.

1159 1458 1244 1493 Quam
1264 1459 1421 1485 sententiam
1441 1463 1466 1485 et
1485 1458 1526 1485 his
1546 1458 1710 1496 temporibus
1729 1459 1810 1495 magis
1830 1459 1949 1486 obtinere
1967 1460 2002 1486 vi-

1158 1500 1215 1527 deo.
1236 1500 1293 1527 Gai.
1313 1500 1343 1527 ll.
1362 1503 1421 1528 2250.
1440 1501 1484 1528 Ius
1503 1501 1621 1528 naturale
1640 1506 1689 1533 est,
1713 1501 1783 1538 quod
1803 1506 1852 1528 etc.
1877 1519 1908 1523 -
1933 1502 2003 1529 vide-

1158 1553 1215 1570 mus
1236 1544 1332 1570 etenim
1352 1548 1400 1570 etc.
1425 1543 1455 1570 fr.
1477 1545 1499 1571 1.
1523 1544 1544 1578 §.
1564 1546 1588 1571 3.
1615 1544 1647 1571 de
1666 1544 1684 1571 1.
1704 1549 1729 1570 et
1749 1544 1767 1570 1.
1789 1546 1811 1571 1.
1832 1546 1855 1572 l.
1884 1544 2003 1572 Consen-

1158 1591 1262 1613 taneum
1281 1591 1330 1619 est,
1349 1602 1381 1606 ——
1401 1597 1450 1614 nec
1468 1586 1556 1613 videre
1577 1586 1620 1621 [al.
1639 1586 1763 1620 videtum]
1787 1588 1872 1624 inquit
1891 1587 2002 1625 Pompo-

1157 1631 1226 1661 nius,
1244 1639 1324 1666 quare
1343 1634 1391 1656 etc.
1411 1629 1441 1656 fr.
1458 1631 1497 1656 19.
1513 1630 1534 1664 ξ.
1551 1631 1574 1656 4.
1591 1640 1682 1657 comm.
1702 1630 1752 1657 div.
1770 1632 1810 1657 10.
1823 1632 1847 1657 3.
1866 1647 1898 1650 —
1919 1631 1950 1665 §.
1964 1633 2001 1658 3.

1159 1674 1336 1707 Dispicere.
1370 1672 1387 1699 1.
1402 1674 1463 1707 Sy.
1484 1672 1632 1710 Dispicere,
1653 1672 1785 1700 Tractare.
1806 1673 1862 1700 Gai.
1882 1673 1939 1700 18.
1960 1676 1996 1700 12.

1159 1717 1215 1742 124.
1235 1725 1275 1752 sq.
1297 1717 1353 1742 142.
1378 1725 1417 1752 sq.
1438 1715 1467 1742 11.
1491 1717 1546 1742 191.
1587 1716 1630 1742 111,
1655 1717 1722 1744 Cn.
1749 1715 1929 1749 Ostendimus,
1956 1718 2001 1754 qui

1157 1764 1272 1796 possunt
1291 1763 1340 1784 etc.
1356 1775 1385 1778 —
1401 1768 1469 1784 nunc
1488 1758 1621 1785 videamus
1641 1764 1690 1785 etc.
1711 1759 1740 1785 fr.
1761 1761 1780 1785 1.
1796 1760 1817 1793 §.
1832 1761 1854 1786 5.
1875 1759 1907 1786 de.
1927 1769 1992 1797 susp

1159 1807 1206 1828 tut.
1225 1803 1267 1828 26.
1284 1803 1324 1827 10.
1344 1800 1400 1828 Gai.
1420 1801 1438 1827 1.
1452 1803 1494 1828 50.
1514 1801 1568 1828 Sed
1586 1803 1660 1839 prius
1680 1801 1812 1829 videamus
1832 1802 1864 1829 de
1883 1807 1930 1829 etc.
1963 1802 2000 1830 Id.

1158 1845 1176 1871 1.
1195 1846 1219 1872 8.
1243 1843 1274 1870 11.
1293 1845 1352 1870 246.
1372 1854 1412 1881 sq.
1436 1844 1477 1871 111.
1497 1846 1539 1872 88.
1559 1855 1598 1882 sq.
1626 1845 1726 1882 Atquin
1746 1855 1835 1872 verum
1855 1850 1903 1877 est,
1924 1862 1955 1865 —
1977 1851 2002 1872 et

1158 1893 1243 1914 tamen
1266 1887 1414 1919 videamus,
1439 1902 1471 1907 —
1496 1888 1559 1924 quid
1583 1888 1700 1914 dicemus
1723 1893 1770 1915 etc.
1798 1888 1827 1915 fr.
1851 1890 1875 1916 3.
1901 1889 1933 1916 de
1958 1888 2001 1915 off.

1158 1931 1243 1958 Praet.
1265 1932 1286 1957 1.
1308 1932 1347 1957 l-t.
1368 1929 1448 1965 Quod
1467 1931 1511 1963 ait,
1532 1947 1561 1952 -
1582 1931 1659 1968 quale
1678 1932 1722 1963 sit,
1741 1930 1889 1958 videndum.
1919 1931 2002 1958 Vatic.

1135 1972 1137 2004 ξ
1158 1975 1180 2008 §.
1195 1975 1235 2000 86.
1254 1972 1403 2000 Videndum
1418 1978 1466 2000 etc.
1488 1990 1518 1994 —
1540 1974 1610 2011 quod
1630 1974 1767 2012 adparcbit
1783 1984 1814 2001 ex
1828 1978 1876 2000 etc.
1897 1973 1928 2000 fr.
1944 1975 2001 2001 166.

1160 2027 1198 2055 pr.
1219 2016 1252 2043 de
1275 2015 1305 2043 V.
1326 2015 1353 2042 S.
1374 2018 1415 2042 50.
1438 2018 1476 2042 16.
1509 2016 1585 2044 Nunc
1603 2017 1743 2044 videndum
1763 2022 1812 2048 est,
1832 2016 1894 2053 quid
1914 2018 2002 2044 veniat

1160 2065 1209 2086 etc.
1230 2059 1259 2086 fr.
1270 2061 1294 2086 5.
1314 2059 1336 2093 ξ.
1350 2060 1374 2085 2.
1395 2059 1524 2086 commod.
1548 2062 1584 2086 13.
1599 2061 1622 2086 6.
1647 2060 1689 2086 An
1709 2076 1740 2080 —
1758 2060 1861 2098 possit?
1880 2060 2000 2086 variatur.

1137 2120 1139 2135 .
1160 2102 1310 2172 νίιὶὲιιῃιιε,
1331 2112 1362 2128 ne
1382 2112 1434 2128 non
1454 2103 1548 2140 possit.
1567 2102 1650 2130 Vatic.
1675 2103 1712 2137 §§.
1732 2104 1834 2136 49.;›5.
1858 2102 1888 2129 fr.
1908 2103 1948 2129 88.
1969 2102 2001 2129 de

1137 2161 1139 2165 κ
1160 2145 1192 2173 N.
1241 2167 1245 2172 .
1264 2147 1288 2172 3.
1308 2147 1332 2172 5.

1195 2188 1337 2216 Viden-i.
1375 2189 1406 2222 ξ.
1426 2190 1461 2216 1.
1490 2190 1605 2215 Palam
1631 2190 1791 2222 conspici,
1819 2189 1867 2214 vel
1893 2190 1999 2222 depre-

1138 2249 1140 2260 ‚
1161 2233 1261 2258 ltendi.
1298 2231 1341 2258 111.
1367 2232 1433 2258 Cn.
1458 2229 1513 2256 Nec
1531 2231 1683 2258 meridianis
1702 2230 1774 2258 horis
1794 2241 1806 2256 a
1824 2229 2002 2266 litigatoribus

1162 2274 1262 2301 iudices
1281 2274 1425 2301 videantur.
1450 2273 1500 2300 Th.
1521 2273 1551 2301 C.
1578 2274 1596 2301 Ι,
1615 2276 1639 2301 8.
1665 2284 1685 2301 c.
1707 2276 1728 2300 1.
1752 2273 1784 2300 de
1808 2273 1851 2299 off.
1875 2273 1927 2301 iud.
1954 2275 2000 2301 civ.

1163 2318 1216 2353 Qui
1235 2318 1283 2344 visi
1304 2322 1377 2343 erant
1396 2316 1437 2343 vel
1457 2316 1609 2349 consulere,
1631 2316 1672 2343 vel
1692 2326 1820 2343 exercerc.
1858 2316 1927 2343 Colt.
1946 2316 1999 2344 LL.

1162 2360 1196 2387 M.
1215 2359 1272 2386 XV.
1292 2362 1316 2386 2.
1353 2360 1412 2386 Etsi
1436 2361 1540 2386 nomina
1564 2370 1653 2386 eorum
1676 2359 1818 2385 matriculis
1843 2359 1999 2387 militaribus

1163 2403 1254 2430 referri
1273 2402 1410 2429 videantur
1428 2407 1478 2429 cte.
1492 2413 1513 2429 c.
1530 2403 1568 2429 16.
1588 2402 1620 2429 de
1635 2401 1708 2428 milit.
1729 2407 1829 2428 testam.
1848 2404 1872 2429 6.
1885 2404 1927 2429 21.
1947 2402 2000 2430 Seu

1140 2463 1141 2482 3
1163 2447 1230 2472 intra
1249 2445 1349 2477 urbem,
1368 2455 1416 2472 seu
1434 2446 1461 2472 in
1481 2445 1636 2472 suburbanis
1656 2454 1714 2470 csse
1732 2444 1876 2471 videantur.
1898 2444 1948 2472 Th.
1968 2445 1999 2473 C.

1163 2488 1233 2515 XVI.
1246 2492 1270 2515 5.
1291 2499 1312 2515 c.
1329 2490 1367 2515 19.
1387 2487 1419 2514 de
1438 2488 1534 2514 haeret.
1555 2503 1585 2507 —-
1605 2488 1636 2520 ὃ.
1650 2488 1734 2514 1.Α.
1755 2489 1921 2518 Constare,
1936 2490 2000 2515 Ex-

1163 2538 1262 2558 stare.
1303 2531 1346 2558 lll.
1368 2532 1434 2559 Cn.
1458 2530 1537 2566 Quid.
1558 2534 1583 2555 et
1603 2531 1628 2556 in
1648 2540 1696 2566 qua
1717 2531 1813 2567 specie,
1834 2547 1863 2551 —-
1883 2531 2001 2558 videatur

1163 2576 1305 2611 accepisse,
1325 2573 1487 2611 (specialiter
1505 2573 1672 2603 rescribere.)
1691 2572 1726 2599 lb.
1746 2567 1803 2599 XII).
1823 2574 1846 2599 6.
1866 2584 1887 2599 c.
1910 2574 1948 2599 18.
1968 2573 2000 2600 de

1163 2622 1310 2654 susceptor.
1349 2618 1423 2653 Quae
1442 2615 1504 2641 olim
1524 2615 1644 2642 videntur
1662 2615 1769 2642 indulta.
1790 2615 1825 2642 lb.
1845 2615 1914 2642 XVI.
1934 2619 1958 2642 2.
1978 2627 1998 2643 c.

1162 2662 1202 2687 30.
1224 2659 1256 2686 dc
1276 2661 1356 2697 episc.
1376 2658 1439 2685 cccl.
1462 2658 1502 2685 Ex
1522 2668 1571 2694 qua
1591 2659 1640 2691 (sc.
1661 2659 1778 2694 regione)
1798 2658 1933 2685 videantur
1951 2661 2001 2686 ori-

1163 2702 1233 2730 undi.
1263 2703 1299 2729 lb.
1319 2703 1351 2729 X.
1373 2703 1414 2728 19.
1435 2711 1456 2728 c.
1480 2703 1517 2727 15.
1538 2701 1570 2727 de
1589 2700 1685 2727 metali.
1713 2701 1755 2727 Cf.
1776 2700 1841 2728 Nov.
1855 2700 1904 2728 Th.
1918 2701 1946 2728 11.
1967 2702 2000 2728 de

1164 2750 1242 2772 amot.
1254 2745 1328 2772 milit.
1340 2745 1358 2771 1.
1369 2746 1393 2770 9.
1410 2754 1430 2770 c.
1441 2746 1465 2770 2.
1481 2744 1502 2777 ξ.
1513 2746 1536 2770 2.
1550 2760 1579 2764 —
1591 2745 1622 2778 §.
1634 2745 1668 2770 ᾖ.
1688 2745 1858 2778 Αᾶρανενε,
1877 2746 1998 2778 Accipi,

1163 2790 1291 2816 Hateri.
1330 2787 1348 2813 1.
1368 2790 1429 2821 Sy.
1449 2787 1551 2824 Accipi‚
1572 2786 1640 2817 Dici,
1658 2786 1734 2818 Esse,
1754 2786 1859 2818 Habe-ri,
1879 2786 1998 2822 Intelligi.

1163 2831 1206 2859 Cf.
1221 2841 1242 2858 ν.
1260 2831 1395 2867 Accipere.
1412 2831 1433 2865 ς’.
1450 2832 1473 2857 5.
1491 2840 1513 2857 v.
1529 2829 1639 2857 Habere.
1656 2829 1678 2863 ξ.
1694 2831 1718 2856 5.
1735 2839 1756 2856 v.
1772 2829 1926 2866 Intelligere.
1942 2829 1962 2862 ξ.
1973 2831 1997 2855 2.
