2197 3121
1024 155 1116 185 PAT.

199 241 398 268 conventionem
423 239 491 276 apud
515 244 614 276 patrem
638 243 757 264 nostrum
781 238 835 264 iura
856 237 925 264 filiae
945 247 1031 263 conse-

199 288 258 310 cuta
278 288 324 310 est.
345 283 401 310 Gai.
421 282 463 309 111.
484 284 524 309 14.
562 281 621 308 Filii
646 280 776 312 defuncti,
801 282 845 317 qui
864 281 905 306 sui
924 279 1034 306 heredes

197 327 266 364 patri
286 342 317 345 —
338 331 417 353 erant.
443 325 473 352 fr.
492 327 533 352 45.
558 325 579 358 5.
599 326 622 350 2.
648 323 680 350 de
700 323 731 349 N.
752 323 783 350 G.
802 326 826 350 3
846 325 869 350 5.
907 322 935 348 Si
961 327 1035 359 pater

198 369 280 395 filium
301 374 340 395 ter
359 378 452 395 venum
472 367 536 400 duit.
555 367 625 393 silius
641 378 654 392 a
674 372 747 404 patre
766 366 834 392 liber
850 366 919 392 esto!
939 365 996 391 Gai.
1016 365 1034 391 I.

198 413 256 438 132.
277 411 337 449 Ylp.
357 411 389 438 X.
411 413 432 438 l.
469 410 508 442 Is,
533 420 609 446 quem
629 414 703 446 pater
722 420 749 435 ea
769 409 825 445 lege
844 409 973 445 mancipio
993 408 1036 434 de-

198 454 250 486 dit,
275 459 303 481 ut
322 454 373 480 sibi
397 454 595 490 remancipetur.
624 453 680 479 Gai.
702 452 718 478 Ι.
740 454 796 478 140.
817 451 848 478 cf.
868 453 925 477 132.
950 451 991 477 III.
1011 452 1034 477 6.

197 496 259 534 Ylp.
278 496 374 523 XXIII.
392 498 415 522 3.
454 496 613 523 Comminari
638 501 663 522 et
687 500 784 521 terrere
807 493 906 525 filium.
930 504 943 519 a
962 498 1036 530 patre

198 539 322 566 oblatum.
352 539 382 566 fr.
403 540 426 565 9.
454 539 475 572 5.
499 540 524 565 3.
548 538 580 565 de
604 539 647 565 off.
673 538 748 564 Proe.
774 542 800 563 et
817 536 878 572 Leg.
901 538 922 562 l.
944 538 982 562 16.
1003 552 1034 556 -—

196 582 229 615 ξ.
242 584 280 608 4.
299 584 534 616 Praepositus,
555 582 752 617 Praefectus
774 581 920 609 (saeris.)
942 579 959 606 I.
974 580 1034 613 Sy.

196 624 337 662 Episcopi.
366 624 464 650 Patres.
489 635 510 651 c.
530 626 553 650 8.
574 634 612 661 pr.
633 624 665 650 (le
684 624 780 650 haeret.
802 624 823 648 l.
843 625 868 649 5.
905 622 947 649 111.
969 624 1034 650 Cn.

197 667 294 699 Hiemi,
314 672 339 693 et
353 667 559 703 archisynagogi,
580 672 605 693 et
618 672 705 704 patres
720 675 916 701 synagogarum.
937 670 962 691 et
981 675 1035 691 cae-

196 711 247 736 teri
267 711 310 746 qui
329 711 469 746 synagogis
490 709 649 736 deserviunt.
670 709 718 735 Th.
739 708 770 735 C.
790 708 859 734 XVI.
880 712 903 734 ὅ,
925 718 945 734 c.
965 710 988 734 4.
1003 708 1035 734 de

196 752 252 779 Iud.
268 769 298 773 —-
319 754 349 786 §-
365 755 402 779 5.
425 754 558 778 Titulus
577 754 775 779 honorarius
794 758 858 778 tam
874 753 1034 785 patricio-

196 805 277 827 rum,
298 805 392 830 quam
413 797 618 827 Senatorum,
640 801 669 821 et
688 796 905 821 decurionum.
934 793 952 820 Ι,
973 795 1034 828 Sy·

196 837 315 870 Patricii⁷
335 838 491 869 Senatores.
511 837 608 864 Patres.
634 837 690 863 Gai.
711 837 729 864 1.
748 839 772 863 3.
798 837 828 863 [Γ.
848 839 873 863 2,
893 837 929 871 55.
950 838 973 862 8.
994 838 1034 862 12,

196 881 229 907 de
249 880 282 907 Ο.
302 881 319 907 1.
341 883 363 907 l.
382 883 406 907 2.
427 880 456 907 [Γ.
476 882 534 907 238.
555 891 593 918 pr.
614 880 646 906 de
666 880 696 906 V.
718 880 745 906 S.
765 882 805 906 50.
822 882 860 906 16.
880 880 901 914 5.
921 881 944 905 4.
964 879 982 905 I.
1003 879 1035 905 de

196 923 215 950 I.
236 923 268 950 N
290 926 311 950 l.
331 926 354 950 2.
392 923 422 950 ll.
438 926 505 958 Op.
525 923 623 950 Patres.
639 940 669 943 —
690 923 776 949 Plebs.
798 922 826 949 [ι’.
846 924 870 949 2.
891 923 928 956 55.
949 923 972 948 S.
994 923 1033 948 12.

195 968 237 992 20.
257 968 298 992 25.
319 976 378 1003 sqq.
399 966 431 993 de
445 966 508 993 O.1.
524 968 583 993 1.·2.
621 966 656 992 III
685 967 751 994 Cn.
771 965 862 992 Patres
882 965 1035 1001 conscripti.
1056 996 1058 1008 Ι

195 1009 331 1046 (dispicite
346 1010 407 1042 etc.)
427 1009 456 1036 fr.
469 1011 510 1035 22.
531 1009 563 1035 de
582 1008 670 1035 hered.
690 1014 742 1046 pet.
756 1011 780 1035 5.
793 1011 817 1035 3.
838 1008 920 1035 Vatic.
941 1009 962 1041 5.
978 1009 1034 1033 158.

196 1051 288 1078 Patres
317 1053 450 1078 civitatum
478 1051 673 1078 aedItieationes
698 1051 817 1089 pubIIcas
842 1061 934 1087 cogere
957 1051 1036 1077 debet

196 1097 357 1121 constituere
376 1096 423 1127 (sc.
444 1094 573 1128 Praeses.)
593 1095 639 1121 Iul.
660 1105 699 1132 ep.
721 1104 779 1120 nov.
800 1105 821 1121 c.
840 1096 881 1120 21.
901 1095 922 1128 5.
942 1095 982 1120 69.
1005 1110 1033 1114 —

195 1138 227 1171 ᾖ.
249 1139 287 1164 6.
316 1139 448 1164 Titulus
472 1140 554 1169 eius.
581 1140 638 1173 qui
663 1140 747 1164 inter
767 1143 921 1172 parentes
942 1139 1035 1164 Prin-

195 1182 282 1214 cipis
306 1182 430 1206 relatus
457 1182 492 1211 (i.
512 1191 531 1207 e.
554 1183 722 1215 patricius
740 1182 875 1217 factus)
901 1186 955 1206 est.
992 1179 1034 1206 III.

195 1224 261 1250 Cn.
281 1223 366 1258 Quem
387 1222 437 1249 sibi
457 1228 557 1260 patrem
577 1223 655 1259 elegit
675 1223 860 1260 (Imperatoria
880 1222 1034 1255 celsitudo.)
1056 1225 1058 1254 J

195 1265 216 1299 5.
236 1266 259 1291 4.
288 1265 306 1291 Ι.
327 1265 379 1300 Qu.
404 1265 473 1292 mod.
498 1267 539 1292 ius
564 1271 618 1302 pot.
640 1269 661 1292 1.
684 1268 723 1292 12.
749 1266 780 1293 cf.
801 1265 865 1292 Nov.
886 1265 976 1292 Maior.
1004 1265 1036 1292 de
1056 1261 1058 1272 ³

195 1312 255 1334 ortu
274 1309 335 1345 imp.
356 1308 399 1335 IV.
422 1311 443 1334 1.
464 1319 484 1334 c.
506 1310 528 1334 l.
549 1324 581 1328 -—
601 1310 631 1342 §-
648 1311 680 1336 ἲ.
704 1311 836 1336 Titulus
855 1311 1035 1335 decessoris

193 1353 375 1384 Principis.
414 1351 432 1377 1.
444 1353 505 1386 Sy.
526 1351 631 1378 Parcus.
652 1351 693 1378 Cf.
713 1351 737 1378 h.
758 1362 781 1378 v.
802 1352 823 1385 5.
844 1353 866 1377 4.
904 1351 948 1377 111.
969 1353 1035 1378 Cn.
1056 1341 1058 1362 ἱ

1056 1397 1058 1406 ⁴
1079 1397 1182 1422 Avitus.
1204 1394 1245 1422 Cf.
1266 1395 1290 1421 h.
1311 1405 1334 1422 v.
1363 1395 1505 1422 Maternus.
1526 1395 1566 1422 Cf.
1587 1395 1611 1421 h.
1631 1405 1655 1421 v.
1684 1395 1745 1425 Sua.
1760 1410 1791 1414 ——
1811 1393 1921 1420 Paterna

1056 1457 1057 1470 2
1080 1441 1156 1470 (res.)
1177 1438 1226 1464 Th.
1247 1437 1278 1464 C.
1297 1438 1342 1464 XI.
1362 1441 1403 1464 20.
1424 1448 1444 1464 e.
1464 1441 1488 1464 2.
1508 1438 1541 1465 de
1560 1437 1647 1464 collat.
1668 1438 1754 1464 donat.
1792 1437 1833 1463 III.
1855 1438 1921 1464 Cn.

194 1392 262 1420 Cum
281 1393 314 1419 D.
335 1393 480 1426 Claudius,
500 1399 574 1431 pater
593 1404 678 1426 meus,
699 1395 874 1421 constituerit.
895 1404 916 1420 c.
939 1396 960 1420 1.
982 1395 1034 1429 Qui

193 1446 218 1462 n.
237 1446 310 1473 poss.
330 1436 361 1463 ad
382 1436 467 1463 libert.
488 1439 511 1463 7.
533 1439 573 1463 12.

232 1480 388 1506 Patera·
429 1481 489 1506 Vas
518 1482 651 1514 planum
683 1490 717 1506 ac
742 1486 867 1514 patens.
904 1479 947 1506 ΙΙΙ.
969 1481 1034 1507 Gn.

193 1522 270 1558 Quae
288 1522 319 1548 ad
339 1522 494 1559 poculorum
514 1523 628 1559 speciem
649 1527 795 1559 comparata
816 1528 885 1554 suut,
902 1539 934 1542 —
953 1522 1034 1549 veluti

192 1570 306 1602 paterae,
327 1565 430 1595 calices.
450 1565 553 1601 scyphi.
573 1565 671 1592 urceoli
692 1570 739 1591 etc.
759 1565 831 1591 Paul.
852 1565 893 1592 111.
913 1567 936 1592 6.
957 1567 977 1600 5.
993 1568 1034 1592 90.

195 1608 227 1634 cs.
246 1609 268 1642 5
289 1610 330 1635 86.
370 1608 455 1637 Laus.
482 1608 525 1634 vel
549 1608 653 1640 discus,
678 1608 720 1634 vel
739 1613 836 1645 patera.
857 1608 887 1634 fr.
909 1610 947 1635 19.
969 1609 989 1642 5.
1012 1611 1033 1634 l.

194 1650 227 1676 de
246 1650 306 1677 furt.
327 1652 369 1677 47.
388 1653 411 1676 2.

194 1692 285 1720 libare.
307 1703 328 1719 c.
348 1695 370 1720 7.
391 1694 424 1720 de
442 1703 532 1730 pagan.
553 1695 574 1719 l.
599 1696 636 1720 11.

232 1736 385 1763 Pau-*re-
427 1736 458 1769 ἓ.
482 1737 516 1762 1.
542 1738 695 1770 Apertum
718 1748 790 1764 esse.
827 1737 870 1763 111.
892 1739 957 1765 Gn..
982 1738 1033 1764 Eas

194 1779 309 1805 faciunto
328 1784 448 1816 pateant.
468 1788 616 1815 vacuaeque
635 1781 712 1806 sient.
734 1779 776 1806 Fr.
795 1780 824 1806 L.
845 1779 967 1806 Thoria-e.
992 1780 1032 1806 Cs.

194 1821 260 1847 Tab.
280 1821 382 1848 Hei-acl.
403 1821 446 1847 liu.
462 1823 501 1847 71.
517 1831 556 1857 sq.
577 1832 627 1848 aer.
641 1822 685 1848 ΒΓ.
703 1839 732 1842 -
753 1823 831 1856 §.2-
852 1825 888 1849 Ιη
906 1829 1034 1857 promtu

194 1875 265 1891 esse.
294 1864 337 1890 111.
353 1866 418 1891 sn·
438 1863 473 1890 Vt
493 1874 568 1900 quam
587 1865 654 1890 viam
674 1875 721 1900 ego
741 1865 870 1901 elegerim,
890 1865 953 1891 haec
972 1865 1034 1892 mihi

194 1912 288 1944 pateat.
309 1906 339 1933 fr.
358 1909 400 1933 ⁴21.
421 1908 441 1940 5.
461 1908 484 1933 6.
506 1907 556 1942 Qu.
577 1912 637 1932 met.
658 1917 678 1933 c.
695 1909 717 1933 4.
737 1910 761 1933 2.
800 1908 884 1943 Quasi
902 1908 1034 1945 publicam

195 1959 254 1976 esse
273 1949 340 1975 hauc
359 1951 496 1981 actionem,
516 1949 541 1975 h.
562 1960 582 1975 e.
603 1950 724 1975 omnibus
744 1955 840 1986 patere.
866 1950 894 1976 fr.
918 1953 940 1977 1.
967 1952 988 1985 5.
1009 1952 1032 1977 6.

194 1992 227 2018 de
246 2002 318 2029 susp.
340 1997 385 2018 tut.
403 1994 445 2018 26.
467 1994 506 2018 10.
544 1991 630 2018 Yet-b.-
651 1992 742 2025 (edicti
763 1994 824 2025 etc.)
844 1993 904 2025 late.
925 2004 948 2020 v.
963 1993 1033 2020 latis-

194 2036 267 2067 sime,
287 2040 383 2072 patere.
404 2035 433 2061 [Γ.
453 2037 494 2060 21.
515 2035 536 2068 5.
559 2037 580 2061 l.
600 2035 632 2061 de
653 2040 736 2061 coust.
756 2046 811 2072 pec.
833 2038 870 2063 13.
885 2039 908 2062 5.
929 2036 959 2063 [Γ.
976 2039 1033 2063 181,
1055 2054 1056 2061 .

1055 2092 1056 2101 1
1078 2091 1100 2107 v.
1122 2081 1226 2106 occasio
1245 2080 1432 2113 (conveniendi
1452 2081 1514 2113 etc.)
1540 2080 1576 2106 lb.
1598 2080 1667 2106 XVI.
1690 2082 1711 2106 1.
1732 2090 1752 2106 c.
1772 2081 1795 2105 4.
1816 2079 1848 2105 de
1867 2078 1920 2105 fide

194 2077 227 2104 de
245 2077 277 2104 V.
298 2077 324 2104 S.
344 2080 385 2104 50.
402 2080 439 2104 lb'.
455 2094 487 2097 -—
507 2078 538 2111 §0
550 2079 587 2104 ³.
608 2080 789 2112 Adparet-e,
809 2081 954 2114 Liquere.
992 2080 1032 2107 III.

195 2122 260 2148 Gn.
279 2120 425 2147 Vtilitatem
445 2120 521 2146 liuius
542 2120 619 2147 edicti
639 2126 736 2157 patere.
757 2121 787 2148 fr.
802 2124 823 2148 1.
838 2132 875 2160 pr.
896 2122 927 2149 dc
947 2133 1032 2150 exerc.

195 2168 244 2189 act.
268 2165 308 2190 14.
334 2166 355 2190 l.
399 2163 466 2190 Cum
494 2164 607 2200 patuerit
632 2164 696 2197 (tibi
723 2166 807 2191 soceri
836 2166 1033 2192 successionem

196 2207 363 2241 quaesitam.)
389 2217 410 2233 c.
430 2209 452 2232 5.
479 2206 510 2232 de
534 2206 622 2232 liered.
649 2211 697 2232 aet.
722 2209 746 2233 4.
773 2210 811 2233 16.
854 2208 883 2234 Si
906 2210 1033 2245 pertinaci

196 2249 281 2274 animo
305 2248 383 2276 latere
406 2250 547 2287 patuerint.
577 2249 625 2275 Th.
647 2249 677 2276 C.
697 2249 754 2276 XII.
781 2252 802 2276 1.
828 2262 850 2277 c.
871 2252 910 2277 16.
935 2251 967 2278 de
991 2251 1033 2277 de-

197 2300 295 2316 curlon.

235 2334 536 2365 Paterfamilias,
563 2345 583 2361 s.
607 2336 909 2363 Putes-samniae.
947 2338 977 2369 ς.
998 2339 1032 2364 1.

199 2378 260 2408 Qui
286 2378 432 2410 patriam
459 2384 652 2410 potestatem
680 2380 874 2414 infantilia
899 2386 1033 2405 exercet.

196 2418 214 2444 1.
230 2420 291 2452 Sy.
311 2419 363 2453 Qui
378 2418 475 2444 liberos
489 2421 514 2445 iu
528 2425 658 2456 potestate
673 2420 758 2446 habet.
779 2420 808 2446 [Γ.
823 2423 847 2446 2.
868 2422 888 2454 5.
903 2423 927 2447 2.
948 2421 977 2447 fr.
994 2424 1032 2448 15.

197 2471 236 2497 pr.
260 2462 290 2487 [ι’.
310 2463 350 2486 40.
376 2471 414 2497 pr.
440 2460 471 2486 de.
495 2461 582 2499 adopt.
604 2466 625 2489 l.
647 2466 669 2490 Τ.

196 2503 239 2530 III.
259 2505 324 2530 Gn.
344 2502 488 2533 Paterfam..
508 2506 657 2537 matert'mn..
677 2506 818 2535 filiusfam..
837 2506 959 2539 liliafam.
979 2509 1033 2544 qui-

197 2557 247 2582 que
267 2546 390 2582 deinceps
410 2547 491 2571 vicem
512 2556 600 2573 eorum
620 2554 771 2585 sequuntur.
793 2549 821 2575 [Γ.
839 2551 895 2575 195.
916 2550 936 2583 5.
957 2553 980 2576 2.
1001 2550 1032 2577 de

197 2589 229 2615 Υ.
241 2590 267 2615 S.
280 2591 320 2614 504
338 2591 374 2615 16,
396 2588 424 2614 Si
439 2588 570 2625 paterfam.
585 2589 759 2626 adrogaudum
779 2602 807 2618 se
828 2592 936 2623 dederit,
957 2592 1032 2619 liberi

197 2642 302 2668 quoque
316 2632 443 2657 eius—in
458 2636 589 2668 potestate
600 2632 666 2658 fiunt
675 2634 844 2671 adrogatoris.
865 2635 924 2672 Ylp.
934 2635 1030 2662 V111,8.

198 2691 229 2695 —
244 2676 318 2708 §.2.
337 2676 398 2706 Qui
417 2676 448 2700 in
462 2676 548 2700 domo
568 2676 658 2700 rebus
672 2679 946 2705 administrandis
965 2680 1032 2712 ipse

194 2723 338 2752 praeest,
367 2726 462 2750 neque
481 2719 623 2743 alterins
642 2719 775 2751 imperio
793 2727 893 2754 paret.
931 2720 949 2747 Ι.
970 2722 1031 2755 Sy·

198 2760 251 2795 Qui
270 2761 297 2786 in
317 2759 393 2785 domo
414 2758 556 2785 dominium
575 2758 660 2785 habet.
681 2758 710 2785 [Γ.
731 2763 787 2788 195.
807 2764 829 2796 5.
849 2765 872 2790 2.
893 2763 908 2790 l.
928 2766 969 2790 50.
991 2765 1030 2790 16.

198 2801 284 2829 Pubes
304 2807 329 2828 et
348 2801 480 2839 paterl'am.
500 2812 566 2829 esse.
604 2802 632 2828 Iu
651 2811 723 2828 suam
742 2804 848 2832 tutelam
868 2811 894 2832 et
912 2807 938 2833 in
958 2816 1030 2833 suam

1056 1631 1057 1636 .
1079 1610 1111 1637 de
1131 1610 1162 1636 N.
1184 1609 1215 1636 G.
1240 1611 1263 1636 3.
1284 1612 1307 1636 5.
1334 1609 1405 1635 Paul.
1431 1609 1461 1635 II.
1485 1611 1526 1636 27.
1551 1610 1616 1643 5.1.

450 1650 541 1677 Patera
560 1661 643 1677 aurea.
664 1651 720 1677 Gai.
735 1651 778 1678 IV.
791 1653 833 1678 37.
854 1651 955 1678 Patet-is
975 1652 1034 1678 vina
1056 1646 1057 1650 Ἰ

1856 156 1918 185 685

1079 241 1235 274 potestatem
1259 238 1420 274 pervenisse.
1447 237 1477 264 fr.
1497 239 1537 263 50.
1562 247 1601 274 pr.
1627 236 1659 263 de
1684 236 1758 272 legat.
1779 236 1820 262 llI.
1842 237 1916 269 (32.)

1080 280 1110 306 cs.
1131 280 1160 307 fr.
1174 281 1198 307 4.
1218 279 1251 306 de
1270 279 1294 306 h.
1315 290 1357 316 qu.
1378 281 1426 307 sui.
1443 282 1464 306 l.
1479 282 1502 306 6.
1540 280 1586 306 Sui
1606 281 1670 306 iuris
1685 279 1828 312 (effectus.)
1849 279 1879 305 [Γ.
1892 280 1916 304 3.

1078 323 1099 356 5.
1120 325 1142 349 4.
1163 322 1193 350 fr.
1212 324 1236 349 6.
1256 322 1285 349 [Γ.
1303 325 1346 348 20.
1365 323 1396 349 ad
1416 322 1482 349 S.C.
1502 323 1565 350 Mac.
1582 325 1620 350 14.
1638 324 1661 348 6.
1682 322 1711 348 [Γ.
1727 324 1767 348 15.
1788 323 1839 357 Qu.
1859 321 1917 347 dies

1079 365 1154 402 legat.
1180 367 1222 392 36.
1246 368 1270 392 2.

1079 409 1178 441 miliae,
1204 409 1318 444 itemque
1341 408 1543 434 materfamiliae.
1574 408 1633 445 le.
1653 407 1696 435 IV.
1719 410 1740 434 l.
1777 408 1916 434 Dominus.

1080 451 1121 478 Cf.
1141 451 1166 478 h.
1186 461 1209 477 v.
1230 452 1294 485 5.1.
1332 450 1379 477 Vir
1398 451 1518 483 (bonus.)
1544 450 1574 477 [Γ.
1595 453 1618 476 9.
1639 461 1677 488 pr.
1697 451 1719 484 5
1738 453 1761 477 2.
1783 450 1815 477 de
1835 449 1916 476 usul'r.

1080 497 1103 521 7.
1124 497 1146 521 1.
1175 494 1218 520 III.
1231 495 1296 521 Gn.
1317 493 1378 529 Quo
1392 495 1441 526 (sc.
1456 495 1585 531 tempore)
1606 495 1654 520 iam
1674 494 1766 531 pubes,
1785 492 1827 520 vel
1841 492 1917 523 tiber,

1080 537 1121 564 vel
1140 536 1274 574 paterfam.
1295 537 1403 563 effectus
1423 542 1471 563 est.
1491 537 1521 563 [ι’.
1541 539 1580 563 15.
1600 536 1632 563 dc
1645 537 1675 563 N.
1692 536 1724 564 G.
1741 539 1765 563 3.
1785 538 1809 563 5.
1829 535 1860 562 fr.
1876 536 1916 560 14.

1080 581 1131 616 Qu.
1151 585 1253 606 testam.
1274 580 1320 606 sac.
1340 589 1365 617 p.
1384 580 1426 606 28.
1448 582 1470 606 1.
1506 580 1706 616 Eumncipatus,
1730 579 1772 606 vel
1792 579 1855 605 alias
1875 588 1917 614 pa-

1080 623 1177 649 teriam.
1202 623 1294 649 factus.
1319 622 1350 649 fr.
1370 624 1392 649 1.
1417 623 1438 656 5
1458 626 1482 649 ὅ.
1502 622 1534 649 de
1554 623 1583 648 B.
1604 623 1632 649 P.
1652 633 1672 649 s.
1693 628 1710 649 t.
1730 625 1771 649 37.
1793 624 1832 648 ll.
1869 620 1918 647 Pu-

1079 666 1160 703 pillus
1180 666 1313 703 patet-sam.
1333 665 1363 692 fr.
1386 667 1442 692 195.
1463 666 1484 699 5.
1504 668 1528 692 2.
1549 665 1580 692 de
1600 665 1630 692 V.
1651 666 1677 692 S.
1698 667 1738 692 50.
1757 667 1793 691 16.
1830 664 1919 691 Debet

1080 720 1168 739 omne.
1193 708 1264 745 quod
1292 708 1403 745 diligens
1427 709 1560 746 paterfam.
1581 710 1606 735 iu
1630 719 1676 735 sua
1696 708 1773 735 domo
1793 708 1868 737 facit.
1892 711 1919 733 et

1080 754 1137 789 ipse
1157 752 1248 778 facere.
1269 751 1298 777 [Γ.
1319 752 1360 777 65.
1380 761 1419 788 pr.
1440 751 1472 777 de
1492 751 1572 778 ususr.
1593 754 1616 778 7.
1638 754 1659 777 1.
1680 751 1750 778 Paul.
1765 751 1782 777 1.
1799 753 1837 777 11.
1857 750 1879 783 5.
1893 752 1917 775 2.

1080 795 1121 821 III.
1136 796 1158 821 6.
1180 795 1201 828 5
1214 796 1256 820 27.
1283 793 1426 831 Tamquam
1446 795 1486 820 vir
1505 794 1589 821 bouus
1610 800 1634 821 et
1654 794 1765 830 diligens
1785 792 1917 831 paterfam.

1080 838 1195 871 (Romae
1214 838 1335 869 morari.)
1363 837 1393 864 fr.
1412 840 1454 864 20.
1479 838 1544 872 5.1.
1570 837 1602 864 de
1626 848 1698 874 oper.
1723 837 1809 863 libert.
1832 837 1873 862 38.
1895 837 1917 861 1.

1080 881 1156 916 Quos
1176 883 1229 913 (sc.
1250 881 1367 910 fruetus)
1391 880 1503 916 diligens
1522 880 1656 917 paterfam.
1676 885 1701 907 et
1719 880 1848 906 honestus
1867 878 1919 905 coI-

1080 924 1160 960 ligerc
1180 924 1318 960 potuisset.
1342 923 1414 950 Paul.
1435 923 1452 950 l.
1474 925 1513 950 13.
1524 924 1554 950 Β.
1574 925 1596 957 5.
1616 925 1639 950 9.
1677 923 1706 949 Si
1730 933 1784 949 eam
1802 932 1855 948 rem
1875 922 1919 947 im-

1080 977 1172 1004 perare
1191 965 1286 992 solitus
1306 965 1399 997 fueris.
1424 976 1500 1002 quam
1519 966 1635 1003 prudeus
1661 971 1686 992 et
1705 965 1816 1002 diligens
1836 969 1919 1001 pater-

1080 1010 1137 1036 sam.
1159 1010 1333 1046 imperaturus
1351 1025 1380 1029 —
1401 1019 1453 1035 non
1472 1009 1557 1035 suerit.
1578 1009 1608 1035 fr.
1627 1011 1668 1035 54.
1688 1019 1727 1046 pr.
1747 1009 1780 1035 de
1798 1008 1829 1034 A.
1844 1007 1873 1033 E.
1889 1006 1919 1033 V.

1081 1055 1121 1079 19.
1142 1054 1163 1078 1.
1201 1052 1241 1078 Ex
1266 1051 1362 1088 quibus
1385 1052 1453 1087 agris
1478 1052 1610 1088 patei-sam.
1635 1052 1736 1078 fructus
1756 1056 1867 1088 caperet.
1888 1066 1919 1070 -—

1080 1095 1151 1122 Vsus
1170 1096 1211 1121 sui
1230 1105 1307 1121 causa
1327 1094 1486 1131 patremfam.
1506 1095 1601 1121 habere
1619 1096 1745 1128 (servos.)
1765 1094 1796 1121 fr.
1810 1095 1868 1120 203.
1888 1093 1921 1120 de

1080 1138 1112 1165 V.
1132 1138 1158 1164 S.
1179 1140 1220 1164 50.
1241 1139 1280 1164 lss.
1300 1136 1372 1163 Paul.
1392 1136 1433 1162 III.
1453 1138 1477 1163 6.
1497 1138 1533 1171 55.
1553 1139 1595 1164 39.
1616 1139 1657 1164 44.

1118 1183 1322 1208 Paternus.
1364 1180 1493 1213 (Adiect.)
1531 1183 1577 1207 Ad
1596 1188 1721 1214 putrent
1739 1181 1920 1215 pertinens,

1080 1227 1153 1251 item
1174 1226 1214 1250 ad
1228 1225 1342 1258 patris
1360 1231 1520 1257 parentes.
1557 1223 1575 1249 I.
1592 1225 1653 1258 Sy.
1669 1223 1796 1253 Parentis.
1811 1222 1922 1248 Paterna

1080 1267 1234 1301 (hereditas,
1254 1276 1277 1292 v.
1297 1266 1388 1298 bona.)
1408 1266 1438 1292 [Γ.
1459 1268 1499 1293 59.
1519 1266 1552 1292 de
1572 1267 1603 1293 A.
1624 1277 1647 1292 v.
1663 1268 1693 1292 0.
1709 1266 1739 1292 11.
1753 1268 1794 1292 29.
1808 1267 1832 1291 2.
1852 1265 1882 1291 [Γ.
1896 1266 1919 1290 6.

1079 1321 1119 1347 pr.
1138 1311 1160 1344 5
1179 1312 1203 1336 2.
1225 1309 1257 1335 de
1276 1309 1331 1335 reb.
1351 1314 1418 1335 auct.
1439 1309 1491 1336 iud.
1511 1312 1552 1335 42.
1573 1312 1597 1335 5.
1634 1309 1733 1340 Patris⁷
1751 1308 1856 1334 Paterni
1875 1307 1921 1340 (li-

1081 1354 1168 1383 berti.)
1188 1353 1217 1379 [Γ.
1232 1354 1256 1378 9.
1277 1352 1306 1378 [Γ.
1321 1353 1362 1378 10.
1382 1353 1404 1386 5
1421 1355 1444 1379 l.
1463 1347 1575 1378 de‘bon.
1594 1352 1680 1378 libert.
1694 1353 1736 1378 38.
1750 1354 1774 1377 2.
1810 1350 1920 1384 1101).

1308 365 1473 391 familiarum
1497 376 1601 391 suarum
1626 366 1766 402 principes.
1804 364 1917 391 Paterfa-

1079 1482 1235 1508 Reverentia
1254 1486 1372 1518 paterna.
1410 1480 1497 1507 Pietas
1517 1482 1619 1518 paterni
1638 1482 1759 1506 nominis.
1780 1480 1809 1506 fr.
1829 1481 1869 1506 50.
1890 1479 1921 1506 ad

1080 1524 1145 1551 S.C.
1167 1523 1246 1550 Treh.
1266 1525 1306 1550 36.
1329 1526 1351 1550 l.
1372 1523 1401 1549 [Γ.
1422 1525 1463 1549 22.
1484 1524 1506 1557 5.
1526 1525 1550 1549 4.
1570 1523 1602 1549 ad
1621 1523 1651 1549 L.
1665 1523 1712 1549 lul.
1732 1523 1764 1549 de
1784 1522 1863 1549 adult.
1879 1525 1921 1548 48.

1079 1570 1102 1594 5.
1131 1567 1253 1594 Amicitia
1273 1566 1332 1593 duci
1352 1571 1467 1603 paterna.
1488 1582 1519 1586 -—
1540 1566 1662 1592 Inimicus
1682 1571 1814 1603 paternus.
1834 1565 1864 1591 [Γ.
1879 1566 1920 1592 44.

1659 1609 1771 1635 Paterno
1795 1608 1922 1634 deberent:

1079 1654 1166 1690 perire
1191 1652 1337 1690 supplicio,
1366 1653 1392 1678 in
1413 1652 1508 1688 quibus
1527 1653 1647 1688 paterni,
1676 1652 1699 1678 h.
1721 1662 1741 1678 e.
1762 1651 1920 1682 hereditarii.

1080 1697 1196 1723 criminis
1221 1695 1340 1732 exempla
1363 1700 1522 1721 metuantur.
1549 1694 1598 1721 Th.
1620 1694 1650 1721 C.
1670 1694 1714 1725 IX.
1736 1696 1775 1720 14.
1796 1704 1816 1720 c.
1837 1695 1860 1720 3.
1880 1703 1920 1730 pr.

1079 1739 1110 1765 ad
1129 1738 1159 1765 L.
1181 1738 1260 1764 Corn.
1282 1738 1313 1763 de
1333 1739 1408 1763 sicar.
1447 1737 1580 1769 Creditor,
1602 1748 1625 1763 v.
1646 1737 1767 1769 Debitor,
1787 1742 1921 1774 paternus.

1079 1782 1108 1808 [Γ.
1130 1784 1153 1807 7.
1172 1782 1194 1814 5.
1216 1782 1254 1807 18.
1276 1780 1307 1806 de
1327 1785 1393 1817 pact.
1414 1782 1439 1806 2.
1459 1781 1498 1806 14.
1519 1780 1549 1806 [Γ.
1570 1782 1592 1806 7.
1613 1781 1634 1813 5.
1654 1782 1678 1806 2.
1698 1779 1728 1806 fr.
1747 1781 1788 1806 29.
1809 1780 1830 1813 5.
1849 1781 1873 1805 2.
1889 1778 1921 1805 de

1079 1826 1170 1850 minor.
1190 1825 1214 1849 4.
1234 1825 1258 1849 4.
1296 1822 1445 1849 Facultates
1471 1827 1602 1860 paternae.
1627 1823 1656 1849 fr.
1677 1824 1718 1849 87.
1744 1824 1766 1856 5
1787 1825 1809 1849 7.
1835 1822 1867 1849 ad
1890 1821 1920 1848 L.

1079 1867 1148 1893 Falc.
1163 1869 1204 1893 35.
1223 1868 1247 1892 2.
1284 1865 1341 1892 Illis
1361 1870 1467 1902 paterna
1487 1876 1532 1892 sua
1553 1865 1661 1892 concedi
1682 1865 1751 1891 volo.
1772 1865 1801 1891 [ι’.
1817 1867 1839 1891 7.
1860 1865 1881 1899 5.
1895 1867 1920 1891 3.

1079 1910 1111 1936 de
1131 1910 1190 1935 bon.
1211 1909 1322 1935 damnat.
1342 1910 1382 1934 48.
1402 1910 1443 1934 ⁶20.
1464 1908 1494 1934 fr.
1514 1910 1537 1934 9.
1558 1918 1597 1945 pr.
1618 1909 1650 1935 de
1669 1908 1701 1935 R.
1720 1908 1754 1935 Μ.
1774 1910 1815 1934 49.
1837 1910 1876 1935 16.

1116 1954 1334 1979 Pateseere.
1372 1953 1523 1985 Aperiri,
1545 1953 1690 1978 Converti.
1728 1951 1770 1978 III.
1786 1953 1851 1979 Cn.
1870 1950 1920 1977 Ne-

1079 2006 1129 2032 que
1148 1995 1194 2022 ulli
1214 1995 1339 2031 deinceps
1360 1993 1391 2020 ad
1411 1994 1460 2020 hoc
1481 1993 1596 2020 osticium
1615 1999 1733 2031 patescat
1752 1993 1845 2020 aditus.
1869 1992 1918 2019 Th.

1079 2038 1109 2065 C.
1129 2037 1197 2064 VIII.
1216 2040 1240 2064 2.
1261 2048 1282 2064 c.
1302 2040 1325 2063 5.
1346 2037 1378 2063 de
1397 2036 1477 2063 tabul.
1501 2036 1598 2073 logogr.
1636 2037 1758 2063 Patescat
1776 2037 1919 2066 arbitrium,

1079 2123 1145 2150 cath.
1164 2123 1235 2150 XVI.
1254 2125 1278 2149 4.
1299 2134 1320 2149 c.
1339 2125 1363 2149 2.
1383 2123 1416 2149 de
1435 2122 1459 2149 h.
1480 2133 1522 2159 qu.
1543 2133 1563 2149 s.
1584 2122 1656 2158 relig.

1116 2167 1216 2193 Pati.
1255 2167 1285 2199 ξ.
1307 2167 1341 2192 l.
1372 2168 1552 2200 Excipere,
1582 2167 1767 2197 Suernere,
1793 2167 1917 2191 Subire.

1078 2209 1095 2235 1.
1109 2211 1171 2244 Sy.
1191 2209 1296 2235 Debere
1316 2209 1513 2242 (servitutem.)
1539 2208 1578 2234 Cf.
1600 2207 1623 2233 11.
1641 2218 1665 2233 v.
1686 2208 1707 2241 5.
1727 2210 1752 2234 3.
1788 2209 1918 2244 Excipere

1079 2254 1175 2285 (onera
1199 2252 1305 2285 vicini.)
1331 2252 1361 2278 [Γ.
1386 2254 1426 2277 52.
1454 2252 1474 2284 5
1500 2252 1540 2276 13.
1564 2261 1612 2287 pro
1637 2260 1691 2276 soc.
1717 2253 1756 2277 17.
1780 2254 1804 2277 2.
1842 2250 1916 2286 Cogi,

1055 2284 1056 2313 1
1079 2294 1212 2332 C⁰¹¹¹Pelli
1235 2294 1280 2326 ³⁴1⁵
1305 2294 1361 2320 Pflfi
1381 2293 1576 2326 (Gollssffioflfflu,
1601 2304 1624 2320 v.
1646 2294 1818 2325 cautionem.)
1842 2292 1872 2318 fr.
1893 2294 1916 2318 4.

1055 2332 1056 2337 ¹
1078 2338 1159 2371 551.
1182 2348 1220 2374 sq.
1247 2337 1279 2363 de
1300 2336 1328 2362 L.
1348 2336 1433 2362 Rhod.
1461 2337 1498 2361 14.
1523 2338 1547 2361 2.

1572 2335 1603 2362 [Γ.
1621 2338 1645 2362 3.
1670 2337 1699 2370 55
1726 2340 1749 2362 4,
1769 2345 1808 2371 sq.
1834 2336 1856 2361 si
1875 2336 1916 2361 cui

1077 2380 1113 2417 pt.
1135 2391 1177 2417 qu.
1202 2391 1226 2417 p.
1246 2379 1274 2405 L.
1296 2379 1364 2405 Falc.
1385 2381 1425 2404 35.
1444 2380 1468 2404 3.
1513 2378 1652 2410 Co'ercerss
1678 2379 1778 2408 Puuiri.
1805 2377 1916 2404 Poenam

1055 2424 1056 2448 ἶ
1078 2425 1140 2460 pati.
1161 2424 1190 2449 fr.
1211 2425 1234 2448 2.
1255 2422 1284 2448 [Γ.
1304 2424 1327 2448 3,
1348 2432 1386 2458 pr.
1407 2422 1443 2455 55.
1466 2423 1487 2447 l.
1507 2423 1530 2447 6.
1551 2421 1580 2447 [Γ.
1599 2423 1622 2447 4.
1647 2422 1697 2456 Qu.
1717 2422 1803 2457 quisq.
1823 2421 1872 2446 iur.
1891 2423 1915 2446 2.

708 2463 791 2489 Pater.
819 2463 860 2490 Cf.
880 2463 904 2490 h.
924 2474 948 2490 v.
968 2465 989 2498 5.
1009 2466 1032 2490 3.
1055 2462 1056 2493 Ῐ
1077 2470 1101 2492 2,
1138 2466 1168 2492 II.
1190 2467 1257 2498 01).
1277 2464 1457 2495 Couunittere,
1477 2464 1586 2495 Facere,
1605 2463 1702 2489 Inferre
1722 2464 1872 2495 (iniuriam,
1891 2474 1914 2490 v.

1078 2511 1151 2541 vim.)
1172 2508 1228 2534 Gai.
1249 2507 1290 2533 III.
1309 2509 1368 2533 220.
1389 2517 1446 2544 sqq.
1468 2507 1539 2534 Paul.
1560 2506 1592 2532 V.
1611 2508 1634 2532 4.
1654 2507 1675 2539 5
1698 2507 1718 2531 1.
1738 2505 1769 2532 [ι’.
1791 2508 1829 2532 12.
1850 2506 1914 2539 5.1.

1078 2551 1107 2578 [Γ.
1130 2554 1168 2577 14.
1194 2551 1231 2584 55.
1256 2552 1279 2576 5.
1301 2552 1341 2577 11.
1366 2560 1423 2586 sqq.
1449 2550 1500 2585 Qu.
1525 2554 1584 2575 met.
1610 2559 1630 2574 e.
1654 2551 1678 2575 4.
1703 2550 1727 2574 2.
1769 2548 1862 2585 Agere.
1883 2565 1914 2568 -—-

1077 2595 1215 2620 Actionem
1234 2593 1295 2629 pati.
1316 2592 1346 2619 fr.
1365 2595 1407 2619 30.
1427 2593 1463 2626 55.
1483 2595 1508 2618 2.
1521 2602 1561 2627 sq.
1582 2591 1614 2617 de
1632 2590 1717 2628 pecul.
1734 2593 1772 2617 15.
1788 2593 1810 2618 1.
1835 2592 1915 2618 Exer-

1077 2647 1136 2663 cere
1156 2635 1330 2668 (Falcidiam.)
1350 2635 1380 2662 fr.
1404 2638 1424 2661 1.
1445 2636 1467 2668 5.
1488 2636 1526 2660 19.
1547 2634 1576 2660 [Γ.
1599 2635 1637 2660 17.
1658 2633 1687 2659 fr.
1707 2636 1748 2659 22.
1763 2644 1802 2671 pr.
1823 2634 1853 2661 fr.
1872 2637 1913 2661 26.

1076 2680 1098 2712 5.
1120 2681 1142 2704 l.
1163 2679 1192 2704 [Γ.
1212 2679 1253 2704 36.
1274 2689 1313 2715 pr.
1333 2679 1365 2705 ad
1384 2678 1412 2704 L.
1434 2677 1502 2703 fale.
1517 2678 1558 2703 35.
1577 2679 1600 2702 2.
1638 2675 1681 2702 111.
1696 2677 1762 2703 Cu.
1782 2676 1841 2703 Non
1860 2688 1914 2714 gra—

1077 2722 1151 2747 viere
1170 2722 1296 2747 servitute
1321 2730 1440 2747 onerare.
1466 2729 1541 2755 quam
1566 2720 1620 2755 pati
1639 2718 1737 2745 debent
1754 2720 1912 2753 (aedilicia.)

1077 2764 1105 2790 [Γ.
1125 2765 1166 2789 24.
1187 2763 1219 2789 de
1238 2763 1265 2790 S.
1286 2763 1312 2789 P.
1334 2762 1363 2789 V.
1384 2766 1407 2788 ὃ.
1426 2765 1451 2788 2.
1488 2761 1527 2787 Ne
1546 2761 1675 2788 indefensi
1699 2762 1752 2795 (sc.
1773 2763 1912 2791 absentes)

1076 2816 1162 2832 rerum
1187 2807 1384 2843 possessiouem
1408 2809 1451 2830 aut
1475 2804 1652 2832 venditionem
1676 2806 1814 2842 patiantur.
1839 2805 1868 2831 fr.
1889 2806 1910 2829 l.
