2197 3121
260 179 326 209 650

298 259 527 287 obstructio.
576 260 787 285 Constructio
822 261 1018 293 prominens.
1064 257 1107 284 111.
1132 264 1133 270 ¹

263 303 331 331 Cn.
358 302 550 328 Obstructione
574 302 768 327 maenianorum
788 301 837 328 XV
858 301 953 339 pedum
972 300 1108 327 intervalla

264 350 411 372 serventur.
430 355 452 371 0.
476 347 514 370 11.
535 344 567 370 dt>
586 343 662 370 aedit.
682 345 748 381 priv.
769 346 792 370 8.
815 346 854 371 10.

300 390 518 415 obstruere.
556 387 587 420 §.
602 388 636 413 1.
658 389 827 414 Claudere.
852 387 870 414 I.
886 388 948 422 Sy.
968 386 1108 413 Obturare.

264 431 295 458 sr.
315 432 338 457 (3.
359 431 391 457 (10
405 430 431 456 S.
447 430 474 457 P.
492 429 522 456 V.
543 434 567 456 ὅ.
587 432 611 456 2.
648 429 691 456 111.
705 432 771 458 Cu.
791 430 923 457 Praelixas
944 429 1040 456 babere
1059 431 1108 461 (sc.

263 474 415 505 fenestras.)
436 473 477 499 vul
498 473 643 499 obstruere.
670 472 700 500 11.
721 476 744 500 6.
765 473 780 500 l.
801 476 824 500 8.
843 476 868 500 2.
906 473 994 499 Altius
1015 472 1109 499 tollere

264 527 316 543 non
335 526 425 554 posse,
446 533 475 537 -
498 526 544 542 nec
564 516 711 543 obstruere.
735 516 764 542 fr.
787 518 825 542 13.
845 516 867 550 ξ.
889 518 912 542 7.
932 515 964 542 de
985 515 1066 542 ususr.
1086 517 1108 542 7.
1130 533 1132 550 t

266 562 287 586 l.
303 577 332 580 —
355 561 385 593 ς.
400 561 435 586 2.
452 561 639 591 Prohibere,
655 561 862 586 Interdicere.
900 558 942 585 111.
955 561 1021 587 Cn.
1041 558 1108 585 Cum
1131 560 1132 591 ᾗ

264 603 291 629 S.
301 602 344 630 Cti
369 603 512 629 auctoritas
532 619 563 622 —
589 602 719 629 alienandi
745 603 811 628 viam
831 601 1002 628 obstruxerit.
1026 612 1046 628 0.
1069 603 1108 627 11.
1131 628 1132 633 ¹

263 646 297 673 (10
317 646 404 683 praed.
426 651 451 671 et
471 645 502 672 al.
525 646 578 672 reb.
599 647 660 672 min.
680 648 703 672 5.
721 647 761 671 71.
1131 651 1133 671 t

298 690 513 716 obstrusus.
534 688 654 721 (Pau-tic.)
675 690 830 720 Clausus,
852 690 997 715 Abditas.
1016 688 1034 714 Ι.
1048 689 1109 723 Sy.

263 731 393 759 Inclusus.
414 731 480 758 Nov.
501 731 550 758 Th.
572 732 601 758 11.
623 732 655 758 de
674 730 728 757 Iud.
750 731 767 757 1.
781 733 804 758 6.
826 742 845 757 c.
863 733 884 757 1.
905 732 926 764 ξ.
942 733 965 758 7.
987 731 1109 759 111011.
1131 748 1132 760 t

264 775 395 812 Quisquis
420 777 445 801 in
470 775 561 805 (101110,
588 791 617 794 -
643 775 684 801 vel
710 773 828 811 qualibet
851 774 974 801 obstrusa
999 773 1047 808 [al.
1068 774 1110 800 ab·

263 819 363 852 stt-usa]
384 823 409 845 et
428 818 579 854 longissima
601 829 613 843 a
634 828 662 843 se
683 819 854 855 possessione
873 817 1000 849 discreta,
1023 817 1110 844 deser-

265 867 347 888 torem
371 861 452 888 latere
478 862 621 898 cognoscit.
651 860 701 887 Tb.
722 861 752 887 C.
774 860 828 887 Vll.
856 862 894 887 18.
921 871 942 887 0.
963 863 986 887 9.
1011 871 1051 898 pr.
1077 860 1110 887 de

263 905 391 931 desertor.

299 949 499 982 obtegere.
534 949 667 981 Tegerc.
692 949 876 974 occultare.
914 947 957 974 111.
973 949 1039 975 Cn·
1059 947 1110 973 Ex-

264 991 416 1027 cogitandae
436 992 604 1026 ingenuitatis
624 990 781 1019 collusione.
802 1001 830 1016 ac
851 990 930 1017 salsae
948 991 1108 1027 captivitatis

263 1034 411 1061 velamento
432 1050 463 1054 —
484 1034 608 1070 obtegere
627 1035 731 1071 (turpis
747 1034 941 1060 coniunctionis
961 1033 1108 1066 maculam.)

264 1089 285 1104 c.
308 1080 329 1104 l.
350 1077 382 1104 de
403 1077 495 1104 collus.
517 1078 600 1114 deteg.
622 1079 645 1103 7.
664 1080 706 1103 20.

298 1121 586 1154 obtemperare.
607 1121 638 1153 ξ.
653 1121 687 1146 1.
711 1120 865 1154 Obseqni,
888 1121 1036 1150 obedire,
1052 1121 1109 1145 Sa-
1130 1147 1131 1156 ἵ

263 1166 432 1200 tissacere.
470 1163 489 1190 l.
504 1165 564 1198 Sy.
585 1163 744 1190 Observare.
767 1163 806 1189 Ct'.
823 1163 846 1189 h.
863 1173 886 1189 v.
908 1163 928 1196 ξ.
943 1165 967 1189 3.
1005 1162 1109 1188 Parere.

263 1207 347 1233 Vatic.
368 1207 405 1241 ἐξ.
425 1209 484 1232 202.
504 1209 563 1232 205.
584 1206 614 1233 fr.
635 1210 658 1233 2.
680 1207 700 1239 ξ.
719 1209 738 1232 1.
759 1206 791 1233 (10
811 1217 871 1232 nox.
893 1211 940 1232 act.
956 1207 979 1231 9.
994 1207 1017 1230 4.
1039 1204 1068 1231 fr.
1085 1207 1108 1231 2.

264 1250 298 1277 de
316 1250 392 1277 cond.
413 1254 438 1276 et
458 1250 524 1276 dem.
546 1252 586 1276 35.
609 1251 629 1275 1.
670 1249 775 1278 Tenet-i.
796 1249 908 1275 Debere.
935 1248 963 1274 fr.
984 1250 1007 1274 6.
1028 1248 1064 1282 ἐξ.
1088 1250 1108 1274 1.

264 1303 324 1330 sqq.
343 1293 372 1319 sr.
393 1295 415 1319 7.
441 1293 473 1319 de.
493 1293 604 1330 pollicit.
625 1295 667 1319 50.
689 1295 728 1319 12.
767 1292 849 1329 Fungi
869 1291 1058 1324 (muneribus.)
1078 1291 1108 1317 sr.

265 1338 304 1362 17.
329 1336 351 1370 ξ.
371 1337 394 1362 G.
420 1336 450 1362 fr.
469 1338 510 1362 29.
536 1336 567 1362 ad
592 1337 687 1362 munic.
712 1338 752 1362 50.
781 1338 802 1361 1.
849 1335 891 1361 111.
913 1336 979 1362 Cn.
1004 1334 1109 1360 Timere

264 1390 335 1410 eum.
361 1384 387 1405 et
406 1379 520 1416 obtemp.
541 1381 572 1405 ei.
598 1379 627 1405 l'r.
648 1382 671 1405 2.
692 1379 713 1412 ξ.
734 1382 757 1404 2.
784 1380 864 1414 Quar.
885 1388 934 1404 rer.
955 1383 1004 1404 act.
1023 1379 1065 1404 44.
1085 1380 1107 1403 5.

263 1422 338 1451 Eum.
359 1423 403 1458 qui
424 1422 494 1458 leges
509 1422 577 1448 facit.
593 1423 649 1459 pari
662 1424 797 1448 maiestate
812 1421 913 1457 legibus
928 1421 1109 1458 obtemperare
1130 1430 1132 1459 1

264 1466 394 1491 convenit.
421 1464 491 1491 Paul.
512 1465 555 1491 lv.
576 1468 599 1491 5.
620 1466 685 1499 513.
723 1465 831 1491 Sanctio
857 1464 955 1501 legum,
980 1474 1045 1500 (luae
1065 1474 1111 1489 no·

263 1509 371 1534 vissime
391 1513 486 1534 certam
507 1519 616 1545 poenam
637 1509 733 1544 irrogat
754 1509 795 1539 iis,
815 1509 859 1544 qui
875 1509 1024 1545 praeceptis
1043 1506 1108 1543 legis

264 1561 315 1577 non
336 1551 583 1588 obtemperaverint.
604 1551 634 1577 fr.
654 1553 695 1577 41.
716 1551 749 1577 de
768 1561 845 1588 poen.
860 1553 901 1576 48.
918 1552 955 1576 19.
971 1550 1002 1576 cl'.
1023 1550 1052 1576 ir.
1066 1552 1106 1577 52.

263 1595 284 1628 §.
305 1597 328 1621 5.
349 1594 380 1620 de
400 1594 433 1620 Ο.
454 1599 478 1620 et
494 1594 525 1620 A.
545 1596 586 1620 44.
609 1597 631 1620 7.
670 1594 737 1620 Cum
758 1594 909 1620 donationis
929 1593 978 1629 legi
998 1602 1050 1618 non
1071 1602 1108 1618 es-

263 1642 304 1664 set.
323 1637 539 1674 obtemperatum.
561 1637 625 1663 sr.8.
647 1638 700 1673 Qui
721 1638 777 1663 sine
797 1646 907 1663 manum.
920 1638 960 1662 40.
973 1637 996 1662 8.
1023 1635 1107 1662 Cuius

263 1680 288 1707 d.
309 1690 341 1706 m.
362 1680 456 1706 sactum
477 1681 538 1711 erit,
562 1691 614 1716 quo
634 1691 679 1706 rex
699 1685 804 1707 exterae
824 1680 937 1706 nationis
957 1677 1056 1715 populo
1077 1678 1107 1704 R.

262 1724 348 1750 minus
369 1723 540 1760 obtemperet.
561 1723 591 1749 fr.
613 1725 636 1749 4.
657 1733 696 1760 pr.
717 1723 747 1749 ad
770 1722 797 1749 L.
818 1722 864 1748 lut.
879 1723 936 1748 mai.
951 1723 992 1748 4³3.
1007 1722 1030 1748 4.
1055 1721 1108 1748 Do-

262 1767 333 1792 mino
358 1766 458 1792 iubenti
483 1766 598 1803 obtemp.
629 1765 658 1792 fr.
683 1768 707 1792 2.
737 1766 757 1800 §.
781 1767 802 1793 l.
827 1766 858 1792 de
881 1775 942 1791 nox.
967 1769 1016 1791 act.
1040 1766 1063 1791 9.
1084 1766 1107 1790 4.

262 1809 292 1835 l'r.
315 1811 372 1835 157.
397 1819 436 1846 pr.
461 1808 542 1835 (10Ιῖ.
569 1809 586 1835 1.
612 1811 653 1835 50.
677 1811 714 1835 17.
753 1808 891 1834 Voluntati
916 1807 1026 1834 alicuius
1054 1807 1108 1833 obt.

263 1852 293 1878 sr.
313 1854 336 1878 7.
356 1853 377 1886 ᾖ.
398 1856 422 1878 ὅ.
443 1852 475 1879 (10
495 1852 556 1878 (1011.
577 1853 622 1878 int.
643 1851 675 1878 V.
695 1854 736 1878 24.
759 1854 780 1878 1.
801 1851 830 1878 fr.
855 1854 909 1878 113.
937 1852 958 1885 §.
981 1853 1002 1877 l.
1022 1850 1054 1877 de
1075 1850 1109 1877 le-

262 1900 312 1929 gat.
328 1895 425 1927 1.(30.)
456 1895 498 1921 lus
520 1895 627 1927 dicenti,
646 1905 669 1921 v.
685 1895 800 1922 Decreto
820 1895 962 1926 Praetoris.
981 1904 1033 1920 non
1053 1893 1107 1920 obt.

263 1937 335 1964 Paul.
357 1937 388 1964 V.
407 1940 449 1964 26.
469 1939 490 1971 ξ.
510 1940 533 1964 2.
555 1938 584 1964 l'r.
607 1940 628 1964 1.
652 1939 689 1972 ἐξ.
713 1940 733 1964 1.
754 1948 812 1975 sqq.
838 1939 860 1963 si
880 1948 923 1974 qu.
949 1938 988 1964 ius
1014 1937 1063 1964 (110.
1083 1940 1107 1963 2.

262 1982 287 2007 3.
308 1980 338 2007 l'r.
358 1982 399 2007 26.
420 1982 440 2014 ξ.
461 1982 484 2007 6,
511 1992 542 2007 ex
563 1991 604 2017 qu.
627 1992 647 2007 0.
673 1982 730 2007 mai.
750 1983 774 2007 4.
794 1983 818 2007 6.
839 1997 871 2000 -
899 1982 931 2014 ξ.
955 1982 991 2008 2.
1020 1982 1107 2007 Tem-

261 2034 384 2058 perare.
423 2023 465 2049 lll.
487 2025 552 2051 Cn.
579 2023 617 2049 Ne
637 2029 754 2050 mutuato
774 2034 861 2050 amore
881 2025 991 2050 invicem
1012 2023 1107 2061 spolia-

262 2071 361 2098 rentur,
381 2066 569 2093 donationibus
589 2076 641 2092 non
661 2067 882 2104 obtemperantes.
904 2067 947 2100 [al.
963 2072 1107 2104 temperan-

263 2110 334 2143 tes,]
354 2109 402 2136 sed
421 2109 528 2147 profusa
548 2119 606 2145 erga
627 2119 655 2135 se
675 2109 807 2136 facilitate.
833 2110 862 2136 fr.
885 2112 907 2136 1.
927 2110 960 2137 de
979 2110 1039 2136 don.
1060 2111 1106 2136 int.

264 2151 295 2178 V.
315 2155 356 2178 24.
378 2155 399 2179 1.

298 2196 493 2222 Obtentus.
514 2194 631 2228 (Subst.)
653 2197 864 2227 praetextus,
883 2198 990 2222 Color.
1010 2196 1028 2222 I.
1043 2197 1105 2230 Sy.

263 2237 426 2264 Praetextus.
448 2238 477 2264 fr.
491 2240 531 2264 43.
552 2239 589 2272 §§.
610 2241 633 2263 5.
648 2240 670 2265 9.
692 2238 724 2264 de
738 2238 768 2264 R.
785 2238 814 2264 N.
828 2240 870 2264 23.
885 2241 910 2264 2.
932 2249 952 2265 0.
970 2240 1007 2264 19.
1029 2250 1049 2265 e.
1063 2241 1105 2265 29.

263 2280 296 2307 de
316 2285 437 2306 transaet.
455 2283 478 2307 2.
498 2284 522 2307 4.
560 2282 615 2307 Sub
635 2283 731 2319 specie.
753 2281 809 2307 Sub
829 2281 947 2307 obtentu.
967 2282 997 2307 l'r.
1011 2284 1052 2307 35.
1074 2281 1106 2307 de

264 2334 292 2350 re
312 2323 364 2350 iud.
384 2325 424 2349 42.
448 2325 468 2350 1.
490 2335 510 2350 0.
531 2327 554 2351 4.
577 2325 633 2351 eod.
655 2327 677 2351 7.
698 2327 738 2350 52.
759 2324 790 2350 ef.
816 2335 837 2350 0.
857 2326 898 2350 29.
924 2324 956 2350 (10
981 2329 1104 2350 transact.

262 2370 286 2393 2.
307 2369 330 2393 4.
367 2366 411 2393 111.
430 2368 496 2394 Gn.
522 2367 580 2393 Non
601 2368 711 2394 obtentu
731 2367 888 2393 adulationis
908 2366 1031 2398 alicuius.
1057 2367 1104 2393 sod

263 2411 347 2448 ipsius
367 2410 474 2436 admissi
494 2420 569 2436 causa
591 2411 752 2447 (puniendus
773 2412 833 2442 est)
854 2409 925 2436 Paul.
941 2409 970 2436 V.
985 2412 1027 2436 29.
1048 2411 1104 2443 §.2
1127 2407 1128 2441 Ῐ

262 2453 380 2480 Eventus
401 2454 587 2479 sententiarum
608 2455 663 2479 eius
677 2456 726 2486 (εο.
739 2454 846 2486 iudicis)
865 2453 988 2485 vendere.
1009 2453 1105 2489 quidve

263 2496 373 2522 obtentu
393 2497 506 2522 nominis
526 2497 582 2522 eius
602 2506 684 2531 agere.
705 2497 740 2523 lb.
757 2496 788 2523 V.
802 2499 844 2522 25.
864 2496 886 2529 §.
909 2498 947 2522 13.
985 2496 1040 2522 Sub
1061 2496 1105 2522 ob-

263 2544 336 2566 tentu
356 2544 381 2565 et
400 2541 500 2565 monitu
520 2539 628 2565 deorum
643 2539 781 2575 (quaedam
797 2556 826 2560 --
843 2541 939 2565 iactant
952 2540 1013 2570 etc.)
1034 2539 1104 2565 Cott.

263 2582 315 2608 LL.
335 2582 368 2609 Μ.
388 2582 447 2609 XV.
466 2585 490 2608 2.
527 2581 579 2608 Per
602 2581 810 2611 simulationem.
830 2598 861 2602 ·—-
882 2582 924 2608 vel
945 2596 976 2601 -
996 2582 1045 2608 sub
1066 2592 1105 2608 ae-

263 2627 324 2651 tatis
344 2625 460 2651 obtentu.
481 2624 530 2651 Th.
546 2624 577 2651 C.
593 2624 658 2651 Vlll.
679 2627 702 2651 5.
723 2634 743 2650 0.
760 2627 801 2650 58.
822 2625 853 2651 (10
873 2634 951 2652 cursu
970 2624 1032 2662 pub.
1047 2624 1103 2651 Xll.

267 2670 288 2693 1.
309 2678 328 2693 c.
349 2670 390 2694 83.
411 2668 444 2694 de
463 2667 598 2694 decurion.
636 2667 695 2693 Non
716 2669 835 2694 excusari
860 2669 970 2694 obtentu
995 2677 1105 2705 pauper-

265 2711 333 2736 tatis.
355 2710 383 2736 l'r.
407 2713 445 2737 10,
471 2711 492 2744 §
512 2712 536 2736 3.
563 2710 594 2737 (10
614 2721 669 2737 vac.
690 2715 715 2736 et
735 2720 823 2737 exous
844 2713 885 2736 50.
905 2713 928 2737 5.
967 2710 1025 2736 Non
1045 2720 1104 2747 pas—
1125 2724 1127 2744 t

264 2754 322 2785 sim,
339 2768 370 2772 -
390 2753 437 2779 sub
458 2753 568 2780 obtentu
588 2755 654 2780 aeris
674 2753 761 2785 alieni,
781 2754 896 2790 permitti
916 2753 1014 2780 debuit.
1035 2753 1065 2780 sr.
1080 2756 1103 2780 5.

264 2796 286 2830 §.
307 2796 330 2822 9.
353 2795 384 2821 de
404 2796 457 2821 reb.
477 2807 528 2823 eor.
550 2807 592 2833 qu.
613 2806 634 2823 s.
655 2801 701 2822 tut.
721 2798 762 2822 27.
782 2797 805 2822 9.

299 2839 494 2866 Oltterere.
515 2840 545 2872 §.
560 2841 594 2866 l·
616 2840 794 2866 Conterere.
823 2838 841 2865 1.
856 2840 917 2873 Sy.
937 2837 1103 2875 opprimere.

1130 1506 1132 1515 '
1154 1503 1183 1530 l'r.
1206 1506 1245 1530 13.
1266 1514 1304 1541 pr.
1325 1504 1358 1531 de
1378 1505 1421 1531 off.
1443 1504 1531 1531 Praes.
1553 1506 1575 1530 1.
1596 1505 1636 1530 18.

1127 2282 1128 2285 ’
1151 2278 1183 2305 de
1203 2278 1274 2304 inott'.
1302 2283 1403 2303 testam.
1423 2279 1446 2303 5.
1465 2280 1490 2303 2.

999 176 1083 207 OBS
1108 194 1146 200 —
1173 176 1273 206 OBT.

1154 257 1185 284 fr.
1204 258 1228 284 8.
1254 258 1275 291 §.
1297 259 1319 283 l.
1345 256 1375 283 fr.
1395 259 1436 284 52.
1462 258 1484 291 §.
1503 260 1527 284 2.
1553 257 1585 284 ad
1608 257 1637 284 L.
1658 258 1724 295 Aqu.
1749 260 1773 285 9.
1792 261 1816 285 2.
1863 259 1905 286 111.
1931 262 1997 288 Cn.

1154 300 1246 327 Mortis
1266 310 1369 326 causam
1389 300 1518 336 praebuit,
1539 306 1566 327 ut
1580 317 1611 320 —
1628 300 1669 327 vel
1691 302 1763 328 ruina
1784 303 1809 328 in
1828 302 1933 330 stabulo
1953 313 1998 340 op-

1153 353 1263 380 pressus
1283 345 1337 376 (sc.
1358 343 1419 375 sit.)
1439 343 1481 370 vel
1500 343 1622 370 vehiculo
1643 344 1766 371 obtritus.
1787 345 1816 371 sr.
1836 347 1860 372 5.
1879 347 1901 379 §.
1921 348 1945 372 4.
1966 346 1998 372 de

1153 385 1230 412 cond.
1257 396 1278 413 c.
1303 385 1355 412 dat.
1383 387 1421 412 12.
1446 387 1470 412 4.
1500 402 1532 405 —
1560 387 1590 420 §.
1616 388 1651 413 2.
1682 389 1844 419 Gravare,
1875 389 1997 423 Oppri-

1153 439 1238 454 mere.
1277 428 1319 454 111.
1342 429 1408 455 Gn·
1429 427 1532 459 Nullus.
1554 434 1682 466 tamquam
1696 430 1816 459 Iudaeus.
1836 441 1894 457 cum
1913 433 1948 458 sit
1962 433 1998 458 in-

1131 470 1132 500 }
1154 481 1261 498 nocens.
1281 471 1424 498 obteratur.
1446 470 1495 497 Th.
1516 471 1546 498 C.
1566 472 1636 498 ΧὛΙ.
1657 476 1680 499 δ’.
1701 483 1722 499 0.
1741 475 1783 500 21.
1803 473 1836 500 de
1855 473 1910 500 lud.

1187 515 1382 542 Oblinere·
1420 515 1451 548 ᾖ.
1473 515 1507 541 l.
1531 516 1664 549 Tenere,
1692 519 1868 543 Sustinere.
1895 516 1953 549 (Cf.
1973 526 1997 543 v.

1155 558 1270 589 Obniti.)
1292 558 1310 584 1.
1326 560 1388 592 Sy·
1409 556 1512 583 Tenere
1532 557 1652 591 (locum.)
1674 559 1702 585 l'r.
1722 562 1745 585 2.
1766 570 1805 596 pr.
1825 560 1847 593 §.
1868 561 1890 585 1.
1911 558 1944 585 de
1957 558 1999 586 de·

1155 602 1254 627 01111011.
1280 603 1322 627 50.
1341 603 1366 626 2.
1409 600 1467 626 Sibi
1493 610 1552 627 esse
1576 603 1698 639 coepisse
1722 602 1799 630 loco.
1823 602 1887 629 Obt.
1912 602 1999 628 locum

1131 640 1132 649 ¹
1156 645 1305 680 (parentum
1325 645 1387 675 etc.)
1409 643 1467 670 Gai.
1488 643 1506 670 1,
1527 646 1567 671 59.
1588 646 1629 671 99.
1650 645 1680 671 ct'.
1702 646 1722 679 ξ.
1746 647 1767 671 1.
1788 645 1805 672 l.
1830 645 1862 671 de
1882 650 1954 682 nupt.
1977 647 1998 671 1.

1156 688 1195 713 10.
1233 686 1342 713 Habere.
1368 686 1397 713 fr.
1421 688 1476 713 188.
1503 697 1542 724 pr.
1567 687 1599 713 de.
1620 686 1650 713 V.
1675 688 1701 714 S.
1726 691 1767 714 50.
1793 690 1832 715 16.
1870 688 1912 715 111.
1932 689 1999 716 Gn.

1154 729 1214 755 Non
1233 731 1301 756 enim
1322 731 1387 756 ratio
1407 730 1566 756 obtinendae
1581 732 1769 767 possessionis.
1789 731 1836 758 sed
1851 733 1923 767 origo
1939 740 2000 757 nan-

1131 805 1132 809 *
1154 771 1292 798 ciscendae
1312 773 1473 809 exquirenda
1494 778 1542 799 est.
1564 773 1593 799 l'r.
1613 775 1637 799 (i.
1658 784 1696 810 pr.
1717 774 1749 800 de
1768 775 1800 800 A.
1821 785 1845 800 v.
1865 775 1896 800 A.
1917 773 1944 800 P.
1957 776 1999 800 41.

1153 817 1177 842 2.
1215 814 1308 841 Plures
1334 816 1359 842 in
1386 826 1436 842 uno
1462 816 1543 842 fundo
1564 816 1707 843 dominium
1727 818 1790 843 iuris
1810 817 1947 844 intellectu
1966 833 1998 837 —

1131 857 1132 861 ¹
1154 858 1283 884 obtinent.
1305 859 1334 884 1”1·.
1354 860 1395 884 66,
1415 860 1437 893 ξ.
1457 862 1480 886 2.
1501 859 1533 886 de
1554 860 1629 895 legat.
1649 859 1679 885 11.
1700 861 1780 892 (31.)
1817 861 1897 887 Extra
1917 860 2000 887 eccle-

1131 921 1133 926 .
1154 902 1215 931 sias.
1236 911 1301 937 quas
1322 907 1410 928 nostra
1430 913 1481 939 pax
1501 903 1611 934 obtinet,
1632 907 1778 929 conventus
1798 913 1873 939 agere
1901 903 1950 930 Th.
1967 903 1998 930 C.

1154 943 1224 970 XVI.
1244 947 1267 969 5.
1289 954 1309 970 0.
1330 947 1353 970 4.
1380 944 1412 971 de
1438 945 1535 972 haeret.
1573 945 1701 977 Primum.
1723 961 1754 965 -—
1780 945 1945 978 Proximum,
1966 962 1997 966 -—

1154 986 1305 1013 Secundum
1325 987 1424 1020 (locum
1438 989 1505 1021 obt.)
1526 989 1556 1015 [Γ.
1573 990 1611 1015 19.
1632 999 1671 1026 pr.
1692 989 1724 1015 de
1744 989 1820 1015 cond.
1835 995 1861 1015 et
1876 989 1943 1016 dem.
1957 991 1998 1015 35.

1130 1027 1131 1032 ¹
1156 1032 1177 1056 l.
1198 1030 1227 1056 l'r.
1249 1032 1271 1056 1.
1292 1031 1312 1063 ξ.
1335 1032 1357 1057 7.
1379 1031 1448 1057 unde
1467 1042 1540 1068 cogn.
1559 1034 1601 1058 38.
1621 1034 1645 1058 ὅ,
1666 1032 1697 1058 es.
1718 1032 1747 1058 1“ι·.
1767 1035 1792 1058 2.
1812 1033 1833 1066 ξ.
1855 1035 1893 1059 15.
1914 1032 1946 1059 de
1966 1032 1998 1058 O.

1154 1072 1171 1099 1.
1194 1075 1216 1098 l.
1236 1074 1259 1098 2.
1298 1073 1345 1099 Sui
1365 1073 1470 1101 heredis
1491 1074 1576 1101 locum
1597 1074 1650 1100 obt.
1670 1075 1700 1101 fr.
1720 1077 1744 1101 5.
1765 1075 1786 1108 ξ.
1808 1077 1830 1102 l.
1851 1077 1874 1102 si
1892 1075 1945 1102 tab.
1965 1080 2000 1101 te-

1154 1121 1228 1142 stam.
1250 1115 1313 1142 null.
1327 1118 1368 1143 38.
1384 1119 1407 1143 6.
1439 1118 1502 1144 Obt.
1522 1123 1680 1155 potestatem
1700 1118 1896 1151 (corulitionis.)
1916 1119 1946 1144 l'r.
1957 1120 1999 1144 39.

1154 1158 1186 1185 de
1210 1158 1241 1185 R.
1268 1158 1298 1185 C.
1327 1162 1367 1185 12.
1389 1162 1410 1186 1.
1450 1160 1514 1187 Obt.
1540 1162 1622 1187 vicem
1646 1161 1822 1194 (fructuum.)
1847 1162 1876 1188 l'r.
1900 1163 1943 1188 34.
1968 1161 2000 1188 de

1154 1212 1225 1228 usur.
1246 1204 1287 1228 22.
1310 1204 1331 1229 1.
1352 1219 1384 1222 —
1405 1204 1435 1237 ξ.
1451 1205 1486 1230 2.
1508 1205 1685 1238 Consului,
1705 1207 1864 1238 Adipisct'.
1903 1204 1921 1231 1.
1937 1205 2000 1239 Sy.

1154 1244 1277 1271 Retinere
1297 1248 1399 1282 (posse,
1420 1257 1456 1272 sc.
1477 1246 1671 1279 hereditatem.)
1691 1246 1746 1273 Gai.
1766 1247 1797 1273 11.
1816 1249 1871 1273 148.
1891 1257 1931 1284 sq.
1969 1246 1999 1273 11.

1155 1290 1222 1322 Op.
1243 1288 1372 1315 Obtinere
1392 1300 1472 1327 posse
1493 1289 1671 1316 hereditatem.
1692 1307 1720 1310 —
1742 1291 1771 1316 Si
1791 1289 1822 1316 ab
1842 1291 1874 1316 iis
1895 1291 1999 1316 avocari

1154 1331 1286 1357 hereditas
1306 1337 1403 1369 potest.
1428 1332 1464 1360 Id.
1485 1332 1501 1359 1.
1523 1332 1539 1359 l.
1577 1332 1620 1359 111.
1644 1334 1709 1360 Cn.
1735 1332 1847 1359 Tantum
1872 1334 1937 1359 iuris
1957 1333 2000 1359 ha-

1155 1374 1245 1401 bemus
1266 1374 1297 1401 ad
1318 1375 1499 1406 obtinendum,
1522 1381 1648 1412 quantum
1668 1375 1779 1412 quilibet
1798 1386 1829 1402 ex
1848 1375 1948 1413 populo
1967 1375 2000 1402 ad

1153 1417 1347 1454 prohibendum
1367 1418 1452 1445 babet.
1474 1418 1503 1444 1ἰ·.
1517 1421 1542 1444 2.
1563 1419 1584 1451 ξ.
1598 1422 1622 1444 2.
1643 1429 1675 1445 ne
1695 1429 1737 1455 qu.
1759 1420 1783 1445 in
1804 1418 1862 1445 1000
1882 1418 1997 1456 pub.43.

1153 1463 1177 1486 ὅ.
1216 1460 1297 1496 Quod
1324 1471 1376 1487 non
1401 1461 1510 1488 difficile
1530 1461 1673 1493 obtinebit,
1698 1463 1720 1488 si
1740 1461 1855 1488 sollicite
1874 1467 1930 1499 agat
1949 1467 1998 1488 etc.

1675 1504 1779 1540 Quodsi
1804 1506 1852 1531 iam
1877 1505 1998 1537 obtinuit,

1153 1546 1195 1573 vel
1215 1552 1277 1584 post
1297 1548 1399 1573 evincat
1419 1547 1626 1580 (hereditatem.)
1649 1558 1670 1573 0.
1690 1550 1732 1574 22.
1753 1548 1784 1574 (10
1803 1548 1874 1575 inoff.
1894 1552 1997 1574 testam.

1152 1593 1176 1616 3.
1192 1592 1234 1616 28.
1265 1589 1365 1616 Poterit
1384 1591 1466 1627 queri,
1488 1596 1513 1616 et
1532 1591 1566 1616 ita
1586 1591 1708 1627 iungetur
1727 1590 1782 1617 filio
1802 1601 1859 1623 suo,
1880 1596 1905 1617 et
1920 1590 1998 1617 simul

1154 1642 1211 1658 cum
1236 1643 1266 1658 eo
1292 1633 1464 1659 hereditatem
1489 1633 1626 1660 obtinebit.
1656 1633 1687 1660 fr.
1711 1635 1752 1660 23.
1778 1644 1816 1671 pr.
1842 1633 1900 1660 eod.
1924 1636 1948 1659 5.
1973 1636 1997 1659 2.

1153 1674 1183 1701 B.
1205 1674 1284 1701 Pnem
1306 1686 1325 1702 s.
1346 1681 1364 1702 t.
1384 1677 1504 1713 accipere
1524 1676 1601 1702 heres
1620 1678 1737 1714 scriptus
1761 1681 1862 1714 potest,
1892 1686 1999 1713 remque

1153 1718 1292 1745 obtinebit.
1317 1719 1347 1745 sr.
1370 1722 1408 1745 12.
1430 1730 1468 1757 pr.
1494 1719 1526 1745 (10
1550 1721 1638 1746 iniust.
1664 1725 1732 1757 rupt.
1757 1721 1798 1746 28.
1817 1721 1841 1745 3.
1878 1719 1920 1745 Ex
1939 1718 1999 1745 sub-

1153 1763 1291 1788 stitutione
1311 1761 1483 1788 hereditatem
1504 1762 1631 1789 obtinere.
1655 1763 1684 1789 fr.
1705 1765 1745 1789 41.
1765 1763 1798 1789 (10
1817 1762 1848 1788 Α.
1869 1772 1892 1788 v.
1913 1758 1946 1788 Οἱ
1966 1761 1998 1788 Η.

1152 1807 1194 1831 2.).
1213 1806 1238 1830 2.
1254 1810 1291 1824 '-
1312 1806 1342 1838 §.
1360 1807 1397 1832 3.
1419 1808 1584 1839 Superare
1603 1807 1844 1836 adversarium,
1866 1806 1999 1831 Vincere

1155 1850 1202 1877 (in
1223 1850 1306 1879 iure,
1332 1851 1380 1874 vel
1405 1850 1556 1879 indicio.)
1595 1849 1613 1875 1.
1638 1851 1699 1883 Sy.
1726 1848 1829 1875 Tenere
1853 1847 1997 1884 (agendo.)

1153 1890 1183 1917 [ι’.
1198 1892 1239 1916 47.
1260 1891 1279 1924 ξ
1298 1892 1319 1916 l.
1339 1890 1372 1917 ds·
1391 1901 1502 1917 manum.
1523 1897 1623 1918 testam.
1637 1894 1678 1918 40.
1694 1893 1717 1917 4.
1755 1891 1894 1928 Superare.
1914 1890 1944 1917 fr.
1957 1891 1996 1916 16.

1154 1934 1207 1969 Qui
1227 1935 1322 1970 potior.
1341 1936 1383 1960 ⁴20.
1403 1937 1426 1960 4.
1453 1934 1483 1960 fr.
1505 1936 1544 1961 14.
1570 1936 1590 1969 ξ
1610 1938 1634 1962 3.
1659 1935 1691 1961 de
1711 1934 1763 1960 div.
1784 1939 1862 1971 temp.
1881 1942 1995 1970 praescr.

1153 1979 1193 2003 44.
1213 1978 1237 2003 3.
1275 1976 1304 2003 ll.
1322 1978 1389 2011 Op.
1410 1976 1487 2003 Vinci
1507 1979 1549 2010 (in
1569 1978 1641 2011 lite)
1667 1977 1696 2004 fr.
1716 1979 1758 2003 22.
1783 1977 1821 2011 §§.
1843 1978 1864 2002 1.
1885 1985 1942 2012 sqq.
1964 1974 1996 2002 de

1152 2020 1225 2046 inoff.
1246 2025 1339 2046 testam
1367 2022 1391 2046 5.
1411 2022 1435 2046 2.
1456 2021 1486 2046 1ἰ·.
1509 2023 1546 2046 12.
1573 2021 1595 2054 ξ.
1615 2023 1639 2047 4.
1665 2020 1697 2047 (1(Ι
1718 2020 1778 2046 bon.
1805 2018 1890 2045 libert.
1909 2020 1952 2045 38.
1971 2020 1995 2044 2.

1153 2063 1182 2089 1“ι·.
1202 2065 1224 2089 5.
1245 2064 1266 2097 ξ.
1288 2065 1310 2089 0.
1336 2062 1414 2089 iudic.
1435 2063 1511 2089 solvi.
1531 2065 1572 2089 46.
1594 2065 1617 2089 7.
1654 2063 1697 2089 111.
1720 2064 1785 2090 Cn.
1809 2062 1934 2087 Suecurri
1953 2060 1996 2087 de-

1152 2106 1226 2137 bere,
1253 2116 1311 2132 cum
1337 2107 1438 2131 animus
1462 2106 1589 2142 litigantis
1614 2111 1639 2131 et
1664 2104 1800 2131 obtinendi
1820 2109 1909 2130 votum
1928 2103 1995 2130 banc

1151 2150 1301 2186 opinionem
1322 2148 1443 2174 admittit.
1464 2148 1494 2175 l'r.
1517 2151 1555 2175 lt.
1576 2149 1597 2182 ξ.
1611 2150 1634 2174 3.
1655 2148 1688 2174 ad
1706 2147 1735 2174 L.
1750 2146 1818 2173 Fatc.
1833 2149 1875 2173 35.
1889 2150 1914 2173 2.
1944 2146 1995 2173 Me-

1152 2192 1202 2218 lius
1227 2192 1356 2222 facerent,
1385 2192 1407 2217 si
1433 2201 1462 2217 se
1485 2192 1615 2218 sumtibus
1639 2191 1759 2217 inanibus
1785 2200 1835 2215 non
1860 2195 1994 2222 vexarent,

1151 2245 1208 2262 cum
1229 2235 1348 2261 obtinere.
1369 2234 1412 2267 [al.
1433 2234 1580 2268 obtinendi]
1599 2244 1673 2271 spem
1693 2243 1745 2259 non
1765 2232 1898 2259 haberent.
1919 2232 1949 2259 fr.
1971 2235 1994 2259 l.

1528 2277 1555 2303 ln
1579 2275 1738 2303 accusando.
1763 2286 1782 2301 s.
1808 2276 1994 2307 Accusatione,

1151 2331 1203 2347 non
1229 2320 1356 2347 obtinere.
1382 2320 1413 2346 fr.
1432 2323 1473 2346 22.
1500 2320 1522 2353 §.
1543 2322 1565 2346 l.
1592 2319 1625 2345 ib.
1646 2321 1668 2344 5.
1690 2322 1713 2344 2.
1740 2319 1769 2344 l‘r.
1790 2320 1830 2344 47.
1852 2318 1884 2344 (10
1904 2317 1994 2345 hered.

1150 2370 1204 2402 pet.
1223 2366 1247 2390 5.
1267 2367 1289 2390 3.
1328 2364 1357 2390 Si
1372 2379 1403 2383 —-
1423 2374 1464 2389 rea
1484 2361 1615 2400 postulata
1636 2372 1738 2387 eausam
1755 2361 1906 2387 obtinuerit.
1927 2361 1956 2387 l'r.
1967 2363 1992 2388 3.

1150 2409 1171 2442 ξ.
1191 2410 1214 2436 (i.
1240 2407 1272 2434 de
1293 2407 1371 2433 Carb.
1397 2406 1473 2433 edict.
1497 2407 1539 2431 37.
1561 2407 1600 2432 10.
1639 2405 1681 2431 lus
1705 2414 1780 2430 suum
1804 2404 1942 2440 persequi,
1968 2409 1993 2431 et

1150 2451 1278 2477 obtinere.
1299 2451 1328 2476 l'r.
1347 2452 1388 2476 30.
1409 2450 1430 2483 ᾖ.
1453 2451 1474 2475 l.
1492 2448 1525 2474 (10
1545 2458 1600 2474 exc.
1621 2449 1657 2474 rei
1678 2447 1730 2473 iud.
1751 2449 1791 2472 44.
1810 2450 1834 2472 2.
1873 2447 1940 2473 Cum
1960 2446 1993 2473 de

1150 2495 1240 2519 matris
1264 2497 1420 2519 testamento
1445 2495 1532 2526 agant.
1558 2496 1583 2517 et
1608 2491 1727 2516 obtinere
1751 2489 1860 2516 adsidue
1880 2489 1990 2516 soleant.

1150 2536 1180 2563 fr.
1200 2539 1224 2562 5.
1245 2536 1277 2562 de
1296 2535 1366 2562 inoff.
1387 2539 1488 2561 testam.
1508 2535 1531 2559 5.
1551 2536 1575 2559 2.
1597 2533 1628 2560 ct'.
1654 2533 1725 2560 Paul.
1747 2532 1790 2558 IV.
1810 2534 1834 2557 5.
1854 2532 1938 2566 §.10.
1959 2531 1990 2558 V.

1152 2581 1190 2606 12.
1211 2580 1232 2613 §.
1253 2580 1276 2605 4.
1314 2577 1464 2604 Portionem
1485 2576 1637 2603 hereditatis
1657 2576 1771 2613 petebat.
1791 2580 1816 2601 et
1835 2575 1904 2612 apud
1915 2574 1990 2601 Prae-

1150 2622 1233 2649 sidem
1252 2621 1408 2647 obtinuerat.
1429 2619 1459 2646 fr.
1480 2621 1519 2646 74.
1539 2621 1560 2653 ξ.
1584 2622 1604 2646 1.
1625 2619 1654 2646 sr.
1666 2621 1707 2645 81.
1726 2618 1758 2644 ad
1772 2618 1798 2644 S.
1809 2618 1839 2644 C.
1855 2617 1933 2644 Treb.
1946 2617 1988 2642 36.

1151 2667 1172 2691 l.
1194 2665 1287 2691 Postea
1302 2663 1377 2689 heres
1391 2664 1506 2700 scriptus
1526 2663 1675 2689 obtinuerat
1694 2662 1793 2688 fiscum.
1815 2660 1844 2686 t'r.
1864 2662 1905 2686 27.
1925 2660 1946 2692 §.
1960 2662 1985 2686 2.

1126 2709 1127 2720 ¹
1149 2708 1182 2734 de
1206 2707 1280 2743 legat.
1300 2705 1341 2732 111.
1363 2708 1439 2738 (32.)
1460 2706 1492 2732 et'.
1518 2706 1547 2732 l'r.
1570 2707 1608 2732 16.
1635 2705 1688 2740 Qui
1707 2709 1762 2741 pot.
1781 2706 1823 2729 20.
1842 2705 1866 2729 ⁴1.
1901 2701 1987 2728 Litem

1125 2745 1126 2756 ¹
1148 2760 1281 2788 peragere,
1301 2759 1349 2775 nec
1369 2749 1495 2775 obtinere.
1515 2749 1546 2775 fr.
1559 2750 1601 2775 22.
1621 2748 1642 2781 §
1661 2749 1684 2773 3
1705 2747 1737 2773 de
1757 2746 1828 2773 inoff.
1848 2749 1948 2771 testam.
1962 2746 1986 2770 5.

1147 2796 1171 2820 2.
1210 2793 1263 2828 Qui
1283 2803 1312 2819 se
1331 2792 1414 2818 voluit
1434 2802 1567 2823 excusare.
1587 2801 1635 2817 nec
1648 2790 1769 2817 obtinuit.
1790 2788 1871 2815 vatic.
1891 2787 1912 2820 §.
1927 2788 1985 2813 206.

1148 2852 1180 2856 —
1200 2836 1231 2869 ξ.
1252 2837 1290 2862 1}-
1310 2837 1521 2865 l’raevatere,
1541 2834 1750 2870 Confirmari
1770 2831 1985 2865 (posthabitis
