2197 3121
930 158 1017 188 DEF
1043 176 1082 182 —
1106 158 1206 189 DEH.

205 242 366 268 commercia.
395 240 432 267 lb.
456 240 525 267 XIII.
552 241 593 266 11.
621 250 642 266 c.
662 241 686 266 4.
712 239 744 265 de
768 240 891 266 censitor.
935 239 1045 266 Abiecta

205 284 301 316 officia,
320 283 363 310 vel
377 283 502 310 deformia
516 283 668 309 ministeria.
689 293 710 308 e.
724 284 747 309 6.
768 283 800 309 de.
817 283 946 319 dignitatt.
968 284 1007 308 12.
1023 284 1044 308 1.

204 326 311 353 Adfecti
328 332 389 353 nota
404 326 515 353 deformi
530 330 578 352 etc.
599 325 649 352 Th.
664 325 750 352 C.1X.
764 327 805 352 40.
820 336 841 352 c.
857 328 896 351 15.
911 325 943 351 (le
956 335 1033 362 poen.

238 369 483 397 Deformitas·
524 369 555 402 ᾗ.
577 370 612 395 1.
647 370 777 403 Species
801 375 935 395 externa
960 370 1045 395 inne-

203 419 315 444 nunu,
335 415 384 440 vel
406 414 548 439 ruinosa.
591 411 622 438 II.
646 413 713 446 Op.
742 411 939 438 Ornamentum.
970 410 1001 436 fr.
1022 412 1044 436 1.

204 455 227 489 3,
247 457 271 481 2.
292 465 324 482 ne
344 465 386 492 qu.
406 456 433 481 in
452 454 511 481 loco
530 464 583 481 sac.
603 455 644 481 43.
664 456 688 481 6.
725 454 768 481 III.
789 456 855 482 Gn.
875 454 1044 481 Cicatricum.

204 503 248 524 aut
268 498 441 524 deformitatis
460 496 548 530 (nulla
568 497 598 524 fit
617 497 789 529 aestimatio).
810 496 840 523 fr.
860 498 883 523 7.
903 496 936 522 (le
955 496 979 522 h.
1001 506 1043 532 qu.

204 541 283 567 ettad.
303 543 327 568 9.
346 542 371 567 3.
396 540 427 567 cf.
447 539 476 566 fr.
491 541 515 566 3.
535 541 558 566 si
576 540 703 577 quadrup.
723 542 747 566 9.
768 541 791 566 l.
827 539 958 576 Inspectis
977 539 1045 565 aedi-

204 584 281 615 ficiis.
302 600 334 603 —
353 583 513 619 competenti
527 583 642 609 remedio
657 583 815 609 deformitati
829 581 953 608 auxilium
968 582 1042 608 ferre.

204 626 234 652 fr.
256 628 280 653 7.
307 626 339 653 de
359 626 402 652 off.
422 625 510 652 Praes.
538 627 620 652 1.18.
652 641 685 645 —
715 625 746 658 ξ.
775 626 810 652 ².
843 627 1043 659 Turpitudo,

203 669 355 695 Dedecus.
392 667 435 694 III.
454 669 520 695 (In.
541 669 627 704 Quem
640 667 761 704 obsequii
781 667 933 694 deformitas
952 667 1044 693 militia

203 712 326 738 secernit.
354 710 404 737 Th.
424 710 455 738 C.
476 710 532 737 VH.
554 713 593 737 13.
614 722 634 737 c.
654 712 677 737 8.
698 710 730 737 de
749 711 827 737 tiron.

169 745 179 753 ⁶
238 755 429 781 Defossus.
467 753 508 780 Cf.
528 764 552 780 v.
572 753 712 780 Desodere.

237 798 493 824 Deru-nudare.
537 799 682 824 Privare,
729 796 759 822 II.
789 798 856 830 ΟΡ.
888 796 1044 823 Defraudari

203 839 356 873 (dominio).
376 856 408 859 —
428 839 553 866 Retinere
573 840 706 876 (partem).
726 840 747 873 3.
763 841 788 865 2.
808 839 825 865 1.
854 839 904 866 Per
917 850 959 876 qu.
974 849 1043 876 pers.

202 882 263 909 vob.
277 882 355 919 adqu.
375 885 399 909 2.
410 884 434 909 9.
462 882 504 909 ΠΙ.
519 883 584 910 Cn.
607 881 647 908 Ne
667 882 804 908 commodo
824 881 894 908 dotis
910 882 1045 908 defraude-

202 929 253 957 tur,
267 925 473 962 permittendum
487 930 527 951 est
540 929 589 951 etc.
609 924 640 951 fr.
654 927 695 951 45.
715 925 764 951 sol.
778 926 888 951 matrim.
901 927 943 952 24.
954 927 978 951 3.
999 925 1043 951 Sic

201 978 278 994 nemo
293 968 462 995 defraudetur
476 979 489 994 a
503 967 641 994 commodo
654 969 797 994 testatoris.
818 978 838 994 c.
850 970 873 994 4.
888 968 945 1001 3.1.
965 968 998 994 de
1011 967 1043 994 V.

202 1010 232 1037 S.
250 1012 274 1037 6.
287 1012 329 1036 38.
359 1010 395 1037 Vt
407 1021 465 1037 eum
479 1010 578 1037 functio
593 1010 663 1036 nulla
683 1021 735 1037 non
750 1016 844 1041 teneat.
866 1011 971 1037 collatio
991 1021 1043 1037 non

201 1053 346 1080 defraudet.
371 1052 420 1080 Th.
434 1053 463 1080 C.
479 1053 522 1080 VI.
542 1055 583 1080 27.
605 1063 626 1079 c.
640 1054 664 1079 6.
685 1053 717 1080 de
730 1059 814 1090 agent.
828 1055 854 1080 in
868 1053 922 1080 reb.
951 1053 1045 1080 Mulier

201 1097 295 1122 marito
314 1106 362 1122 suo
382 1095 541 1123 defraudata.
571 1095 617 1122 Iul.
643 1107 683 1133 ep.
702 1107 762 1123 nov.
783 1108 804 1123 c.
827 1099 884 1123 11⁴.
904 1097 925 1131 3.
945 1098 1004 1123 425.

201 1191 241 1212 eo.
262 1181 333 1218 quod
352 1182 465 1208 invicem
484 1181 533 1208 tibi
547 1181 738 1209 defraudatoris
752 1183 857 1209 nomine
871 1182 957 1209 debet.
986 1182 1043 1209 Gai.

200 1223 245 1251 IV.
264 1225 305 1250 65.

235 1267 479 1302 neri-ingere.
517 1269 716 1303 Frangendo
736 1270 876 1304 aufer-re.
913 1268 955 1295 III.
978 1270 1044 1296 Cn.

199 1310 242 1337 Ex
252 1320 317 1336 nave
330 1315 356 1336 et
369 1309 489 1336 columna
501 1309 588 1346 aliqua
599 1321 660 1347 pars
671 1310 873 1347 defringebatur.
886 1311 942 1338 Gai.
951 1311 994 1338 IV.
1004 1313 1043 1338 17.

234 1354 451 1380 Defrutum.
503 1355 617 1380 Vinum
646 1361 777 1381 coctum.
824 1354 866 1380 Ill.
893 1355 958 1382 (7¹11.
989 1353 1043 1381 Vas

199 1406 323 1425 aeneum.
342 1397 369 1422 in
389 1405 441 1432 quo
461 1405 523 1433 sapa
544 1402 714 1433 coqueretur,
734 1402 759 1423 et
778 1396 910 1423 defrutum
929 1397 983 1423 liat.
1012 1397 1042 1424 fr.

201 1440 241 1465 12.
262 1439 284 1472 3.
305 1440 345 1465 lo.
373 1438 406 1465 de
425 1439 499 1465 instr.
519 1438 568 1475 leg.
589 1441 630 1466 33.
651 1442 674 1466 7.
712 1440 839 1471 Mulsum.
859 1450 981 1477 passum,
1001 1440 1044 1467 de-

199 1481 312 1513 frutum,
332 1485 358 1507 et
377 1480 478 1507 similes
497 1483 629 1519 potiones.
656 1482 687 1509 fr.
707 1484 747 1509 16.
767 1483 789 1517 3.
810 1485 834 1509 1.
859 1483 890 1509 ef.
910 1483 940 1509 fr.
960 1485 984 1510 9.
1003 1494 1042 1521 pr.

200 1523 233 1550 de
252 1525 305 1550 trit.
326 1525 396 1550 vino.
415 1525 457 1550 33.
478 1526 502 1550 6.
531 1524 603 1552 Paul.
623 1525 666 1551 Ill.
686 1527 710 1552 6.
730 1526 752 1559 3.
772 1527 812 1552 77.

234 1567 396 1601 Defuga.
434 1567 597 1594 Desertor.
634 1567 677 1594 111.
699 1569 765 1596 Gn.
794 1568 848 1604 Qui
867 1568 953 1595 locum
973 1570 1044 1606 prin-

201 1652 292 1678 iorian.
313 1652 345 1679 de
365 1651 454 1678 curial.
473 1651 518 1679 IV.
540 1655 562 1679 7.
583 1664 604 1680 c.
626 1655 648 1679 1.
669 1654 690 1687 3.
710 1656 734 1680 8.
755 1653 787 1680 cf.
808 1653 857 1681 Th.
873 1654 904 1681 C.
923 1654 980 1681 XII.
1002 1657 1041 1682 19.

202 1704 223 1720 c.
242 1696 266 1720 3.
286 1694 319 1721 de
337 1694 362 1720 h.
383 1704 426 1731 qu.
445 1695 522 1721 cond.

236 1738 440 1771 Refugere.
477 1738 508 1771 §-
528 1739 562 1765 1.
592 1740 761 1772 Deserere,
782 1741 905 1767 Deesse.
942 1740 960 1766 I.
980 1742 1042 1775 Sy.

201 1779 392 1816 Derelinquere
411 1780 534 1813 (curiam,
553 1791 578 1807 v.
591 1782 699 1815 munia).
729 1782 778 1809 Th.
794 1782 825 1808 C.
844 1782 900 1809 XII.
922 1784 944 1809 l.
965 1793 985 1809 c.
1002 1785 1041 1809 13.

201 1822 234 1848 de
258 1821 393 1848 decurion.
420 1822 490 1849 XIII.
515 1825 538 1849 5.
564 1834 584 1850 c.
607 1826 646 1850 ll.
677 1824 709 1851 de
733 1824 874 1850 navicular.
915 1825 946 1851 II.
974 1827 1041 1859 Op.

200 1864 362 1891 Subsistere.
391 1864 421 1891 fr.
441 1865 482 1890 85.
503 1865 524 1898 3.
545 1868 569 1892 5.
589 1866 619 1892 fr.
641 1868 698 1893 139.
718 1867 750 1893 de
769 1866 800 1893 V.
822 1868 854 1893 0.
875 1869 916 1893 45.
931 1869 953 1893 1.
992 1868 1042 1894 Te-

201 1908 264 1933 neri.
286 1923 317 1926 —
337 1907 419 1933 Recte
439 1907 570 1944 defugere.
600 1908 630 1934 fr.
650 1911 691 1935 39.
716 1910 737 1944 3.
758 1911 781 1936 5.
807 1909 839 1935 de
859 1911 935 1936 evict.
955 1913 997 1937 21.
1016 1913 1041 1937 2.

201 1965 233 1969 —
253 1950 284 1982 ἓ.
305 1951 340 1976 2.
372 1952 396 1976 A
405 1953 538 1977 versari.
574 1950 616 1977 III.
637 1952 702 1978 (711.
731 1951 780 1978 Par
799 1952 924 1979 delictum
943 1958 984 1979 est
1003 1964 1042 1980 ae-

201 1994 330 2019 cusatoris
349 1994 580 2030 praevaricatori&
600 1999 625 2019 et
645 1994 802 2031 defugientis
821 1996 940 2022 veritatis
958 1997 1042 2033 inqui-

200 2036 330 2061 sitionem.
360 2046 381 2061 c.
402 2038 443 2062 10.
463 2036 495 2062 ad
514 2036 544 2062 L.
563 2036 611 2062 Iul.
632 2036 664 2063 tle
683 2037 763 2063 adult.
784 2039 807 2064 9.
828 2039 851 2064 9.

235 2079 496 2106 Defunctorie.
528 2079 650 2112 (Advb.)
688 2082 935 2115 Perfunctorie,
966 2084 1063 2108 Stu-.

202 2122 268 2152 dio,
287 2130 319 2147 re
338 2123 403 2148 cito
422 2128 452 2148 et
471 2124 574 2149 obiter
592 2124 800 2158 defungendi.
831 2122 874 2149 111.
894 2125 960 2151 Gn.
980 2124 1040 2150 Non

203 2162 287 2189 solum
306 2173 372 2199 quae
392 2173 444 2190 non
462 2165 547 2201 petiit,
567 2181 599 2184 —
618 2165 666 2191 sed
685 2170 711 2191 et
730 2176 796 2201 quae
815 2165 865 2192 def.
880 2168 965 2203 petiit.
985 2169 1040 2200 (co-

204 2207 329 2239 ercetur).
360 2206 391 2232 fr.
410 2209 434 2233 2.
454 2208 476 2240 3.
496 2210 538 2234 32.
562 2207 594 2234 ad
614 2207 641 2234 S.
662 2207 693 2234 C.
713 2207 825 2235 Tei-tull.
845 2210 886 2235 38.
908 2211 948 2235 17.

204 2256 256 2272 nou
276 2247 324 2274 def.
345 2248 392 2282 [al.
411 2250 607 2286 perfunctorie]
631 2251 804 2287 impleverant
826 2251 960 2285 (debitum
984 2252 1040 2278 offi-

205 2289 293 2321 cium).
320 2290 350 2316 fr.
367 2293 409 2318 21.
428 2292 450 2326 3.
470 2295 494 2318 2.
514 2292 547 2319 de
566 2293 594 2319 S.
614 2292 645 2319 C.
666 2293 748 2320 Silan.
766 2296 808 2320 29.
822 2296 845 2320 5.
883 2294 912 2321 Si
933 2299 987 2321 tres
1002 2300 1040 2321 tu-

204 2331 270 2357 telas
295 2347 326 2350 —
352 2342 403 2359 nou
426 2334 477 2361 def.
501 2341 652 2373 susceptas.
681 2336 856 2363 administras.
888 2347 909 2363 c.
935 2339 956 2364 1.
986 2338 1040 2374 Qui

204 2384 272 2399 num.
293 2379 340 2400 tut.
359 2376 382 2400 5.
401 2377 442 2403 69.

240 2417 459 2446 Defunctus.
472 2420 591 2454 (Partic.)
615 2423 690 2449 Vita
704 2424 858 2458 functus,
880 2424 1038 2450 Mortuus.

206 2459 223 2485 l.
244 2460 305 2493 Sy.
338 2459 504 2489 Demortuus.
533 2464 563 2490 fr.
583 2465 623 2490 68.
644 2465 665 2498 3.
685 2467 708 2491 2.
736 2465 765 2491 fr.
787 2467 826 2492 70.
847 2466 884 2500 33.
905 2467 926 2492 1.
947 2476 986 2503 sq.
1007 2467 1039 2493 de

206 2501 272 2528 usuf.
300 2504 321 2528 7.
344 2504 365 2528 1.
398 2502 439 2529 Cf.
458 2514 482 2530 v.
501 2505 620 2543 Defungi.
650 2507 671 2541 3.
691 2510 715 2533 2.
751 2508 794 2534 HI.
814 2510 880 2536 Cn.
910 2508 1039 2536 Heredem

205 2544 323 2571 eiusdem
341 2547 481 2582 potestatis
500 2548 615 2586 iurisque
634 2560 706 2582 esse,
731 2552 804 2577 cuius
823 2551 872 2578 suit
891 2551 1038 2579 defunctus.

205 2588 235 2614 t'r.
254 2591 295 2614 59.
320 2588 354 2614 de
371 2587 402 2614 R.
421 2588 440 2615 1.
466 2591 507 2616 50.
528 2592 568 2618 17.
603 2592 744 2620 Successit)
768 2595 795 2620 in
819 2596 969 2621 universum
988 2596 1037 2628 ius,

205 2630 277 2666 quod
295 2630 434 2657 defunctus
452 2631 551 2658 habuit.
579 2633 608 2660 fr.
626 2637 668 2662 24.
687 2636 720 2663 de
738 2636 770 2663 V.
790 2636 817 2664 S.
837 2639 879 2664 50.
900 2639 939 2664 16.
969 2638 1038 2665 Con-

204 2679 243 2700 tra
263 2673 379 2700 defuncti
402 2674 564 2701 voluntatem
581 2677 644 2712 peti.
670 2677 701 2705 fr.
719 2681 779 2706 243.
798 2680 834 2706 ib.
852 2682 894 2707 50.
915 2682 954 2707 16.

239 2718 473 2744 Defundere.
500 2718 531 2751 §-
545 2719 580 2744 1.
600 2721 792 2755 Effundere.
821 2723 864 2750 111.
876 2725 942 2752 Cn.
963 2724 1038 2760 Quae

204 2760 232 2785 in
255 2760 381 2796 cauponis
406 2769 482 2786 usum
503 2765 593 2798 parata
616 2767 691 2795 suut,
712 2765 786 2792 velut
807 2776 869 2793 vasa
892 2768 918 2793 in
941 2768 1037 2804 quibus

204 2803 293 2829 vinum
311 2802 464 2830 defunditur
483 2803 532 2837 [al.
552 2803 730 2840 diffunditur}
758 2807 830 2835 Paul.
850 2809 891 2836 III.
911 2811 934 2836 6.
954 2811 976 2844 3.
995 2812 1036 2837 61.

985 2211 1039 2245 Qui
1060 2205 1062 2246 ἑ

1064 881 1066 896 4

1868 166 1932 196 259

1091 256 1122 260 ——
1143 241 1174 275 §.
1193 242 1228 267 2.
1254 242 1407 277 Deferre‚
1427 244 1566 278 Inserre.
1602 242 1645 269 III.
1661 244 1726 271 Gn.
1746 243 1781 270 Vt
1801 247 1929 282 promissa

1091 293 1198 315 summa.
1218 294 1284 320 quae
1303 284 1334 311 ad
1349 296 1433 311 arcam
1447 285 1614 312 ‹lt-fundenda
1628 291 1676 317 est.
1696 287 1841 324 impleatur.
1862 288 1928 316 Nor.

1091 325 1193 353 Valent.
1214 326 1256 353 III.
1277 326 1309 353 de
1329 328 1418 354 tribut.
1438 328 1494 354 fise.
1514 328 1544 355 II.
1565 330 1605 355 19.
1625 339 1646 355 c.
1668 331 1690 356 1.
1711 330 1732 364 3.
1752 333 1776 357 2.

1124 370 1303 404 Desungi.
1341 372 1371 404 §.
1392 372 1426 397 l.
1455 373 1634 406 Perfungi,
1655 375 1844 406 Absohere,
1863 377 1927 402 Ex-

1089 414 1203 445 pedire.
1252 412 1283 439 II.
1313 414 1380 447 ⁰1).
1419 413 1517 448 Quanti
1546 415 1686 451 plurimum
1714 416 1865 453 periclitari.
1896 435 1928 437 —

1090 454 1189 489 Quanti
1208 456 1314 482 minimo
1335 455 1447 491 defungi.
1478 456 1508 483 fr.
1529 459 1568 483 11.
1589 459 1626 492 33.
1646 460 1669 485 9.
1691 461 1731 485 12.
1751 459 1783 485 de
1802 460 1833 486 Λ.
1852 461 1882 487 E.
1897 461 1928 488 V.

1091 499 1130 523 19.
1153 499 1173 524 l.
1215 498 1258 524 III.
1277 500 1342 526 Gn.
1371 498 1399 524 In
1420 509 1471 535 quo
1491 501 1529 532 (s.
1549 502 1671 536 negotio)
1691 501 1798 539 operula
1818 504 1867 529 ista
1887 504 1929 531 de-

1089 540 1170 566 functi
1194 546 1269 573 sunt,
1294 546 1319 568 et
1342 543 1516 568 ministerium
1540 543 1695 580 qualequale
1719 546 1929 573 accommodave-

1090 587 1157 609 runt.
1186 583 1216 609 fr.
1236 585 1261 610 3.
1281 583 1313 610 (1(Ι
1332 589 1469 621 proxenet.
1489 587 1531 611 50.
1553 587 1591 612 14.
1630 586 1804 615 Translaticie
1823 589 1928 626 defungi

1089 626 1208 657 (munere
1227 627 1388 659 accusandi).
1409 627 1439 654 fr.
1460 629 1482 654 l.
1502 628 1524 661 3.
1544 630 1567 654 6.
1588 629 1620 655 ad
1639 629 1666 656 S.
1687 630 1717 657 C.
1732 630 1814 668 Turp.
1834 633 1875 659 48.
1888 634 1928 659 16.

1089 670 1187 703 Quanti
1208 671 1304 696 actoris
1324 671 1435 697 interest
1453 681 1537 697 noxae
1555 673 1646 708 potius
1667 673 1801 701 deditione
1814 674 1928 712 defungi,

1089 721 1165 747 quam
1184 712 1239 738 litis
1259 714 1447 740 aestimatione.
1479 713 1510 740 fr.
1529 715 1570 740 37.
1591 715 1613 748 3
1634 717 1656 742 1.
1677 716 1709 742 ad
1727 716 1757 743 L.
1776 717 1845 754 Aqu.
1865 719 1889 745 9.
1903 721 1927 745 2.

1089 769 1121 772 —
1145 754 1176 786 ξ.
1202 756 1237 782 2.
1268 758 1456 790 Supremam
1481 758 1559 783 diem
1580 759 1677 785 obire.
1713 759 1731 785 I.
1756 761 1817 794 Sy.
1848 761 1928 791 Mori.

1089 796 1232 824 Decedere,
1262 797 1323 835 le.
1344 798 1386 825 VI.
1406 801 1430 825 4.
1452 801 1475 825 7.
1510 799 1567 826 Gai.
1587 800 1630 827 III.
1651 803 1691 828 13.
1712 804 1751 828 15.
1781 803 1811 829 fr.
1830 805 1871 830 26.
1897 804 1929 831 de

1088 839 1119 865 N.
1141 839 1172 866 G.
1191 842 1216 866 3.
1236 843 1259 867 5.
1298 841 1381 868 Obire
1400 847 1518 869 mortem.
1548 842 1578 869 fr.
1598 845 1640 870 26.
1660 844 1682 878 3.
1696 846 1719 871 5.
1740 845 1773 872 de
1792 851 1859 883 pact.
1874 847 1928 874 dot.

1087 884 1129 909 23.
1148 884 1172 909 4.
1209 883 1388 921 Interceptus,
1408 885 1563 912 Defunctus.
1595 886 1651 913 Gai.
1671 887 1701 913 II.
1722 889 1779 914 123.

1122 927 1311 960 Begener.
1331 927 1461 960 (Adiect.)
1490 929 1520 961 §-
1535 930 1569 955 1.
1597 930 1754 965 Originis
1774 934 1926 960 iniustae.

1087 968 1118 995 II.
1143 970 1210 1002 Op.
1243 968 1385 1005 Legitima.
1406 987 1437 990 -—
1457 970 1590 998 Naturalis
1610 983 1639 999 ac
1659 972 1772 1009 degener
1794 975 1927 1012 (proles).

1088 1011 1156 1038 Nov.
1176 1011 1226 1038 Th.
1246 1012 1276 1038 II.
1297 1012 1329 1038 de
1349 1012 1373 1039 li.
1394 1023 1436 1049 qu.
1457 1024 1497 1051 sp.
1516 1024 1585 1041 mun.
1609 1015 1627 1041 I.
1647 1018 1689 1042 22.
1709 1027 1731 1043 c.
1752 1019 1774 1043 l.
1799 1017 1822 1050 3
1841 1019 1864 1044 3.
1896 1034 1928 1038 —

1089 1055 1119 1087 ξ.
1140 1056 1175 1081 2.
1205 1056 1377 1090 Indignus,
1411 1057 1548 1091 Turpis,
1577 1059 1668 1085 ritis.
1707 1059 1749 1085 ΙΠ.
1776 1061 1841 1087 Gn.
1875 1061 1928 1096 Qui

1065 1114 1067 1138 ὲ
1088 1098 1123 1124 ita
1144 1097 1257 1133 degener
1281 1103 1306 1124 et
1331 1099 1426 1135 impius
1451 1101 1611 1126 constitutus
1635 1106 1682 1127 est.
1717 1112 1738 1127 c.
1760 1103 1781 1128 l.
1806 1103 1828 1136 3.
1848 1104 1871 1130 4.
1896 1103 1929 1130 de

236 1139 506 1166 Deir-nudatur.
539 1141 739 1166 Fraudator.
772 1139 814 1166 ΙΙΙ.
835 1141 901 1167 Cn.
920 1139 1043 1166 Deducto

1088 1140 1144 1167 Lat.
1165 1140 1251 1167 libert.
1282 1143 1304 1167 7.
1324 1142 1348 1167 6.
1390 1141 1510 1178 Ingratus
1540 1148 1565 1169 et
1589 1143 1701 1179 degener
1721 1145 1793 1171 civis.
1826 1145 1875 1172 Th.
1896 1146 1927 1173 C.

1087 1183 1132 1210 XI.
1155 1185 1176 1209 l.
1197 1194 1218 1209 c.
1240 1185 1279 1210 18.
1301 1183 1333 1210 tle
1353 1195 1446 1211 annon.
1466 1190 1492 1211 et
1507 1185 1597 1212 tribut.
1634 1187 1739 1213 Abiecti
1758 1192 1836 1224 atque
1855 1188 1928 1225 dege-

1089 1236 1173 1253 neres.
1207 1226 1248 1253 Cf.
1276 1237 1300 1252 v.
1328 1227 1465 1254 Abiectus.
1511 1228 1675 1264 Degenerem
1704 1230 1829 1256 latebram
1855 1241 1928 1268 prae-

1066 1278 1067 1283 *
1089 1269 1187 1295 buisse.
1216 1269 1254 1295 lh.
1273 1268 1328 1295 VII.
1351 1271 1390 1296 18.
1411 1281 1432 1297 c.
1446 1273 1470 1297 4.
1491 1271 1511 1305 3.
1527 1273 1552 1298 2.
1572 1271 1604 1298 de
1624 1272 1750 1299 desertor.
1788 1273 1927 1300 Severitati

1065 1339 1066 1349 ἵ
1088 1312 1183 1338 iudicis
1202 1312 1335 1343 offeratur.
1355 1313 1478 1349 degeneri
1497 1319 1581 1341 morte
1594 1315 1708 1351 gladium
1721 1316 1865 1343 subiturus.
1891 1317 1927 1343 lb.

1100 1377 1104 1381 .
1137 1377 1142 1381 .
1163 1366 1184 1381 c.
1204 1357 1228 1382 4.
1253 1356 1270 1381 ”.
1290 1357 1314 1382 3.

1088 1355 1096 1381 l
1123 1355 1284 1433 lllegelpe.
1326 1401 1472 1431 versari,
1493 1401 1603 1436 Agere.
1640 1400 1683 1427 ΙΙΙ.
1700 1403 1765 1429 Cn.
1785 1401 1927 1439 Postquam

1065 1457 1066 1476 3
1089 1443 1254 1478 apertissime
1274 1441 1353 1468 fuerit
1371 1447 1446 1479 pater
1465 1443 1583 1479 ignotus,
1609 1443 1654 1470 ubi
1678 1444 1761 1481 degit,
1786 1450 1812 1471 et,
1835 1456 1867 1471 an
1886 1456 1927 1472 su-

1064 1496 1066 1506 <
1090 1490 1194 1521 perstes
1213 1486 1255 1510 sit.
1284 1484 1316 1511 fr.
1338 1487 1376 1511 10.
1402 1485 1435 1511 de
1454 1485 1484 1511 R.
1505 1484 1536 1512 N.
1562 1487 1604 1512 23.
1623 1488 1647 1512 2.

1065 1522 1066 1526 ¹
1091 1529 1179 1554 vitam.
1209 1528 1259 1555 Th.
1283 1527 1314 1554 C.
1334 1528 1379 1554 XI.
1402 1530 1441 1554 12.
1466 1539 1487 1555 c.
1507 1530 1531 1555 3.
1558 1528 1590 1555 de
1613 1530 1717 1556 immun.
1743 1541 1815 1558 conc.
1857 1531 1926 1559 Intra

1685 1486 1814 1514 Privatam
1833 1488 1927 1525 degere

1064 1582 1066 1611 ξ
1088 1571 1214 1597 ΧΧΥυιιι
1234 1581 1329 1597 annum
1349 1570 1474 1607 degentes
1494 1571 1622 1605 (viduae).
1650 1572 1687 1599 lh.
1707 1573 1749 1600 III.
1770 1575 1793 1600 7.
1814 1585 1835 1601 c.
1850 1577 1872 1601 1.
1886 1585 1924 1612 pr.

201 1608 342 1646 cipalitatis
362 1608 471 1646 indepti,
490 1610 609 1637 vendunt
628 1610 736 1647 defugas
756 1611 876 1638 curiales.
904 1611 972 1638 Νῦν.
992 1612 1043 1639 Ma·
1064 1614 1066 1623 '

1087 1614 1120 1640 (le,
1139 1619 1212 1651 nupt.
1251 1614 1305 1649 Qui
1328 1615 1354 1640 in
1377 1614 1474 1650 palatio
1498 1620 1591 1641 nostro
1616 1615 1720 1651 degunt.
1753 1616 1790 1643 lb.
1814 1617 1858 1644 XI.
1885 1620 1924 1644 12.

1088 1668 1109 1683 c.
1129 1659 1153 1683 3.
1179 1657 1196 1683 l.
1243 1656 1340 1683 Milites
1365 1657 1391 1682 in
1415 1657 1584 1694 expeditione
1608 1658 1740 1694 degentes.
1777 1670 1798 1686 c.
1824 1662 1863 1686 15.
1893 1660 1925 1687 de

1088 1705 1188 1727 testam.
1209 1700 1262 1726 mil.
1283 1702 1306 1726 6.
1327 1701 1369 1725 21.

1120 1744 1369 1778 Deglabrare.
1393 1743 1551 1769 Corticem
1571 1746 1697 1770 demere.
1721 1744 1763 1771 III.
1778 1746 1844 1773 Cn.
1864 1746 1924 1773 Cin-

1086 1795 1155 1821 gere,
1174 1790 1215 1811 est
1234 1784 1393 1820 deglabrare.
1412 1784 1443 1811 fr.
1457 1787 1481 1811 5.
1500 1795 1539 1822 pr.
1560 1786 1644 1813 arbor.
1665 1786 1725 1813 furt.
1745 1798 1811 1815 caes.
1831 1791 1872 1815 47.
1883 1791 1906 1815 6.

1120 1828 1355 1861 negt-adare.
1393 1826 1434 1853 cf.
1454 1837 1478 1854 v.
1497 1827 1652 1864 Regradare.

1120 1872 1344 1904 Degustare·
1374 1871 1405 1903 ξ.
1424 1871 1459 1896 l.
1485 1873 1638 1904 Gustare,
1659 1875 1762 1899 Gustu
1778 1876 1923 1908 probare.

1086 1913 1129 1939 III.
1150 1915 1216 1940 Gn.
1244 1912 1303 1939 Alia
1323 1923 1400 1939 causa
1420 1918 1461 1939 est
1480 1912 1648 1949 degustandi,
1668 1915 1717 1941 alia
1735 1916 1868 1943 metiendi.
1892 1917 1922 1944 fr.

1063 1982 1064 1992 ἵ
1085 1958 1127 1982 34.
1148 1956 1170 1990 3
1189 1958 1213 1982 5.
1237 1955 1269 1982 de
1289 1961 1372 1982 contr.
1392 1960 1451 1982 emt.
1478 1958 1518 1982 13.
1540 1959 1562 1983 l.
1605 1957 1633 1984 Si
1658 1958 1774 1985 nondum
1797 1964 1859 1986 sunt
1881 1960 1924 1987 de-

1086 2004 1200 2035 gustata,
1230 1999 1329 2034 signata
1355 2003 1441 2025 tamen
1465 1999 1496 2025 ab
1522 2005 1621 2027 emtore
1647 2002 1738 2035 (vasa.
1766 2002 1808 2029 vel
1828 2002 1922 2036 dolia).

1085 2042 1116 2069 fr,
1137 2044 1159 2068 1.
1179 2051 1218 2078 pr.
1239 2041 1271 2068 de
1290 2043 1370 2078 peric.
1390 2047 1416 2068 et
1435 2052 1526 2069 comm.
1552 2045 1591 2070 18.
1612 2045 1635 2070 6.
1672 2044 1702 2071 Si
1725 2055 1778 2071 non
1805 2045 1923 2082 degusta-

1085 2086 1135 2117 vit,
1162 2086 1219 2111 sive
1239 2084 1400 2121 degustando
1423 2085 1490 2112 male
1514 2086 1644 2123 probavit.
1672 2087 1702 2114 sr.
1723 2090 1763 2115 15.
1782 2088 1817 2115 ib.
1838 2090 1878 2115 18.
1897 2091 1922 2117 6.

1084 2145 1117 2148 -
1138 2128 1168 2161 ξ.
1185 2129 1221 2154 2.
1254 2129 1388 2154 Leviter
1400 2130 1524 2164 ferire,
1543 2132 1592 2155 vel
1610 2132 1791 2165 adtingere.
1821 2131 1839 2158 1.
1860 2133 1922 2167 Sy.

1084 2172 1258 2207 Degustatum
1282 2170 1391 2206 fulgore.
1429 2171 1535 2198 Tactus.
1569 2171 1618 2198 Th.
1639 2172 1670 2200 C.
1694 2173 1764 2200 XVI.
1790 2176 1829 2201 10.
1855 2185 1876 2201 c.
1898 2177 1920 2201 1.

1083 2224 1123 2251 pr.
1143 2215 1209 2248 3.1.
1237 2213 1269 2240 de
1293 2224 1383 2250 pagan.
1432 2213 1475 2240 ΙΙΙ.
1499 2216 1564 2242 οη.
1596 2215 1732 2242 Liberales
1754 2216 1855 2244 litteras
1878 2217 1921 2244 de-

1084 2262 1197 2294 gustare.
1227 2256 1263 2282 lb.
1283 2256 1353 2282 Xlll.
1373 2258 1396 2282 4.
1418 2267 1438 2283 c.
1460 2259 1482 2283 1.
1503 2257 1535 2283 de
1554 2268 1643 2285 excus.
1662 2259 1729 2286 artis.

1119 2300 1352 2334 Degustatio.
1390 2301 1601 2335 Degustandi
1624 2309 1730 2334 actus,
1755 2305 1917 2330 Gustatio.

1062 2367 1063 2370 ,
1084 2342 1126 2368 ΙΙΙ.
1149 2344 1215 2370 Cn.
1248 2342 1277 2368 Si
1296 2347 1354 2369 ante
1373 2342 1574 2375 exhibitionem,
1598 2344 1623 2371 h.
1644 2355 1665 2371 e.
1685 2350 1744 2372 ante
1763 2345 1918 2381 degustatio-

1084 2396 1156 2417 nem,
1181 2390 1281 2411 acetum
1306 2384 1419 2421 elegerit.
1453 2384 1482 2411 fr.
1502 2387 1526 2412 3.
1551 2386 1584 2413 de
1607 2392 1660 2424 opt.
1686 2398 1709 2414 v.
1735 2387 1808 2413 elect.
1832 2388 1873 2413 33.
1892 2390 1917 2414 5.

1083 2428 1149 2455 Dies
1169 2428 1343 2464 degustationi
1362 2429 1542 2464 praestitutus,
1562 2439 1582 2455 s.
1603 2430 1727 2456 adiectus.
1758 2429 1787 2455 fr.
1808 2431 1831 2456 4.
1851 2430 1916 2464 3.1.

1084 2471 1115 2497 (le
1134 2471 1214 2507 peric.
1235 2475 1260 2496 et
1280 2480 1371 2496 comm.
1393 2472 1433 2497 18.
1452 2472 1475 2497 6,

1117 2514 1276 2540 Dehinc.
1305 2512 1426 2547 (Advb.)
1463 2515 1592 2542 Deinde.
1628 2514 1669 2540 III.
1689 2515 1754 2541 Gn.
1778 2513 1813 2541 Vt
1831 2517 1915 2552 primo

1083 2556 1191 2582 abolitio
1211 2556 1326 2581 criminis
1345 2562 1512 2592 posceretur,
1533 2562 1558 2584 et
1577 2562 1638 2583 tunc
1658 2556 1752 2583 dehinc
1772 2562 1820 2584 etc.
1850 2568 1871 2587 o.
1889 2561 1914 2586 3.

1082 2599 1113 2625 ad
1133 2598 1160 2625 S.
1182 2598 1212 2625 C.
1233 2598 1335 2635 Turpil.
1355 2601 1379 2625 9.
1398 2601 1439 2626 45.

1116 2643 1389 2669 nehonestare.
1427 2643 1586 2668 Dedecore
1605 2643 1759 2678 adficere.
1789 2642 1833 2670 III.
1848 2644 1914 2671 οη.

1081 2684 1131 2711 Est
1150 2684 1256 2720 quidem
1274 2694 1317 2710 res
1337 2685 1509 2711 sanctissima.
1529 2684 1615 2710 civilis
1633 2686 1768 2722 sapientia,
1788 2685 1835 2712 sed
1848 2697 1914 2723 quae

1081 2728 1167 2764 pretio
1186 2728 1330 2753 nummario
1344 2737 1395 2753 uon
1409 2728 1444 2753 sit
1456 2726 1623 2759 aestimanda,
1642 2737 1690 2754 nec
1709 2727 1912 2756 dehonestanda.

1081 2770 1110 2796 fr.
1131 2772 1154 2796 1.
1174 2770 1195 2804 3.
1215 2772 1239 2796 5.
1259 2769 1292 2796 de
1311 2775 1375 2796 extr.
1396 2779 1467 2805 cogn,
1487 2771 1528 2795 50.
1549 2771 1589 2797 13.

1115 2814 1373 2840 Dehonorare.
1423 2813 1554 2839 Honore
1585 2815 1726 2847 privare.

1414 2854 1471 2880 33*

1778 2814 1820 2841 111.
1845 2816 1910 2843 Gn.
