2197 3121
910 157 1000 188 ADA
1024 176 1063 182 —
1086 157 1188 189 ADD.

189 241 295 270 relevat.
315 240 425 268 adaera't.
444 240 462 267 I.
482 242 523 267 25.
544 241 570 267 ὀ.
591 240 613 266 l.
638 238 676 273 55.
695 240 719 266 2.
739 248 778 276 sq.
815 238 913 266 Eadem
931 240 1029 276 pretio-

190 295 247 312 rum
265 285 362 311 taxatio
382 289 501 311 servetur
520 284 546 310 in
565 282 705 320 speciebus
725 282 892 314 adaerandis,
917 292 983 318 quae
1002 283 1028 308 in

189 327 327 354 venalibus
346 327 468 364 publicis.
506 326 556 353 Th.
576 325 606 352 C.
620 325 688 352 wll.
707 327 731 352 4.
752 335 772 351 c.
788 326 827 351 19.
848 324 881 352 (le
900 324 1027 351 cohortal.

189 370 300 402 Levius,
319 381 343 397 v.
363 370 457 396 Pretiis
475 368 685 400 humanioribus,
705 368 828 394 adaerari.
865 367 902 394 Ib.
921 367 966 394 XI.
986 370 1028 394 20.

191 424 212 440 c.
232 415 255 440 6.
280 423 318 451 pr.
350 413 382 439 de
406 411 492 438 collat.
516 411 603 438 donat.
631 411 675 438 XI.
699 412 741 437 28.
767 421 788 437 c.
810 412 848 437 17.
878 410 911 437 de
930 410 1028 447 indulg.

190 456 249 483 deb.

223 497 440 526 Adaeratio·
469 498 672 523 Substitutio
688 498 793 531 pretii
811 498 843 523 in
861 497 959 522 vicem
978 497 1029 522 rei

189 543 386 577 erogandae.
428 539 469 566 111.
495 540 561 567 Cn.
598 539 724 566 Relevare
748 548 808 565 suas
832 539 1027 575 possessiones,

189 589 233 611 aut
251 583 441 610 adam-ationem
454 581 702 617 translationemque
715 581 866 618 deposcere.
895 580 962 607 Nov.
977 580 1026 607 Th.

189 626 220 653 11.
240 626 256 652 1.
277 626 293 653 1,
313 625 331 652 1.
350 628 391 652 25.
412 635 432 651 c.
454 627 476 651 1.
496 625 517 658 ᾗ.
537 627 561 651 5.
586 624 617 650 cf.
638 623 686 650 Th.
702 623 733 650 C.
753 624 797 650 x1.
817 626 859 650 20.
880 634 902 650 c.
921 624 945 649 6.
966 624 987 657 ξ.
1004 625 1026 649 1.

189 669 222 696 dc
247 669 306 695 coll.
333 668 419 695 donat.
461 667 587 694 Militares
616 676 731 692 annonas
760 676 818 692 cum
841 665 1026 703 provinciales,

190 722 237 749 pro
257 711 397 747 longinqua
415 710 569 737 difficultate
592 710 708 741 itineris,
732 710 758 735 in
782 709 948 736 adaeratione
971 719 1028 745 per-

188 754 323 781 solverint.
361 753 427 780 Nov.
452 753 555 779 Yalcnt.
579 752 621 779 ΠΙ.
653 752 685 778 de
708 752 798 779 tribut.
823 751 906 779 liscal.
935 751 965 778 11.
987 753 1026 778 19.

189 808 210 824 c.
234 799 254 823 l.
275 798 296 831 5.
315 798 339 823 3.

224 841 427 866 Atlalnare.
456 840 570 866 Amore
586 839 763 874 praeferre
782 839 872 864 aliis.
904 837 1027 865 111οη.

188 882 219 909 Si
238 899 271 902 —
290 882 405 919 ignobile
424 882 505 907 otium
523 880 706 907 adamaverint.
741 880 790 906 Tb.
811 879 841 907 C.
862 880 917 907 VII.
933 882 954 906 1.
969 890 989 906 c.
1003 882 1027 906 5.

188 925 221 952 de
240 925 270 952 R.
291 917 323 952 111,
356 925 417 960 Qui,
437 924 490 950 nati
510 924 609 960 origine
628 923 726 953 curiali.
746 923 857 949 militare
875 933 970 949 munus
986 922 1028 949 ad-

187 972 346 995 amaverunt.
382 967 419 993 Ib.
438 966 495 994 XII.
517 968 539 992 1.
560 977 581 993 c.
601 967 642 992 56.
662 965 694 992 de
715 965 802 992 decur.

222 1012 399 1037 Adamas.
460 1011 593 1044 Lapilli
631 1011 879 1044 pretiosissimi
916 1019 1026 1045 genus.

187 1053 230 1080 III.
257 1054 321 1081 Gn.
362 1052 471 1089 Species
498 1053 661 1089 pertinentes
689 1051 721 1077 ad
748 1051 870 1088 vectigal:
899 1068 932 1072 --
960 1052 1027 1089 lapis

188 1097 334 1127 universuS,
354 1096 498 1131 margarita,
519 1111 551 1114 —
570 1094 731 1131 smaragdus,
751 1094 854 1121 adamas
874 1099 922 1121 etc.
941 1094 971 1121 fr.
987 1096 1026 1121 16.

187 1139 208 1173 5.
230 1140 252 1165 T.
273 1138 305 1165 tle
324 1138 422 1176 public.
442 1139 483 1165 39.
503 1139 527 1164 4.

221 1181 425 1216 Adaugerh
472 1182 641 1213 Crescere,
673 1182 887 1207 Cumulatius
916 1182 1025 1217 effici.

186 1224 206 1250 1.
226 1226 288 1259 Sy.
325 1224 429 1259 Augeri.
459 1223 489 1250 fr.
509 1225 548 1250 17.
569 1223 591 1257 5.
611 1225 634 1250 2.
662 1223 694 1250 de
714 1233 801 1249 exous.
821 1225 862 1250 27.
884 1225 906 1250 1.
935 1223 964 1249 fr.
986 1225 1026 1249 10.

186 1267 209 1301 5.
232 1268 256 1293 3.
288 1266 320 1293 de
344 1271 426 1292 vacat.
451 1271 476 1292 et
499 1276 554 1292 cxc.
584 1268 624 1292 50.
649 1268 673 1292 5.
718 1266 760 1292 III.
786 1268 853 1294 (7η.

186 1314 279 1347 postea
299 1308 442 1335 facultates.
462 1308 492 1335 fr.
512 1310 553 1335 57.
573 1308 605 1335 de
624 1319 690 1335 inan.
710 1314 769 1335 test.
793 1311 834 1335 40.
854 1310 878 1335 4.

227 1353 502 1385 Adcorporare.
568 1353 807 1386 Incorporare,
860 1354 1026 1380 Addicere.

186 1395 205 1421 1.
219 1396 281 1429 Sy.
305 1394 419 1421 Sociare.
447 1393 595 1421 Vindicat-e.
623 1394 780 1431 Adgregare.
809 1394 920 1422 Nectere
939 1395 1026 1429 (fiseo,

186 1447 210 1464 v.
230 1438 289 1464 fisci
308 1437 421 1469 viribus,
441 1447 461 1464 s.
481 1437 596 1471 rationi).
633 1437 682 1465 Th.
698 1438 728 1464 C.
741 1437 812 1464 NJ‘l.
832 1440 855 1464 5.
876 1449 896 1465 c.
911 1441 934 1465 8.
949 1449 970 1466 c.
985 1441 1025 1465 17.

187 1491 208 1507 c.
227 1482 269 1506 21.
291 1490 311 1507 c.
331 1481 372 1506 30.
392 1490 431 1517 pr.
453 1490 474 1506 c.
493 1481 534 1506 33.
555 1490 594 1516 sq.
615 1490 636 1506 c.
655 1481 697 1506 36.
717 1481 738 1514 5.
760 1483 781 1507 1.
802 1481 834 1507 de
853 1481 974 1508 haeretic.

220 1524 454 1550 Adcreseens
481 1523 615 1556 (Subst.).
658 1525 874 1558 Adscriptus,
905 1526 1026 1558 Super-

186 1568 398 1593 uumerarius
419 1567 457 1599 (in
477 1565 563 1593 locum
583 1565 706 1592 ordinarii
726 1566 876 1592 decedentis
890 1567 1026 1603 sublegen-

186 1608 256 1641 dus).
294 1608 336 1634 III.
356 1610 422 1636 Cn.
451 1608 665 1635 Professionibus
685 1609 851 1635 censualibus
870 1610 963 1642 inseri.
982 1610 1024 1637 vel

186 1661 293 1678 numero
318 1651 538 1683 adcrescentium,
563 1651 656 1678 locove
679 1652 855 1679 deficientium
880 1653 1023 1689 subrogari.

186 1693 223 1720 lb.
243 1693 286 1720 VI.
310 1695 351 1720 35.
377 1704 397 1721 c.
417 1696 440 1720 3.
466 1695 488 1728 5.
510 1696 532 1721 1.
557 1694 589 1721 de
614 1695 699 1732 privil.
725 1705 777 1722 eor.
814 1696 855 1722 Ex
873 1696 1024 1722 incensibns

186 1741 265 1773 atque
284 1737 505 1768 adcrescentibus,
525 1738 551 1763 in
571 1748 660 1764 eorum
678 1738 778 1767 locum.
799 1740 843 1775 qui
861 1738 961 1765 defensi
979 1740 1024 1764 mi-

187 1778 241 1805 litia
259 1779 370 1809 fuerint,
390 1796 423 1799 —
442 1780 585 1816 subrogari.
622 1780 658 1806 Ib.
678 1780 733 1807 ΥΠ.
755 1783 793 1807 13.
814 1792 834 1808 c.
855 1783 877 1808 7.
897 1782 918 1815 5.
938 1783 962 1807 3.
991 1781 1023 1807 dc

186 1823 263 1848 tiron.
292 1822 322 1848 rf.
341 1822 374 1848 X.
392 1824 434 1849 23.
454 1833 474 1848 c.
491 1825 513 1849 1.
533 1823 566 1849 de
585 1823 687 1850 classic.
716 1824 770 1859 Qui
787 1825 854 1850 inter
873 1824 1023 1850 adcrescen-

187 1869 227 1891 tes
247 1864 391 1890 matriculis
410 1865 567 1891 adtinentur.
604 1865 640 1892 Ib.
661 1864 716 1891 VH.
737 1868 759 1892 l.
780 1877 800 1892 c.
816 1868 855 1892 11.
876 1866 908 1892 de
926 1866 957 1892 R.
971 1866 1004 1893 M.

893 1265 1027 1293 Adauctae

219 1908 465 1935 Adcrescere·
507 1908 538 1941 ἕ.
562 1909 596 1934 l.
634 1910 807 1940 Adtrihni,
842 1911 1021 1936 Accenseri.

186 1949 203 1976 l.
225 1951 286 1984 Sy.
322 1949 395 1985 iungi
420 1950 498 1983 (aliis
518 1951 665 1987 personis).
707 1950 777 1977 Paul.
802 1951 846 1978 lv.
873 1953 912 1978 11.
936 1952 974 1985 55.
1000 1954 1022 1978 1.

185 1994 271 2019 4—6.
308 1992 454 2019 Detrahere
472 1998 573 2030 partem
592 1994 711 2030 (scriptis
725 1993 886 2027 heredibus).
924 1994 980 2021 Gai.
992 1995 1021 2022 ΙΙ.

188 2036 244 2061 124.
264 2045 304 2071 sq.
341 2034 370 2061 Π.
393 2037 459 2069 011.
495 2035 545 2062 Per
563 2035 593 2062 B.
613 2035 701 2062 Pnem.
721 2052 753 2056 —
773 2036 830 2063 Iure
854 2037 1022 2065 adcrescendi

186 2078 351 2114 (consequi).
388 2077 424 2104 Id.
445 2077 474 2104 11.
500 2080 557 2104 126.
593 2078 634 2104 Ill.
655 2080 720 2106 Cn.
749 2078 862 2116 Scriptis
881 2080 1021 2108 heredibus

185 2121 211 2147 in
231 2125 331 2157 partem
349 2120 504 2147 adcrescunt
529 2122 701 2158 (praeteritae
723 2123 877 2158 personae).
915 2123 970 2150 Gai.
992 2124 1021 2150 ll.

187 2165 243 2189 124.
275 2163 335 2200 le.
355 2163 437 2190 XXII.
455 2166 494 2190 17.
523 2163 594 2190 Paul.
615 2164 655 2191 ΠΙ.
667 2166 690 2191 4.
705 2164 734 2191 B.
748 2165 769 2198 5
780 2168 803 2192 8.
835 2166 1021 2193 Adcresceudo

186 2206 265 2242 (pro,
285 2216 306 2232 s.
327 2217 371 2235 ex.
390 2207 480 2243 parte)
506 2206 582 2233 heres
605 2207 642 2234 fit.
680 2207 735 2234 Gai.
756 2208 772 2234 1.
792 2208 808 2234 1.
838 2208 878 2235 Fr.
903 2209 935 2236 de
954 2209 972 2236 I.
992 2209 1020 2236 F.

186 2248 208 2281 5.
230 2250 268 2275 ll.
306 2248 447 2275 Alluvionc
461 2249 613 2276 adcrescere
632 2250 754 2284 (fundo).
778 2251 808 2277 fr.
829 2253 868 2278 13.
888 2253 909 2286 §.
930 2254 969 2279 14.
989 2253 1021 2279 de.

186 2291 217 2317 A.
236 2290 265 2317 E.
285 2290 316 2318 V.
337 2293 376 2318 19.
397 2294 420 2319 1.
449 2309 481 2312 —
510 2294 540 2327 ᾗ.
562 2294 597 2319 2.
626 2294 825 2321 Incrementa
841 2298 955 2328 partis
974 2306 1021 2322 ce-

185 2336 265 2360 dere.
301 2333 319 2360 I.
339 2336 400 2369 Sy.
437 2335 533 2362 Redire
553 2335 585 2361 ad
604 2336 815 2373 (proprietatem,
835 2347 871 2364 sc.
892 2338 1020 2371 usiunl'r)

187 2376 265 2403 Adcr.
286 2377 481 2414 (proprietati).
518 2378 601 2405 Vatic.
625 2380 662 2413 55.
681 2381 722 2405 80.
742 2382 782 2406 82.
803 2390 841 2416 sq.
879 2380 1020 2407 Accedere.

187 2419 228 2445 Cf.
253 2419 277 2445 11.
298 2429 321 2445 v.
345 2421 367 2453 5.
386 2422 409 2446 6.
452 2420 482 2448 H.
504 2423 570 2455 Op·
607 2421 774 2449 Decrescere.
805 2422 836 2449 fr.
860 2425 883 2450 4.
911 2424 934 2449 si
959 2434 1020 2460 pars

188 2462 275 2488 hered.
295 2464 318 2488 5.
338 2463 362 2488 4.
399 2463 510 2490 Anserri.
539 2464 569 2490 fr.
589 2466 629 2490 42.
649 2465 670 2498 5.
692 2467 713 2491 1.
738 2465 770 2491 de
788 2465 848 2492 bon.
868 2466 953 2493 libert.
977 2468 1018 2493 38.

186 2507 210 2530 2.
244 2504 394 2537 Reinanere,
413 2515 436 2532 v.
456 2505 573 2533 Retineri
593 2508 631 2541 (in
646 2507 810 2540 hereditate).
825 2525 857 2528 —
870 2509 949 2536 Adcr.
969 2510 1020 2536 col-

189 2547 319 2583 legat-ario.
357 2547 413 2573 Gai.
432 2548 462 2575 ll.
481 2551 539 2576 205.
553 2560 592 2586 sq.
629 2550 671 2577 III.
693 2552 758 2578 Cn.
786 2550 897 2578 Fructus
916 2552 1021 2578 donata·
1042 2560 1043 2585 1

190 2600 246 2617 rum
265 2600 363 2623 rerum,
390 2596 415 2616 et
433 2597 536 2628 partus,
561 2598 586 2619 et
610 2593 681 2630 quod
704 2593 819 2620 adcrevit
842 2595 879 2620 rei
903 2594 1019 2622 donatae.

188 2633 219 2660 fr.
244 2635 282 2659 12.
309 2633 341 2659 de.
365 2633 440 2660 cond.
466 2644 486 2660 c.
510 2634 560 2661 dat.
591 2637 630 2662 12.
659 2638 682 2663 4.
726 2636 865 2663 Adcrescit
894 2639 966 2664 socio
992 2648 1020 2665 ca

189 2686 263 2713 pars,
289 2686 364 2712 quam
388 2687 454 2703 unus
475 2687 506 2703 ex
532 2677 643 2706 dominis
667 2695 699 2699 -
723 2680 824 2706 amittit.
862 2679 922 2717 le.
942 2680 959 2707 Ι.
980 2683 1020 2707 18.
1042 2670 1043 2679 l

188 2718 260 2746 Paul.
281 2718 323 2745 lv,
345 2721 383 2745 12.
402 2720 424 2753 §.
445 2722 466 2745 1.
504 2719 563 2746 Non
582 2727 752 2748 concurrente
770 2722 864 2755 altero,
884 2734 945 2760 pars
965 2725 1020 2750 eius

189 2761 263 2788 alteri
287 2762 461 2788 adcrescebat.
498 2762 559 2800 le.
584 2764 680 2791 XXIV.
707 2767 745 2791 12.
779 2765 847 2792 Cum
870 2776 918 2792 suo
942 2776 1020 2793 onere

190 2810 364 2842 consequetur
387 2805 579 2833 adcrescentem
602 2808 755 2843 portionem.
784 2808 812 2835 fr.
833 2810 873 2835 61.
898 2810 918 2843 5.
940 2811 962 2835 1.
987 2809 1019 2836 de
1039 2817 1041 2847 j

1872 163 1909 194 17

1073 239 1122 276 leg.
1142 239 1172 267 Π.
1197 239 1273 273 (31.)
1308 239 1337 266 In
1362 250 1411 278 per
1432 240 1634 268 vindicationem
1657 241 1743 278 legato
1765 241 1912 270 deficientis

1073 283 1160 319 portio
1180 282 1347 318 collegatario
1372 283 1507 310 adcrescit.
1546 283 1602 310 Gai.
1621 284 1651 311 II.
1672 286 1728 312 199.
1765 286 1912 313 Admittere

1073 326 1113 351 ius
1134 325 1311 352 adcrescendi.
1341 325 1371 352 fr.
1392 328 1414 353 1,
1434 327 1455 360 5.
1474 328 1498 353 3.
1520 326 1552 353 (1(-
1571 327 1638 354 usus.
1659 327 1727 354 ader.
1748 330 1770 355 7.
1790 331 1814 355 2.
1843 329 1912 356 Con-

1073 369 1163 405 sequi,
1182 378 1206 394 v.
1225 367 1340 397 Habere.
1360 378 1380 394 s.
1400 368 1554 396 liabiturum
1573 380 1640 399 esse.
1660 372 1715 397 iure
1734 371 1911 399 adcrescendi.

1073 411 1103 437 fr.
1123 412 1148 437 8.
1177 410 1212 437 ib.
1233 412 1255 437 7.
1274 413 1298 437 2.
1334 411 1390 437 Gai.
1411 411 1440 438 ll.
1462 414 1518 438 126.
1556 429 1588 432 —
1625 413 1655 447 ξ.
1677 415 1714 440 3.
1747 415 1911 447 Crescere,

1073 456 1290 480 Subcrescere.
1328 453 1370 480 Ill.
1391 455 1456 481 Cn.
1485 455 1660 482 Accrescente
1678 457 1757 494 pube,
1777 462 1802 483 et
1816 457 1911 484 littera-

1072 498 1125 523 riae
1144 496 1241 523 indolis
1260 497 1402 523 iuventute.
1441 496 1506 524 Nov.
1528 498 1629 525 Yalent.
1648 499 1690 526 111.
1710 499 1742 526 de
1760 500 1859 537 postul.
1879 500 1909 527 II.

1071 540 1112 566 37.
1133 550 1154 566 c.
1176 542 1197 566 1.
1219 549 1256 576 pr.

1105 584 1268 610 Addere.
1305 583 1336 616 ἓ.
1356 584 1390 609 l.
1423 584 1548 615 ludere,
1569 586 1754 620 Infundere.
1791 585 1910 614 lILGn.

1072 624 1101 651 Si
1125 625 1283 651 frumentum
1306 627 1333 651 in
1357 625 1448 655 doliis,
1477 635 1500 652 v.
1526 627 1615 656 seriis.
1644 627 1760 654 addatur.
1806 628 1835 655 111
1861 639 1910 655 am-

1071 667 1162 704 phoris
1191 667 1261 693 aliud
1289 667 1349 694 addi
1377 678 1463 705 posse.
1499 667 1528 694 fr.
1552 670 1610 695 206.
1642 669 1674 696 de
1695 670 1726 697 V.
1750 670 1777 697 S.
1805 673 1846 697 50.
1872 673 1908 698 16.

1072 726 1104 730 --
1141 711 1171 744 ἓ.
1202 712 1237 737 2.
1275 712 1440 743 Adiicere,
1462 712 1680 746 Coniungere,
1699 715 1909 741 Adtribuere.

1071 753 1089 779 I.
1109 754 1171 787 Sy.
1198 753 1328 779 Adiicere.
1353 753 1383 779 fr.
1402 756 1426 780 2.
1446 763 1485 790 pr.
1506 754 1526 787 5.
1546 756 1569 780 2.
1591 754 1623 780 de
1641 754 1666 781 h.
1687 765 1728 792 qu.
1749 761 1802 783 not.
1822 757 1866 783 inf.
1885 759 1909 784 3.

1071 798 1095 822 2.
1114 796 1145 822 fr.
1164 798 1205 822 81.
1224 806 1262 833 pr.
1283 795 1315 822 dc
1335 795 1366 822 V.
1382 795 1414 822 Ο.
1435 798 1475 823 45.
1492 798 1513 822 1.
1551 796 1676 824 Inserere.
1709 799 1821 826 Addere.
1842 800 1871 827 fr.
1886 802 1909 827 9.

1071 840 1092 873 5.
1113 841 1136 865 5.
1165 839 1197 865 de
1217 839 1304 865 hesed.
1324 840 1385 865 inst.
1409 841 1451 866 28.
1471 841 1494 865 5.
1533 839 1583 866 Th.
1603 839 1633 866 C.
1653 840 1710 867 XII.
1736 843 1757 868 1.
1783 852 1803 868 c.
1823 845 1863 869 54.
1888 854 1909 869 c.

1073 884 1129 908 172.
1154 881 1186 908 de
1205 881 1337 908 decurion.
1379 881 1408 907 II.
1430 884 1497 916 ΟΡ.
1533 882 1686 909 Detrahere.
1716 883 1746 910 sr.
1766 886 1789 911 6.
1814 896 1852 922 pr.
1878 886 1911 912 de.

1071 924 1089 951 I.
1110 929 1133 950 et
1153 924 1171 950 I.
1202 926 1224 950 1.
1245 926 1266 949 1.
1301 924 1330 950 fr.
1351 926 1391 950 52.
1412 934 1450 961 pr.
1476 924 1508 951 dc
1532 924 1563 951 V.
1585 927 1617 952 O.
1647 927 1688 952 45.
1715 928 1736 952 l.
1778 927 1909 955 Adimerc.

1072 967 1101 993 fr.
1121 968 1162 993 38.
1186 966 1218 993 de
1238 967 1269 993 A.
1288 967 1318 993 R.
1340 966 1372 993 D.
1397 969 1438 993 41.
1461 969 1481 993 l.
1519 967 1568 994 Th.
1590 967 1620 994 C.
1640 968 1657 994 I.
1677 970 1701 995 6.
1721 979 1742 996 c.
1763 971 1786 996 1.
1806 970 1909 1004 (ch.)

1071 1009 1112 1036 IH.
1134 1011 1199 1037 Cn.
1228 1009 1379 1036 Provinciae
1398 1011 1491 1035 iterum
1510 1010 1603 1037 ditioni
1621 1021 1685 1037 rom.
1705 1017 1849 1049 nostroque
1868 1013 1910 1040 ad-

1071 1053 1140 1079 ditae
1158 1054 1276 1090 imperio.
1313 1052 1431 1079 Prooein.
1451 1052 1513 1079 Inst.
1534 1054 1597 1087 5.1.
1630 1054 1709 1089 Quod
1730 1057 1911 1083 accessionum

1071 1097 1174 1122 nomine
1194 1095 1310 1121 additum
1329 1100 1376 1122 est.
1406 1095 1436 1121 fr.
1456 1096 1496 1121 35.
1517 1096 1538 1128 5.
1558 1097 1582 1122 2.
1603 1096 1634 1122 de
1654 1096 1684 1123 N.
1706 1097 1736 1124 G.
1756 1100 1780 1124 3.
1800 1101 1823 1124 5.
1855 1098 1910 1125 Sed

1071 1139 1120 1165 etsi
1139 1138 1204 1165 nihil
1222 1139 1307 1175 pretio
1327 1138 1445 1169 addatur,
1464 1137 1561 1164 solutio
1576 1144 1660 1165 tamen
1674 1140 1797 1167 offeratur
1809 1141 1910 1168 facilior

1070 1182 1156 1219 pretii.
1185 1181 1215 1207 fr.
1236 1182 1259 1207 4.
1280 1182 1301 1215 5.
1321 1182 1345 1206 6.
1366 1181 1398 1207 de
1417 1181 1442 1206 in
1463 1180 1531 1207 (11(-111
1551 1181 1608 1208 add.
1630 1183 1669 1209 18.
1689 1185 1713 1209 2.
1736 1183 1792 1210 Nec
1811 1184 1910 1211 suflicit

1071 1224 1171 1252 dicere.
1192 1225 1243 1250 uisi
1262 1223 1392 1250 addiderit
1412 1228 1459 1250 etc.
1497 1223 1580 1251 Vatic.
1601 1226 1622 1259 5.
1636 1227 1695 1252 210.
1716 1225 1747 1252 cf.
1767 1227 1788 1260 5.
1801 1228 1825 1253 2.
1844 1226 1862 1253 I.
1877 1227 1910 1253 de

1069 1267 1088 1294 Ι.
1108 1267 1139 1294 N.
1165 1269 1188 1293 1.
1212 1270 1236 1293 2.
1278 1267 1320 1293 Ad
1344 1277 1386 1293 eas
1411 1266 1482 1302 leges
1506 1267 1620 1299 additae,
1646 1274 1828 1299 commutatae,
1854 1280 1909 1296 cor-

1070 1315 1156 1337 rectae
1175 1310 1229 1343 (sc.
1249 1310 1315 1343 res).
1354 1309 1419 1336 Tab.
1440 1309 1541 1336 lleracl.
1566 1310 1611 1337 lin.
1632 1312 1672 1337 88.
1693 1322 1743 1338 aer.
1773 1311 1854 1349 Neap.
1878 1312 1907 1339 L.

1071 1353 1138 1380 Gall.
1159 1352 1258 1390 Cisalp.
1284 1362 1306 1379 c.
1325 1353 1365 1378 19.
1386 1351 1430 1378 lin.
1450 1354 1474 1379 4.
1494 1363 1533 1389 sq.
1570 1353 1598 1379 In
1616 1354 1750 1390 prioribus
1770 1356 1909 1381 sanctioni-

1070 1397 1119 1423 bus
1138 1396 1204 1422 illud
1223 1396 1369 1427 statuimus,
1389 1412 1421 1415 -
1440 1395 1491 1422 hoc
1506 1397 1531 1422 in
1544 1398 1676 1433 praesenti
1689 1397 1836 1424 addendum
1850 1407 1909 1424 esse

1071 1449 1216 1466 censemus.
1250 1449 1271 1465 c.
1290 1440 1332 1464 32.
1360 1438 1392 1465 de
1411 1439 1483 1465 inoff.
1504 1444 1563 1465 test.
1587 1441 1611 1465 3.
1631 1441 1672 1466 28.
1702 1440 1732 1467 cf.
1754 1451 1774 1467 c.
1794 1442 1818 1466 2.
1843 1441 1864 1475 5.
1884 1442 1907 1466 5.

1071 1483 1102 1510 de
1121 1483 1226 1509 iureiur.
1245 1492 1284 1519 pr.
1305 1481 1395 1508 calum.
1415 1484 1439 1507 2.
1459 1483 1499 1508 59.
1537 1481 1565 1508 In
1586 1482 1702 1510 fraudem
1721 1484 1785 1510 iuris
1804 1483 1909 1510 videtur

1070 1526 1193 1552 addItuni.
1230 1524 1313 1551 Vatic..
1338 1525 1358 1558 §.
1381 1526 1420 1550 11.
1445 1524 1475 1551 cf.
1502 1524 1532 1551 fr.
1553 1526 1592 1551 13.
1617 1526 1638 1559 5.
1658 1527 1699 1552 26.
1724 1526 1756 1552 de
1775 1526 1805 1552 A.
1825 1526 1854 1552 E.
1875 1526 1906 1553 V.

1070 1571 1110 1596 19.
1131 1571 1153 1596 1.
1173 1585 1205 1588 -
1229 1568 1260 1601 ᾖ.
1281 1569 1317 1594 3.
1338 1569 1511 1599 Praebere,
1530 1570 1686 1604 Adferre,
1707 1570 1906 1596 Conciliare.

1069 1612 1086 1639 I.
1098 1613 1159 1647 Sy.
1178 1612 1275 1638 Dicere
1289 1612 1450 1643 (contractus
1465 1611 1567 1647 legem).
1588 1610 1670 1637 Vatic.
1685 1612 1705 1644 5.
1719 1613 1758 1638 ll.
1786 1611 1828 1638 ΠΙ.
1841 1613 1906 1640 Cn.

1069 1655 1229 1682 firmitatem
1248 1654 1344 1680 addere
1370 1653 1518 1686 (divalibus
1538 1654 1643 1687 iussis).
1681 1653 1729 1680 Th.
1751 1654 1780 1681 C.
1800 1654 1844 1681 IV.
1866 1657 1905 1681 12.

1069 1709 1090 1725 c.
1110 1700 1133 1724 5.
1153 1697 1265 1731 (ch.)
1291 1697 1322 1723 dc
1341 1696 1458 1732 vectigal.
1497 1696 1675 1722 Distinctione
1698 1696 1785 1724 addita
1804 1699 1906 1731 (consi-

1068 1741 1185 1773 derare).
1223 1740 1292 1766 Coll.
1313 1739 1365 1765 LL.
1386 1739 1418 1765 M.
1438 1738 1456 1764 I.
1478 1741 1516 1765 12.

1101 1783 1300 1810 Addicere-
1342 1782 1373 1814 ᾖ.
1398 1783 1432 1807 l·
1472 1784 1666 1808 Solemniler
1701 1785 1900 1816 adtribuere,

1068 1828 1144 1852 Rite
1162 1827 1299 1862 deferre.
1335 1824 1353 1850 I.
1374 1825 1435 1858 Sy.
1463 1824 1533 1850 Dare
1553 1824 1694 1857 (iudicem,
1713 1835 1737 1851 v.
1757 1826 1903 1861 arbitrum).

1067 1868 1123 1895 Gai.
1138 1867 1181 1895 IV.
1197 1870 1236 1894 15.
1257 1867 1286 1894 fr.
1301 1869 1341 1894 39.
1357 1878 1395 1904 pr.
1416 1867 1445 1894 fr.
1459 1869 1499 1894 46.
1514 1868 1544 1894 fr.
1558 1870 1598 1894 80.
1619 1868 1651 1894 de
1664 1868 1741 1894 iudic.
1761 1871 1784 1895 5.
1799 1871 1821 1896 l.
1850 1870 1904 1905 Qui

1067 1922 1099 1938 ex
1113 1912 1160 1937 hac
1174 1912 1275 1937 actione
1288 1911 1430 1946 cognoscit.
1460 1911 1512 1946 Qui
1527 1910 1586 1936 huic
1605 1912 1700 1937 actioni
1720 1911 1839 1939 addictus
1859 1912 1903 1946 [al.

1067 1954 1187 1987 additus]
1207 1958 1261 1985 est,
1281 1963 1316 1980 sc.
1336 1953 1422 1979 iudex.
1451 1953 1481 1979 fr.
1501 1955 1524 1979 4.
1545 1953 1609 1986 5.1.
1630 1954 1662 1980 dc
1681 1964 1711 1980 eo
1731 1965 1773 1990 qu.
1795 1965 1815 1981 c.
1836 1955 1902 1982 loco.

1068 1998 1106 2023 13.
1126 1998 1149 2023 4.
1187 1996 1228 2023 III.
1245 1998 1310 2024 Cn.
1339 1996 1406 2022 Cum
1421 1997 1487 2022 ratio
1507 1996 1631 2023 naturalis
1650 2013 1683 2017 —
1702 1997 1793 2024 liberis
1812 2008 1903 2035 paren-

1066 2041 1130 2066 tium
1149 2039 1319 2066 hereditatem
1343 2039 1482 2065 addiceret.
1511 2039 1542 2065 fr.
1563 2041 1585 2065 7.
1609 2050 1647 2077 pr.
1678 2040 1710 2066 de.
1734 2041 1793 2067 bon.
1818 2041 1901 2068 damn,

1066 2084 1107 2109 48.
1120 2084 1162 2109 20.
1191 2082 1351 2109 Libertatem
1370 2087 1517 2119 competere
1532 2092 1618 2112 servo,
1638 2088 1663 2108 et
1676 2083 1743 2109 bona
1763 2084 1811 2117 (sc.
1826 2089 1902 2110 testa-

1066 2126 1147 2159 toris)
1168 2126 1191 2151 ei
1210 2125 1303 2152 addici.
1328 2124 1357 2151 fr.
1371 2127 1395 2151 2.
1416 2135 1454 2161 sq.
1475 2125 1507 2151 d«-
1528 2125 1612 2152 fideic.
1632 2125 1695 2152 libb.
1715 2128 1756 2152 40.
1776 2128 1799 2152 5.
1819 2126 1849 2153 fr.
1862 2129 1901 2153 13.

1066 2169 1087 2202 5,
1108 2170 1130 2195 l.
1155 2168 1188 2195 de
1207 2178 1277 2205 oper.
1298 2168 1383 2195 libert.
1402 2170 1443 2194 38.
1466 2171 1487 2195 l.
1517 2168 1613 2194 Addici
1633 2169 1725 2195 emtori
1743 2169 1811 2195 bona
1830 2169 1902 2196 iubet

1065 2211 1180 2238 Praetor.
1218 2212 1274 2238 Gai.
1294 2211 1336 2237 1.1.1.
1357 2212 1396 2237 79.
1416 2210 1446 2237 fr.
1460 2212 1483 2237 6.
1504 2212 1524 2245 5.
1540 2213 1562 2237 1.
1583 2211 1615 2237 de
1634 2211 1707 2247 adgn.
1728 2217 1753 2238 et
1772 2212 1803 2238 al.
1822 2214 1862 2238 25.
1875 2213 1899 2238 3.

1065 2255 1173 2281 Addicit
1191 2254 1299 2280 Praetor
1317 2256 1370 2287 (sc.
1390 2254 1461 2287 rem)
1482 2255 1514 2285 ei,
1534 2255 1578 2290 qui
1597 2254 1775 2280 vindicaverit.
1812 2254 1867 2281 Gai.
1881 2254 1899 2280 I.

1066 2299 1122 2324 134.
1147 2297 1177 2323 Π.
1196 2299 1237 2323 24.
1266 2296 1326 2333 Ylp.
1345 2296 1416 2322 XIX.
1438 2298 1476 2323 10.
1497 2296 1527 2323 cf.
1548 2298 1570 2323 9.
1603 2296 1670 2323 Cum
1688 2296 1803 2323 furiosus
1820 2297 1899 2324 iudex

1065 2340 1202 2367 addicitur.
1227 2340 1256 2366 fr.
1275 2341 1317 2366 39.
1338 2349 1375 2376 pr.
1397 2339 1429 2365 dc
1448 2339 1524 2366 indic.
1544 2341 1567 2365 5.
1589 2341 1610 2366 1.
1640 2355 1672 2359 —
1696 2341 1726 2373 §.
1747 2341 1781 2366 2.
1810 2341 1899 2366 Iudi-

1065 2386 1113 2410 cio
1136 2385 1322 2418 adsignare.
1363 2381 1405 2408 111,
1426 2383 1490 2409 Cn.
1523 2381 1587 2408 Post
1610 2382 1743 2408 meridien]
1767 2384 1899 2419 praesenti

1064 2426 1163 2452 stlitem
1186 2425 1308 2452 addicito.
1340 2424 1369 2451 L.
1393 2424 1450 2451 XII.
1484 2424 1566 2451 Tabb.
1586 2425 1604 2452 I.
1624 2428 1646 2451 8.
1684 2424 1802 2457 Summa,
1821 2435 1899 2461 quam

1064 2469 1161 2495 iudicio
1181 2473 1284 2494 constat
1308 2467 1443 2494 addictam.
1485 2468 1581 2505 Interp.
1601 2468 1633 2494 ad
1652 2466 1722 2493 Paul.
1745 2467 1764 2493 I.
1785 2469 1807 2493 l.
1830 2468 1852 2501 5.
1873 2470 1897 2494 5.

1064 2511 1103 2538 Ne
1117 2527 1149 2531 -—
1160 2516 1202 2537 aut
1216 2511 1314 2537 alienae
1326 2511 1450 2547 potestati
1464 2510 1596 2547 paterfain.
1610 2509 1751 2540 addicatur,
1771 2515 1814 2536 aut
1826 2510 1897 2537 filius

1064 2554 1164 2581 alienus
1179 2553 1320 2591 patrisfam.
1340 2553 1398 2579 loco
1413 2555 1591 2579 constituatur.
1618 2552 1647 2578 fr.
1661 2553 1684 2578 3.
1699 2553 1720 2586 5.
1734 2554 1757 2578 4.
1777 2552 1809 2579 de
1822 2553 1895 2580 liber.

1065 2596 1150 2624 cxhib.
1171 2598 1211 2622 43.
1231 2598 1271 2622 30.
1305 2612 1337 2615 —
1369 2596 1399 2629 §-
1420 2597 1456 2622 3.
1490 2598 1712 2622 Condemnare
1733 2598 1896 2623 sententia

1065 2641 1193 2666 iudicis.
1231 2638 1272 2665 IH.
1293 2640 1358 2666 Gn.
1387 2639 1416 2664 Si
1435 2638 1466 2664 dc
1485 2637 1551 2663 facto
1571 2648 1618 2664 suo
1638 2638 1784 2668 confessus.
1803 2649 1835 2665 nc
1854 2638 1896 2665 ad-

1065 2682 1172 2711 dicatur.
1192 2681 1324 2718 adpellare
1343 2681 1461 2707 voluerit.
1490 2680 1586 2717 Interp.
1606 2680 1638 2707 ad
1651 2680 1722 2708 Paul.
1736 2680 1767 2708 V.
1780 2683 1820 2708 35.
1835 2682 1856 2714 5.
1870 2684 1893 2708 2.

1065 2725 1118 2760 Qui
1139 2725 1235 2751 addicti
1255 2724 1357 2751 fuerint.
1395 2722 1516 2749 Civilia-1·
1534 2723 1660 2750 addictus.
1692 2723 1728 2750 lb.
1748 2723 1778 2750 V.
1792 2725 1815 2750 9.
1836 2725 1856 2757 5.
1870 2727 1893 2751 2.

1065 2768 1095 2794 cf.
1116 2766 1146 2793 V.
1166 2769 1189 2793 4.
1209 2767 1231 2800 5.
1251 2769 1274 2793 9.
1304 2766 1435 2796 infamiae.
1456 2775 1479 2791 v.
1499 2765 1655 2802 Suppliciis,
1675 2766 1767 2793 addici.
1800 2766 1848 2793 Th.
1862 2766 1892 2793 C.

1040 2798 1041 2807 l
1063 2810 1105 2836 III.
1127 2811 1165 2836 16.
1191 2820 1211 2836 c.
1232 2812 1254 2835 2.
1274 2820 1311 2846 pr.
1341 2808 1372 2834 dc
1396 2809 1486 2844 repud.
1520 2809 1585 2836 ΥΙΠ.
1611 2811 1634 2836 4.
1659 2820 1679 2836 c.
1705 2811 1744 2836 16.
1768 2811 1789 2844 §.
1811 2812 1832 2835 1.
1861 2809 1893 2836 dc

1440 2852 1452 2877 Ξ
