2197 3121
1036 166 1139 198 CON.

224 251 317 289 probis
337 250 447 278 adsidue
465 249 706 277 conflictationibus
726 249 860 286 occupati,
884 247 1063 285 adquiescant.
1085 261 1086 284 j

225 305 246 321 c.
265 296 307 321 33.
328 294 350 328 3
370 295 394 320 8.
415 294 447 321 de
466 295 546 331 episc.
567 297 592 319 et
612 291 674 318 cler.
695 293 717 318 1.
737 293 761 317 3.

259 337 475 364 conflictus.
510 335 635 369 (Subst.)
679 335 905 366 Cone-ercutio,
935 335 1063 369 Pugna,

222 381 287 406 Lis,
325 379 342 405 l.
370 380 431 414 Sy.
468 379 621 409 Certamen,
644 377 796 404 Luctamen.
832 376 881 403 Th.
907 376 938 403 C.
964 376 996 402 X.
1023 378 1063 401 10.
1085 406 1086 416 ¹

223 432 245 448 c.
259 424 302 448 27.
322 422 359 456 33.
376 424 397 448 l.
412 424 436 448 5.
456 421 488 448 de
507 422 581 458 petit.
602 425 628 447 et
646 420 716 447 ultro
736 420 787 446 dat.
806 419 851 446 XI.
870 420 912 445 30.
933 429 954 445 c.
969 420 1010 444 40.
1030 417 1063 444 de

223 475 282 502 app.
304 469 329 491 et
353 474 431 501 poen.
475 463 518 490 111.
541 464 607 491 Gn.
640 463 683 489 Ad
706 462 771 489 belli
795 462 877 488 aleam
899 461 1062 498 praeparatis

223 508 277 540 (sc.
297 506 436 539 lusoriis).
461 511 539 542 atque
559 507 585 532 in
604 506 744 533 conflictus
762 504 869 542 specula
888 504 1062 530 munitissima
1083 517 1085 537 ⁴.

222 551 349 581 statione,
368 549 411 575 vel
430 549 566 575 discursus
587 549 783 586 opportunitate
802 546 986 583 deligentibus.
1024 545 1061 572 Ib.
1083 540 1085 548 ’

222 591 278 618 VII.
301 594 340 618 17.
366 602 387 619 c.
409 593 432 618 1.
452 591 485 617 de
503 591 585 618 lusor.
606 591 710 618 Danub.
752 589 890 626 Quidquid
913 590 940 615 in
960 590 1061 615 cunctis

222 634 426 671 cognitionibus,
441 639 518 671 atque
532 634 700 661 conflictibus
715 632 799 660 libelli
809 648 841 652 -
852 632 1010 658 decernitur.
1023 631 1060 658 Ib.
1082 654 1084 671 4

221 677 266 703 XI.
286 679 327 703 30.
348 687 369 703 c.
389 679 431 703 40.
451 676 467 703 l.
511 677 591 713 Quod
610 686 701 713 magno
727 675 851 702 conflictu
870 676 1000 701 sententia
1019 674 1062 701 de-

222 720 293 746 cerni
313 719 388 746 solet.
419 730 439 746 c.
461 721 483 746 7.
511 721 656 746 comminat.
677 718 782 756 epistol.
808 720 830 744 7.
849 719 891 744 57.
929 717 1061 753 Quamdiu

220 764 324 800 privato
350 763 434 799 iurgio
459 764 549 799 aequis
574 761 742 788 conflictibus
766 760 922 787 decertatur.
958 760 1007 787 Th.
1029 760 1060 787 C.

219 806 253 832 X.
275 807 315 832 10.
341 816 362 832 c.
382 807 423 832 32.
449 805 470 839 3.
492 807 515 832 1.
540 805 572 831 (16
595 805 668 841 petit.
694 809 719 830 et
742 803 811 830 ultro
836 803 887 830 dat.
933 804 987 839 Qui
1007 804 1060 836 (sc.

221 847 363 880 causidici)
387 849 492 885 possint
517 847 712 874 controversiae
740 847 872 873 sustinere
902 845 1060 872 conflictum.

219 890 287 918 Νῦν.
308 890 412 917 Yalent.
432 891 474 917 ΙΙΙ.
499 890 531 917 (16
551 890 668 917 confirm.
689 889 714 915 h.
735 899 777 926 qu.
799 888 893 915 admiu.
918 888 948 915 II.
972 890 1013 915 32.
1039 899 1060 915 c.

220 936 242 960 1.
263 934 284 967 3.
305 938 328 960 25.

256 977 482 1011 confligere.
526 977 675 1007 Certare,
709 976 913 1001 Contendere.
955 974 974 1001 I.
999 975 1061 1008 Sy.

218 1019 374 1051 Decertare.
399 1019 517 1055 Iurgare,
541 1017 664 1055 Litigare.
698 1017 748 1044 Th.
773 1017 804 1044 C.
829 1017 859 1043 ll.
886 1019 908 1043 l.
933 1027 954 1043 c.
974 1018 998 1043 4.
1029 1016 1062 1043 de

218 1061 310 1088 iurisd.
331 1062 374 1088 ΙΧ,
396 1063 435 1088 19.
456 1072 477 1088 c.
496 1063 521 1087 2.
540 1071 580 1098 pr.
601 1071 622 1087 c.
642 1063 666 1087 4.
686 1061 708 1094 3.
728 1063 752 1087 2.
772 1060 804 1086 ad
817 1059 846 1086 L.
862 1059 924 1087 Cor.
939 1059 971 1086 de
986 1059 1043 1086 fals.

254 1104 466 1132 Confluere.
491 1105 522 1138 §.
543 1105 578 1130 1.
600 1105 764 1140 Deflnere.
788 1102 830 1129 111.
846 1104 912 1130 (711.
935 1103 964 1129 Si
984 1103 1061 1129 imbri
1082 1109 1084 1143 ζ

218 1152 319 1173 crescat
338 1157 403 1183 aqua
422 1148 449 1173 in
468 1148 540 1178 rivo.
561 1151 605 1173 aut
624 1157 656 1173 ex
676 1147 743 1182 agris
763 1146 790 1172 in
810 1156 868 1172 eum
888 1146 1009 1172 confluat.
1030 1146 1060 1172 fr.

216 1191 258 1216 20.
272 1190 330 1223 3.1.
344 1190 377 1216 de
391 1189 417 1216 S.
432 1189 460 1216 P.
474 1189 506 1216 R.
526 1190 549 1215 8.
563 1191 587 1216 3.
618 1189 716 1216 Fontes
730 1188 839 1226 publicI,
860 1189 904 1225 qui
924 1189 956 1215 ad
969 1199 1061 1225 aquae·
1082 1185 1083 1190 ¹

216 1231 312 1258 ductus
333 1231 476 1258 confluunt.
497 1242 518 1258 c.
540 1233 580 1258 10.
601 1231 633 1258 de
652 1231 776 1268 aequaed.
798 1233 838 1258 11.
858 1233 898 1257 42.
919 1247 951 1251 —
972 1232 1002 1265 ξ.
1024 1233 1059 1258 2.

217 1276 434 1307 Concurrere,
456 1276 642 1301 Convenit-e.
679 1275 721 1301 III.
739 1276 805 1302 Cn.
834 1273 902 1300 Cum
924 1275 1061 1311 utriusque

216 1317 340 1353 obligatio
355 1318 381 1344 in
395 1318 472 1344 unius
486 1328 627 1354 personam
647 1334 679 1337 —
700 1318 823 1344 confluat.
843 1318 873 1343 fr.
887 1318 929 1343 34.
950 1317 971 1351 3
983 1318 1007 1343 2.
1028 1317 1060 1343 de

215 1404 274 1429 rint.
305 1402 355 1429 Th.
380 1402 411 1429 C.
431 1403 464 1430 X.
486 1405 525 1430 19.
547 1414 568 1430 c.
588 1406 612 1430 3.
633 1403 665 1429 de
684 1403 781 1430 metali.

253 1446 477 1474 confovere.
533 1448 691 1481 Sospitem
726 1453 920 1481 praestare,
960 1448 1059 1472 Adiu-

215 1499 301 1515 vare.
338 1488 356 1514 Ι.
377 1490 438 1523 Sy.
457 1488 597 1516 Latebram
616 1489 742 1526 praebere
762 1489 925 1522 (desertori).
946 1489 1058 1515 Confov.
1080 1521 1082 1528 y

216 1541 281 1558 eum.
314 1531 351 1558 Ib.
372 1531 427 1558 VII.
450 1533 488 1558 18.
510 1542 531 1558 c.
552 1534 575 1558 4.
595 1542 634 1569 pr.
655 1532 676 1566 3.
696 1534 720 1558 2.
741 1532 773 1558 (16
792 1532 920 1558 desertor.

215 1617 283 1644 Gn.
313 1616 342 1643 Si
366 1618 469 1649 vinum.
495 1617 537 1643 vel
562 1617 662 1649 oleum,
688 1617 730 1643 vel
755 1617 818 1654 quid
837 1617 908 1644 aliud
927 1617 1057 1649 effuderit.

216 1659 259 1685 vel
279 1659 445 1696 confregerit.
479 1661 508 1687 fr.
529 1662 552 1687 9.
572 1670 611 1697 pr.
635 1660 668 1686 ad
692 1660 778 1687 exhib.
806 1663 845 1687 10.
870 1662 893 1687 4.
935 1660 1058 1687 Aedificii

215 1703 265 1727 mei
289 1701 359 1729 fores
384 1703 562 1739 confringere,
595 1708 639 1729 aut
662 1704 749 1740 ipsum
772 1703 920 1730 aedificium
944 1703 1056 1730 diruere.

1083 975 1084 980 ¹
1106 976 1128 1009 3.
1150 977 1189 1001 12.
1215 974 1247 1001 (16
1267 981 1378 1012 separat.
1403 979 1444 1003 42.
1469 978 1493 1003 6.

216 1743 245 1770 fr.
265 1746 306 1770 27.
338 1745 360 1778 3.
379 1747 420 1772 31.
450 1746 482 1772 ad
501 1745 531 1772 L.
551 1746 619 1782 Aqu.
644 1747 668 1772 9.
687 1748 711 1772 2.
755 1746 788 1772 Vi
811 1747 976 1783 tempestatis
997 1756 1057 1772 con·
1078 1751 1080 1774 ¹.

216 1786 311 1814 fractae
329 1788 471 1821 (arbores).
496 1788 526 1815 fr.
545 1790 587 1814 24.
607 1789 629 1822 3
649 1790 673 1815 9.
693 1788 726 1815 de
745 1789 829 1815 damn.
850 1789 937 1815 infect.
956 1790 998 1815 39.
1014 1791 1038 1814 2.

251 1830 433 1864 confuga.
471 1833 564 1865 Fuga
588 1841 617 1857 xe
641 1833 804 1865 recipiens
829 1834 860 1858 in
886 1834 988 1858 Iocum
1008 1837 1057 1857 tu-

214 1879 286 1899 tum.
325 1872 343 1899 I.
365 1874 426 1907 Sy.
456 1872 631 1908 Confugicns‚
657 1883 678 1899 s.
704 1875 757 1908 Qui
777 1873 899 1910 confugit.
937 1872 1055 1909 Perfuga.

214 1968 256 1994 qu.
282 1958 314 1984 ad
339 1958 402 1984 eccl.
427 1958 490 1984 lust.
517 1957 547 1985 C.
573 1969 594 1984 c.
614 1960 638 1984 6.
658 1969 696 1996 pr.
722 1959 759 1992 33.
782 1960 803 1984 l.
824 1969 863 1995 sq.
888 1958 945 1985 eod.
972 1961 994 1985 1.
1016 1961 1055 1986 12.

214 2011 235 2027 c.
254 2003 295 2027 22.
315 2002 336 2035 3.
359 2002 380 2027 1.
402 2001 434 2027 de
454 2002 534 2038 episc.
555 2005 580 2027 et
600 2001 660 2027 cler.
683 2003 705 2027 1.
725 2004 748 2028 3.

251 2044 478 2077 Confugere.
516 2044 547 2077 ξ.
572 2044 606 2070 l.
636 2046 730 2080 Fuga
754 2051 877 2079 petere,
902 2046 1056 2079 Recipere

212 2096 242 2112 se
260 2088 293 2112 in
315 2089 482 2121 (asylum).
522 2086 539 2112 1.
564 2087 625 2121 Sy.
654 2086 803 2113 Convolare
823 2086 867 2118 nd.
893 2086 985 2114 Petere
1004 2088 1055 2121 (al-
1076 2099 1078 2115 A

213 2129 291 2161 taria,
311 2139 331 2155 s.
353 2129 517 2161 ecclesiam).
547 2128 596 2155 Th.
618 2129 647 2155 C.
669 2129 685 2156 I.
706 2130 722 2156 l.
744 2140 764 2156 c.
786 2132 808 2156 l.
829 2140 887 2166 sqq.
909 2140 929 2156 c.
949 2133 973 2156 5.
1011 2130 1053 2157 III.
1077 2158 1078 2168 ἵ

213 2172 278 2198 Cn.
317 2172 370 2207 Qui
390 2173 416 2198 in
436 2172 546 2207 asylum.
566 2172 608 2198 vel
629 2173 699 2208 quod
719 2173 797 2199 aliud.
818 2173 941 2209 confugit.
961 2174 992 2199 fr.
1014 2176 1053 2200 17.

213 2214 235 2246 3.
257 2216 296 2240 l2.
317 2215 348 2241 de
368 2215 454 2241 Aedil.
475 2215 552 2241 edict.
571 2217 613 2241 21.
635 2217 657 2241 1.
700 2217 753 2251 Qui
773 2220 822 2248 (sc.
844 2217 926 2249 servi)
946 2216 977 2242 ad
997 2217 1054 2243 fana

213 2255 334 2289 deorum,
358 2258 400 2284 vel
419 2258 452 2284 ad
471 2263 571 2284 statuas
591 2257 743 2295 Principum
763 2259 923 2295 confugiunt.
955 2258 1012 2286 Gai.
1034 2260 1053 2286 1.
1076 2279 1077 2283 .

214 2300 255 2325 53.
289 2299 319 2325 fr.
338 2302 362 2326 2.
390 2300 422 2327 de
441 2301 465 2327 h.
486 2311 528 2337 qu.
549 2302 598 2327 sui.
620 2303 641 2327 l.
661 2302 685 2327 6.
715 2301 745 2327 fr.
767 2304 789 2328 1,
813 2302 850 2335 33.
873 2304 894 2328 l.
914 2303 937 2328 S.
958 2302 991 2328 de
1010 2303 1053 2328 ofl'.

213 2340 266 2367 Prf.
288 2341 333 2367 Vr.
357 2344 376 2368 1.
398 2345 436 2370 12.
474 2343 503 2370 Si
523 2343 627 2372 dixerit.
648 2343 788 2370 aleatorem
808 2354 860 2370 non
879 2355 951 2377 esse,
970 2345 1053 2372 furem

213 2393 265 2409 non
285 2393 352 2413 esse.
372 2385 404 2411 ad
423 2391 534 2413 statuam
553 2397 693 2423 numquam
713 2387 870 2423 confugisse.
890 2387 920 2414 fr.
935 2390 974 2414 19.
990 2389 1011 2422 3.
1032 2390 1052 2415 l.
1075 2395 1076 2421 ξ

214 2426 246 2452 de
266 2426 331 2452 Aed.
352 2427 429 2454 edict.
447 2431 489 2456 21.
511 2432 533 2456 l.
554 2446 586 2449 —
606 2430 636 2463 §-
658 2431 693 2456 2.
722 2432 933 2462 Descendere,
954 2432 1053 2458 Deve·
1075 2424 1076 2446 3

214 2471 283 2495 nire
313 2472 369 2499 (ad
390 2473 464 2500 ete).
504 2472 522 2498 I.
543 2474 604 2507 Sy.
638 2473 808 2499 Descendere
827 2473 866 2499 ad.
905 2473 1053 2510 Confugere

214 2513 247 2537 in.
277 2511 307 2537 fr.
330 2514 350 2538 l.
371 2523 410 2549 pr.
440 2513 469 2539 fr.
488 2516 512 2541 3.
538 2515 569 2541 de
588 2526 703 2552 praescr.
723 2526 764 2542 vv.
791 2517 830 2543 19.
851 2518 873 2542 5.
916 2515 959 2542 III.
986 2518 1051 2544 Cn.

213 2554 272 2591 Ipse
292 2564 320 2580 se
340 2554 441 2582 deferre.
461 2556 550 2588 debet.
575 2558 638 2584 alias
663 2569 722 2585 sero
748 2558 780 2585 ad
799 2558 925 2585 auxilium
944 2559 1052 2586 delatio-

213 2599 254 2623 nis
274 2598 397 2633 confugir.
422 2599 463 2625 Fr.
478 2599 510 2625 ‹le
524 2599 541 2625 I.
557 2599 584 2626 F.
604 2601 625 2634 3.
640 2604 663 2627 2.
702 2601 768 2628 Cum
788 2602 820 2628 ad
839 2602 964 2628 auxilium
984 2612 1051 2629 com-

212 2651 290 2667 mune
309 2646 447 2677 superatus
467 2642 636 2678 confugisset.
662 2644 692 2670 fr.
711 2646 735 2670 3.
756 2645 777 2678 3.
800 2647 821 2671 l.
842 2650 888 2671 rat.
909 2655 971 2671 rem.
991 2645 1049 2672 hab.

212 2685 254 2709 46.
274 2686 297 2709 8.
324 2684 354 2709 cf.
374 2683 405 2710 fr.
427 2686 466 2711 ll.
488 2685 525 2719 33.
546 2686 569 2711 9.
591 2687 630 2711 11.
650 2686 682 2712 ad
700 2686 729 2713 L.
750 2687 797 2714 Iul.
819 2687 850 2713 de
869 2687 949 2714 adult.
969 2690 1010 2714 48.
1024 2690 1048 2714 5.

213 2725 304 2752 Potest
323 2728 468 2753 consistere
488 2738 546 2754 cum
566 2727 670 2754 domino
690 2739 746 2761 suo,
767 2731 841 2757 cuius
858 2732 884 2757 in
897 2730 976 2757 fidem
990 2741 1050 2757 con-

213 2769 284 2805 fugit.
310 2769 340 2796 fr.
360 2772 383 2796 5.
404 2780 443 2807 pr.
463 2770 495 2796 (16
514 2781 624 2797 manum.
645 2772 685 2797 40.
708 2774 729 2798 l.

248 2814 502 2840 Confundere.

545 2814 575 2847 ἓ.
601 2815 635 2840 l.
674 2815 890 2842 Commiscere.
940 2816 957 2842 l.

987 2818 1048 2851 Sy.

1888 169 1950 198 159

1108 248 1232 279 Miscere,
1252 247 1438 275 Commiscere.
1466 248 1496 275 fr.
1515 250 1539 275 3.
1561 249 1582 283 3.
1601 250 1625 275 2.
1646 248 1676 275 fr.
1696 251 1719 275 4.
1740 249 1770 275 sr.
1784 250 1808 274 5.
1826 258 1865 285 pr.
1887 249 1945 282 3.1.

1108 290 1140 317 de
1159 290 1190 317 R.
1211 290 1242 317 V.
1267 292 1290 317 6.
1318 293 1340 318 1.
1369 292 1399 318 fr.
1428 293 1449 318 7.
1476 292 1512 325 33.
1533 292 1556 318 S.
1577 302 1616 328 sq.
1643 292 1674 318 de
1697 292 1727 318 A.
1746 291 1778 318 R.
1798 291 1830 317 D.
1861 292 1902 317 41.
1925 293 1945 317 l.

1108 333 1151 360 III.
1171 335 1236 362 Gn·
1264 333 1292 360 In
1313 344 1404 360 navem
1423 351 1455 354 ——
1475 335 1623 372 complures
1648 334 1805 361 frumentum
1824 333 1946 360 confude-

1108 381 1172 402 rant.
1201 376 1231 402 fr.
1250 377 1292 403 31.
1313 376 1389 403 locat.
1416 379 1456 403 19.
1475 380 1499 404 2.
1537 378 1566 404 Si
1585 379 1731 415 irruptione
1750 377 1864 403 fluminis
1879 376 1946 403 fines

1107 420 1160 455 agri
1180 418 1298 446 confudit
1317 419 1461 446 inundatio.
1493 419 1523 446 fr.
1543 424 1567 447 ὅ.
1587 431 1626 457 pr.
1652 420 1697 447 fin.
1721 419 1829 456 regund.
1855 421 1895 446 10.
1923 421 1944 445 l.

1107 461 1136 488 Si
1157 462 1268 488 duorum
1286 463 1409 489 materiae
1428 473 1460 489 ex
1479 462 1614 489 voluntate
1633 463 1798 489 dominorum
1821 462 1946 489 confusae

1084 503 1085 515 ¹
1107 506 1166 531 sint.
1192 505 1269 539 327.
1290 504 1308 531 I.
1322 505 1354 531 de
1372 505 1403 531 R.
1423 505 1456 531 D.
1476 507 1500 531 2.
1522 508 1544 532 1.
1565 506 1595 533 sr.
1614 508 1638 532 5.
1658 516 1697 543 pr.
1718 505 1751 532 de
1769 505 1800 532 R.
1821 505 1853 532 V.
1877 507 1901 531 6.
1922 507 1944 531 l.

1107 547 1147 574 Cf.
1167 558 1191 574 v.
1212 547 1356 574 Confusus.
1388 564 1421 567 -
1454 548 1485 581 ἓ.
1511 550 1547 575 2.
1585 551 1694 581 Vnire,
1724 550 1945 583 coniungere,

1107 592 1290 618 Collisione
1311 592 1480 624 perimere.
1517 591 1536 617 I.
1557 593 1617 626 Sy.
1643 591 1819 618 Contribuere
1838 591 1943 625 (bona).

1106 633 1135 660 fr.
1157 636 1179 660 1.
1200 634 1221 667 3
1243 635 1283 660 12.
1303 633 1336 659 (16
1354 638 1465 670 separat.
1485 635 1527 660 42.
1545 635 1569 660 6.
1607 634 1786 661 Commiscere
1804 635 1905 671 (partes
1919 635 1945 660 in

1106 676 1322 713 computatione).
1343 675 1373 702 fr.
1388 677 1411 702 1.
1431 676 1452 710 3.
1468 678 1507 703 14.
1529 676 1561 703 ad
1580 676 1609 703 L.
1624 677 1693 704 Falc.
1713 679 1754 704 35.
1769 679 1794 703 2.
1831 677 1944 705 Misceri.

1106 718 1253 751 Confundi.
1273 718 1370 745 Perimi
1389 720 1550 753 (actiones).
1583 720 1612 746 fr.
1631 722 1674 746 34.
1694 721 1731 754 33.
1752 722 1774 746 1.
1794 730 1834 756 sq.
1859 719 1891 746 de
1911 719 1944 746 Ο.

1106 766 1132 787 et
1149 762 1181 788 A.
1202 763 1242 788 44.
1263 764 1286 788 7.
1323 761 1354 788 II.
1381 764 1448 796 Op.
1477 762 1626 795 confundi,
1646 779 1678 782 —
1698 763 1815 793 llcxnere.
1834 772 1855 789 s.
1874 762 1945 789 Reti-

1106 805 1174 835 neri;
1193 815 1217 831 v.
1232 804 1392 837 Restaurari,
1412 816 1432 831 s.
1447 805 1631 842 Redintegrari
1651 806 1838 839 (servitutem).
1859 805 1888 832 fr.
1904 806 1943 831 18.

1106 846 1138 873 (le
1157 848 1247 873 servit.
1267 851 1290 873 ὅ.
1312 849 1334 874 1.
1366 848 1396 874 fr.
1415 850 1457 875 30.
1484 849 1549 882 3.1.
1575 849 1606 875 de
1626 848 1653 875 S.
1673 848 1701 874 P.
1722 847 1754 874 V.
1773 852 1797 874 ὃ.
1816 850 1841 874 2.
1870 848 1900 875 fr.
1922 850 1944 874 7.

1083 889 1084 895 ¹
1105 900 1144 927 pr.
1165 890 1186 923 3.
1210 891 1229 916 l.
1251 889 1283 916 de
1303 890 1383 916 fundo
1403 891 1457 917 dot.
1475 894 1517 918 23.
1538 894 1561 918 5.
1598 891 1640 918 III.
1661 893 1727 919 Cn.
1755 890 1882 918 Confusis
1901 891 1945 917 bo-

1107 934 1146 958 nis
1167 937 1193 958 et
1212 933 1306 961 unitis.
1326 943 1379 960 non
1397 944 1477 970 posse
1496 935 1629 971 impetrari
1649 936 1848 971 separationem.
1870 933 1901 960 fr.
1925 936 1944 959 Ι.

1540 977 1569 1003 Si
1595 978 1654 1014 quis
1678 977 1756 1004 aedes
1780 994 1812 997 -
1836 976 1946 1003 traditas

1106 1018 1157 1045 sibi
1182 1019 1293 1055 accepit.
1321 1018 1428 1045 confusa
1453 1020 1608 1056 sublataque
1632 1021 1746 1047 servitus
1769 1025 1818 1047 est.
1855 1020 1886 1046 fr.
1903 1021 1945 1046 30.

1105 1072 1144 1099 pr.
1170 1061 1202 1087 de
1221 1060 1248 1087 S.
1269 1060 1296 1087 P.
1317 1060 1348 1088 V.
1373 1064 1396 1088 8.
1416 1064 1440 1088 2.
1484 1062 1540 1089 Vsu
1565 1063 1663 1099 legato.
1689 1064 1712 1089 si
1736 1063 1820 1090 eidem
1844 1062 1945 1089 fructus

1105 1104 1219 1141 legetur.
1240 1120 1272 1123 —
1292 1104 1418 1130 confundi
1444 1115 1502 1131 eum
1529 1116 1585 1131 cum
1609 1116 1666 1132 usu.
1704 1106 1733 1132 fr.
1755 1108 1794 1132 14.
1819 1106 1840 1139 3.
1860 1108 1884 1132 2.
1914 1105 1945 1131 de

1106 1157 1155 1174 usu
1184 1152 1209 1173 et
1236 1146 1317 1173 habit.
1347 1149 1370 1174 7.
1395 1150 1419 1173 ὅ.
1460 1148 1551 1174 Aditio
1575 1148 1727 1176 hereditatis
1752 1158 1944 1184 nonnumquam

1105 1191 1161 1216 iure
1178 1189 1316 1216 confundit
1329 1189 1524 1226 obligationem.
1544 1207 1576 1210 —
1598 1191 1738 1228 aliquando
1752 1202 1799 1228 pro
1813 1191 1946 1218 solutione

1106 1233 1182 1259 cedit.
1213 1232 1243 1259 fr.
1263 1234 1304 1260 95.
1332 1234 1353 1267 3.
1372 1235 1396 1260 2.
1423 1233 1454 1260 de
1473 1233 1551 1260 solut.
1577 1236 1617 1260 46.
1637 1237 1661 1261 3.
1699 1234 1896 1270 Obligationes.
1920 1244 1943 1259 v.

1106 1277 1237 1307 actiones,
1263 1286 1328 1313 quas
1352 1276 1473 1303 adeundo
1493 1277 1626 1309 confudit,
1651 1288 1703 1304 non
1728 1279 1843 1309 restitui,
1867 1287 1887 1303 S.
1907 1287 1944 1303 re-

1082 1322 1083 1325 ’
1105 1320 1234 1345 suscitari.
1259 1318 1291 1345 fr.
1310 1321 1352 1345 29.
1373 1319 1411 1353 33.
1433 1321 1455 1346 l.
1476 1330 1515 1356 sq.
1537 1319 1568 1346 (16
1588 1321 1643 1347 iure
1662 1321 1728 1347 fisci.
1748 1323 1789 1348 49.
1810 1322 1850 1347 14.
1870 1320 1900 1346 fr.
1920 1321 1943 1346 8.

216 1365 314 1386 novatt.
335 1362 375 1386 46.
395 1362 420 1386 2.
458 1360 486 1386 Si
508 1361 552 1396 qui
572 1361 620 1394 (sc.
641 1360 792 1394 metallarii)
812 1365 907 1398 sponte
927 1360 1060 1386 confluxe·
1081 1393 1083 1397 ι

1081 1407 1083 1429 >¹
1104 1410 1203 1431 tantum
1223 1410 1332 1437 exemta,
1353 1406 1460 1432 confusa
1474 1405 1649 1442 obligatione?
1676 1406 1705 1433 fr.
1721 1408 1761 1433 71.
1777 1417 1817 1444 pr.
1837 1407 1869 1433 de
1882 1406 1945 1433 fide-

1105 1362 1135 1388 fr.
1157 1363 1197 1388 18.
1221 1362 1287 1396 3.1.
1313 1361 1345 1388 de
1364 1361 1389 1388 h.
1409 1373 1452 1399 qu.
1472 1368 1501 1389 ut
1519 1363 1617 1399 indign.
1641 1365 1683 1390 34.
1702 1365 1726 1390 9.
1767 1363 1808 1390 An
1832 1373 1944 1400 persona

1104 1449 1167 1474 iuss.
1188 1449 1229 1474 46.
1251 1450 1273 1474 1.
1300 1465 1331 1468 -
1355 1450 1386 1482 §.
1407 1450 1444 1476 3.
1481 1450 1637 1481 Turbare,
1658 1451 1807 1477 Foedare.
1845 1450 1862 1476 I.
1883 1451 1944 1484 Sy.

1104 1491 1235 1517 Incestare
1256 1491 1370 1524 (oculos,
1390 1502 1411 1518 s.
1431 1491 1607 1529 adspectum).
1637 1491 1686 1518 Th.
1702 1492 1733 1518 C.
1747 1492 1803 1519 ΥΠ,
1824 1495 1846 1519 1.
1867 1503 1888 1519 c.
1904 1495 1944 1518 13.

1104 1534 1136 1560 de
1155 1533 1186 1560 R.
1207 1534 1240 1560 Μ.
1278 1534 1396 1561 Foedare
1416 1535 1507 1568 (nota,
1527 1544 1551 1560 v.
1572 1544 1654 1560 coeno
1674 1538 1787 1567 sectae).
1817 1536 1853 1562 lb.
1872 1535 1943 1562 XVI.

251 1574 513 1608 confringere.
552 1576 733 1610 Frangere,
754 1577 977 1612 I’erfringere.
1014 1574 1057 1601 HI.
1079 1576 1081 1603 ἒ
1102 1578 1126 1603 8.
1147 1587 1168 1603 c.
1188 1579 1229 1603 22.
1254 1577 1287 1604 de
1306 1577 1361 1603 lud.
1381 1577 1451 1604 XVI.
1476 1579 1500 1604 9.
1525 1588 1545 1603 c.
1566 1579 1590 1603 4.
1615 1588 1647 1603 ne
1671 1578 1761 1605 christ.
1781 1588 1863 1604 manc.
1900 1578 1943 1605 111.

1103 1621 1169 1647 Cn.
1198 1621 1252 1655 Qui
1272 1620 1375 1646 divinae
1394 1620 1459 1656 legis
1479 1621 1642 1647 sanctitatem
1662 1626 1705 1647 aut
1723 1621 1864 1648 nesciendo
1885 1631 1944 1648 con-

1102 1662 1222 1695 fundunt,
1243 1668 1286 1689 aut
1305 1662 1460 1699 negligendo
1479 1662 1580 1689 violant
1599 1668 1625 1690 et
1644 1664 1787 1690 offendunt.
1822 1664 1858 1690 lb.
1872 1663 1942 1690 XVI.

1101 1708 1125 1732 2.
1145 1716 1168 1732 c.
1187 1708 1228 1731 25.
1249 1706 1282 1732 de
1301 1707 1381 1743 episc.
1402 1705 1464 1731 eccl.
1485 1705 1518 1732 cf.
1537 1706 1582 1732 XI.
1601 1708 1642 1732 39.
1663 1717 1684 1733 c.
1704 1710 1728 1733 8.
1749 1707 1781 1733 de
1799 1707 1852 1733 lide
1865 1712 1926 1733 test.

1138 1749 1313 1775 confuse.
1343 1747 1456 1781 (Advb.)
1494 1751 1702 1781 Perturbute,
1724 1752 1802 1776 Sine
1821 1752 1941 1777 ordine.

1078 1806 1080 1822 ρ
1102 1790 1132 1816 ll.
1149 1793 1215 1824 (Dp.
1247 1790 1429 1826 Singulorum.
1450 1806 1482 1809 —
1507 1790 1626 1817 Confuse
1651 1792 1780 1818 universis
1799 1793 1943 1825 (constitu—

1078 1833 1080 1870 ’ς
1103 1839 1156 1859 tum
1175 1834 1316 1870 pretium).
1349 1832 1379 1859 fr.
1398 1834 1440 1859 36.
1467 1832 1499 1859 dc
1517 1833 1583 1860 Aed.
1604 1834 1681 1861 edict.
1699 1836 1741 1861 21.
1762 1837 1784 1861 1.
1822 1834 1943 1862 Nomina-

1078 1898 1080 1902 .
1101 1877 1148 1902 tim
1167 1878 1345 1909 (testamento
1366 1885 1459 1902 servos
1478 1877 1684 1911 manumittere).
1713 1877 1783 1915 Epit.
1804 1878 1862 1904 Gaii
1880 1879 1941 1904 inst.

213 1914 322 1951 Refuga.
352 1915 401 1942 Th.
419 1915 449 1941 C.
470 1915 514 1941 lx.
534 1917 575 1942 45.
596 1926 617 1942 c.
637 1917 660 1941 4.
682 1926 719 1953 pr.
740 1916 814 1949 331.
835 1926 874 1952 sq.
895 1926 915 1942 c.
935 1918 958 1942 5.
980 1916 1012 1943 de
1030 1916 1055 1942 h.
1078 1921 1080 1931 ¹

1102 1918 1121 1945 I.
1140 1921 1164 1945 2.
1189 1919 1206 1945 ’.
1226 1921 1250 1945 2.

1137 1922 1327 1989 Coinfusio.
1359 1962 1390 1994 ἓ.
1410 1963 1444 1988 1.
1472 1963 1637 1995 Mixtura,
1658 1964 1861 1990 Commixtio.
1898 1963 1939 1989 III.

1078 2019 1079 2027 κ
1102 2005 1167 2031 Cn.
1200 2003 1391 2030 Fert-nminatio
1416 2014 1464 2041 per
1488 2004 1596 2031 eandem
1621 2007 1754 2032 materiam
1773 2005 1834 2032 facit
1853 2007 1941 2032 confu-

1100 2047 1209 2073 sionem.
1238 2046 1269 2073 fr.
1288 2048 1330 2073 23.
1355 2048 1376 2081 3.
1397 2049 1420 2074 5.
1450 2047 1482 2074 dc
1501 2047 1533 2074 R.
1553 2047 1584 2074 V.
1609 2048 1633 2074 6.
1654 2050 1676 2074 l.
1719 2048 1816 2075 Totum
1840 2048 1866 2074 id
1886 2059 1941 2075 cor-

1099 2099 1163 2126 pus⁷
1189 2089 1260 2126 quod
1285 2100 1316 2116 ex
1336 2090 1491 2117 confusione
1514 2091 1557 2122 fit.
1582 2092 1718 2127 utriusque
1738 2102 1874 2118 commune
1892 2097 1939 2118 est.

1105 2133 1121 2158 '.
1141 2134 1182 2158 27.
1203 2132 1221 2158 Ι.
1242 2132 1274 2159 (16
1294 2132 1325 2159 li.
1345 2133 1378 2160 D.
1399 2136 1422 2160 2.
1445 2135 1466 2160 l.
1492 2149 1524 2153 -
1545 2134 1576 2167 §-
1597 2135 1632 2160 2.
1663 2136 1938 2166 communicatio,

1076 2200 1077 2205 ,
1101 2177 1328 2208 Contributiu,
1357 2178 1514 2203 Collatia.
1554 2176 1596 2202 ΙΙΙ.
1621 2179 1687 2205 Gn.
1716 2177 1811 2203 Statim
1836 2188 1867 2203 ex
1887 2177 1938 2203 fid·-

1100 2218 1228 2244 bouorum
1253 2218 1448 2250 confusionem,
1473 2224 1583 2256 excepto
1608 2220 1712 2256 peculio
1738 2221 1878 2246 castrensi.
1905 2220 1938 2245 fs·-

1100 2272 1158 2287 cere
1178 2261 1287 2297 cogendi
1307 2266 1376 2287 suut.
1406 2261 1477 2288 Paul.
1499 2262 1530 2288 Y.
1550 2264 1573 2288 9.
1593 2263 1615 2296 3
1630 2264 1652 2288 4.
1691 2263 1738 2289 Sin
1758 2263 1938 2289 confusionem

1076 2312 1077 2317 ¹
1099 2303 1228 2330 bonorum
1249 2309 1274 2330 et
1294 2304 1443 2330 donationis
1464 2304 1597 2340 elegerint.
1627 2305 1676 2332 Th.
1691 2306 1722 2332 C.
1742 2306 1786 2332 IX.
1807 2308 1846 2331 42.
1871 2315 1892 2331 c.
1912 2309 1935 2330 8.

1100 2346 1132 2372 (16
1152 2346 1213 2372 bon.
1233 2357 1334 2383 proscr.
1367 2362 1399 2366 —
1432 2348 1462 2380 ξ.
1482 2349 1518 2374 3.
1548 2350 1746 2375 Coniunctio
1765 2350 1887 2374 iuriam
1907 2354 1937 2374 et

1098 2391 1279 2416 debitorum
1299 2392 1331 2416 in
1349 2393 1454 2416 eadem
1471 2400 1616 2424 persona.
1654 2390 1684 2417 II.
1705 2393 1771 2424 op.
1790 2390 1858 2416 Fieri
1877 2399 1937 2416 con-

1098 2432 1240 2464 fusionem.
1269 2442 1290 2458 s.
1311 2432 1475 2459 Confusione
1500 2433 1668 2460 intercidere.
1689 2449 1720 2453 —-
1740 2433 1843 2459 Salvam
1868 2443 1935 2459 esse.

1097 2486 1117 2502 s.
1138 2475 1242 2502 Manere
1262 2475 1491 2511 (obligationem).
1521 2476 1551 2502 fr.
1569 2478 1611 2502 26.
1631 2477 1653 2510 3.
1672 2478 1695 2502 4.
1715 2475 1748 2501 (le
1767 2475 1880 2501 condiet.
1899 2477 1935 2501 in-

1073 2539 1074 2560 }
1096 2518 1155 2545 deb.
1177 2520 1217 2544 12.
1237 2520 1260 2544 6.
1290 2518 1320 2544 fr.
1340 2521 1381 2544 50.
1402 2518 1434 2545 dc
1453 2519 1571 2545 fideiuss.
1591 2520 1631 2544 46.
1653 2520 1674 2543 l.
1711 2517 1752 2543 111.
1778 2519 1843 2544 (Vn.
1872 2518 1935 2544 Adi-

1096 2562 1168 2587 tione
1188 2561 1354 2593 hereditatis,
1379 2562 1533 2588 confusione
1557 2560 1723 2595 obligationis
1748 2561 1826 2587 eximi
1845 2571 1935 2598 perso.

1096 2614 1161 2630 nam.
1192 2604 1222 2629 fr.
1243 2605 1284 2629 7l.
1303 2613 1342 2640 pr.
1368 2604 1403 2630 ib.
1423 2606 1464 2630 46,
1488 2606 1508 2630 l.
1547 2604 1621 2629 Sicut
1640 2602 1806 2638 acceptilatio
1826 2620 1858 2623 -
1878 2614 1935 2641 per-

1095 2648 1157 2672 emit
1176 2647 1305 2676 actiones.
1325 2647 1360 2672 ita
1380 2651 1405 2672 et
1425 2646 1552 2672 confusio.
1581 2645 1610 2670 fr.
1632 2645 1672 2670 75.
1697 2645 1729 2671 de
1748 2645 1827 2672 solut.
1848 2648 1890 2673 46.
1909 2648 1933 2673 3

1095 2689 1259 2716 Confusione
1277 2688 1387 2726 perinde
1406 2689 1581 2724 exstinguitur
1597 2686 1731 2723 obligatio,
1751 2698 1780 2715 ac
1793 2688 1933 2715 solutione.

1094 2731 1123 2757 fr.
1143 2733 1185 2757 21.
1206 2732 1227 2765 3.
1249 2734 1270 2758 l.
1292 2731 1324 2758 de
1343 2732 1444 2758 liberat.
1464 2730 1511 2763 leg.
1536 2731 1577 2756 34.
1598 2732 1622 2756 3.
1651 2731 1681 2756 fr.
1701 2733 1742 2757 50.
1763 2731 1795 2758 de
1814 2732 1930 2758 fideiuss.

1093 2775 1134 2800 46.
1155 2776 1177 2800 l.
1215 2774 1291 2800 Licet
1310 2774 1465 2800 confusione
1484 2772 1592 2799 dominii
1612 2775 1726 2800 servitus
1746 2775 1875 2801 exstincta
1889 2775 1929 2800 sit.

1093 2816 1123 2843 fr.
1138 2819 1194 2843 116.
1210 2818 1231 2851 3.
1246 2819 1269 2843 4.
1290 2816 1410 2851 delegat.
1426 2815 1443 2840 1.
1460 2816 1527 2847 (30.)
1548 2832 1579 2835 -—
1600 2816 1630 2849 ξ.
1646 2818 1685 2844 4.
1707 2819 1929 2844 Conturbatio.
