2197 3121
1020 155 1091 186 INI.

189 244 355 272 Adiicere,
375 243 530 268 [aserere.
567 239 584 266 Ι.
602 240 663 274 Sy.
683 238 810 265 Inserere.
831 237 852 271 5.
866 239 890 263 5.
910 236 928 263 I.
949 236 982 263 de
995 235 1026 263 V.

190 285 223 311 Ο.
242 286 267 311 3.
288 287 327 311 15.
347 284 390 310 111.
404 286 468 312 Gn.
494 283 575 319 Magis
594 281 771 309 conditionem
790 280 875 316 legato
896 280 1027 311 iniecisse,

189 338 266 364 quam
285 327 465 354 demonstrare
482 326 608 352 voluisse.
629 324 659 350 sr.
679 325 704 350 6.
725 323 756 350 cf.
778 322 807 349 fr.
820 324 863 349 96.
882 333 922 359 pr.
942 322 974 349 de
993 322 1028 348 Ie-

189 375 238 406 gat.
259 370 277 396 I.
299 371 366 403 (30.)
404 369 498 406 Incipit
517 368 672 394 contrariam
685 366 862 393 conditionem
881 364 965 400 legato
985 364 1027 390 vel

189 413 319 443 libertati,
344 422 409 449 quae
433 412 506 448 prius
526 409 584 436 data
608 414 675 441 erat,
700 410 830 435 iniecisse.
850 407 880 434 fr.
902 409 942 433 13.
961 407 983 441 5.
1003 409 1026 433 5.

189 455 223 482 de
241 455 358 482 statulib.
378 457 418 481 40.
439 456 461 480 7.
482 452 514 480 cs.
540 452 569 479 sr.
591 455 631 479 12.
656 453 678 486 5.
697 454 720 479 3.
741 451 773 478 de
791 460 903 477 manum.
924 454 1025 476 testam.

189 500 230 524 40.
251 501 275 524 4.
312 497 421 535 Impleta
441 496 600 527 conditione,
620 505 696 531 quam
716 496 836 521 iniectam
855 493 965 530 putavit,
985 492 1027 518 ad-

189 542 226 567 iit.
247 541 276 567 l'r.
296 542 336 567 34.
357 541 379 574 5.
401 542 422 566 l.
443 539 475 565 de
494 539 527 565 Α.
549 549 572 564 v.
593 538 626 565 Ο.
646 537 676 564 Η.
696 539 736 564 29.
756 539 780 563 2.

224 583 447 611 Inimicitia.
485 583 549 608 Sim
558 584 652 608 ultas.
689 580 719 607 ΙΙ.
735 581 801 614 01).
822 578 965 616 capitales,
985 578 1027 604 vel

188 627 356 663 gravissimae
376 625 533 651 inimicitiae.
554 640 586 643 —
606 623 685 650 Levis
708 622 815 649 offensa.
840 621 870 648 fr.
895 623 919 648 3.
944 621 965 655 5.
987 623 1027 647 11.

189 669 222 696 de
241 668 316 695 adim.
341 667 417 703 legat.
443 668 486 693 34.
511 668 534 692 4.
572 666 615 693 III.
635 667 701 694 οη.
725 664 755 691 Si
779 664 887 691 evidens
907 669 1028 700 arguatur

189 713 245 738 eius
263 711 306 737 vel
324 711 414 747 gratia.
434 709 476 736 vel
496 710 641 740 inimicitia,
661 707 703 734 vel
722 708 799 734 etiam
818 707 920 734 sordes.
941 706 971 733 fr.
987 708 1026 732 15.

188 755 209 789 5.
231 756 253 780 1.
273 753 305 780 de
324 753 402 780 iudic.
424 755 482 779 5.1.
523 751 603 787 Quod
621 761 705 787 neque
724 750 798 782 lucri,
818 760 903 786 neque
921 750 1026 786 gratiae,

188 807 274 833 neque
292 797 443 825 inimicitiae
466 804 543 821 causa
568 795 605 821 fit.
630 794 659 821 fr.
678 795 702 820 3.
722 803 761 830 pr.
782 793 814 820 de
833 792 921 820 testib.
941 794 982 818 22.
1002 794 1025 818 5.

187 839 218 866 Si
238 856 267 860 —
288 838 331 865 vel
351 848 452 865 morum
472 842 532 864 ante
552 837 633 863 celata
655 835 698 863 vel
722 837 838 872 ignorata
858 836 963 862 emersit
982 836 1027 861 im-

186 882 319 920 probitaS.
344 886 388 908 aut
411 881 563 907 inimicitiae
587 889 645 906 cum
669 883 743 916 patre
766 883 927 905 exarserunt.
952 877 982 904 l'r.
1001 879 1026 904 3.

187 925 220 952 de
239 924 356 951 confirm.
377 929 424 950 tut.
444 925 485 950 26.
504 924 528 949 3.
555 921 586 948 cf.
606 921 678 948 Paul.
698 921 728 948 II.
747 923 789 948 27.
814 922 835 955 5.
862 923 884 947 1.
922 920 965 947 Ob
985 930 1027 946 su-

186 967 267 994 bitam
286 966 470 998 valetudinem,
490 965 523 991 ob
542 965 715 991 necessariam
729 965 972 1002 peregrinationem,
992 963 1025 989 ob

186 1011 349 1037 inimicitiam
369 1025 394 1030 —
421 1008 547 1042 (mandati
571 1008 675 1043 negotio
694 1008 841 1034 renunciari
859 1008 969 1044 potest.)
988 1006 1025 1032 lb.

186 1053 216 1080 II.
238 1055 278 1079 15.
299 1053 321 1086 5.
343 1054 365 1078 1.
385 1052 416 1078 fr.
435 1053 477 1077 23.
502 1060 560 1087 sqq.
584 1050 670 1076 mand.
696 1052 735 1077 17.
762 1052 784 1076 l.
809 1050 841 1077 cf.
866 1050 896 1076 fr.
916 1051 940 1076 8.
960 1050 982 1083 5.
1001 1051 1025 1076 3.

186 1097 217 1123 sr.
237 1098 260 1123 9.
281 1105 338 1131 sqq.
359 1094 391 1121 de
410 1104 513 1131 procur.
532 1095 549 1119 3
576 1095 600 1119 3.
621 1092 651 1119 fr.
673 1095 713 1120 15.
738 1092 770 1119 de
793 1103 845 1119 rec.
865 1103 908 1129 qu.
928 1092 981 1118 arb.
1002 1093 1025 1118 4.

186 1142 210 1166 8.
248 1139 302 1174 Qui
321 1137 354 1163 ob
375 1137 537 1168 inimicitias,
556 1135 599 1162 vel
618 1136 730 1173 praedae
749 1146 834 1168 causa,
853 1135 1025 1163 incenderint.

186 1182 216 1208 fr.
236 1182 278 1207 28.
298 1181 320 1214 5.
342 1181 381 1206 12.
402 1179 435 1206 de
454 1189 531 1216 poen.
551 1180 592 1205 48.
613 1180 653 1205 19.
678 1178 749 1205 Paul.
770 1178 802 1205 V.
821 1181 863 1205 20.
883 1179 920 1212 55.
942 1180 964 1204 l.
984 1188 1024 1214 sq.

186 1224 217 1251 cf.
237 1223 267 1250 sr.
287 1225 329 1249 50.
353 1222 375 1256 5.
397 1223 419 1248 l.
440 1221 472 1248 de
491 1221 551 1248 furt.
576 1223 618 1248 47.
642 1224 665 1248 2.
702 1222 769 1248 Eum
787 1226 899 1248 testator
917 1222 1025 1248 inimici-

186 1268 229 1293 tiis
249 1265 412 1303 gravissimis
431 1269 595 1301 persecutus,
614 1265 783 1302 (praeteriit.)
803 1264 834 1291 sr.
847 1266 888 1291 22.
903 1264 936 1290 de
949 1264 1023 1290 adim.

184 1309 260 1346 legat.
279 1310 320 1335 34.
340 1309 364 1335 4.
401 1306 457 1334 Nee
475 1311 576 1339 tamen,
595 1307 644 1334 sub
665 1312 802 1345 praetextu
821 1308 1024 1338 inimicitiarum,

184 1350 345 1379 detrahenda
366 1351 416 1376 erit
435 1349 501 1376 fides
522 1351 693 1387 quaestionis.
712 1350 743 1377 sr.
758 1353 780 1377 1.
800 1351 822 1385 5.
835 1353 877 1377 24.
897 1350 930 1377 de
949 1360 1025 1387 quae-

185 1395 264 1421 stion.
284 1395 325 1420 48.
342 1395 381 1419 18.

219 1436 416 1464 Inimicus.
454 1436 485 1469 ἓ.
506 1437 539 1462 1.
570 1437 692 1463 Hostis.
729 1435 748 1462 I.
771 1437 833 1470 Sy.
852 1435 952 1462 Hostis.
974 1435 1024 1462 Th.

184 1479 215 1507 C.
235 1479 280 1506 IX.
302 1480 341 1505 16.
362 1488 383 1504 c.
403 1479 425 1504 6.
447 1488 469 1505 e.
490 1480 530 1505 11.
550 1478 582 1505 de
601 1478 710 1506 malefic.
748 1478 791 1505 III.
813 1480 875 1506 Cn.
900 1478 1024 1505 Publicus

184 1533 214 1549 ac
232 1527 324 1548 noster
342 1522 471 1548 inimicus.
497 1520 533 1548 lb.
553 1521 597 1548 XI.
620 1523 659 1548 12.
690 1532 711 1548 c.
732 1523 754 1548 1.
775 1521 808 1548 (18
827 1523 930 1548 immun.
951 1532 1024 1548 conc.

184 1566 295 1593 Humani
314 1565 416 1600 generis
440 1565 546 1591 inimici.
570 1564 607 1591 Il).
626 1564 659 1591 X.
681 1566 722 1591 10.
747 1575 768 1591 8.
791 1567 829 1591 10.
855 1565 887 1592 de
906 1566 979 1602 petit.
1000 1570 1025 1591 et

184 1608 254 1635 ultro
274 1607 326 1634 dat.
348 1623 377 1628 —
399 1607 430 1640 §.
452 1608 487 1633 2.
519 1609 758 1640 Adversarius,
779 1609 943 1644 Infeneus.
980 1608 1023 1634 III.

185 1651 251 1678 Cn.
272 1650 301 1676 Si
321 1660 352 1676 ex
372 1651 454 1676 amico
475 1650 604 1681 inimicus.
623 1649 666 1676 vel
685 1660 717 1676 ex
736 1650 818 1677 divite
830 1652 972 1688 pauperior
991 1650 1025 1677 ef-

185 1693 269 1719 sectus
288 1694 330 1719 sit.
354 1692 385 1719 fr.
411 1694 434 1718 4.
459 1692 492 1718 de
515 1697 617 1718 testam.
643 1698 691 1719 tut.
710 1694 752 1720 26.
771 1695 795 1719 2.
833 1693 948 1720 Inimicis
968 1695 1024 1720 eius
1046 1726 1047 1730 Ἰ

185 1745 246 1762 suas
266 1736 391 1768 amicitias
411 1735 552 1772 copulavit,
564 1751 596 1754 —
608 1740 636 1761 ut
655 1736 759 1762 inimica
772 1737 863 1772 potius
883 1746 959 1772 quam
973 1746 1024 1762 ma-

184 1784 226 1805 ter
249 1777 407 1805 crederetur.
432 1777 481 1804 Th.
507 1777 539 1804 C.
563 1777 593 1804 II.
615 1780 654 1804 19.
680 1789 700 1805 8.
724 1780 748 1805 2,
774 1778 807 1805 (18
831 1779 901 1804 inoff.
923 1783 1023 1804 testam.

185 1821 214 1848 Si
235 1831 284 1858 qua
303 1821 450 1847 visceribus
469 1821 524 1846 suis
538 1836 570 1840 -—·
584 1821 636 1847 vim
656 1820 782 1851 intulerit.
802 1831 834 1847 ne
850 1822 899 1847 iam
918 1822 1023 1847 inimico

184 1865 276 1891 marito
296 1863 378 1890 filium
398 1867 558 1900 procrearet.
583 1863 613 1889 fr.
633 1865 675 1890 39.
701 1863 733 1890 de
758 1873 834 1900 poen.
854 1865 896 1890 48.
918 1865 957 1890 19.
995 1863 1023 1890 Si

183 1907 282 1938 latitet,
307 1906 350 1932 vel
374 1907 494 1932 iuimicus
519 1910 611 1943 postea
635 1906 692 1938 fiat,
718 1912 762 1933 aut
785 1906 919 1933 adfinitate.
938 1906 1024 1943 aliqua

184 1949 334 1976 adversario
359 1950 488 1984 iungatur.
513 1948 542 1974 fr.
569 1949 610 1974 21.
635 1958 674 1984 sq.
699 1948 731 1975 de
754 1959 859 1986 procur.
879 1951 903 1975 3.
923 1951 946 1975 3.
984 1948 1024 1975 Ne

183 1997 292 2029 paterno
317 1992 422 2017 inimico
447 1990 542 2028 pupilli
566 1992 768 2018 committantur.
793 1991 864 2018 Paul.
884 1992 913 2018 II.
938 1994 980 2018 27.
1000 1992 1022 2026 5.

185 2037 207 2061 1.
227 2034 259 2061 cf.
279 2034 310 2060 fr.
328 2036 353 2060 3.
373 2035 394 2068 5.
416 2036 455 2060 12.
475 2034 507 2060 de
527 2043 599 2070 susp.
620 2039 667 2060 tut.
687 2036 728 2061 26.
750 2037 789 2061 10.
828 2035 922 2062 Cuivis
942 2036 1022 2071 magis

184 2078 290 2112 gratiam
308 2082 456 2114 praestare,
476 2087 552 2114 quam
572 2076 720 2113 relinquere
740 2078 810 2115 apud
829 2079 962 2104 inimicum
982 2079 1022 2104 ius
1044 2097 1045 2110 ;

186 2119 217 2145 ad
236 2129 264 2146 se
283 2119 444 2146 translatum.
467 2120 495 2146 fr.
516 2121 556 2146 78.
577 2120 598 2152 5.
612 2121 636 2146 2.
656 2119 689 2146 de
707 2121 763 2147 iure
782 2120 835 2147 dot.
849 2122 891 2147 23.
904 2122 928 2147 3.
954 2120 1023 2148 Con-

186 2162 286 2198 spirare
304 2173 362 2189 cum
381 2163 493 2189 inimicis
514 2163 622 2196 (contra
642 2164 807 2200 patronum.)
832 2163 862 2190 sr.
889 2166 910 2190 l.
939 2165 1021 2198 5.10.
1044 2158 1045 2190 i

186 2203 218 2230 de
238 2204 280 2230 off.
300 2204 351 2232 Prt'.
371 2205 415 2232 Vr.
437 2207 459 2232 1.
480 2207 519 2231 12.
557 2205 718 2242 Superstitio
737 2216 904 2243 paganorum.
923 2221 956 2226 —
976 2208 1023 2234 ini-

186 2247 251 2272 mica
275 2247 394 2282 publicae
418 2248 586 2286 disciplinae,
611 2254 636 2275 et
660 2248 746 2275 hostis
770 2249 832 2275 fidei
857 2249 1021 2276 christianae.

189 2288 320 2315 Nov.Val.
336 2289 378 2316 III.
394 2291 426 2317 de
439 2291 550 2318 manich.
564 2291 593 2318 II.
612 2292 650 2318 18.
665 2302 685 2318 c.
702 2293 724 2317 1.
739 2301 777 2328 pr.
793 2290 833 2318 Cf.
846 2291 895 2318 Th.
908 2292 938 2319 C.
950 2292 1021 2319 XVI.

186 2333 210 2357 5.
235 2341 256 2357 c.
276 2333 316 2357 42.
339 2341 359 2357 c.
379 2334 419 2359 51.
439 2344 460 2360 c.
479 2336 520 2361 62.
540 2345 580 2372 sq.
601 2335 634 2361 de
655 2335 779 2361 haeretic.

223 2374 374 2407 Inique·
411 2376 529 2409 (Advh.)
569 2379 778 2408 contraius,
803 2380 852 2404 vel
871 2380 1021 2412 aequita-

186 2423 254 2443 tem.
291 2416 309 2442 I.
330 2418 390 2450 Sy.
415 2417 563 2446 Inciviliter.
582 2420 612 2446 fr.
633 2422 673 2446 23.
694 2430 733 2457 pr.
759 2420 779 2454 5.
799 2422 823 2446 3.
849 2420 899 2455 Qu.
920 2425 979 2447 met.
1000 2431 1020 2447 c.
1043 2442 1044 2453 ,

186 2462 210 2485 4.
229 2461 254 2484 2.

187 2507 260 2527 stam.
281 2503 304 2527 5.
323 2504 347 2527 2.
367 2501 408 2528 III.
422 2503 487 2529 Cn.
507 2503 573 2530 Cum
592 2507 651 2541 quis
670 2507 767 2542 inique,
786 2505 829 2532 vel
842 2506 938 2532 iniuste
952 2508 1022 2539 (sen-

186 2545 293 2571 tentiam
313 2543 398 2576 dixit.)
419 2544 448 2570 fr.
471 2547 492 2571 l.
511 2555 549 2582 pr.
570 2546 601 2573 (18
620 2549 696 2575 intur.
715 2550 755 2575 47.
772 2550 810 2574 10.
831 2548 862 2575 cf.
884 2548 913 2574 fr.
935 2550 974 2575 11.
989 2549 1022 2576 (18
1042 2542 1044 2576 l
1067 2551 1123 2575 116.
1144 2548 1175 2575 cl'.
1196 2548 1226 2574 fr.
1246 2549 1287 2574 60.
1308 2548 1329 2581 5.
1349 2549 1373 2574 4.
1393 2548 1426 2574 de
1445 2547 1476 2574 R.
1496 2548 1526 2574 N.
1546 2549 1587 2573 23.
1609 2548 1632 2571 2.

291 2458 350 2485 Nou
370 2470 402 2485 ex
421 2459 508 2486 officio
526 2463 641 2497 pietatis.
663 2462 693 2489 fr.
714 2465 738 2488 2.
759 2462 789 2489 sr.
805 2465 828 2488 5.
849 2463 881 2489 de
900 2463 971 2489 inoff.
987 2468 1022 2490 te-
1042 2476 1044 2487 ι

1042 2501 1044 2517 t

1849 153 1908 184 471

1071 247 1136 270 rare,
1155 246 1179 264 v.
1200 236 1328 273 repellere
1348 237 1410 269 etc.)
1431 236 1460 263 fr.
1481 238 1505 263 2,
1526 236 1558 263 (18
1577 246 1632 262 exc.
1652 236 1689 261 rei
1710 234 1761 261 iud.
1781 236 1824 260 42.
1838 236 1861 260 2.
1878 233 1907 260 sr.

1071 282 1112 306 80.
1133 280 1154 314 5.
1173 281 1198 306 5.
1217 279 1250 306 de
1269 279 1330 305 furt.
1350 281 1390 306 47.
1411 282 1435 306 2.
1456 279 1484 305 fr.
1507 281 1545 305 11.
1565 279 1586 313 5
1603 280 1627 305 3.
1648 278 1680 304 ad
1698 277 1726 304 L.
1748 276 1794 303 Iul.
1815 276 1847 303 de
1866 276 1908 303 ad-

1072 322 1117 349 ult.
1132 324 1173 349 48.
1187 324 1210 348 5.
1247 321 1414 358 Iniquissime
1434 323 1603 348 constituere.
1630 321 1679 348 Th.
1700 320 1731 347 C.
1752 320 1819 346 Ylll.
1838 322 1862 346 4.
1886 330 1906 346 c.

1072 367 1094 391 1.
1114 365 1146 392 de
1166 364 1294 391 cohortal.

1107 408 1312 442 Iniquitns.
1349 408 1380 441 ξ.
1408 408 1442 434 l.
1486 409 1725 442 Inaequalitas.
1772 405 1813 432 III.
1842 406 1908 433 Cn.

1072 450 1190 485 Quodsi,
1213 455 1322 488 propter
1346 449 1397 476 loci
1417 451 1593 486 iniquitatem,
1614 466 1645 470 --
1664 451 1690 476 in
1710 449 1821 486 aliquem
1841 458 1908 474 onus

1072 494 1202 519 everterit.
1223 493 1253 519 fr.
1275 495 1296 519 1.
1316 493 1337 526 5.
1357 493 1381 519 4.
1401 493 1423 518 si
1448 492 1538 528 quadr.
1562 503 1639 530 paup.
1660 495 1683 520 9.
1704 495 1726 518 1.
1763 492 1803 518 Ex
1822 491 1908 527 aliqua

1070 535 1216 573 ponderum
1235 536 1372 572 iniquitate
1390 534 1504 568 (illatum
1524 535 1711 572 dispendium.)
1731 534 1781 562 Th.
1802 533 1832 561 C.
1850 533 1907 560 XII.

1071 580 1095 605 6.
1115 589 1136 605 8.
1155 580 1196 605 32.
1216 589 1254 615 pr.
1276 578 1308 605 de
1327 583 1473 615 susceptor.
1494 594 1525 597 —
1545 578 1575 611 §-
1588 580 1623 605 ².
1644 580 1791 610 Iniuria,
1810 578 1909 604 ΙιιῘιιι·

1071 623 1221 648 manitax.
1242 621 1260 648 I.
1277 622 1338 655 Sy.
1358 621 1484 658 Iniquitas
1505 625 1530 647 et
1550 622 1684 647 iniustitia.
1714 620 1816 647 Iniuria.
1837 618 1908 646 Coll.

1072 663 1124 690 LL.
1144 664 1176 691 Μ.
1196 664 1226 690 II.
1246 666 1270 690 5.
1289 664 1319 691 sr.
1341 666 1362 690 l.
1383 674 1422 701 pr.
1442 664 1475 690 de
1494 664 1569 690 iniur.
1589 666 1630 690 47.
1653 666 1691 690 10.
1711 663 1754 689 III.
1775 665 1840 691 Cn.
1859 662 1907 689 Ini-

1056 698 1197 744 ¹quitatem
1221 706 1402 738 iudicantium,
1425 706 1467 733 vel
1491 707 1646 744 imperitiam
1670 707 1807 743 corrigere.
1832 704 1862 731 fr.
1885 706 1907 730 l.

1072 760 1110 787 pr.
1130 749 1162 776 de
1181 760 1239 786 app.
1260 754 1286 776 et
1311 749 1384 776 relat.
1410 751 1451 776 49.
1478 751 1500 776 l.
1521 749 1552 776 cf.
1572 749 1603 776 fr.
1624 752 1646 776 2.
1672 749 1722 785 Qu.
1744 760 1757 775 a
1776 758 1828 785 quo
1848 758 1907 785 app.

1071 794 1112 818 49.
1132 794 1156 818 3.
1194 792 1285 818 Potius
1299 803 1331 819 ex
1351 791 1446 818 iudicis
1460 802 1548 819 errore
1566 792 1608 819 vel
1623 793 1760 829 iniquitate
1772 792 1908 817 victoriam

1071 845 1191 872 sperare,
1217 845 1293 871 quam
1317 845 1349 862 ex
1373 845 1450 861 causa
1473 836 1598 862 veritatis.
1625 835 1681 862 Gai.
1701 834 1745 861 IV.
1767 835 1823 860 178.
1859 833 1908 859 Ini-

1071 879 1170 914 quitate
1188 878 1225 903 rei
1250 883 1275 904 et
1299 878 1453 914 inelegantia
1478 879 1541 905 iuris
1565 883 1651 905 motus
1671 878 1724 911 (sc.
1749 877 1782 904 D.
1803 876 1908 903 Hadria-

1071 930 1129 953 nus,
1149 921 1264 946 restituit
1284 922 1348 947 iuris
1368 922 1482 956 gentium
1501 921 1636 957 regulam.)
1651 921 1697 951 db.
1716 920 1734 947 I.
1754 922 1794 947 84.
1815 919 1846 946 cf.
1865 918 1907 945 III.

1070 966 1111 990 25.
1131 965 1172 990 41.
1192 964 1232 989 73.
1270 962 1411 989 Falcidiam
1426 965 1632 1000 compensationi
1645 963 1782 994 sufficet-eg
1801 961 1849 989 sed
1863 962 1908 988 ini-

1071 1007 1171 1043 quitate
1194 1005 1242 1039 [al.
1267 1006 1446 1042 iniquitatem]
1471 1016 1620 1033 occurrere:
1644 1006 1801 1044 prudentius
1823 1009 1909 1031 autem

1070 1049 1170 1080 fecerit,
1190 1049 1212 1075 si
1232 1053 1281 1075 ete.
1300 1048 1331 1074 sr.
1352 1050 1392 1075 77.
1417 1049 1439 1082 5
1459 1050 1501 1075 31.
1525 1049 1557 1075 de
1576 1049 1653 1085 legat.
1674 1048 1703 1075 II.
1723 1049 1799 1081 (31.)
1835 1047 1909 1074 Alio-

1071 1093 1134 1129 quin
1154 1108 1183 1112 --
1204 1091 1331 1122 futurum,
1356 1096 1384 1117 ut
1409 1101 1508 1117 summa
1532 1092 1668 1128 iniquitate
1686 1091 1712 1118 b.
1732 1091 1747 1117 f.
1767 1100 1909 1128 possessor

1070 1135 1216 1161 adficiatur.
1240 1135 1271 1161 l'r.
1290 1135 1332 1161 28.
1357 1134 1389 1160 (18
1412 1144 1473 1160 nox.
1493 1139 1541 1160 act.
1566 1136 1590 1160 9.
1613 1136 1636 1160 4.
1674 1134 1702 1161 Si
1722 1149 1753 1154 -—
1773 1133 1909 1159 arbitrium

1070 1179 1104 1204 ita
1123 1187 1231 1215 pravum
1251 1182 1300 1209 est,
1320 1182 1349 1204 ut
1367 1176 1504 1203 manifesta
1521 1178 1644 1213 iniquitas
1658 1178 1714 1203 eius
1733 1176 1863 1213 adpareat.
1878 1175 1907 1201 fr.

1071 1223 1110 1247 79.
1135 1231 1183 1258 pro
1207 1230 1261 1247 soc.
1288 1222 1328 1246 17.
1351 1222 1376 1246 2.
1425 1219 1509 1246 Cuius
1534 1221 1570 1246 rei
1598 1219 1761 1246 manifestior
1785 1219 1908 1255 iniquitas

1070 1269 1111 1290 est
1130 1265 1156 1290 in
1176 1268 1224 1290 etc.
1244 1263 1274 1290 fr.
1295 1264 1336 1289 56.
1357 1263 1378 1297 5.
1394 1264 1418 1289 3.
1439 1263 1471 1289 de
1490 1264 1545 1289 iure
1564 1262 1617 1289 dot.
1636 1264 1678 1289 23.
1691 1264 1719 1289 3.
1752 1261 1909 1297 Eligendum

1069 1312 1119 1339 est,
1139 1306 1211 1343 quod
1229 1306 1363 1333 minimum
1382 1305 1476 1332 habeat
1495 1307 1648 1343 iniquitatis.
1670 1305 1700 1332 sr.
1718 1307 1778 1332 200.
1799 1304 1831 1331 de
1844 1303 1875 1330 R.
1889 1303 1908 1329 I.

1069 1352 1110 1376 50.
1132 1352 1170 1376 17.

1104 1393 1277 1425 Iniquus.
1306 1391 1435 1425 (Adiect.)
1464 1392 1495 1425 §0
1514 1393 1550 1424 ,1.
1583 1393 1840 1426 Aequalitatem,
1862 1392 1910 1416 vel

1069 1438 1191 1462 modum
1209 1438 1370 1463 excedens.
1390 1434 1408 1461 I.
1420 1435 1481 1468 Sy.
1500 1434 1678 1465 Immodicmn.
1698 1434 1819 1470 Iniquum
1838 1433 1909 1470 (pre-

1069 1479 1154 1511 tium.)
1174 1478 1205 1505 fr.
1223 1480 1266 1504 31.
1285 1478 1307 1511 5.
1327 1479 1351 1504 4.
1372 1477 1404 1504 de
1423 1477 1508 1503 fideic.
1528 1477 1592 1504 libb.
1611 1479 1652 1504 40.
1672 1479 1695 1503 5.
1732 1477 1842 1509 Minora,
1859 1475 1909 1502 Ini-

1070 1532 1119 1558 qua
1139 1521 1291 1559 (pondera.)
1311 1520 1341 1547 fr.
1361 1522 1402 1546 32.
1423 1519 1456 1546 de
1474 1519 1506 1546 A.
1525 1520 1555 1546 E.
1575 1519 1606 1546 V.
1628 1521 1667 1546 19.
1688 1521 1710 1546 1.
1729 1520 1760 1547 II.
1773 1521 1840 1553 Op.
1859 1519 1910 1545 Ae-

1070 1575 1146 1601 quus.
1178 1564 1220 1591 Ct'.
1240 1564 1265 1590 h.
1285 1574 1308 1590 v.
1329 1564 1350 1597 5.
1369 1566 1394 1589 2.
1431 1562 1564 1598 Iniquum,
1583 1579 1615 1582 —
1634 1562 1733 1589 Iustum
1753 1561 1908 1599 (pretium.)

1070 1608 1099 1634 l'r.
1118 1609 1160 1634 31.
1180 1607 1202 1641 5.
1221 1608 1245 1633 4.
1265 1606 1282 1633 l.
1302 1607 1343 1632 40.
1363 1607 1387 1632 5.
1424 1605 1466 1631 III.
1489 1607 1554 1633 Cn.
1574 1605 1604 1632 Si
1622 1616 1670 1643 per
1687 1607 1802 1642 iniquam
1821 1604 1909 1631 distri-

1068 1651 1204 1677 butionem
1228 1648 1324 1687 pupilli
1347 1648 1494 1675 rationibus
1518 1648 1588 1674 favit.
1614 1648 1645 1675 sr.
1669 1650 1693 1675 3.
1721 1649 1773 1684 Qu.
1798 1658 1830 1674 ex
1848 1647 1907 1673 fact.

1069 1699 1115 1720 tut.
1135 1695 1176 1719 26.
1191 1695 1215 1719 9.
1252 1691 1361 1718 Nullum
1379 1691 1484 1726 iniquae
1502 1692 1652 1727 partitionis
1671 1696 1750 1718 vexet
1767 1691 1908 1717 incommo-

1068 1736 1138 1767 dum,
1158 1735 1205 1761 sed
1225 1735 1281 1771 pari
1301 1743 1391 1759 omnes
1410 1738 1482 1759 sorte
1501 1738 1645 1761 teneantur.
1666 1734 1716 1761 Th.
1731 1733 1762 1760 C.
1775 1732 1820 1759 XI.
1842 1734 1864 1758 l.
1885 1742 1906 1758 c.

1045 1781 1047 1788 '
1068 1780 1110 1805 26.
1130 1778 1162 1804 de
1181 1787 1239 1803 ann.
1260 1781 1285 1803 et
1304 1776 1394 1802 tribut.
1426 1792 1459 1795 —
1491 1776 1521 1809 ξ.
1539 1777 1575 1803 2.
1600 1778 1772 1808 Iustitiae,
1791 1778 1838 1803 vel
1856 1785 1907 1802 ae-

1071 1823 1217 1856 quitatis
1236 1821 1365 1846 rationi
1383 1821 1582 1846 contrariae.
1596 1819 1615 1845 I.
1629 1820 1690 1854 Sy.
1701 1819 1787 1846 Aliter
1800 1819 1907 1849 dictum,

1068 1874 1144 1900 quam
1163 1864 1292 1900 oportuit,
1313 1861 1429 1893 Novum,
1449 1861 1569 1898 Iniquum
1589 1863 1676 1895 (ius.)
1696 1861 1726 1888 fr.
1748 1864 1770 1889 1.
1790 1863 1855 1896 5.1.
1875 1860 1905 1887 fr.

1067 1909 1091 1932 2.
1111 1917 1150 1943 sq.
1171 1907 1222 1942 Qu.
1243 1907 1329 1942 quisq.
1350 1907 1397 1931 iur.
1417 1907 1441 1932 2.
1461 1907 1485 1931 2.
1523 1905 1567 1931 III.
1582 1907 1648 1933 Cn.
1668 1905 1788 1942 Aequum
1808 1904 1839 1930 ab
1859 1904 1906 1930 ini—

1068 1960 1119 1986 quo
1139 1959 1269 1986 separare,
1289 1948 1388 1975 licitum
1408 1948 1439 1974 ab
1460 1948 1553 1974 illicito
1573 1947 1731 1975 discernere.
1751 1947 1782 1974 fr.
1803 1949 1826 1974 1.
1845 1947 1866 1981 5.
1883 1948 1905 1972 l.

1068 1992 1100 2019 de
1120 1992 1137 2019 I.
1158 1997 1184 2018 et
1203 1992 1220 2018 I.
1242 1994 1264 2018 1.
1285 1993 1307 2018 1.
1345 1991 1425 2027 Quod
1449 1996 1490 2017 est
1514 1991 1646 2027 iniquum,
1670 1996 1696 2017 et
1714 1995 1805 2017 contra
1824 2006 1855 2009 —
1876 1989 1905 2015 li-

1068 2035 1176 2061 bertatis
1196 2034 1318 2061 favorem.
1339 2034 1369 2060 fr.
1392 2036 1430 2060 12.
1451 2034 1472 2067 5.
1493 2035 1517 2060 9.
1542 2033 1574 2060 de
1599 2034 1694 2070 captiv.
1713 2035 1754 2059 49.
1776 2035 1815 2058 15.
1851 2032 1906 2058 Aut

1067 2078 1150 2109 stulti,
1171 2083 1214 2104 aut
1233 2078 1315 2114 iniqui
1335 2077 1468 2103 Praetoris
1488 2078 1537 2103 erit
1551 2081 1598 2102 etc.
1618 2076 1648 2102 fr.
1662 2078 1686 2102 3.
1700 2076 1722 2110 5.
1737 2078 1759 2102 5.
1780 2075 1812 2102 de.
1826 2074 1904 2102 Carb.

1068 2121 1144 2148 edict.
1173 2122 1214 2147 37.
1241 2123 1281 2146 10.
1329 2120 1383 2146 Aut
1407 2120 1537 2156 iniquum.
1566 2124 1610 2145 aut
1637 2129 1827 2156 supervacuum
1855 2118 1905 2144 hoc

1068 2174 1134 2190 esse.
1156 2164 1184 2190 fr.
1206 2166 1228 2190 7.
1249 2164 1332 2198 5.10.
1353 2163 1385 2189 de
1404 2167 1472 2199 pact.
1491 2164 1515 2187 2.
1538 2163 1576 2188 14.
1614 2161 1669 2188 Hoc
1688 2162 1804 2198 iniquum
1824 2166 1850 2188 et
1869 2162 1904 2187 iu-

1068 2207 1130 2233 utile
1155 2207 1236 2240 (fisco
1261 2206 1426 2238 videbatur.)
1450 2205 1480 2231 fr.
1501 2207 1541 2231 47.
1567 2205 1588 2238 5.
1611 2206 1630 2231 l.
1652 2204 1684 2230 de
1703 2205 1759 2231 iure
1778 2204 1843 2230 fisci.
1862 2204 1902 2229 49.

1068 2252 1106 2276 14.
1144 2249 1198 2276 Sed
1222 2251 1340 2286 iniquum
1363 2253 1416 2277 est,
1441 2258 1489 2274 nec
1513 2252 1618 2285 oportet
1642 2247 1691 2273 hoc
1715 2247 1851 2283 indulgeri.
1872 2245 1901 2271 fr.

1065 2295 1107 2319 39.
1133 2293 1153 2326 5.
1181 2294 1202 2319 l.
1229 2292 1261 2319 de
1284 2302 1356 2329 oper.
1382 2291 1467 2318 libert.
1491 2292 1532 2317 38.
1560 2293 1582 2316 1.
1619 2290 1699 2317 Alere
1717 2294 1836 2325 cogetur.
1857 2288 1902 2313 iui-

1067 2337 1222 2372 quissimum
1246 2336 1313 2361 enim
1338 2336 1397 2371 quis
1423 2335 1515 2360 merito
1540 2333 1635 2360 dixerit
1655 2338 1702 2360 etc.
1726 2333 1756 2359 fr.
1776 2334 1799 2357 5.
1819 2331 1900 2364 513.

1066 2379 1098 2405 dc
1120 2378 1195 2414 adgn.
1216 2383 1242 2403 et
1261 2377 1345 2403 aleud.
1364 2379 1406 2403 25.
1425 2379 1449 2403 3.
1475 2377 1505 2403 cf.
1527 2376 1556 2403 sr.
1578 2379 1617 2403 11.
1642 2377 1666 2409 5.
1684 2379 1707 2402 2.
1732 2375 1764 2401 de
1783 2378 1830 2399 act.
1851 2383 1899 2399 rer.

1066 2426 1142 2447 amot.
1166 2423 1208 2447 25.
1232 2423 1256 2446 2.
1298 2420 1368 2446 Idem
1390 2435 1418 2438 —
1440 2419 1548 2456 proluat,
1572 2421 1631 2456 quia
1650 2418 1842 2454 iniquissimum
1862 2421 1899 2441 est

1067 2469 1114 2490 etc.
1135 2463 1165 2489 sr.
1184 2465 1209 2489 3.
1229 2464 1250 2496 5.
1273 2464 1311 2488 12.
1336 2462 1368 2488 de
1395 2462 1479 2499 pecul.
1502 2464 1540 2488 15.
1562 2464 1584 2488 1.
1609 2462 1640 2488 cl'.
1660 2461 1690 2487 l'r.
1708 2462 1749 2486 29.
1769 2460 1790 2493 5.
1809 2460 1833 2486 2.
1852 2468 1901 2496 pro

1260 2505 1314 2531 Sed
1334 2506 1393 2542 quia
1413 2506 1530 2541 iniquum
1550 2510 1598 2532 est.
1618 2519 1650 2523 —-
1669 2503 1762 2540 placet.
1783 2500 1840 2528 Gai.
1855 2501 1899 2527 IV.

1674 2544 1775 2571 Novam
1798 2549 1901 2571 senten-

1066 2516 1119 2533 soc.
1140 2508 1179 2532 17.
1198 2508 1223 2532 2.

187 2587 206 2613 Ι.
226 2592 251 2613 et
270 2586 288 2612 I.
310 2588 331 2612 1.
353 2587 374 2612 1.
412 2586 479 2613 Cum
503 2587 600 2614 arbiter
624 2590 711 2626 inique
735 2591 925 2622 condemnavit,
945 2602 1021 2628 quam
1042 2584 1044 2618 l
1066 2593 1127 2618 tiam
1147 2591 1315 2621 induxerunt.
1336 2606 1368 2610 ——
1388 2591 1505 2627 iniquum
1528 2600 1586 2616 esse
1610 2593 1658 2615 etc.
1682 2588 1712 2615 fr.
1732 2590 1773 2614 50.
1794 2588 1826 2614 de
1845 2589 1900 2614 iure

188 2629 231 2662 [al.
251 2629 326 2655 aliter
346 2630 433 2665 quam]
454 2631 491 2656 rei
510 2632 626 2666 aequitas
646 2634 770 2669 exigebat.
791 2634 821 2660 l'r.
840 2635 882 2660 28.
904 2635 926 2667 5.
946 2636 968 2660 2.
989 2634 1021 2661 de
1042 2637 1043 2677 1
1065 2636 1130 2661 fisci.
1152 2635 1192 2661 49.
1214 2635 1253 2660 14.
1292 2633 1446 2663 Videamus.
1472 2643 1503 2658 ue
1522 2633 1638 2667 iniqumn
1662 2632 1697 2657 sit
1716 2635 1764 2657 etc.
1784 2630 1814 2657 fr.
1834 2633 1857 2657 5.
1877 2632 1897 2664 5.

187 2682 245 2708 app.
266 2677 292 2697 et
310 2671 381 2698 relat.
397 2673 438 2698 49.
454 2675 474 2698 1.
512 2672 644 2700 Interdum
662 2677 748 2702 evenit
761 2682 789 2703 ut
808 2679 936 2714 exceptio.
956 2688 1021 2714 quae
1042 2686 1043 2707 1
1067 2680 1106 2704 18.
1127 2677 1159 2704 de
1178 2677 1269 2703 tribut.
1290 2682 1338 2703 act.
1360 2679 1398 2702 14.
1419 2678 1441 2702 4.
1480 2674 1558 2709 Quod
1584 2675 1665 2711 prima
1684 2675 1784 2700 ratione
1802 2675 1898 2711 poterit

186 2715 268 2750 prima
293 2714 358 2741 facie
382 2715 449 2740 iusta
473 2715 604 2747 videatur.
628 2717 716 2752 inique
738 2725 830 2746 noceat
854 2721 942 2747 actori.
963 2720 1019 2747 Gai.
1042 2710 1043 2747 1
1065 2720 1148 2746 videri
1168 2721 1293 2756 iniquum.
1313 2719 1343 2746 fr.
1363 2721 1404 2744 32.
1425 2719 1445 2751 5.
1465 2719 1487 2743 9.
1509 2716 1541 2743 de
1560 2727 1611 2743 rec.
1631 2727 1673 2753 qu.
1694 2717 1744 2742 arb.
1760 2718 1782 2743 4.
1795 2718 1818 2743 S.
1849 2716 1898 2743 Ma-

187 2756 230 2783 IV.
253 2759 308 2784 126.
330 2768 387 2794 sqq.
424 2757 515 2794 Inique
538 2758 621 2785 videri
641 2759 782 2796 postulare.
809 2762 839 2788 fr.
861 2765 882 2789 l.
903 2764 924 2796 5.
945 2765 967 2789 4.
988 2763 1020 2789 de
1042 2751 1043 2783 1
1066 2764 1147 2793 xime,
1167 2779 1199 2782 -
1220 2773 1277 2789 nam
1303 2763 1466 2798 periniquum
1491 2764 1530 2785 est
1550 2765 1598 2786 etc.
1624 2760 1653 2786 l'r.
1674 2761 1715 2786 29,
1736 2759 1768 2786 tle
1787 2759 1852 2785 adm.
1873 2763 1897 2784 et

189 2799 274 2826 collat.
294 2800 353 2826 bon.
373 2801 413 2826 37.
435 2802 458 2826 6.
496 2799 555 2827 Non
575 2802 662 2838 inique.
682 2804 850 2834 (restituere.
875 2815 898 2831 v.
920 2805 1021 2832 deside·
1042 2808 1043 2843 ζ
1066 2807 1144 2842 peric,
1164 2807 1204 2832 26.
1226 2807 1248 2831 7.
1286 2805 1402 2831 Tenetur
1427 2803 1476 2829 hoc
1496 2802 1594 2830 edicto.
1616 2819 1645 2822 —
1666 2813 1713 2830 nec
1736 2802 1762 2829 id
1782 2803 1896 2836 iniquum
