2197 3121
1050 164 1131 195 TRI.

221 253 295 275 erant
313 247 486 286 praebenda.)
523 247 565 273 111.
589 247 655 274 Gn.
680 245 801 278 Fundus,
832 255 909 283 quem
928 245 1015 282 Agilio
1035 245 1064 272 li-

222 291 298 317 berto
318 290 431 317 donasse
450 296 484 321 te,
504 290 588 316 tribus
607 294 633 315 et
648 289 761 321 decuria,
782 298 847 325 quae
861 289 944 325 ipsius
958 289 1063 315 nomine

222 339 319 371 parata.
346 333 429 360 Vatic.
454 334 475 367 §.
495 335 553 359 272.
592 332 751 363 Commoda,
772 337 796 358 et
816 331 978 368 Principales
998 330 1062 357 libe-

222 376 348 408 ralitates,
369 386 432 412 quas
452 375 563 402 libertus
583 385 615 401 ex
635 375 723 401 eadem
743 375 814 401 tribu
827 390 858 394 -
873 379 1062 401 consecuturus

222 419 325 450 fuisset,
345 419 367 445 si
387 419 410 445 ei
429 429 458 445 ea
478 418 563 445 tribus
577 433 609 437 —
630 423 691 445 tunc
710 422 856 455 comparata
876 422 954 444 esset.
975 417 1004 444 fr.
1020 418 1061 443 35.

223 471 263 499 pr.
284 461 316 488 de
334 461 408 497 legat.
429 460 471 487 111.
492 462 559 494 (32.)

258 504 512 532 Tributarius.
542 503 681 537 (Adiect.)
710 505 756 530 Ad
777 504 935 529 tributum
958 504 1062 537 perti-

223 557 311 579 nens,
332 551 371 579 (et
390 546 421 573 ad
441 546 506 573 illud
519 547 682 584 praesertim,
701 545 771 583 quod
784 555 832 583 pro
846 544 904 571 solo
918 545 1061 583 penditur.)

222 589 241 616 I.
256 590 317 624 Sy.
337 590 413 625 Quae
432 590 457 615 in
477 589 518 615 his
538 590 681 627 provinciis
696 594 765 619 sunt,
784 598 849 625 quae
862 589 984 625 propriae
998 587 1060 614 Cae·

223 633 290 658 saris
311 642 369 658 esse
389 631 539 663 creduntur,
560 632 708 659 Tributaria
729 630 868 668 (praedia.)
895 630 950 657 Gai.
971 630 999 656 Il.
1019 632 1060 656 21.

222 674 254 701 II.
274 676 341 709 Op.
364 675 566 712 Stipendiarius.
591 675 632 702 Cf.
657 675 682 701 h.
705 684 729 700 v.
765 672 808 699 111.
824 675 890 700 (711.
915 673 1020 705 Solum,
1040 683 1060 699 s.

222 715 369 749 Praedium,
390 718 562 744 tributarium.
599 717 652 744 Res
671 717 814 743 tributaria.
834 716 890 742 Gai.
904 715 921 742 l.
940 715 956 742 l.
977 715 1060 742 Vatic.

221 759 260 793 ἕξ.
279 761 338 787 293.
357 761 416 786 315.
436 771 475 797 sq.
513 761 541 787 Iu
561 771 592 787 eo
616 760 667 787 loci
686 759 821 785 tributaria
841 759 1013 795 adgnoscatur
1032 758 1061 785 il-

222 801 294 833 latio,
314 813 390 840 quem
409 803 476 830 fides
496 813 621 830 censuum
640 803 747 831 retinet.
768 806 793 828 et
813 803 955 828 necessitas
975 801 1060 839 publi·

222 854 267 871 cae
292 845 478 883 adscriptionis
503 846 645 881 adstringit.
674 843 723 871 Th.
744 844 775 870 C.
801 844 846 870 XI.
869 847 913 871 22.
939 855 960 871 c.
980 847 1003 870 5.
1028 854 1060 870 ne

223 887 309 914 collat.
329 889 420 915 transl.
444 889 488 915 XI.
508 890 549 915 36.
575 898 594 915 c.
616 889 655 914 19.
680 887 763 923 Quor.
788 887 846 924 adp.
871 897 894 913 n.
919 897 970 913 rec.
990 886 1059 913 Xlll.

224 931 264 956 11.
285 940 306 957 c.
319 932 343 958 3.
364 931 396 958 de
415 933 537 958 censitor.
565 931 710 957 Exactores
729 929 887 956 tributorum
906 934 978 956 tanto
998 934 1059 955 tem·
1080 953 1082 963 ,

222 982 304 1010 pore,
324 979 420 1010 quanto
440 975 565 1001 rationem
585 973 745 1000 tributariam
767 974 947 1005 tractaverint,
967 988 999 992 —
1018 981 1060 998 va-

223 1017 351 1043 cationem
374 1016 477 1043 habent.
503 1027 524 1043 c.
545 1018 586 1043 10.
611 1016 643 1042 de
667 1025 754 1042 excus.
779 1020 827 1042 tut.
846 1018 869 1042 5.
889 1017 930 1042 62.
954 1014 1015 1048 (Cf.
1034 1025 1059 1041 v.

224 1057 401 1086 Tributorius.
421 1060 442 1094 §.
462 1060 499 1092 2.)

258 1102 509 1129 Tributarius.
534 1101 652 1135 (Subst.)
677 1103 740 1134 Qui
759 1103 883 1127 tribulo
903 1102 1059 1127 obnoxius
1081 1122 1082 1126 .

221 1151 282 1176 est,
303 1145 433 1182 (inprimis
453 1145 500 1176 illi,
521 1144 591 1181 quod
610 1154 658 1181 pro
672 1145 756 1181 capite
769 1143 947 1181 dependitur.)
967 1142 985 1169 1.
997 1144 1058 1177 Sy·
1081 1150 1082 1160 ¹

222 1186 349 1214 Collator.
370 1187 411 1214 Cf.
426 1187 450 1214 b.
465 1197 489 1213 v.
517 1187 559 1213 ΠΙ.
572 1188 637 1215 Cn.
658 1186 722 1213 Tam
736 1186 875 1215 tributarii.
895 1196 971 1222 quam
982 1186 1059 1212 servi.

222 1240 243 1256 c.
262 1231 285 1256 3.
310 1235 338 1256 ut
363 1240 439 1257 nemo
463 1229 494 1255 ad
519 1239 593 1256 suum
617 1234 715 1267 patroc.
741 1231 780 1255 11.
805 1230 846 1255 53.
883 1228 1059 1260 Tributarius,

219 1272 263 1299 vel
280 1273 432 1310 inquilinus.
469 1272 598 1304 Colonus.
617 1272 659 1299 vel
675 1272 838 1298 tributarius.
858 1271 907 1298 Th.
922 1271 952 1298 C.
967 1271 1001 1298 X.
1018 1273 1058 1298 12.
1080 1276 1082 1311 ζ

221 1325 243 1342 c.
262 1317 286 1342 2.
307 1316 329 1350 §.
343 1318 367 1342 2.
388 1317 410 1342 si
429 1325 485 1352 vag.
504 1320 557 1353 pet.
578 1325 659 1342 manc.
673 1314 719 1341 XI.
735 1316 758 1341 7.
778 1325 798 1341 c.
812 1316 837 1340 2.
857 1313 890 1340 de
909 1319 990 1341 exact.
1010 1313 1060 1341 Per
1080 1329 1081 1351 3

219 1357 297 1385 CXX
315 1360 413 1396 capita,
433 1374 465 1378 -—-
489 1368 536 1396 per
554 1358 616 1390 LX,
636 1374 667 1378 —
695 1357 727 1384 ad
746 1357 806 1385 Xlll
827 1357 979 1384 tributarios
999 1358 1060 1391 (ex-

219 1402 288 1427 actio
307 1401 408 1433 solidi.)
427 1401 462 1427 lb.
482 1400 539 1428 VII.
559 1403 583 1428 4.
604 1411 625 1428 c.
644 1402 685 1427 32.
706 1400 738 1427 de
758 1410 826 1437 erog.
846 1400 899 1427 mil.
919 1410 977 1427 ann.

255 1442 440 1471 Tribufio.
477 1445 507 1478 ᾖ.
532 1445 567 1471 1.
596 1446 696 1471 Actus
723 1445 897 1470 tribuendi.
931 1444 1058 1470 Distri-

219 1488 315 1513 butio.
352 1486 370 1513 1.
390 1488 451 1522 Sy.
477 1487 505 1513 In
524 1487 651 1514 tributum
670 1487 772 1518 venire,
791 1496 812 1512 s.
832 1487 927 1512 vocari.
956 1485 1058 1512 Tribui.
1079 1487 1081 1523 ζ

219 1528 401 1556 Tributionem
422 1530 491 1561 fieri,
516 1539 535 1556 s.
561 1530 646 1556 locum
672 1529 776 1556 habere.
800 1529 831 1556 fr.
851 1531 874 1556 5.
899 1529 937 1564 §§.
958 1530 997 1555 ll.
1018 1530 1057 1555 16.
1078 1553 1081 1564 Ι

219 1581 278 1608 sqq.
299 1571 332 1598 de
350 1572 439 1599 tribut.
460 1577 508 1599 act.
530 1575 569 1599 14.
589 1574 613 1599 4.
638 1589 667 1593 —
693 1573 724 1606 ᾗ.
745 1573 781 1599 2.
801 1574 859 1599 Res
877 1574 1057 1608 inferenda.
1079 1567 1081 1576 ¹

222 1616 400 1641 Tributum.
437 1615 455 1642 I.
476 1616 538 1650 Sy.
558 1615 698 1643 Tributum
718 1614 861 1652 (praedii.)
880 1614 910 1641 fr.
931 1616 972 1641 52.
992 1615 1011 1649 ξ.
1032 1616 1056 1641 2.

219 1656 253 1683 (18
270 1662 337 1695 pact.
357 1661 380 1684 2.
403 1659 441 1684 14.
462 1658 508 1684 Iul.
529 1668 569 1696 ep.
590 1669 649 1685 nov.
670 1668 691 1685 c.
713 1659 771 1684 111.
790 1658 827 1692 §§.
847 1659 906 1684 409.
926 1667 965 1695 sq.
1003 1658 1058 1684 Ob-

219 1701 351 1737 sequium,
375 1701 477 1728 Munus.
501 1701 532 1728 fr.
553 1702 593 1728 18.
617 1702 655 1735 §§.
673 1702 715 1727 21.
735 1710 791 1738 sqq.
811 1700 844 1727 de
863 1711 932 1727 mun.
953 1705 978 1727 et
996 1700 1057 1728 hon.

218 1744 262 1769 50.
280 1746 305 1770 4.

255 1786 506 1814 Tributorius.
526 1786 663 1820 (Adiect.)
682 1787 713 1821 ᾖ.
728 1787 762 1813 1.
783 1788 830 1812 ,M
847 1788 1059 1813 distributio-

220 1838 286 1855 nem
306 1832 460 1863 (peculii)
481 1836 637 1864 spectans.
674 1823 716 1857 111.
737 1830 803 1857 (7η.
827 1829 861 1856 Et
884 1829 1057 1860 tributariam,

221 1875 247 1897 et
266 1870 298 1897 de
316 1872 419 1909 peculio
439 1874 567 1899 actionem
584 1877 740 1909 competere.
761 1872 790 1898 fr.
805 1874 828 1898 5.
848 1872 869 1906 ξ.
885 1873 907 1899 l.
922 1871 954 1898 de
967 1871 1056 1898 tribut.

221 1919 269 1940 act.
290 1916 330 1941 14.
349 1917 373 1941 4.
398 1914 454 1941 Gai.
479 1915 522 1942 IV.
548 1917 587 1941 74.
630 1916 660 1941 Si
684 1916 757 1943 cuius
783 1914 807 1941 d.
832 1924 864 1941 m.
888 1913 984 1941 factum
1008 1919 1057 1947 est,

220 1958 361 1993 quominus
380 1958 414 1984 ita
434 1958 605 1989 tribueretur,
628 1959 654 1984 in
679 1968 737 1986 eum
755 1957 894 1984 tributoria
913 1957 1002 1989 datur,
1029 1962 1058 1984 ut
1079 1955 1080 1980 l

221 2005 319 2036 quanto
339 2001 424 2026 minus
445 2000 570 2027 tributum
594 2002 642 2032 sit,
671 2011 747 2037 quam
772 2001 905 2031 debuerit.
934 2005 1057 2037 praestet.
1078 2033 1080 2041 ¹

221 2042 251 2069 fr.
273 2044 295 2069 7.
319 2043 340 2076 ξ.
361 2046 384 2069 2.
405 2042 420 2069 l.
441 2043 457 2069 l.
479 2045 518 2070 14.
538 2046 562 2069 4.
587 2043 617 2070 fr.
637 2046 661 2070 3.
688 2044 740 2079 Qu.
761 2054 792 2075 ex
816 2043 884 2070 facto
904 2048 952 2069 tut.
971 2044 1012 2069 26.
1033 2044 1056 2069 9.

222 2102 253 2106 --
273 2086 305 2119 ἕ.
323 2087 359 2112 2.
379 2088 425 2112 Aa
443 2088 598 2113 tributum
617 2089 784 2121 publicum
802 2088 976 2120 pertinens.
1013 2085 1056 2112 111.

220 2129 288 2156 Gn.
306 2129 414 2155 Exactio
433 2129 578 2155 tributoria.
600 2139 620 2155 c.
635 2130 658 2155 8.
679 2129 711 2155 de
729 2129 788 2156 furt.
803 2131 825 2155 6.
846 2130 869 2155 2.
908 2128 993 2155 Causa
1013 2130 1057 2156 tri·

223 2170 323 2198 butoria
343 2171 390 2206 [al.
411 2172 561 2207 tributaria]
582 2178 607 2198 et
621 2172 819 2210 stipendiorum.
840 2172 925 2198 sr.⁴16.
944 2173 966 2206 §.
981 2175 1004 2199 5.
1024 2172 1056 2199 de

222 2214 279 2239 iure
296 2214 361 2241 fisci.
381 2216 420 2241 49.
444 2216 481 2241 14.

259 2257 469 2285 Tributum.
489 2258 567 2291 §.l.
590 2259 802 2292 Quodcunque
820 2260 991 2290 tribuitur,
1010 2261 1057 2285 vel

223 2300 401 2335 confertur.
442 2299 462 2326 I.
486 2301 548 2335 Sy.
573 2300 615 2332 ld,
642 2300 712 2337 quod
736 2300 861 2327 tribuitur
885 2300 1055 2333 (militibus.)

223 2342 254 2368 fr.
273 2343 315 2367 27.
335 2342 356 2375 ξ.
377 2343 398 2367 1.
418 2342 449 2368 de
468 2342 499 2370 V.
514 2343 540 2370 S.
556 2346 596 2370 50.
619 2345 656 2370 16.
693 2343 736 2370 111.
751 2344 817 2371 Gn.
837 2342 937 2369 Omnes
951 2359 982 2363 —
997 2354 1057 2370 con·
1077 2369 1080 2376 ,

224 2384 292 2411 serre
311 2388 441 2421 oportere,
460 2387 518 2421 quia
537 2386 563 2413 id
583 2387 709 2413 tributum
728 2386 761 2413 ob
776 2391 892 2413 servatas
907 2385 954 2421 [al.
969 2387 1056 2414 obser-

223 2427 309 2460 vatae]
329 2436 370 2452 res
390 2426 522 2455 deberent.
541 2429 571 2456 fr.
590 2432 614 2456 2.
634 2430 654 2464 ξ.
668 2431 691 2456 2.
712 2429 744 2456 de.
761 2428 790 2455 L.
804 2428 889 2460 Rhod.
905 2431 943 2455 14.
958 2432 981 2456 2.
1002 2430 1055 2463 (Cf.
1077 2454 1078 2461 ,

224 2469 554 2503 v.Tribue1·e.§.1.)—
579 2473 610 2505 ξ.
631 2475 666 2500 2.
691 2474 739 2504 Id,
763 2474 989 2506 quodpriz-ati
1007 2471 1079 2500 ae-'

224 2515 316 2540 rario
334 2514 462 2547 publico
484 2516 636 2547 pendunt,
656 2517 722 2553 (pro
747 2516 843 2552 capite,
859 2514 909 2540 vvel
932 2515 1055 2552 praediis,

225 2555 316 2582 aliisve
335 2555 413 2582 rebus
432 2555 592 2582 fortunarum
611 2560 734 2590 suarum.)
762 2557 781 2584 l.
795 2558 856 2591 Sy.
870 2556 1000 2584 Tributio.
1014 2558 1056 2585 Cf.

225 2599 250 2626 h.
270 2609 294 2625 v.
320 2599 341 2632 ξ.
360 2600 384 2624 2.
421 2598 450 2624 11.
472 2600 538 2632 ΟΡ.
567 2598 705 2627 Tributum
733 2601 825 2638 capitis
853 2601 998 2627 remissum.
1024 2619 1053 2623 --

226 2641 319 2668 Solum
343 2642 456 2668 immune
480 2641 582 2668 factum.
607 2641 637 2667 fr.
656 2643 680 2668 8.
700 2644 721 2677 §.
741 2645 764 2670 7.
785 2643 817 2669 de
836 2643 935 2671 censib.
954 2645 995 2671 50.
1017 2647 1055 2672 15.

226 2684 352 2721 Vectigal.
381 2684 410 2711 fr.
429 2686 453 2711 2.
477 2685 499 2718 §.
521 2686 559 2710 16.
584 2684 616 2710 de
641 2684 728 2711 hered.
751 2697 774 2713 v.
799 2692 846 2713 act.
871 2687 948 2713 vend.
973 2690 1012 2715 18.
1032 2690 1055 2715 4.

227 2728 256 2755 fr.
278 2730 299 2754 1.
320 2729 340 2762 ξ.
356 2730 378 2754 l.
398 2727 430 2754 de
448 2727 578 2765 publican.
592 2728 633 2754 39.
647 2728 670 2752 4.
690 2727 756 2754 Nov.
769 2729 826 2756 val.
847 2729 888 2756 111.
908 2740 967 2767 neq.
987 2730 1055 2757 dom.

227 2771 278 2798 div.
298 2770 327 2797 11.
349 2772 388 2796 10,
408 2781 429 2797 c.
451 2773 472 2797 1.
492 2781 530 2807 pr.
556 2771 593 2804 §§.
614 2772 636 2796 1.
656 2779 713 2806 sqq.
750 2770 792 2797 111.
811 2774 876 2800 Cn.
903 2773 993 2810 Neque
1013 2775 1057 2799 sti—

1077 2384 1079 2419 }
1100 2394 1239 2426 postquam
1264 2392 1311 2413 etc.
1335 2386 1365 2413 fr.
1391 2389 1429 2413 10.
1454 2387 1487 2413 (18
1510 2386 1541 2413 R.
1561 2386 1592 2413 N
1615 2388 1656 2412 23.
1675 2388 1698 2412 2.

227 2813 358 2851 pendium.
377 2823 460 2850 neque
478 2814 611 2845 tributum,
632 2813 664 2839 ob
679 2812 791 2840 dotalem
804 2814 910 2843 fundum
924 2818 1055 2854 praestita.

1875 170 1936 200 971

1108 245 1138 272 fr.
1159 247 1197 272 13.
1218 245 1250 272 de
1269 247 1329 284 imp.
1349 248 1375 274 in
1399 258 1441 274 res
1461 247 1515 275 dot.
1534 249 1575 274 25.
1598 249 1619 274 1.
1658 247 1686 274 Si
1706 258 1754 285 qua
1773 248 1939 277 tributorum.

1107 294 1151 315 aut
1170 289 1316 325 vectigalis,
1341 290 1526 317 indictionisve
1545 290 1608 327 quid
1628 292 1744 319 nomine.
1770 297 1811 318 aut
1834 292 1864 319 ad
1884 294 1940 319 viae

1107 331 1272 358 collationem
1291 334 1418 369 praestari
1438 338 1549 371 oportet.
1570 333 1599 360 fr.
1620 335 1660 360 13.
1679 335 1701 368 §.
1720 336 1743 360 6.
1763 334 1795 360 de
1814 334 1844 361 A.
1865 335 1892 361 E.
1908 335 1938 361 Υ,

1108 376 1147 401 19.
1169 376 1191 401 1.
1211 374 1241 401 fr.
1260 376 1301 401 39.
1321 375 1342 408 ξ.
1362 377 1385 402 5.
1405 375 1438 402 de
1457 376 1532 413 legat.
1552 375 1570 402 1.
1590 377 1659 410 (30.)
1697 377 1818 405 Tributa.
1838 383 1941 415 praeter

1107 428 1150 449 ea,
1178 427 1243 454 quae
1266 417 1308 444 vel
1332 427 1380 455 pro
1404 419 1518 455 praediis
1542 424 1584 445 aut
1612 420 1778 446 moventibus
1802 420 1891 447 deberi
1915 426 1939 447 et

1106 459 1181 486 reddi
1200 470 1308 487 neeesse
1321 465 1368 487 est.
1389 460 1417 487 fr.
1431 463 1472 488 32.
1491 463 1513 496 §.
1527 464 1550 489 9.
1572 462 1604 488 de
1623 472 1672 489 usu
1692 467 1716 488 et
1736 462 1816 489 usufr.
1835 463 1884 500 leg.
1897 465 1938 490 33.

1105 505 1129 529 2.
1150 502 1181 529 cf.
1202 503 1231 530 fr.
1251 505 1292 530 50.
1312 504 1333 537 §.
1354 505 1376 529 l.
1396 503 1429 529 de
1448 504 1525 531 iudic.
1545 507 1568 531 5.
1590 507 1612 531 l.
1649 505 1704 532 Sub
1724 507 1812 542 specie
1830 506 1940 532 tributo-

1106 556 1176 575 rum,
1201 545 1306 573 illicitas
1330 547 1480 573 exactiones
1504 548 1567 574 fieri.
1594 548 1622 574 fr.
1643 550 1665 574 6.
1691 558 1729 586 pr.
1755 549 1775 582 §.
1795 550 1817 575 3.
1843 548 1875 575 de
1894 549 1938 575 off.

1106 588 1193 615 Praes.
1215 591 1236 615 1.
1257 590 1296 615 18.
1332 589 1374 616 De
1397 599 1428 615 eo
1453 600 1533 617 censu
1554 607 1583 611 -—-
1609 593 1745 628 septimam
1770 596 1869 628 partem
1893 592 1938 617 tri-

1083 663 1084 666 *
1106 631 1177 657 butis
1200 631 1335 658 fiscalibus
1359 637 1481 669 oportere
1505 633 1657 660 dissolvere.
1682 634 1748 660 Nov.
1769 634 1826 661 Val.
1845 634 1886 661 111.
1907 633 1939 660 de

1082 671 1084 696 l
1105 673 1202 710 indulg.
1222 674 1314 712 reliqu.
1334 675 1364 701 11.
1386 677 1406 702 l.
1427 685 1448 702 c.
1467 677 1490 702 2.
1511 676 1532 709 ξ.
1554 678 1574 702 l.
1596 676 1644 703 Th.
1666 676 1695 703 C.
1716 676 1760 703 XI.
1780 679 1801 703 l.
1822 687 1842 703 c.
1862 679 1886 703 2.
1906 676 1939 703 (18

1105 727 1162 743 ann.
1184 722 1208 743 et
1227 718 1316 744 tribut.
1355 717 1397 745 Ob
1418 719 1589 745 cessationem
1609 720 1778 751 tributorum,
1801 719 1842 746 vel
1863 720 1938 745 etiam

1105 759 1138 785 ob
1158 761 1283 792 vestium,
1303 762 1358 787 auri
1377 762 1529 798 argentique
1547 761 1672 794 debitum,
1692 778 1723 782 —-
1743 767 1876 800 occupata.
1900 762 1937 788 lb.

1103 802 1149 829 XI.
1168 804 1191 829 9.
1217 813 1237 829 c.
1255 805 1279 830 2.
1307 803 1339 830 de
1363 803 1437 830 distr.
1461 805 1529 841 pign.
1556 803 1597 830 Cf.
1617 804 1662 830 XI.
1684 806 1705 831 1.
1730 815 1749 831 c.
1769 807 1810 831 28.
1847 804 1939 841 Neque

1104 846 1144 871 sui
1163 846 1256 882 capitis
1277 847 1412 879 censione,
1432 856 1516 884 neque
1537 864 1566 867 —
1591 846 1734 873 liberorum
1753 849 1869 879 nomine,
1895 849 1939 874 tri-

1080 910 1082 924 .
1103 887 1174 914 butis
1194 898 1252 915 esse
1270 889 1416 916 munificos.
1441 889 1477 916 lb.
1497 889 1565 916 XIII.
1585 891 1609 917 4.
1630 900 1649 916 c.
1670 892 1692 916 4.
1713 890 1745 916 de
1764 900 1851 917 excus.
1871 890 1937 917 artif.

1139 931 1331 958 Tributus.
1351 931 1471 965 (Partic.)
1496 932 1536 959 Cf.
1556 943 1579 959 v.
1601 932 1736 959 Tribuere.

1141 974 1392 1001 Tricennalis.
1412 975 1540 1007 (Adiect.)
1560 977 1608 1002 Ad
1625 978 1820 1003 tricennium
1838 979 1937 1011 perti-

1103 1026 1182 1042 nens.
1219 1015 1262 1042 111.
1277 1018 1342 1044 Gn.
1363 1017 1507 1044 Conclusio
1526 1019 1583 1045 tric.
1610 1018 1773 1045 Tricennalis
1792 1024 1938 1057 temporum

1080 1073 1082 1081 ι
1103 1058 1231 1085 definitio.
1250 1058 1316 1085 Nov.
1331 1059 1388 1086 Val.
1402 1060 1442 1086 111.
1463 1060 1495 1087 (18
1514 1061 1598 1087 colon.
1619 1071 1673 1098 vag.
1694 1061 1724 1087 II.
1739 1063 1779 1088 31.
1801 1072 1820 1088 c.
1837 1064 1857 1088 l.
1878 1063 1898 1096 ξ.
1915 1063 1937 1088 l.

1104 1101 1136 1127 de
1155 1102 1235 1139 episc.
1255 1101 1307 1128 iud.
1327 1101 1357 1128 11.
1376 1105 1417 1129 35.
1443 1114 1462 1129 r.
1485 1106 1505 1130 Ι.
1526 1104 1547 1137 ξ.
1569 1106 1608 1130 12.

1138 1144 1397 1172 Tricennium.
1436 1148 1584 1180 Spatium
1605 1148 1703 1174 XXX
1722 1157 1884 1174 annorum.
1919 1147 1937 1173 1.

1104 1188 1166 1222 Sy.
1184 1187 1262 1215 XXX
1281 1197 1406 1214 annorum
1425 1193 1548 1225 tempora.
1568 1188 1635 1216 Nov.
1655 1189 1712 1216 Val.
1732 1190 1773 1217 III.
1794 1190 1809 1217 1.
1830 1190 1846 1217 l.

1138 1231 1380 1258 Tricesimum
1418 1230 1458 1257 Cf.
1479 1241 1501 1257 v.
1523 1230 1692 1267 Trigesimus.

1139 1274 1401 1301 Triclinarius.
1429 1273 1566 1307 (Adiect.)
1595 1277 1642 1301 Aa
1664 1278 1849 1303 triclinium
1869 1286 1936 1309 per-

1102 1318 1218 1343 tinens.
1254 1316 1294 1343 111.
1315 1318 1380 1345 Cn·
1406 1316 1567 1344 Vestimenta
1587 1318 1727 1344 triclinaria
1749 1318 1794 1353 [al.
1815 1318 1939 1345 triclinia-

1102 1359 1164 1394 ria]
1185 1359 1215 1386 fr.
1234 1361 1275 1386 20.
1295 1359 1327 1386 de
1346 1364 1399 1397 opt.
1420 1359 1469 1396 leg.
1489 1361 1530 1386 33.
1550 1363 1574 1386 5.

1137 1403 1374 1430 Triennium.
1421 1405 1579 1430 Conclave
1609 1405 1874 1435 discubitorium,
1909 1410 1938 1430 et

1101 1448 1329 1473 coenatorium.
1365 1445 1407 1472 111.
1428 1447 1493 1473 Gn.
1518 1445 1659 1477 Conclave,
1678 1445 1720 1472 vel
1739 1446 1887 1472 triclinium.
1907 1446 1938 1472 sr.

1101 1489 1144 1516 28.
1163 1488 1194 1514 de
1214 1488 1241 1515 S.
1260 1488 1288 1515 P.
1309 1487 1338 1514 V.
1358 1490 1382 1515 8.
1401 1490 1425 1515 2.
1463 1487 1625 1519 Triclinium,
1644 1488 1687 1514 vel
1705 1490 1831 1525 porticus.
1855 1499 1875 1515 c.
1898 1491 1937 1515 12.

1102 1531 1134 1558 de
1153 1531 1178 1558 h.
1202 1542 1244 1568 qu.
1269 1536 1297 1558 ut
1321 1531 1373 1558 ind.
1393 1532 1416 1557 6.
1435 1532 1477 1557 35.
1502 1530 1550 1557 Th.
1572 1530 1601 1557 C.
1621 1530 1665 1557 IX.
1688 1532 1726 1557 17.
1751 1542 1772 1557 c.
1793 1534 1816 1557 5.
1842 1541 1880 1569 pr.
1905 1531 1940 1558 de

1102 1573 1201 1612 sepulc.
1220 1574 1282 1601 viol.
1318 1574 1347 1601 In
1366 1574 1481 1601 triclinio
1499 1579 1604 1611 praesto
1625 1583 1691 1600 esse.
1716 1573 1840 1600 Sternere
1858 1573 1938 1600 tricli-

1101 1618 1187 1649 nium,
1213 1622 1238 1643 et
1263 1622 1398 1653 argentum
1422 1616 1454 1643 ad
1477 1618 1650 1643 ministerium
1679 1617 1812 1654 praebere.
1842 1616 1870 1643 fr.
1895 1619 1935 1643 12.

1102 1661 1122 1694 §.
1142 1662 1185 1687 32.
1211 1660 1242 1687 de
1267 1661 1340 1687 instr.
1364 1660 1412 1697 leg.
1432 1661 1473 1686 33.
1495 1662 1517 1686 7.
1543 1660 1574 1686 cf.
1599 1660 1628 1686 fr.
1649 1662 1673 1686 5.
1698 1660 1719 1693 §.
1741 1662 1780 1686 14.
1808 1659 1935 1686 commod.

1079 1701 1080 1706 ¹
1103 1704 1142 1729 13.
1161 1704 1186 1730 6.

1137 1746 1366 1773 Triduanus.
1389 1745 1526 1778 (Adiect.)
1558 1747 1666 1773 Trium
1686 1747 1806 1771 dierum
1825 1748 1937 1780 spatio

1102 1790 1272 1825 definitus.
1292 1788 1407 1816 mon.
1427 1788 1551 1825 Acceptis
1564 1788 1692 1815 triduanis
1705 1788 1825 1817 induciis.
1844 1793 1937 1825 quarto

1102 1831 1144 1858 die
1163 1831 1354 1868 (respondeat)
1374 1831 1496 1858 Consult.
1514 1836 1564 1857 vet.
1585 1831 1661 1858 [Cti.
1682 1841 1702 1857 e.
1716 1832 1740 1857 6.

1137 1875 1334 1901 Triduum.
1374 1875 1484 1901 Trium
1504 1877 1625 1900 dierum
1644 1881 1773 1908 tempus.
1810 1873 1935 1901 111011.

1079 1912 1080 1937 ἶ
1101 1917 1170 1944 Intra
1189 1917 1312 1949 triduum,
1331 1916 1373 1943 vel
1393 1916 1416 1943 V
1436 1917 1499 1943 dies.
1520 1916 1590 1944 Paul.
1610 1917 1652 1943 IV.
1672 1917 1695 1943 6,
1715 1917 1736 1950 §.
1755 1918 1780 1942 3.
1817 1915 1872 1943 Nee
1889 1927 1936 1953 per

1101 1960 1224 1989 triduum.
1243 1970 1291 1997 per
1309 1959 1427 1996 singulos
1447 1959 1504 1986 dies
1523 1965 1563 1986 ter
1582 1961 1690 1991 citatus,
1712 1969 1772 1986 reus
1791 1959 1934 1985 damnetur.

1102 2003 1133 2030 fr.
1149 2006 1187 2030 10.
1208 2003 1240 2030 (18
1258 2003 1320 2040 pub.
1340 2003 1391 2030 iud.
1406 2004 1446 2029 48.
1469 2005 1490 2029 1.
1527 2002 1666 2029 Dimittere
1685 2003 1772 2028 statim
1792 2003 1935 2034 (uxorem.)

1102 2052 1179 2083 atque
1205 2047 1240 2072 ita
1268 2045 1355 2072 triduo
1379 2047 1499 2084 proximo
1524 2046 1642 2083 profiteri
1666 2051 1714 2072 etc.
1745 2044 1815 2070 Paul.
1840 2044 1869 2070 ll.
1891 2045 1933 2071 26.

1100 2090 1122 2124 §.
1142 2091 1166 2116 6.
1203 2088 1318 2121 Triduo,
1337 2098 1389 2126 quo
1409 2093 1527 2115 mortuus
1546 2089 1631 2116 fuerit.
1656 2088 1684 2114 fr.
1707 2089 1745 2113 12.
1765 2087 1785 2121 ξ.
1807 2089 1828 2113 l.
1849 2087 1881 2114 de
1900 2087 1934 2114 lc-

1101 2137 1150 2168 gat.
1170 2131 1187 2158 1.
1208 2132 1275 2164 (30.)

1136 2174 1373 2202 Triennium.
1411 2177 1560 2208 Spatium
1589 2176 1687 2200 trium
1715 2183 1876 2199 annorum.
1914 2173 1931 2199 l.

1101 2219 1162 2252 Sy.
1183 2217 1317 2248 Triennio,
1337 2217 1438 2249 Annua,
1458 2217 1534 2247 bima,
1554 2218 1627 2242 trima
1648 2215 1690 2242 dic
1708 2216 1783 2247 (dari,
1801 2225 1824 2242 v.
1838 2216 1933 2246 reddi.)

1100 2260 1161 2298 le.
1182 2260 1224 2286 VI.
1244 2261 1268 2286 8.
1290 2261 1328 2286 13.
1353 2259 1382 2286 fr.
1402 2261 1426 2285 3.
1450 2260 1471 2293 §.
1491 2261 1513 2285 5.
1538 2259 1570 2285 de
1594 2268 1651 2284 ann.
1674 2257 1749 2293 legat.
1769 2260 1809 2284 33.
1833 2260 1853 2284 Ι.
1889 2257 1932 2284 ΙΠ.

1101 2305 1167 2332 Cn.
1187 2302 1246 2329 Non
1260 2302 1326 2329 ultra
1340 2303 1446 2328 triennii
1465 2307 1546 2328 metas
1560 2301 1632 2334 (lites
1647 2310 1705 2327 esse
1720 2300 1931 2338 protrahendas.)

1101 2357 1122 2373 c.
1144 2348 1182 2372 13.
1207 2346 1228 2379 ξ.
1256 2347 1277 2371 l.
1302 2344 1334 2371 de
1360 2344 1437 2371 iudic.
1461 2346 1484 2371 3.
1510 2346 1532 2370 1.
1577 2344 1605 2370 Si
1628 2344 1767 2370 triennium
1791 2342 1931 2375 effluxerit,

1740 2385 1769 2412 In
1792 2387 1932 2412 triennium

1101 2431 1249 2466 (relegare.)
1268 2430 1298 2456 fr.
1318 2432 1341 2456 4.
1362 2430 1383 2463 §.
1405 2432 1426 2456 1.
1446 2429 1478 2456 de
1497 2429 1599 2456 incend.
1618 2430 1699 2456 ruina.
1718 2431 1759 2455 47.
1779 2430 1802 2455 9.

1135 2474 1282 2501 Triens.
1323 2474 1439 2499 Vnciae
1457 2474 1505 2499 11⁷.
1525 2472 1626 2506 (Tertia
1646 2481 1706 2509 pars
1726 2472 1813 2503 assis.)
1831 2471 1849 2498 1.
1870 2472 1931 2506 Sy.

1077 2514 1078 2523 ¹
1101 2517 1189 2544 Tertia
1214 2525 1274 2553 pars
1298 2515 1492 2548 (hereditatis.)
1521 2515 1550 2541 fr.
1575 2516 1615 2540 86.
1640 2514 1671 2540 ad
1696 2514 1724 2540 L.
1749 2513 1818 2540 Falc.
1841 2516 1883 2541 35.
1906 2516 1929 2540 2.

1100 2560 1138 2594 §§.
1151 2562 1174 2585 5.
1189 2561 1211 2585 7.
1231 2558 1249 2585 1.
1264 2558 1296 2584 de
1315 2558 1402 2585 bered.
1423 2559 1482 2585 inst.
1501 2560 1525 2583 2.
1548 2559 1587 2583 14.
1622 2556 1665 2583 111.
1680 2558 1745 2584 On.
1765 2556 1823 2583 Non
1842 2558 1932 2583 semis-

1100 2603 1137 2628 sis
1156 2612 1169 2627 a
1188 2601 1262 2628 fisco.
1282 2600 1329 2627 sed
1348 2601 1433 2627 bessis
1452 2601 1600 2637 patrimonii
1619 2599 1774 2631 vindicetur,
1794 2600 1874 2626 triens
1894 2610 1931 2626 re-

1077 2648 1078 2671 l
1099 2644 1191 2671 siduus
1211 2645 1236 2670 in
1256 2643 1322 2670 duos
1342 2648 1475 2670 sextantes
1495 2643 1623 2669 redactus.
1644 2642 1693 2668 Th.
1708 2642 1739 2668 C.
1753 2642 1796 2668 IX.
1811 2644 1851 2669 42.
1873 2653 1892 2668 c.
1906 2643 1928 2668 8.

1100 2688 1121 2721 §.
1143 2689 1164 2713 l.
1184 2686 1216 2713 de
1235 2687 1295 2713 bon.
1314 2696 1415 2723 proscr.
1453 2686 1634 2720 Quincunces,
1659 2689 1702 2711 aut
1720 2686 1829 2712 trientes
1854 2686 1929 2717 (usu-

1100 2731 1163 2761 rae.)
1183 2729 1213 2756 fr.
1234 2731 1256 2756 7.
1275 2730 1297 2763 ᾗ.
1313 2731 1351 2755 10.
1372 2729 1404 2755 de
1423 2728 1488 2754 adin.
1509 2733 1533 2753 et
1551 2729 1631 2765 peric.
1650 2729 1691 2754 26.
1712 2730 1734 2754 7.

1135 2773 1396 2800 'fn-ierarchae.
1419 2773 1612 2806 Praefectus
1631 2773 1782 2798 triremis.
1806 2769 1848 2795 111.
1863 2769 1927 2796 Cn.

1100 2815 1242 2845 Navarchi,
1267 2819 1292 2841 et
1311 2813 1444 2840 trierarchi
1464 2813 1593 2840 classium.
1619 2813 1648 2840 fr.
1670 2816 1691 2841 l.
1716 2814 1737 2848 ξ.
1760 2815 1780 2839 l,
1801 2811 1832 2837 de
1850 2811 1880 2837 B.
1899 2810 1926 2837 P.

1419 2857 1490 2882 122*
