2197 3121
1019 152 1102 184 INF.

201 249 253 266 non
272 248 372 275 aquam.
391 247 444 264 non
464 237 526 274 quid
546 236 615 264 aliud
634 235 738 262 immitti
758 234 828 261 licet.
848 234 879 261 fr.
893 235 916 261 8.
936 235 950 269 §
971 237 995 262 5.
1014 235 1037 261 si

200 282 291 308 servit.
311 282 335 308 8.
353 282 378 307 5.
398 280 429 307 cl'.
450 280 480 307 sr.
501 282 523 306 l.
544 279 576 306 de
594 279 684 305 servit.
704 278 752 314 leg.
771 279 813 304 33.
832 279 857 304 3.
889 293 921 298 -—
952 279 983 312 ξ.
1001 279 1037 304 2.

201 326 378 352 Posterior.
414 323 444 350 II.
474 325 541 357 Op.
573 321 691 353 Primus,
710 320 857 347 Proximus.
882 320 939 347 Gai.
958 320 977 347 I.
997 322 1036 347 99.

201 367 232 393 fr.
254 368 276 393 1.
294 367 317 400 §.
337 368 360 393 7.
381 365 413 392 de
432 365 508 402 legat.
528 364 570 391 ΙΙΙ,
590 366 665 397 (32.)
703 363 778 390 Prior
797 365 874 400 (pars
894 363 960 396 etc.)
981 362 1037 389 Gai.

201 408 232 435 11.
256 411 312 435 181.
333 408 362 435 fr.
383 410 439 434 126.
459 408 492 434 de
501 407 532 434 V.
549 407 577 434 S.
598 409 640 434 50.
662 409 703 434 16.
740 405 877 443 SuperiuS‚
898 422 928 426 —
949 405 1039 431 Poste-

201 453 256 478 rius
276 452 405 485 (verbum,
424 461 448 477 v.
468 450 671 483 testamentum.)
696 449 726 475 sr.
745 450 769 475 4.
788 459 828 486 pr.
854 447 887 475 de
906 458 976 474 usur.
996 450 1038 474 22.

202 496 226 521 1.
246 494 276 521 i'r.
295 496 318 521 3.
339 495 360 528 §.
380 495 404 520 4.
424 493 456 519 de
475 494 563 519 iniust.
583 497 652 530 rupt.
670 493 712 518 28.
731 493 756 518 3.
793 491 850 518 Hoc
870 490 991 517 edictum.
1006 506 1038 510 —

201 536 326 564 Inferior-‘1
346 536 438 563 edicta.
463 535 492 561 fr.
514 537 553 561 17.
578 536 600 569 ξ.
622 537 643 561 1.
668 534 701 561 de
725 535 806 560 instit.
833 538 881 560 act.
903 535 942 559 14.
961 534 986 559 3.
1007 549 1037 553 —

201 580 233 613 ᾖ.
253 581 290 607 3.
319 580 485 609 Deterior,
515 579 629 605 Vilior.
662 577 680 604 I.
697 578 758 612 Sy.
786 576 873 603 Minor
892 576 1038 612 (dignitas.)

201 622 233 648 fr.
252 625 276 649 4.
296 622 325 649 fr.
344 623 368 648 6.
388 621 410 654 §.
431 622 453 647 l.
473 620 503 647 fr.
523 621 547 647 S.
568 621 600 647 de
619 620 737 647 Senator.
761 621 783 645 1.
802 621 826 646 9.
858 618 889 645 11.
907 620 975 652 ⁰1³·
994 618 1039 645 Al-

202 665 264 691 tior.
281 663 447 692 Antecedens
468 663 602 699 (dignitas,
622 673 646 690 v.
666 661 783 699 gradus)
803 661 844 688 Cf.
865 671 889 688 v.
909 661 995 688 Altus.
1016 661 1038 695 ᾗ.

201 710 226 734 2.
244 717 268 734 v.
288 706 463 734 Anteccdens.
502 706 652 743 Superior-e,
672 710 715 732 aut
733 705 790 742 pari
810 705 929 741 imperio,
948 720 980 724 —-
1000 704 1039 730 In·
1059 741 1060 748 ἵ

201 749 310 777 seriores
331 750 529 785 (magistratus.)
550 748 579 775 fr.
594 751 617 774 4.
638 748 669 775 de
688 757 740 774 rec.
761 757 803 783 qu.
818 747 871 773 arb.
891 749 915 773 4.
928 748 954 773 8.
991 746 1039 773 Po·
1059 751 1060 758 ¹

202 793 308 819 tentior.
328 792 378 819 Th.
398 791 429 819 C.
449 791 517 818 XIII.
539 793 578 817 10.
599 801 620 817 c.
639 793 663 816 2.
683 789 716 816 de
735 799 816 816 censu
834 799 855 816 s.
870 789 954 816 adscr.
990 789 1039 816 Po-

202 835 293 863 tiores.
313 835 329 861 i.
348 845 371 862 e.
390 844 569 872 possessores.
588 849 620 853 —
641 832 790 864 Inferiores,
810 832 852 858 vel
871 832 977 870 plebeii.
1001 833 1038 859 lb.

200 876 246 904 XI.
272 878 311 903 15.
337 887 358 904 c.
377 880 401 904 2.
428 877 460 904 de
479 876 551 914 publ.
572 885 686 913 compar.
722 874 903 911 Pn-ivilegiarii‚
923 892 955 896 —
974 875 1039 902 Infe-

201 919 285 946 riores
309 919 496 954 (creditores.)
523 919 554 946 sr.
579 920 621 945 24.
650 919 672 953 §.
697 920 722 945 3.
751 918 783 945 (16
806 918 861 945 reb.
890 923 956 946 auct.
985 918 1038 945 iud.

200 963 243 988 42.
266 964 290 988 5.

238 1006 403 1033 Inserre.
430 1005 460 1038 §0
480 1005 514 1031 1.
539 1006 738 1038 Importare,
759 1006 919 1032 Invehere.
937 1003 956 1030 I.
976 1005 1038 1039 Sy.

202 1046 307 1074 Mittere
326 1048 352 1074 in
371 1049 504 1080 (navem.)
529 1046 559 1073 sr.
582 1049 602 1073 l.
628 1047 664 1080 ἕξ.
685 1049 708 1074 7.
728 1057 768 1084 sq.
788 1052 857 1073 nant.
878 1057 951 1084 caup.
970 1049 994 1073 4.
1014 1049 1043 1075 9.

202 1089 352 1127 importare.
377 1090 418 1117 Cf.
438 1100 461 1117 v.
480 1089 593 1116 Illatum.
631 1089 754 1116 Condere
773 1091 944 1123 (mortuum.)
964 1089 994 1116 fr.
1013 1091 1037 1116 3.

201 1132 224 1166 §.
246 1134 267 1159 l.
287 1132 317 1159 fr.
336 1135 359 1159 5.
378 1143 417 1170 pr.
437 1132 469 1159 dc
488 1138 564 1159 mort.
584 1132 659 1159 infer.
680 1134 719 1159 11.
740 1134 764 1159 8.
801 1132 844 1159 ΙΙΙ.
870 1134 935 1160 Cn.
964 1133 1039 1168 Quae
1059 1134 1060 1144 ¹

201 1176 229 1201 in
247 1175 351 1212 praedia
377 1175 475 1202 urbana
499 1175 619 1206 inducta.
638 1174 709 1201 illata
728 1180 798 1201 sunt.
824 1174 865 1202 Cf.
884 1185 907 1201 v.
927 1174 1037 1202 Illatum.

203 1217 363 1255 Comparare
382 1219 435 1251 (sc.
455 1219 585 1249 merceS‚)
605 1227 702 1254 easque
720 1219 746 1244 in
769 1228 824 1244 eam
847 1218 980 1245 tabernam
1003 1219 1041 1244 iu-

201 1259 277 1287 serre.
301 1261 333 1287 fr.
359 1262 400 1287 34.
426 1271 463 1298 pr.
490 1261 522 1287 de
546 1261 647 1298 pignor.
672 1262 714 1286 20.
742 1262 764 1287 l.
805 1259 841 1287 Vt
860 1260 888 1287 id
906 1253 1061 1287 dumtaxat⁴

201 1302 313 1335 ferrent.
338 1303 409 1340 quod
428 1305 454 1330 in
473 1303 550 1329 domo
571 1304 698 1339 cuiusque
716 1303 876 1330 intulissent.
896 1303 925 1330 fr.
945 1306 986 1330 32.
1007 1303 1039 1330 de

200 1345 303 1372 liberali
323 1356 345 1372 c.
364 1348 404 1372 40.
426 1349 465 1373 12.
503 1345 575 1381 Quid
595 1347 663 1372 enim
682 1346 806 1378 interest,
825 1346 970 1373 inferantur
989 1347 1038 1379 (sc.

202 1390 258 1419 res)
277 1389 383 1415 volente
403 1400 433 1416 eo
453 1390 478 1415 in
499 1389 603 1415 domum
623 1389 688 1420 eius,
707 1399 738 1414 an
758 1390 781 1415 ei
800 1389 952 1415 tradantur?
970 1389 1001 1416 fr.
1014 1391 1038 1416 9.

202 1431 224 1465 §.
243 1433 267 1458 3.
287 1431 320 1458 de
339 1433 394 1458 iure
418 1431 470 1458 dot.
494 1434 535 1457 23.
555 1433 579 1457 3.
616 1430 692 1457 Licet
714 1431 834 1468 sepeliri,
860 1437 885 1458 et
909 1437 1039 1458 mortuum
1061 1458 1062 1467 ἵ

201 1473 306 1501 inferre.
325 1474 356 1501 sr.
375 1477 399 1502 6.
419 1485 456 1511 pr.
477 1474 506 1500 fr.
526 1475 567 1500 43.
587 1473 619 1500 de
638 1473 710 1510 relig.
732 1476 772 1501 11.
787 1476 810 1501 7.
849 1475 904 1510 Qui
923 1475 1039 1512 prohibi·
1060 1469 1062 1491 ²³

201 1521 245 1543 tus
265 1522 306 1543 est
323 1516 419 1543 inferre.
439 1518 492 1549 (sc.
512 1517 659 1549 mortuum)
686 1518 712 1543 in
736 1527 793 1543 cum
817 1517 916 1549 locum,
941 1528 992 1554 quo
1017 1519 1040 1544 ei
1060 1544 1062 1547 ,

201 1560 243 1587 ius
263 1559 391 1586 inserendi
411 1564 489 1586 esset.
510 1559 540 1586 fr.
560 1561 583 1586 8.
608 1559 631 1593 §.
650 1561 674 1586 5.
694 1559 726 1586 cs.
746 1560 776 1586 fr.
796 1562 820 1586 2.
845 1560 882 1594 ἕξ.
905 1562 928 1587 l.
947 1570 987 1597 sq.
1009 1560 1038 1587 fr.
1060 1551 1062 1561 Ι

201 1603 243 1628 10.
263 1612 303 1639 sq.
323 1603 357 1629 ib.
379 1604 417 1628 11.
439 1604 462 1628 7.
493 1618 523 1622 —
556 1602 587 1635 ξ.
607 1603 642 1628 2.
662 1604 834 1634 Adltiberc,
857 1605 1038 1630 Admovere,
1060 1625 1062 1635 ,

202 1644 221 1671 1.
241 1645 302 1679 Sy.
321 1644 462 1671 Adhibere.
488 1644 528 1671 CF.
549 1644 572 1670 b.
592 1655 616 1671 v.
642 1645 664 1679 ξ.
683 1647 708 1672 2.
744 1645 892 1672 Admittere
911 1647 994 1679 (vim,
1014 1656 1038 1672 v.

203 1687 343 1721 iniuriam.)
367 1687 399 1713 fr.
422 1689 460 1713 14.
485 1688 506 1721 §.
526 1689 550 1713 5.
577 1688 628 1723 Qu.
649 1693 711 1714 met.
737 1697 758 1714 c.
779 1689 803 1714 4.
822 1690 847 1715 2.
872 1688 943 1715 Paul.
964 1688 995 1715 V.
1015 1690 1038 1715 4.
1060 1701 1062 1711 v

203 1729 241 1764 ἐξ.
265 1731 288 1756 1.
312 1739 371 1766 sqq.
419 1729 594 1756 consciscere
617 1730 669 1757 sibi
693 1731 847 1764 (mortem.)
872 1730 970 1757 Inferre
988 1731 1040 1757 sibi

203 1773 338 1805 (manus.)
362 1771 392 1799 fr.
412 1774 436 1799 3.
461 1783 500 1809 pr.
528 1773 565 1806 §§
590 1775 614 1799 3.
639 1775 662 1800 5.
683 1783 722 1809 sq.
742 1775 766 1799 8.
791 1773 823 1800 de
843 1773 903 1799 bon.
924 1784 976 1800 eor.
996 1783 1038 1809 qu.
1060 1795 1062 1809 1

202 1819 279 1841 mort.
299 1815 339 1840 48.
358 1816 400 1841 21.
419 1815 449 1841 fr.
463 1817 504 1841 45.
524 1815 545 1848 §.
559 1817 583 1841 2.
604 1815 635 1841 de
655 1816 711 1841 iure
730 1815 795 1842 fisci.
815 1817 907 1842 4914.
921 1815 1039 1844 Iucu.

204 1856 325 1883 Iniuriam
344 1857 402 1883 sieri
421 1873 452 1877 —
472 1867 513 1889 re,
544 1859 647 1894 quoties
671 1868 762 1884 manus
786 1858 940 1885 inferuntur.
965 1858 995 1885 fr.
1018 1861 1039 1885 1.

203 1899 226 1932 ξ.
248 1901 269 1925 I.
290 1899 322 1925 de
340 1901 418 1926 iuiur.
437 1901 477 1926 47.
500 1902 538 1926 10.
577 1899 704 1937 Corpori,
724 1910 747 1927 v.
768 1901 793 1926 in
814 1911 925 1938 corpus,
945 1901 1040 1928 inferre
1061 1925 1062 1940 3

203 1943 331 1968 iniuriam.
351 1942 381 1968 fr.
403 1944 425 1969 1.
450 1943 471 1976 §
491 1944 515 1969 2,
540 1942 574 1968 ib.
595 1944 635 1969 47.
657 1945 696 1969 10,
722 1942 793 1970 Paul.
813 1943 844 1970 V.
865 1946 889 1970 4.
909 1944 930 1978 §.
950 1946 974 1970 4.
1011 1944 1040 1970 Si
1062 1959 1063 1963 =

203 1984 300 2011 vulnus
320 1984 435 2012 illatum.
457 1985 500 2011 vel
519 1995 548 2011 os
569 1984 645 2011 alicui
664 1996 825 2023 percussum.
846 1986 875 2013 fr.
896 1989 918 2013 7.
939 1987 960 2021 ξ.
979 1988 1004 2014 8.
1023 1986 1039 2013 1.

204 2027 221 2053 1.
240 2029 281 2053 47.
302 2029 342 2053 10.
380 2028 435 2062 Qui
458 2028 585 2054 latronem
609 2028 714 2054 caedem
739 2029 790 2055 sibi
810 2029 979 2060 inserentem,
998 2029 1041 2056 vel

205 2069 281 2096 alium
301 2070 445 2106 quemlibet
470 2076 589 2108 stuprum
612 2070 765 2097 inferentem
789 2071 949 2105 (occiderit.)
968 2072 1039 2099 Paul.

204 2111 236 2138 V.
255 2114 296 2139 23.
316 2113 338 2147 ᾗ.
358 2115 381 2139 8.
401 2113 432 2139 cf.
453 2113 484 2139 V.
503 2115 527 2140 4.
547 2113 569 2147 §
590 2115 612 2139 4.
658 2113 826 2145 Incendiarih
851 2116 894 2151 qui
919 2115 1040 2141 consulto

206 2154 352 2181 incendium
371 2154 485 2181 inferunt
518 2155 554 2182 lh.
575 2155 605 2181 V.
625 2157 649 2182 3.
674 2156 696 2190 §.
715 2158 738 2182 6.
780 2157 915 2184 Mulierem
934 2159 1042 2184 visceri-

206 2195 256 2222 bus
275 2198 329 2223 suis
348 2198 399 2224 vim
418 2197 549 2230 intulisse,
569 2198 634 2234 (quo
653 2203 755 2235 partum
769 2199 905 2236 abigeret.)
925 2200 954 2226 sr.
969 2202 992 2227 8.
1009 2200 1040 2227 ad
1061 2214 1063 2225 ,-

206 2238 235 2265 L.
257 2237 335 2265 Corn.
355 2239 387 2266 de
405 2241 481 2267 sicar.
501 2242 542 2267 48.
561 2242 584 2268 8.
623 2241 708 2276 Quam
727 2242 776 2275 (sc.
791 2244 855 2275 vim)
875 2244 1040 2279 magistratus

207 2286 277 2307 recte
300 2281 399 2313 intulit,
423 2282 525 2310 scilicet
548 2285 604 2310 iure
628 2283 700 2310 licito
724 2289 771 2311 etc.
796 2284 826 2311 fr.
849 2287 873 2311 3.
897 2286 919 2319 §.
941 2288 962 2312 l.
988 2286 1040 2322 Qu.
1061 2282 1063 2314 l

1854 155 1916 185 465

1081 236 1118 262 ris
1138 235 1248 261 intentio
1272 234 1314 260 his
1336 234 1433 261 verbis.
1457 233 1514 261 Gai.
1534 233 1576 261 IV.
1600 235 1641 260 60.
1682 234 1840 272 Interposita
1860 245 1917 261 cau-

1083 279 1160 310 tione,
1175 293 1207 298 ·—
1221 278 1244 303 si
1264 277 1390 303 inseratur
1408 282 1499 314 postea
1524 288 1580 304 cum
1600 282 1673 314 patre
1692 278 1759 303 actio
1779 277 1917 314 privilegii.

1083 320 1113 347 sr.
1132 322 1174 346 52.
1193 320 1215 353 §.
1236 321 1258 346 l.
1280 319 1312 346 de
1331 320 1416 357 pecul.
1439 322 1476 346 15.
1499 322 1520 346 1.
1558 319 1660 346 Patrem
1679 319 1832 346 calumniam
1851 321 1917 347 intu-

1083 363 1155 389 lisse.
1175 362 1206 389 fr.
1227 364 1266 389 14.
1287 362 1319 389 de
1339 362 1400 399 pub.
1425 362 1501 389 indic.
1527 364 1566 389 48.
1594 364 1615 389 l.
1658 362 1727 388 Ante
1746 364 1844 389 crimen
1863 362 1918 389 illa-

1083 411 1144 438 tum,
1165 411 1208 433 aut
1227 406 1382 432 sententiam
1401 404 1503 431 dictam.
1524 405 1554 431 fr.
1570 407 1608 431 12.
1623 404 1655 431 de
1668 404 1697 431 L.
1713 404 1794 431 Corn.
1814 405 1846 432 de
1860 405 1917 432 fals.

1082 450 1122 475 48.
1144 451 1183 475 10.
1220 448 1279 475 Non
1299 447 1377 474 debet
1402 447 1475 473 alteri
1498 458 1546 484 per
1565 448 1675 474 alterum
1694 449 1781 484 iniqua
1801 447 1917 474 conditio

1082 491 1178 518 inferri.
1198 491 1229 518 fr.
1250 493 1290 517 74.
1310 490 1342 516 de
1360 490 1390 516 R.
1410 489 1428 516 I.
1447 492 1489 516 50,
1506 493 1544 516 17.
1583 490 1649 516 Cum
1669 489 1786 517 intulerit
1805 491 1854 523 (sc.
1874 490 1917 517 lex

1082 533 1160 571 Papia
1178 533 1274 571 Popp.)
1295 534 1343 559 iam
1361 542 1442 570 posse
1456 543 1498 558 eas
1513 534 1569 559 sinc
1582 534 1736 560 auctoritate
1748 538 1917 570 patronorum

1083 577 1182 608 testari,
1202 577 1340 613 prospexit
1360 580 1408 602 etc.
1427 575 1488 612 le.
1508 575 1605 602 XXIX.
1625 578 1649 602 3.
1680 591 1714 595 —
1744 577 1774 610 ξ.
1796 578 1834 603 4.
1860 578 1916 602 Re.

1080 625 1306 653 praesentare,
1326 620 1489 654 Proferre.
1527 618 1545 644 Ι.
1566 619 1627 652 Sy.
1652 618 1816 655 Expendere.
1836 618 1877 645 Cf.
1892 618 1916 645 h.

1082 672 1104 688 v.
1125 662 1147 696 §.
1167 664 1191 688 2.
1228 661 1346 687 Pendere
1365 662 1470 693 (usuras
1491 662 1553 693 etc.)
1578 660 1607 687 fr.
1628 662 1651 687 6.
1671 661 1709 695 ἐξ.
1729 663 1752 688 6.
1772 671 1811 698 sq.
1831 660 1917 688 mand.

1086 706 1124 731 17.
1147 706 1169 730 1.
1189 703 1218 730 sr.
1242 706 1281 730 17.
1307 703 1343 737 ἓξ.
1364 705 1387 729 4.
1407 705 1430 729 S.
1456 703 1488 730 de
1512 713 1583 730 usur.
1606 705 1647 729 22.
1669 706 1692 730 l.
1729 703 1864 730 Conferre.
1885 703 1916 730 fr.

1084 749 1125 773 52.
1146 747 1167 781 ξ.
1189 748 1227 773 13.
1248 746 1279 773 fr.
1298 748 1338 772 54.
1359 756 1398 782 sq.
1418 756 1466 783 pro
1486 756 1540 772 soc.
1561 748 1600 772 17.
1619 748 1644 773 2.
1681 745 1804 779 Solvere,
1823 746 1917 773 Exsol-

1083 800 1152 821 (ει-6,
1172 789 1335 816 Persolvere.
1360 789 1391 815 fr.
1410 790 1451 815 58.
1477 799 1515 826 pr.
1541 789 1574 815 (le
1597 788 1678 815 usufr.
1699 791 1722 816 7.
1743 791 1764 815 1.
1784 789 1813 816 sr.
1833 791 1874 816 34.
1894 789 1916 823 §.

1084 835 1105 859 l.
1126 832 1158 859 de
1176 831 1251 868 legat.
1271 831 1299 858 11.
1320 832 1387 865 (31.)
1407 831 1437 857 fr.
1458 833 1480 858 7.
1501 832 1582 865 §.12.
1603 831 1633 859 fr.
1653 833 1678 858 9.
1697 832 1719 865 ξ.
1739 834 1762 858 2.
1783 832 1815 858 (16
1834 832 1865 859 Α,
1884 831 1917 859 R.

1081 875 1114 901 D.
1134 876 1177 901 41.
1196 877 1219 901 1.
1255 874 1297 900 III.
1313 876 1378 902 (7η.
1398 874 1427 900 Si
1448 891 1477 894 —
1498 875 1607 911 pecunia
1627 874 1698 900 illata
1718 879 1766 906 est,
1785 874 1827 901 vel
1840 876 1867 901 in
1880 885 1917 901 ra-

1083 917 1200 944 tionibus
1220 917 1276 943 cius
1296 917 1384 943 relata.
1408 916 1437 942 fr.
1458 918 1498 943 53.
1525 916 1557 943 de
1582 927 1691 943 manum.
1712 922 1811 944 testam.
1832 920 1873 944 40.
1893 920 1917 943 4.

1082 959 1194 987 Reddita
1213 960 1321 986 ratione.
1341 964 1367 985 et
1385 959 1494 995 reliquis
1512 959 1601 986 illatis.
1621 959 1652 986 fr.
1671 962 1712 986 40.
1733 961 1755 994 ς’.
1771 962 1794 986 7.
1814 959 1847 986 de
1865 965 1916 986 sta·

1082 1003 1158 1030 tulib.
1177 1004 1218 1029 40.
1238 1003 1261 1029 7.
1302 1001 1394 1028 Intulit
1416 1006 1515 1039 partem
1540 1002 1634 1035 debiti,
1659 1007 1684 1029 et
1706 1002 1832 1039 reliquam
1851 1013 1918 1029 sum-

1084 1056 1150 1072 mam
1173 1046 1313 1071 novatione
1337 1044 1402 1071 facta
1427 1043 1511 1070 eidem
1534 1046 1663 1081 promisit.
1690 1045 1720 1072 sr.
1740 1048 1782 1072 21.
1804 1055 1844 1082 pr.
1864 1045 1918 1081 Qui

1082 1090 1178 1127 potior.
1197 1090 1239 1114 20.
1258 1090 1281 1114 4.
1319 1087 1415 1113 Iustam
1440 1088 1644 1114 aestimationem
1663 1087 1766 1114 inferre.
1786 1087 1816 1114 fr.
1836 1090 1876 1114 14.
1895 1089 1917 1122 ξ.

1082 1134 1106 1158 2.
1127 1131 1160 1158 de
1179 1130 1255 1166 legat.
1279 1129 1321 1156 111.
1342 1130 1417 1162 (32.)
1441 1128 1513 1155 Paul.
1534 1129 1564 1155 V.
1589 1133 1612 1156 4.
1637 1131 1658 1164 §.
1683 1132 1706 1156 9.
1732 1130 1762 1156 V.
1789 1132 1826 1157 16.
1851 1131 1872 1164 ξ.
1892 1132 1916 1157 3.

1082 1174 1195 1201 Poenam
1215 1172 1398 1210 adpellatiouis
1418 1172 1514 1198 inferre
1534 1174 1597 1209 cogi.
1617 1172 1653 1199 Ib.
1668 1172 1699 1199 V.
1712 1174 1752 1199 34.
1772 1174 1793 1207 §.
1806 1175 1831 1200 2.
1851 1173 1918 1200 Tan-

1083 1222 1134 1243 tam
1153 1217 1289 1254 pecuniam
1314 1216 1340 1241 iu
1359 1216 1486 1241 aerarium
1510 1215 1598 1241 iubeat
1620 1214 1718 1242 inferri.
1743 1215 1772 1242 fr.
1793 1218 1832 1242 15.
1852 1216 1873 1250 ξ.
1893 1217 1917 1242 6.

1083 1260 1115 1286 de
1134 1261 1190 1286 iure
1208 1259 1275 1285 fisci.
1294 1260 1334 1285 49.
1360 1259 1400 1285 14.
1446 1257 1470 1284 D
1493 1258 1594 1284 solidos
1618 1257 1713 1284 inferre
1736 1258 1801 1284 fisco
1821 1259 1917 1285 iussus.

1083 1302 1113 1330 fr.
1136 1304 1178 1329 34.
1203 1301 1237 1328 ib.
1261 1303 1302 1328 49.
1324 1302 1363 1328 14.
1400 1300 1610 1327 provincialibus
1633 1300 1796 1327 inferendum
1819 1300 1919 1337 aliquid

1083 1345 1206 1372 indicere.
1226 1343 1275 1371 ΤΙι,
1296 1343 1326 1371 C.
1346 1344 1391 1370 XI.
1412 1345 1451 1370 16.
1472 1354 1493 1370 c.
1507 1345 1529 1370 8.
1551 1343 1583 1369 de
1602 1348 1667 1370 extr.
1686 1353 1706 1370 s.
1726 1343 1797 1370 sord.
1835 1344 1920 1380 Quas-

1083 1388 1140 1415 dam
1165 1397 1278 1414 summas
1298 1403 1330 1407 —
1350 1388 1496 1424 accepisse.
1523 1396 1607 1423 neque
1630 1387 1655 1412 in
1679 1396 1722 1413 cas
1746 1387 1861 1413 rationes
1887 1402 1919 1406 -

1083 1430 1212 1458 intulisse.
1241 1429 1271 1456 fr.
1292 1432 1332 1456 12.
1357 1430 1389 1456 de
1408 1430 1507 1456 liberat.
1533 1429 1581 1465 leg.
1605 1430 1646 1456 34.
1665 1431 1689 1456 3.
1717 1429 1748 1455 cs.
1768 1428 1798 1456 fr.
1817 1431 1859 1456 40,
1879 1439 1918 1467 pr.

1084 1474 1116 1501 (16
1135 1473 1251 1500 statulib.
1272 1475 1314 1499 40.
1328 1474 1350 1499 7.
1388 1473 1463 1508 Quae
1483 1477 1572 1498 exacta
1591 1477 1660 1502 sunt.
1680 1488 1712 1491 —
1732 1482 1817 1508 neque
1836 1472 1920 1499 calen-

1083 1516 1155 1543 dario
1175 1515 1245 1542 illata
1266 1520 1334 1542 sunt.
1354 1515 1383 1542 fr.
1398 1518 1439 1541 40.
1458 1516 1480 1549 ξ.
1495 1516 1518 1540 4.
1539 1514 1573 1540 ib.
1593 1516 1634 1540 40.
1649 1516 1671 1540 7.
1709 1514 1789 1550 Quod
1807 1515 1919 1552 amplius

1083 1560 1169 1590 suerit,
1189 1558 1334 1585 rationibus
1354 1573 1387 1577 —-
1407 1558 1539 1584 inferatur.
1564 1557 1592 1583 sr.
1612 1558 1654 1583 32.
1678 1557 1700 1590 §.
1720 1559 1744 1583 4.
1768 1556 1801 1583 de
1824 1567 1874 1584 usu
1894 1562 1919 1583 et

1085 1602 1167 1629 usufr.
1187 1601 1235 1638 leg.
1256 1603 1298 1627 33.
1318 1603 1342 1627 2.

1118 1645 1323 1672 lure-stare.
1364 1645 1500 1675 rexere,
1521 1644 1671 1678 Adgredi.
1708 1641 1726 1667 I.
1741 1643 1801 1677 Sy.
1821 1642 1918 1669 Inserre

1084 1687 1239 1714 molestiam.
1264 1685 1313 1712 Th.
1334 1685 1364 1712 C.
1385 1685 1440 1712 ΠΙ.
1460 1687 1484 1712 8,
1509 1695 1529 1711 6.
1550 1687 1589 1711 15.
1615 1684 1647 1711 de
1666 1689 1752 1714 metat.
1788 1685 1832 1711 ΙΙΙ.
1852 1686 1918 1713 Gn.

1083 1730 1133 1756 Per
1151 1728 1313 1756 latrunculos
1333 1728 1479 1764 inquietari,
1499 1727 1541 1753 vel
1559 1726 1684 1754 infestari.
1709 1727 1738 1754 fr.
1758 1728 1782 1754 3.
1801 1728 1822 1762 ξ.
1842 1729 1866 1754 2.
1887 1727 1919 1754 de

1083 1771 1185 1800 iucend.
1205 1773 1286 1798 ruina.
1306 1773 1346 1797 47.
1366 1772 1389 1797 9.

1119 1815 1298 1842 Infestus.
1337 1813 1474 1846 (Adiect.)
1511 1814 1663 1839 Hostilis.
1700 1812 1731 1839 11.
1752 1814 1819 1847 ⁰1²·
1849 1812 1918 1840 Con-

1084 1858 1165 1884 iuncti
1184 1858 1295 1883 maximo
1316 1856 1426 1883 adfectu.
1447 1871 1478 1875 -
1500 1855 1598 1882 infesti.
1622 1854 1652 1881 fr.
1671 1855 1713 1881 28.
1736 1855 1758 1889 §.
1777 1857 1802 1882 2.
1822 1855 1855 1882 de
1874 1855 1918 1882 do-

1085 1905 1135 1926 nat.
1156 1900 1201 1926 int.
1222 1899 1253 1926 V.
1272 1901 1314 1925 24.
1336 1901 1357 1925 l.
1382 1899 1424 1925 111.
1441 1899 1506 1926 Cn.
1526 1898 1555 1924 Si
1574 1898 1640 1924 alius
1658 1899 1699 1924 vir
1717 1897 1802 1924 bonus
1822 1903 1848 1924 et
1866 1908 1918 1925 non

1084 1942 1196 1969 infestus
1216 1943 1335 1969 meritum
1358 1942 1444 1979 potuit
1469 1940 1613 1967 admittere.
1635 1939 1665 1966 sr.
1686 1942 1726 1967 ll.
1745 1940 1766 1974 ξ,
1786 1942 1810 1967 8.
1830 1940 1862 1967 (16
1881 1941 1918 1967 le-

1061 1975 1063 2012 ]
1085 1990 1135 2021 gat.
1156 1985 1197 2011 111.
1218 1985 1285 2018 (32.)

1119 2028 1296 2055 Infit-ere·
1322 2027 1353 2060 ξ.
1365 2028 1400 2054 1.
1423 2028 1569 2061 Tingere.
1598 2026 1616 2053 Ι.
1633 2028 1694 2061 Sy.
1713 2026 1835 2057 Instemus,
1855 2025 1918 2052 Tin-

1085 2076 1150 2097 ctus.
1177 2070 1218 2097 Cf.
1238 2080 1261 2096 v.
1281 2069 1396 2096 Insectus
1415 2068 1534 2101 (Panic.)
1559 2081 1589 2086 -·
1614 2069 1645 2102 §.
1669 2070 1704 2096 2.
1730 2070 1916 2102 ΠΙαειιΙαι-ε,

1088 2115 1227 2140 Vitiare.
1263 2112 1281 2139 1.
1307 2114 1368 2147 Sy.
1387 2111 1516 2138 Polluere.
1540 2111 1589 2138 Th.
1610 2111 1640 2138 C.
1659 2111 1729 2138 XVI.
1750 2112 1773 2138 6.
1794 2122 1814 2138 c.
1834 2113 1858 2138 4.
1877 2122 1916 2148 pr.

1085 2167 1116 2182 ne
1137 2155 1162 2182 S.
1178 2156 1247 2193 bapt.
1275 2155 1394 2182 men.
1414 2155 1571 2181 Vniversum
1592 2154 1680 2180 orbem
1699 2159 1816 2180 nostrum
1836 2154 1917 2181 veluti

1084 2199 1192 2225 venenis
1215 2199 1270 2225 suis
1293 2198 1429 2225 malevolis
1452 2198 1566 2224 iniicere.
1591 2196 1660 2223 Coll.
1684 2196 1736 2223 LL.
1762 2196 1795 2224 M.
1815 2196 1872 2224 XV.
1891 2198 1914 2222 3.

1085 2242 1116 2268 cl'.
1137 2241 1186 2267 Th.
1207 2240 1237 2268 C.
1258 2240 1300 2267 IV.
1321 2242 1344 2267 6.
1365 2252 1386 2268 c.
1405 2243 1429 2267 3.
1449 2240 1553 2274 (wok)
1573 2239 1605 2266 de
1624 2245 1707 2266 natur.
1727 2239 1764 2266 sil.

1119 2284 1314 2315 Inficitur-13,
1336 2294 1356 2311 s.
1378 2283 1564 2311 Inficiari.
1585 2283 1661 2315 §.10
1683 2283 1822 2317 Negare,
1836 2283 1914 2317 Dif-

207 2329 267 2350 met.
292 2334 312 2349 c.
338 2325 360 2349 4.
384 2326 410 2350 2.
447 2325 514 2352 Cum
539 2343 568 2347 -
594 2326 667 2353 locus
693 2328 750 2363 ipse
773 2327 896 2364 publicus
920 2328 1041 2355 damnum
1062 2335 1063 2361 J
1081 2328 1194 2362 fiteri.
1232 2326 1249 2352 I.
1273 2328 1335 2361 Sy.
1358 2325 1466 2362 Negare.
1490 2325 1546 2351 Gai.
1566 2324 1609 2352 IV.
1631 2326 1688 2351 173.
1707 2324 1736 2351 fr.
1756 2326 1779 2350 2.
1799 2325 1820 2358 ξ.
1841 2326 1863 2350 1.
1882 2323 1913 2350 fr.

208 2366 301 2392 inferat
319 2367 360 2392 sui
378 2371 475 2394 natura.
494 2369 524 2395 fr.
543 2371 584 2396 24.
605 2379 643 2406 pr.
665 2369 696 2395 dc
716 2368 800 2396 damn.
815 2370 859 2396 inf.
873 2372 914 2397 39.
928 2373 952 2397 2.
980 2370 1039 2397 Non
1062 2375 1063 2386 ¹

209 2410 258 2435 erit
277 2408 370 2435 idonea
389 2411 517 2444 quantitas
536 2411 568 2438 ad
592 2411 752 2438 inferendam
771 2412 883 2439 adeundi
902 2415 1042 2440 necessita·
1062 2388 1063 2439 l

208 2456 268 2477 tem.
289 2450 318 2478 fr.
338 2452 379 2477 55.
399 2451 420 2484 §.
439 2453 463 2477 2.
483 2452 514 2478 ad
532 2453 558 2479 S.
571 2453 601 2480 C.
622 2453 700 2480 Treb.
720 2456 761 2482 36.
784 2457 804 2482 1.
841 2455 953 2492 Maligne
972 2457 1040 2483 circa
1061 2444 1063 2478 l

208 2493 361 2528 sanguinem
379 2503 453 2519 suum
472 2494 612 2522 inserentes
630 2496 761 2524 iudicium.
782 2497 811 2524 fr.
825 2500 848 2524 4.
869 2498 901 2525 de
916 2499 986 2525 inoff.
1006 2504 1042 2525 te-

209 2541 283 2562 stam.
303 2537 327 2561 5.
345 2537 369 2561 2.
400 2551 432 2555 -
463 2536 494 2569 ἓ.
514 2538 549 2563 3.
581 2540 730 2574 Adferre,
750 2542 925 2573 Exercere,
945 2543 1041 2568 Indu·
1062 2527 1064 2564 l

210 2588 286 2605 cere.
323 2576 341 2603 1.
362 2578 423 2612 Sy.
442 2578 573 2610 Adiiccre.
592 2579 716 2608 inserere.
741 2582 798 2609 Gai.
817 2583 860 2610 lv.
880 2586 921 2610 24.
958 2583 1042 2610 Inten-
1061 2573 1063 2620 1

210 2620 280 2648 dere.
300 2619 439 2651 Intentare,
457 2620 597 2647 Instituere
614 2623 766 2657 (actionem.
786 2636 809 2652 v.
829 2628 1042 2659 accusationem.)
1061 2623 1063 2659 ,Ῐ

210 2663 241 2690 sr.
260 2664 302 2689 24.
322 2673 360 2700 pr.
384 2664 405 2696 ξ.
424 2664 448 2689 3.
473 2663 505 2690 (16
527 2663 629 2690 liberali
652 2675 673 2691 c.
692 2668 732 2694 40.
754 2670 792 2695 12.
817 2668 847 2695 fr.
868 2671 891 2695 l.
917 2669 953 2703 §§.
975 2671 996 2696 l.
1016 2671 1040 2696 3.

210 2707 234 2732 9,
255 2715 312 2742 sqq.
333 2705 364 2732 ad
384 2704 449 2732 S.C.
470 2705 550 2743 Turp.
570 2707 663 2732 4816.
698 2708 809 2737 Deferre
828 2711 1041 2744 (iusiurandum.)
1062 2719 1063 2741 l

212 2748 242 2774 fr.
261 2750 303 2774 28.
323 2749 343 2782 §.
366 2750 404 2774 10.
426 2747 457 2774 (16
477 2749 580 2775 iureiur.
601 2750 640 2774 12.
660 2751 683 2775 2.
711 2760 731 2776 e.
753 2754 775 2777 1.
800 2763 821 2780 c.
843 2756 881 2780 11.
907 2754 939 2781 de
958 2754 987 2781 R.
1009 2754 1039 2781 C.
1062 2746 1063 2779 l

212 2792 235 2816 4.
256 2792 277 2816 1.
315 2790 355 2816 111.
373 2791 438 2818 ίή.
467 2790 495 2816 ln
515 2801 542 2816 ea
562 2791 664 2826 quidem
685 2791 792 2820 formula
812 2811 843 2815 —
862 2796 987 2823 inferatur
1005 2798 1041 2823 iu·
1061 2795 1063 2840 ξ’

1062 2501 1063 2526 1
1085 2502 1154 2524 ctum
1173 2497 1249 2523 heres
1268 2497 1405 2523 inficietur.
1426 2496 1481 2523 Gai.
1493 2496 1522 2522 II.
1541 2498 1598 2522 282.

1084 2372 1125 2396 23.
1145 2370 1166 2403 §.
1188 2371 1227 2395 10.
1247 2368 1278 2395 ad
1297 2368 1326 2395 L.
1346 2369 1414 2404 Aqu.
1433 2369 1456 2394 9.
1476 2370 1499 2394 2.
1518 2367 1561 2394 111.
1575 2369 1640 2396 Gn.
1661 2367 1713 2402 Qui
1732 2367 1802 2395 dicit,
1817 2382 1848 2385 —
1861 2376 1914 2392 non

1085 2422 1194 2450 prorsus
1213 2411 1285 2438 litem
1305 2411 1446 2442 inficiatur,
1471 2410 1517 2437 sed
1536 2420 1674 2448 personam
1694 2410 1778 2435 evitat.
1799 2407 1828 2434 fr.
1847 2410 1871 2434 2.
1891 2409 1913 2442 ξ.

1084 2458 1108 2481 4.
1128 2454 1160 2481 de
1179 2464 1250 2481 exce.
1269 2456 1310 2480 44.
1332 2456 1352 2480 l.
1390 2453 1418 2479 Si
1442 2453 1553 2490 legatum
1577 2464 1624 2490 per
1648 2452 1836 2479 damnationem
1855 2450 1914 2477 reli-

1636 2493 1770 2529 Quaedam
1788 2494 1914 2526 actiones,

1085 2542 1107 2567 si
1126 2551 1139 2566 a
1159 2549 1202 2566 reo
1222 2540 1382 2571 inficientur.
1397 2539 1544 2576 duplantur.
1564 2536 1634 2563 Paul.
1654 2535 1672 2561 I.
1693 2537 1731 2562 19.
1751 2536 1807 2569 §.L
1826 2536 1913 2569 Actio,

1085 2593 1151 2619 quae
1173 2581 1312 2609 inficiando
1337 2583 1437 2608 crescit.
1462 2582 1492 2608 fr.
1515 2583 1555 2606 30.
1581 2589 1619 2615 pr.
1645 2577 1677 2604 de
1700 2579 1805 2604 iureiur.
1830 2580 1868 2605 12.
1887 2581 1912 2606 2.

1086 2626 1195 2655 Causae.
1216 2634 1247 2650 ex
1267 2624 1361 2660 quibus
1380 2624 1504 2651 adversus
1518 2622 1674 2648 inficiantem
1693 2621 1719 2647 in
1738 2620 1845 2658 duplum
1863 2623 1914 2658 agi·

1062 2671 1064 2712 J
1087 2678 1152 2695 mus.
1172 2667 1230 2694 Gai.
1241 2668 1292 2699 JV.
1312 2669 1335 2694 9.
1360 2667 1391 2694 cf.
1414 2666 1456 2693 111.
1475 2666 1532 2690 216.
1557 2663 1587 2690 sr.
1606 2665 1630 2690 2.
1655 2663 1676 2697 ξ.
1696 2665 1718 2689 l.
1744 2663 1777 2689 ad
1794 2662 1823 2690 L.
1843 2664 1911 2700 Aqn.

1085 2713 1108 2738 9.
1127 2713 1151 2737 2.
1171 2726 1202 2730 -
1223 2711 1254 2744 ξ.
1273 2712 1308 2738 2.
1329 2709 1580 2737 Restitutionem
1600 2707 1700 2732 debiti
1717 2715 1873 2733 recusare.
1892 2705 1910 2732 Ι.

1086 2756 1146 2788 Sy.
1165 2753 1309 2789 Abnegare.
1330 2752 1370 2778 Cf.
1390 2751 1413 2777 h.
1433 2760 1456 2776 v.
1475 2749 1496 2781 ξ.
1518 2751 1540 2775 1.
1569 2748 1610 2775 III.
1626 2750 1690 2776 Cn.
1709 2748 1850 2775 inficiando
1869 2747 1910 2774 (16-

1086 2798 1209 2834 positum.
1228 2805 1302 2822 nemo
1323 2794 1383 2821 facit
1402 2792 1505 2819 furtum.
1529 2791 1560 2818 fr.
1579 2792 1620 2818 67.
1639 2801 1678 2829 pr.
1698 2791 1730 2818 de
1749 2791 1807 2818 furt.
1827 2792 1867 2816 47.
1885 2791 1908 2816 2.

1442 2837 1474 2862 59
