2197 3121
288 182 349 212 170

286 263 394 290 Praeter
422 263 487 289 banc
515 263 709 299 exceptionem,
735 266 864 294 caeterae,
889 262 949 298 quia
974 270 1125 287 communes
1150 275 1152 323 ι

287 312 361 338 sunt,
386 311 437 332 tam
462 306 487 331 in
514 305 597 331 libero
617 305 721 331 homine
742 315 818 341 quam
837 305 863 331 in
883 314 960 331 servo
980 304 1067 330 Iocum
1086 303 1129 329 ba-
1150 326 1151 330 ,

287 350 360 376 bent.
381 348 411 375 sr.
427 350 449 374 7.
470 349 492 374 si
513 359 555 385 qu.
577 353 654 374 cautt.
674 350 698 374 2.
721 350 760 374 11.
797 348 884 374 Aurae
904 347 1049 373 communis
1068 345 1129 372 hau·
1150 339 1151 365 Ῑ

287 397 340 424 stu.
361 397 385 418 et
407 391 473 417 lucis
493 391 619 428 adspectu
639 391 696 424 <diu
716 392 834 428 privati).
864 389 913 416 Th.
935 390 966 416 C.
979 390 1024 416 XI.
1044 391 1085 416 40.
1106 399 1127 416 c.

285 438 327 461 22.
348 434 380 460 de
394 444 471 471 poen.
498 434 652 461 Communis
666 444 730 460 usus
744 434 878 467 (omnibus
893 433 1042 459 bominibus
1056 433 1127 465 etc.).

287 478 317 505 fr.
337 480 378 503 24.
399 487 438 514 pr.
464 477 496 503 de
515 477 600 503 damu.
621 476 665 503 ins.
684 479 726 503 39.
744 479 769 503 2.
796 476 825 502 l'r.
844 478 868 502 ·3.
893 476 959 509 31.
986 486 1018 501 ne
1038 485 1080 512 qu.
1100 476 1127 501 in

288 521 345 547 loco
366 520 428 557 puh.
448 522 489 545 43.
509 523 532 545 Η.
554 535 586 538 -
605 520 636 552 §.
656 521 691 546 2.
721 521 888 555 l'ulgaris.
911 520 1126 550 Ordinarius,
1148 554 1149 558 Ἰ

287 565 448 590 Publicus.
477 562 495 588 I.
512 563 573 596 Sy.
594 562 689 595 Civile.
703 563 857 593 Commune,
877 561 1032 593 Romanum,
1052 562 1127 595 (ius).

287 606 317 632 I'r.
338 608 360 632 7.
382 605 414 632 de·
434 606 522 631 iniust.
542 610 611 642 rupt.
631 607 672 632 28.
691 608 716 632 3.
746 605 794 632 Th.
820 604 851 631 C.
870 604 941 631 XVI.
967 606 990 630 5.
1015 615 1036 631 c.
1058 606 1080 630 7.
1104 604 1126 638 3.
1148 607 1149 635 ἦ

285 651 327 675 23.
349 649 381 675 de
400 649 523 675 haeretic.
559 648 589 674 II.
611 650 677 682 Op.
698 648 871 675 Communes.
891 664 924 667 —
943 647 1016 674 Festi
1036 647 1126 679 (dies).
1149 659 1150 663 ¹

287 692 337 718 Th.
361 692 391 718 C.
415 690 474 718 ΧΥ.
498 694 522 718 4.
551 702 571 718 c.
594 693 615 717 1.
633 702 672 728 pr.
701 691 733 717 de
759 692 849 727 imagg.
874 690 938 728 Imp.
981 690 1127 717 Commune

285 735 422 767 auxilium.
443 740 468 761 et
487 745 586 761 merum
606 736 655 760 ius.
681 749 713 753 -—
737 733 981 760 Extraordinarium
1000 733 1127 767 (auxil.)

285 778 315 804 sr.
330 780 370 804 16.
389 788 429 815 pr.
449 778 482 804 de
500 779 592 804 minor.
613 779 636 802 4.
655 778 679 802 4.
711 776 832 804 Militare.
852 793 884 796 —
904 777 1050 803 Commune
1064 778 1127 810 (ius.
1149 791 1151 814 ³,

286 831 310 847 v.
331 821 456 847 delictum
476 822 551 853 etc.).
580 819 652 846 Paul.
672 819 713 845 III.
739 821 762 845 4.
782 819 814 845 Α.
838 820 859 853 3.
879 822 903 846 3.
928 819 958 846 fr.
978 821 1018 845 ll.
1037 829 1077 856 pr.
1097 819 1127 845 t'r.

1095 177 1203 209 COM.

1173 260 1268 286 munia.
1288 259 1318 286 fr.
1338 260 1380 285 83.
1399 269 1448 296 pro
1468 269 1522 286 soc.
1545 261 1584 285 17.
1603 261 1627 285 2.
1648 259 1678 286 [Γ.
1692 262 1714 286 5.
1736 260 1813 293 3.16.
1834 260 1866 287 de
1886 261 1940 288 reb.
1961 272 2014 288 eor.

1173 312 1215 338 qu.
1236 312 1256 328 s.
1277 307 1325 328 tut.
1348 303 1390 328 27.
1411 304 1434 328 9.
1476 302 1577 338 Aequis
1607 312 1639 328 ex
1664 302 1799 339 partibus,
1827 320 1860 323 —
1883 304 1934 330 Pro
1961 310 2015 331 rata

1172 350 1259 381 parte,
1285 354 1429 371 commune.
1463 344 1519 371 Gai.
1541 344 1571 371 II.
1595 346 1655 371 254.
1680 344 1722 371 III.
1745 347 1801 372 150.
1843 345 2016 373 Communem

1172 397 1277 414 servum
1296 398 1345 424 pro
1365 387 1495 414 dominica
1514 392 1588 424 parte
1608 387 1722 414 dominis
1742 388 1888 425 adquirere.
1916 389 1953 416 lb.
1972 390 2015 417 III.

1174 432 1230 456 167.
1269 429 1344 457 Vnus
1369 440 1401 456 ex
1424 429 1538 456 dominis
1565 432 1741 457 communium
1761 431 1908 465 (aedium).
1941 432 1971 459 fr.
1990 435 2014 460 2.

1172 473 1204 500 de
1223 474 1315 500 servit.
1335 474 1360 499 8.
1382 475 1403 499 l.

1208 516 1479 544 Communiter.
1508 515 1629 550 (Advb.)
1671 518 1712 551 §.⁴
1727 519 1761 544 1.
1797 519 2015 544 Generaliter.

1171 558 1200 585 II.
1226 560 1294 593 ΟΡ.
1322 559 1363 585 Ex
1383 558 1530 585 adfectione
1550 563 1576 585 et
1595 559 1709 586 utilitate
1729 560 1905 597 singulorum,
1926 560 2015 597 (fungi

1171 603 1256 639 pretia
1274 603 1387 635 rerum).
1416 601 1447 628 fr.
1467 603 1508 628 33.
1528 612 1568 639 pr.
1587 601 1620 628 ad
1639 601 1668 629 L.
1688 603 1757 639 Aqu.
1777 605 1800 629 9.
1820 605 1844 629 2.
1882 602 1924 629 HI.
1949 604 2015 631 Gn.

1171 644 1270 671 Eadem
1293 644 1404 671 dicenda
1427 649 1489 671 sunt.
1513 655 1605 671 comm.
1625 650 1651 672 et
1673 647 1700 672 in
1725 646 1848 672 onmibus
1867 646 1893 672 b.
1913 646 1930 672 f.
1950 646 2017 673 iudi-

1149 684 1150 691 *
1172 689 1228 714 ciis.
1248 687 1280 714 fr.
1294 689 1334 714 12.
1349 688 1370 722 3.
1387 689 1408 713 l.
1429 687 1520 724 depos.
1543 689 1582 714 16.
1598 690 1622 714 3.
1643 704 1675 708 —-
1695 689 1725 722 §-
1741 691 1776 715 2.
1798 690 2015 721 Conium-tim,

1172 733 1364 758 Iudiscrete.
1400 730 1442 756 III.
1464 731 1529 757 Cn·
1563 730 1691 767 Cognati,
1717 747 1749 751 -
1774 732 1849 768 quasi
1874 742 1924 758 una
1948 741 2016 758 com-

1171 775 1319 800 muniterve
1338 775 1400 800 nati.
1431 773 1461 800 fr.
1482 775 1506 800 4.
1532 774 1554 807 3.
1577 776 1598 800 l.
1625 773 1658 800 de
1677 773 1748 810 grad.
1769 779 1793 801 et
1813 773 1891 801 adfin.
1910 776 1953 801 38.
1975 777 2015 801 10.

1149 830 1150 833 ¹
1170 817 1200 843 In
1220 827 1270 853 qua
1291 818 1345 848 (sc.
1365 817 1489 849 civitate)
1514 818 1687 843 communiter
1706 816 1867 843 domicilium
1885 817 2017 844 habebant

283 866 326 890 20.
345 875 384 901 pr.
404 864 434 890 t'r.
453 866 495 890 25.
515 873 554 899 sq.
574 863 604 889 l'r.
624 865 665 889 34.
686 863 754 896 3.1.
775 862 808 888 de.
827 862 901 889 milit.
921 867 1023 889 testam.
1042 864 1084 888 29.
1106 864 1127 888 l.
1149 848 1151 875 ¹⁴
1173 860 1222 893 (V.
1242 865 1268 886 et
1287 859 1339 894 ι’.)
1371 859 1465 886 Iuliani
1484 860 1547 896 epit.
1567 870 1628 886 nov.
1648 870 1669 886 c.
1691 861 1748 886 108.
1769 860 1791 893 3.
1810 862 1870 886 389.
1912 861 2015 888 Colum.

285 907 314 934 t'r.
337 909 359 933 l.
380 907 412 933 de
431 911 545 933 veterau.
566 911 591 932 et
610 905 684 931 milit.
705 916 775 931 succ.
800 907 841 931 35.
864 907 903 932 12.
941 905 1039 932 Servus
1060 915 1128 931 com·
1149 896 1150 939 1
1172 903 1353 940 accipiendum
1372 908 1425 934 est.
1453 907 1504 928 tam
1528 903 1554 928 in
1579 902 1636 928 filio
1656 913 1734 939 quam
1753 904 1779 929 in
1799 912 1876 929 servo
1896 906 1949 937 (sc.
1969 913 2016 940 po-

285 951 370 977 munis
391 951 512 976 civitatis.
540 964 571 968 —
597 948 648 975 Pro
667 953 742 985 parte.
762 948 932 985 singulorum.
960 948 991 975 fr.
1011 950 1035 975 6.
1060 949 1074 982 3
1104 950 1126 974 l.
1149 948 1150 987 }
1171 947 1275 972 testatis
1294 946 1424 979 verbum).
1446 945 1476 971 fr.
1493 947 1515 971 1.
1529 946 1551 980 3
1565 947 1588 972 5.
1609 945 1641 971 de
1654 945 1740 982 pecul.
1762 947 1840 972 15.1.
1860 946 1892 972 cf.
1911 946 1942 973 I'r.
1957 948 2015 973 163.

285 993 318 1020 de
336 993 367 1019 R.
388 993 420 1019 D.
442 994 464 1018 l.
484 997 508 1018 δ.
545 991 588 1018 ΙΙΙ.
612 993 678 1019 (Vn.
707 991 744 1023 Si,
765 993 839 1028 quasi
858 993 977 1028 ingenua,
997 993 1127 1018 communi
1148 992 1150 1032 1
1171 989 1193 1023 3.
1214 991 1237 1015 1.
1258 989 1291 1016 de
1310 988 1341 1015 V.
1362 988 1390 1015 S.
1410 991 1451 1015 50.
1472 990 1512 1014 16.
1544 1004 1577 1007 —
1608 989 1638 1021 §-
1660 990 1696 1015 3.
1728 990 1764 1016 111
1790 991 2014 1016 conununioue.

285 1037 408 1073 opinione
428 1036 502 1062 vixit.
531 1045 552 1061 c.
572 1036 596 1061 6.
616 1045 648 1061 ne
668 1034 700 1061 de
719 1039 790 1060 statu
809 1034 924 1060 defunct.
950 1036 972 1061 7.
993 1037 1036 1061 21.
1075 1034 1126 1061 Pro
1148 1034 1149 1064 l
1170 1032 1189 1059 I.
1211 1034 1272 1066 Sy.
1300 1032 1330 1058 Iu
1349 1042 1492 1058 commune.
1512 1031 1543 1057 I'r.
1562 1032 1604 1057 31.
1625 1031 1656 1057 fr.
1670 1033 1712 1058 33.
1732 1042 1780 1069 pro
1800 1042 1854 1058 soc.
1876 1034 1916 1058 17.
1929 1034 1954 1058 2.
1985 1032 2015 1058 In

285 1078 398 1105 utilitate
422 1079 552 1105 communi
577 1078 754 1114 (receptum).
801 1077 938 1103 Adversus
964 1088 1127 1104 communem
1148 1068 1149 1108 1
1170 1075 1293 1101 solidum·
1320 1085 1341 1101 c·
1363 1076 1385 1101 l.
1406 1084 1464 1111 sqq.
1486 1073 1518 1100 de
1538 1073 1616 1100 duob·
1638 1075 1698 1101 reis·
1719 1078 1743 1101 δ’.
1763 1076 1805 1101 40.
1835 1075 1866 1101 ΙΙ.
1883 1076 1949 1109 Op.
1969 1074 2016 1101 Se-

285 1121 424 1148 utilitatem
443 1121 596 1158 (accipere).
615 1120 646 1147 fr.
666 1122 707 1146 51.
727 1120 749 1154 3.
769 1122 793 1146 2.
813 1120 845 1146 ad
864 1119 893 1146 L.
914 1121 982 1157 Aqu.
1002 1122 1026 1148 9.
1046 1123 1070 1147 2.
1095 1121 1125 1148 fr.
1170 1119 1281 1155 paratim
1301 1118 1421 1154 (gerere,
1441 1128 1465 1144 V-
1487 1117 1525 1143 ufi
1544 1118 1620 1150 Bm)-
1649 1116 1679 1143 fr.
1699 1119 1742 1144 31.
1766 1117 1783 1144 l.
1809 1120 1849 1144 17.
1869 1120 1893 1144 2.
1923 1117 1953 1144 fr.
1974 1119 2015 1144 14.

283 1167 308 1191 3.
329 1165 351 1198 3.
371 1166 395 1190 2.
417 1164 449 1190 de
468 1164 548 1190 feriis.
571 1165 596 1190 2.
617 1166 657 1190 12.
700 1163 759 1189 ‘Non
780 1167 808 1189 ut
826 1164 867 1189 ius
887 1173 1024 1190 commune.
1042 1165 1127 1201 priva·
1171 1161 1203 1187 de
1222 1171 1272 1188 usu
1291 1165 1317 1187 et
1336 1160 1403 1187 usus.
1428 1160 1477 1196 leg.
1501 1162 1543 1186 33.
1563 1161 1587 1186 2.
1624 1159 1665 1186 Ex
1685 1171 1752 1187 asse.
1783 1172 1804 1188 c.
1823 1163 1848 1188 3.
1873 1160 1906 1187 de
1926 1160 2015 1187 collat.

285 1213 371 1234 torum
390 1207 471 1233 fiscus
491 1208 598 1234 amittat.
619 1206 649 1233 fr.
662 1208 704 1233 37.
725 1206 758 1232 de
771 1207 827 1232 iure
841 1206 907 1232 fisci.
927 1208 968 1233 49.
984 1208 1024 1234 14.
1049 1207 1127 1234 Com·
1170 1204 1242 1230 fund·
1263 1206 1303 1230 ll-
1323 1205 1365 1230 64-
1401 1203 1444 1230 lll-
1465 1205 1530 1231 Gn.
1561 1202 1663 1229 comm·
1683 1203 1787 1230 duobus
1807 1204 1901 1240 legare.
1922 1203 1952 1230 fr.
1973 1205 2014 1230 56.

283 1251 355 1277 muni
384 1251 440 1276 iure
470 1251 496 1276 in
520 1251 635 1287 priorem
660 1249 806 1276 debitorem
833 1250 856 1275 ei
880 1250 948 1276 actio
969 1252 1124 1277 restituitur.
1148 1228 1149 1279 1
1170 1257 1209 1284 pr-
1230 1246 1263 1273 de
1283 1246 1314 1272 V-
1336 1246 1368 1272 Ο.
1388 1248 1467 1273 45.1.
1488 1247 1518 1274 fr.
1539 1248 1580 1273 36.
1600 1257 1639 1284 pr.
1661 1246 1693 1273 de
1712 1246 1787 1273 milit.
1806 1251 1908 1273 testam.
1927 1249 1970 1273 29.
1992 1249 2013 1273 l.

284 1294 314 1320 sr.
337 1296 377 1320 12.
398 1293 430 1320 de
449 1295 541 1320 minor.
562 1295 585 1319 4.
599 1295 623 1319 4.
660 1292 758 1319 Vivant
776 1293 832 1319 iure
851 1295 990 1326 communi,
1009 1294 1127 1320 scribant
1148 1294 1149 1320 1
1171 1290 1272 1316 Coum]-
1293 1289 1429 1316 dimidium
1447 1291 1482 1316 ita
1502 1290 1599 1317 habere
1619 1295 1667 1317 etc.
1688 1290 1718 1316 fr.
1733 1291 1757 1316 9.
1777 1289 1809 1316 de
1822 1289 1891 1326 vulg.
1912 1295 1938 1316 et
1950 1300 2014 1328 pup.

284 1338 382 1374 pariter
401 1348 430 1363 ac
449 1336 598 1363 scribantur
622 1335 740 1362 heredes.
774 1335 824 1361 Th.
849 1335 880 1362 C.
899 1336 970 1363 XVI,
994 1339 1018 1363 5,
1043 1347 1064 1363 c,
1083 1339 1125 1364 23,
1148 1358 1149 1362 ,
1170 1336 1211 1360 28.
1231 1335 1255 1359 6.
1293 1333 1323 1359 Si
1342 1343 1433 1359 comm.
1454 1333 1531 1360 nobis
1552 1333 1660 1360 obvenit
1680 1332 1824 1366 (hereditas
1839 1334 1910 1365 etc.).
1929 1332 1960 1359 fr.
1971 1335 2014 1360 31.

284 1380 317 1407 de
327 1379 449 1406 haeretic.
465 1396 497 1399 —
511 1380 541 1413 §-
556 1380 592 1406 3.
614 1381 828 1411 Coniunctus,
850 1381 990 1406 Mutuus.
1010 1379 1040 1405 Il.
1058 1381 1125 1414 Op.
1148 1386 1149 1390 ¹
1170 1386 1218 1414 pro
1239 1386 1293 1402 soc.
1314 1377 1354 1402 17.
1374 1378 1398 1401 2.
1436 1375 1486 1402 Per
1506 1387 1595 1413 quem,
1615 1381 1745 1412 tamquam
1765 1376 1791 1401 in
1811 1376 1917 1412 repuh.,
1943 1376 2015 1413 quod

285 1423 425 1450 Communi
445 1425 606 1455 (consensu.
625 1432 650 1448 v.
671 1422 815 1454 consilio),
841 1438 873 1442 —
899 1422 1019 1459 Proprie.
1051 1423 1081 1449 fr.
1102 1424 1124 1449 7.
1172 1420 1344 1446 communiter
1363 1420 1403 1455 agl
1422 1419 1534 1456 fierique
1553 1423 1681 1456 oporteat,
1702 1423 1799 1455 ³g³U¹1⁸2
1819 1418 1872 1445 fiat·
1898 1418 1928 1445 fi·-
1948 1420 1972 1446 l·
1991 1419 2013 1453 ς-

283 1467 305 1500 3.
327 1469 366 1493 19.
387 1466 418 1493 de
437 1470 505 1502 pact.
524 1468 548 1491 2.
570 1466 610 1491 14.
640 1464 670 1491 fr.
693 1467 732 1491 15.
758 1466 779 1499 3.
799 1468 823 1492 2.
849 1466 900 1501 Qu.
920 1467 946 1492 vi
967 1470 1010 1492 aut
1029 1465 1061 1492 cl.
1081 1467 1123 1492 43.
1173 1465 1194 1489 1.
1221 1463 1274 1498 Qu.
1300 1463 1349 1488 cui.
1370 1463 1440 1488 univ.
1465 1472 1534 1489 nom.
1558 1465 1582 1488 3.
1603 1463 1627 1488 4.
1670 1461 1771 1488 Comm.
1796 1472 1838 1488 res
1863 1463 1903 1499 agi
1924 1467 2015 1500 potest

283 1511 325 1535 24.
362 1509 464 1541 Filium,
484 1508 598 1534 filiamve
618 1518 794 1541 communem,
816 1526 844 1529 —
866 1509 907 1535 Ex
925 1509 976 1535 alio
994 1510 1125 1535 matrimo-
1147 1505 1148 1510 ¹
1170 1507 1247 1533 etiam
1267 1507 1332 1532 citra
1350 1506 1512 1532 societatem.
1538 1505 1569 1532 fr.
1588 1506 1630 1531 31.
1651 1504 1668 1531 1.
1690 1507 1730 1531 17.
1748 1507 1772 1531 2.
1810 1504 1875 1531 Post
1895 1506 2015 1533 commis-

284 1553 327 1578 nio
347 1552 446 1578 liberos
467 1551 597 1585 (habere).
626 1551 687 1588 le.
706 1551 766 1578 XV.
791 1553 813 1578 1.
833 1551 903 1578 XVI.
931 1554 953 1578 1.
990 1552 1032 1578 III.
1058 1554 1124 1580 Cn.
1146 1543 1148 1591 ἐ

284 1594 451 1621 individuum
471 1595 587 1621 officium
606 1599 632 1621 et
646 1605 782 1621 commune
794 1594 941 1632 periculum
955 1596 1124 1632 (suscipere).

284 1638 314 1665 fr.
337 1640 376 1664 13.
397 1637 430 1664 ad
448 1639 543 1664 munic.
563 1639 604 1664 50.
626 1639 648 1664 1.
690 1637 777 1664 Vnum
801 1647 860 1664 esse
883 1637 1015 1669 relictum,
1039 1648 1125 1675 neque

284 1691 330 1707 eos
350 1681 493 1717 quidquam
513 1680 580 1707 ultra
599 1680 665 1706 hanc
685 1680 793 1706 formam
813 1681 838 1706 in
857 1691 935 1707 cursu
948 1680 1044 1707 habere
1058 1691 1125 1707 com·
1146 1697 1147 1708 ἢ

284 1734 368 1750 mune.
398 1723 448 1750 Th.
467 1723 498 1750 C.
524 1723 567 1750 VI.
595 1719 639 1750 ‘291
663 1734 683 1749 c.
705 1725 727 1749 7.
752 1723 785 1750 de
809 1725 904 1750 curios.
943 1724 984 1750 De
1002 1724 1124 1762 pluribus
1146 1715 1147 1739 3

284 1768 482 1798 controversiis,
502 1765 568 1792 nihil
587 1766 638 1792 sihi
658 1766 849 1799 conununibus.
869 1768 983 1800 (sumtus
1005 1768 1122 1801 arbiter).

283 1810 368 1836 sr.21.
383 1820 421 1847 pr.
442 1809 475 1836 de
494 1819 544 1836 rec.
565 1819 607 1846 qu.
628 1809 682 1835 arb.
703 1810 726 1835 4.
741 1810 765 1835 8.
802 1809 831 1836 Si
851 1811 916 1836 socii
936 1811 997 1842 sint,
1018 1815 1043 1836 et
1057 1821 1125 1837 com-

284 1854 368 1879 munis
388 1852 463 1889 culpa
484 1853 642 1878 intercessit.
669 1852 698 1878 fr.
719 1853 742 1878 9.
762 1852 828 1885 3.1.
849 1852 882 1879 de
901 1852 979 1880 duob.
1000 1855 1060 1880 reis.
1080 1856 1121 1880 45.

283 1898 307 1922 2.
350 1896 379 1922 Si
404 1905 565 1921 communem
588 1896 698 1921 amicum
723 1895 773 1926 (ad
797 1905 904 1922 coenam
927 1897 1124 1923 invitaverimus

285 1939 360 1971 οἱα).
390 1937 420 1964 sr.
441 1940 481 1964 ls.
505 1948 544 1975 pr.
565 1938 692 1964 commod.
719 1940 758 1964 13.
778 1939 802 1964 6.
833 1938 864 1964 cf.
885 1938 915 1965 fr.
936 1941 976 1965 76.
1001 1949 1049 1976 pro
1068 1950 1122 1966 soc.

288 1984 325 2008 17.
345 1984 369 2007 2.
407 1981 442 2007 Se
461 1982 573 2007 miscere
591 1985 714 2017 paternae
734 1980 885 2013 hereditati,
910 1997 942 2001 --
967 1987 993 2008 et
1012 1993 1124 2009 commu-

285 2025 326 2050 nis
346 2025 429 2061 patris
455 2024 572 2050 dividere
596 2023 774 2050 hereditatem.
807 2023 879 2050 Paul.
900 2023 931 2050 Υ.
952 2026 975 2051 9.
1001 2025 1023 2058 3.
1042 2027 1066 2051 4.
1091 2026 1122 2052 cf.

285 2077 306 2094 c.
326 2069 349 2094 9.
371 2077 391 2093 c.
413 2069 452 2093 12.
473 2077 513 2104 sq.
534 2067 566 2094 de
585 2066 672 2093 collat.
692 2068 715 2092 6.
735 2068 776 2093 20.
814 2066 932 2093 fratrem
951 2078 1123 2099 communem,

285 2120 317 2136 ex
337 2121 405 2136 novo
424 2112 571 2148 parentium
589 2111 754 2136 matrimonio
774 2115 934 2147 susceptum,
955 2110 1058 2137 babere.
1092 2111 1122 2137 sr.

284 2155 325 2179 34.
345 2153 401 2186 32.
422 2153 454 2179 de
467 2153 497 2179 R.
517 2152 548 2179 N.
568 2155 609 2179 23.
622 2155 646 2179 2.
680 2153 802 2181 onrem.
821 2163 845 2179 v.
859 2155 978 2180 maritum
993 2164 1076 2186 suum,
1098 2159 1123 2181 et
1145 2170 1147 2191 3

285 2195 368 2222 filium
383 2206 544 2222 communem
559 2212 591 2215 —
602 2195 712 2222 heredes
726 2197 871 2223 instituere..
890 2196 920 2223 fr.
931 2199 972 2223 25.
984 2207 1023 2234 pr.
1043 2197 1073 2223 fr.
1081 2199 1122 2224 95.

286 2249 325 2276 pr.
346 2239 377 2265 ad
396 2238 425 2266 L.
446 2239 514 2266 Falc.
533 2241 575 2265 35.
594 2241 618 2266 2.
639 2239 669 2266 fr.
684 2240 724 2265 78.
746 2239 783 2272 33.
802 2240 826 2265 9.
847 2241 887 2265 14.
907 2239 939 2266 ad
955 2240 982 2267 S.
997 2240 1027 2267 C.
1043 2240 1122 2267 Treb.

284 2283 326 2308 36.
349 2283 370 2307 1.
391 2297 423 2300 -
445 2282 475 2314 §-
502 2283 539 2308 4.
569 2284 616 2308 Aa
632 2285 744 2317 plnres
766 2284 952 2316 pertinens,
970 2293 1028 2317 pro
1045 2293 1123 2318 par>

286 2327 373 2351 tibus
401 2326 567 2351 indit-«isis.
605 2325 623 2351 I.
650 2326 710 2360 Sy.
744 2324 873 2357 plurium,
897 2335 921 2352 v.
941 2326 1123 2362 Singulorum,

285 2377 334 2405 pro
354 2367 473 2405 partibus
493 2368 621 2394 indivisis.
650 2367 681 2394 fr.
700 2369 741 2394 23.
768 2368 800 2394 de
819 2369 845 2394 in
864 2369 905 2394 ius
923 2378 981 2395 voc.
1000 2371 1024 2395 2.
1044 2370 1068 2395 4.
1093 2368 1122 2395 fr.

285 2414 309 2436 5.
331 2411 413 2444 316.
434 2410 466 2436 de
486 2410 539 2436 1-‹-b.
560 2421 612 2436 eor.
633 2421 675 2447 qu.
690 2421 710 2437 s.
727 2416 773 2437 tut.
793 2413 834 2437 27.
849 2413 872 2437 9.
892 2411 922 2437 sr.
936 2413 960 2437 5.
981 2411 1013 2437 de
1032 2411 1121 2448 stipul.
1144 2426 1146 2440 ψ

285 2464 353 2479 serv.
373 2455 414 2479 45.
433 2456 457 2479 3.
495 2453 537 2479 III.
552 2454 617 2480 (Ἰι.
646 2455 698 2489 Qui
719 2455 797 2480 iuret:
823 2464 921 2486 „suum
948 2464 1000 2480 nou
1025 2460 1122 2481 esse-⁰

287 2496 399 2522 adiicere·
418 2496 509 2522 debet:
534 2506 642 2532 ..neque
666 2497 716 2523 sibi
741 2508 876 2524 commune
894 2500 984 2524 esse.··'
1014 2498 1043 2524 t'r.
1063 2500 1121 2524 239.

286 2540 307 2572 3.
326 2542 349 2565 9.
371 2540 402 2565 de
421 2540 451 2566 Y.
467 2540 493 2566 S.
514 2541 555 2565 50.
576 2540 615 2564 16.
644 2538 716 2565 Nihil
730 2541 846 2572 interest.
866 2551 924 2567 cum
937 2541 1070 2572 societate,
1090 2550 1121 2566 an

287 2583 343 2607 sine
363 2584 489 2608 societate
508 2592 550 2608 res
569 2582 637 2608 inter
655 2581 757 2617 aliquos
777 2585 920 2610 communis
939 2584 981 2609 sit.
1002 2582 1032 2609 fr.
1045 2585 1068 2609 2.
1083 2593 1121 2620 pr.

289 2634 379 2650 comm.
400 2625 451 2652 div.
474 2627 513 2651 10.
532 2627 557 2652 3.
595 2624 624 2651 Si
647 2625 715 2651 inter
740 2627 841 2652 vicinos
865 2637 897 2653 ex
917 2627 1045 2652 communi
1065 2627 1121 2652 rivo

289 2677 353 2703 aqua
367 2667 483 2695 ducatur.
505 2668 575 2695 l’aul.
590 2667 621 2694 Υ.
636 2670 659 2694 6.
674 2668 695 2701 3.
709 2669 733 2694 9.
762 2668 790 2694 Si
810 2670 952 2695 communis
973 2678 1014 2695 res
1034 2669 1076 2700 sit,
1097 2673 1122 2695 et

288 2711 376 2736 socius
396 2711 427 2736 ad
447 2711 602 2737 divisionem
622 2716 755 2748 provocet.
777 2710 805 2737 I'r.
824 2714 843 2737 1.
863 2712 885 2745 3.
904 2714 928 2737 2.
949 2711 981 2738 de
1000 2712 1053 2737 reb.
1069 2722 1121 2737 eor.

288 2763 330 2789 qu.
352 2763 372 2779 s.
393 2758 440 2779 tut.
459 2756 500 2779 27.
521 2756 544 2780 9.
587 2754 616 2780 Si
636 2755 703 2780 inter
726 2764 765 2779 me
790 2759 815 2779 et
839 2759 863 2779 te
887 2764 1036 2780 communes
1061 2759 1121 2780 sunt

289 2795 401 2829 (aedes).
421 2795 450 2821 fr.
470 2798 511 2822 27.
531 2807 569 2833 pr.
590 2796 622 2823 dc
641 2798 668 2823 S.
689 2796 716 2823 P.
737 2795 768 2823 V.
788 2800 812 2823 ὅ.
830 2800 855 2823 2.
875 2796 906 2823 cf.
928 2797 956 2823 I'r.
976 2798 1018 2822 40.
1038 2797 1070 2823 de
1091 2796 1123 2823 N.

289 2838 320 2866 G.
339 2840 364 2865 3.
383 2841 407 2865 5.
444 2838 494 2865 Pro
518 2839 632 2866 indiviso
656 2850 798 2866 commune.
823 2855 855 2859 -
880 2838 931 2866 Pro
950 2839 1036 2865 diviso
1056 2849 1122 2865 com-

1169 1560 1228 1576 sum
1246 1549 1419 1590 communiter
1437 1548 1547 1574 facinus.
1569 1558 1590 1574 c.
1611 1549 1636 1574 4.
1656 1547 1689 1574 de
1708 1549 1855 1584 quaestion.
1875 1549 1899 1574 9.
1918 1550 1960 1574 41.

1206 1593 1479 1620 Communitus.
1509 1590 1641 1624 (Partic.)
1686 1593 1847 1623 Munitus,
1877 1593 2013 1618 Praedi-

1170 1642 1230 1662 tus.
1266 1635 1286 1661 I.
1305 1636 1366 1669 Sy.
1390 1634 1508 1661 munitus
1528 1635 1653 1667 (armatae
1666 1633 1774 1660 militiae
1787 1633 1928 1670 stipendiis
1941 1634 2012 1668 etc.).

1146 1678 1147 1695 ἶ
1171 1677 1220 1704 Th.
1242 1677 1273 1704 C.
1293 1677 1324 1704 Π.
1343 1679 1385 1704 23.
1406 1688 1427 1704 c.
1450 1680 1470 1703 1.
1491 1687 1530 1714 pr.
1551 1676 1583 1703 de
1601 1676 1632 1703 R.
1654 1676 1684 1703 V.
1705 1676 1773 1703 Vffl.
1795 1678 1817 1703 1.
1837 1687 1859 1703 c.
1874 1678 1896 1703 7.
1917 1676 1950 1703 de
1968 1687 2013 1704 nu-

1169 1730 1260 1747 merar.
1280 1725 1376 1747 actuar.

1205 1764 1460 1791 Commutare.
1494 1763 1524 1796 §-
1542 1764 1576 1789 1.
1605 1765 1805 1790 Permutat-2.
1836 1762 1929 1798 LSy.
1952 1762 2013 1790 Per-

1169 1812 1268 1833 mutare
1287 1808 1388 1840 (vinum
1408 1816 1455 1843 pro
1476 1806 1535 1832 oleo
1555 1807 1617 1839 etc.)
1637 1806 1668 1832 sr.
1688 1809 1711 1832 δ.
1732 1806 1754 1840 3.
1773 1807 1815 1832 24.
1836 1806 1868 1832 de
1887 1811 2011 1833 transact.

1169 1854 1192 1876 2.
1213 1852 1253 1876 15.
1294 1849 1337 1876 111.
1358 1850 1423 1877 Cn.
1453 1849 1507 1884 Qui
1525 1859 1626 1875 merces
1647 1849 1756 1875 emendo
1776 1854 1854 1886 atque
1872 1849 2011 1877 vendendo

1169 1897 1358 1919 commutantes
1378 1897 1427 1919 etc.
1457 1892 1507 1919 Th.
1522 1891 1552 1918 C.
1566 1892 1636 1918 XIII.
1658 1894 1680 1918 1.
1701 1902 1722 1918 c.
1736 1894 1760 1918 8.
1781 1892 1813 1918 de
1826 1892 1902 1919 lustr.
1923 1892 2009 1919 collat.

1169 1952 1201 1955 ——
1226 1936 1257 1969 §-
1284 1937 1319 1962 2.
1354 1937 1626 1971 Trausformure,
1656 1937 1790 1962 Sonare.
1826 1934 1845 1961 l.
1867 1937 1928 1970 Sy.
1956 1935 2011 1962 Mu-

1170 1984 1232 2005 tare.
1264 1978 1295 2005 fr.
1316 1980 1356 2005 76.
1381 1978 1413 2005 de
1437 1978 1516 2005 iudic.
1540 1980 1564 2004 5.
1590 1980 1612 2004 1.
1655 1977 1799 2009 Perimere,
1824 1977 2009 2015 Corrumpcre.

1170 2022 1226 2048 Gai.
1247 2021 1265 2048 I.
1286 2024 1343 2048 158.
1365 2023 1422 2048 163.
1459 2021 1501 2047 III.
1517 2022 1582 2048 011.
1611 2020 1727 2046 Priorem
1747 2021 1903 2057 scripturam
1922 2025 2010 2058 poste-

1168 2066 1238 2091 riore
1252 2066 1390 2100 corrigere,
1410 2068 1579 2095 commutare,
1599 2063 1758 2089 rescindere.
1778 2063 1808 2090 fr.
1825 2065 1864 2090 17.
1885 2063 1917 2090 de
1932 2063 2009 2091 adim.

1168 2107 1244 2143 legat.
1263 2109 1305 2133 34.
1325 2110 1348 2133 4.
1386 2107 1428 2133 Ad
1448 2116 1491 2132 eas
1511 2106 1581 2142 leges
1601 2105 1710 2137 addere,
1735 2111 1906 2139 commutare.
1931 2108 2010 2133 corri-

1168 2160 1236 2187 gere.
1262 2150 1303 2176 Ct'.
1323 2160 1348 2176 v.
1368 2149 1481 2176 Addere.
1502 2149 1568 2182 3.1.
1605 2147 1645 2175 Ne.
1668 2149 1732 2175 iuris
1755 2150 1871 2184 gentium
1894 2149 2009 2186 regulam

1168 2193 1210 2220 vel
1229 2193 1272 2220 lex
1291 2192 1390 2229 aliqua,
1413 2192 1455 2219 vel
1480 2192 1551 2229 quod
1570 2191 1635 2228 legis
1654 2193 1738 2218 vicem
1757 2192 1875 2225 obtinet.
1895 2203 2009 2220 commu-

1145 2236 1147 2245 *
1170 2237 1271 2263 taverit.
1301 2236 1358 2262 Gai.
1377 2236 1396 2262 1.
1416 2238 1457 2262 83.

1206 2279 1470 2307 commutatio.
1508 2279 1539 2312 §-
1562 2280 1597 2305 1.
1626 2280 1842 2305 Permutatio.
1878 2278 1920 2305 ΠΙ.
1942 2280 2007 2307 Gn·

1169 2322 1222 2349 Seu
1245 2323 1372 2354 emtione,
1396 2332 1443 2349 seu
1467 2322 1680 2348 commutatione.
1710 2330 1776 2357 quae
1799 2321 1882 2348 instar
1906 2322 2008 2349 obtinet

1168 2366 1303 2397 emtionis,
1323 2375 1369 2392 seu
1388 2365 1537 2396 donatione,
1557 2373 1604 2390 seu
1624 2363 1674 2389 alio
1689 2363 1808 2400 quolibet
1822 2364 1908 2392 titulo.
1938 2365 2006 2393 Nov-

1144 2406 1147 2425 1
1168 2408 1225 2435 Yal.
1244 2408 1286 2434 III.
1307 2408 1339 2434 de
1359 2408 1475 2434 confirm.
1503 2407 1527 2433 h.
1549 2417 1590 2443 qu.
1612 2407 1708 2433 admin.
1734 2407 1764 2433 II.
1783 2409 1825 2433 32.
1851 2418 1871 2434 c.
1893 2410 1915 2434 1.
1940 2408 1962 2442 3.
1981 2410 2005 2435 4.

1168 2452 1199 2478 cf.
1223 2451 1316 2488 Neque
1341 2451 1409 2478 dom.
1434 2450 1486 2477 div.
1514 2449 1544 2476 ΙΙ.
1570 2452 1610 2476 10.
1638 2460 1658 2476 r.
1685 2452 1706 2476 l.
1731 2451 1752 2484 3.
1779 2452 1801 2476 l.
1843 2450 2006 2478 Mercimonii

1168 2496 1343 2521 commutatio.
1376 2493 1424 2520 Th.
1445 2492 1476 2520 C.
1495 2492 1564 2519 XIII.
1587 2495 1608 2519 l.
1631 2504 1652 2519 e.
1673 2495 1695 2519 7.
1717 2493 1749 2519 de
1768 2493 1844 2520 lustr.
1864 2493 1952 2520 collat.
1973 2511 2004 2514 -

1167 2539 1197 2571 §-
1218 2539 1253 2564 2.
1284 2538 1442 2568 Mutatio,
1464 2537 1612 2562 Namatio.
1644 2535 1687 2562 III.
1702 2537 1768 2564 Gn.
1796 2536 1825 2562 Si
1845 2537 1932 2574 aliqua
1951 2547 2005 2564 ces-

1167 2582 1206 2607 sio
1226 2582 1283 2607 sine
1301 2589 1471 2618 personarum
1491 2580 1693 2605 coimnutatione
1712 2579 1941 2616 p1·0cessit.›Nov.
1955 2579 2004 2606 Va-

1168 2624 1229 2651 lent.
1248 2624 1291 2650 III.
1311 2623 1343 2649 dc
1362 2622 1446 2648 coion.
1466 2632 1522 2657 vag.
1542 2622 1572 2648 11.
1591 2624 1633 2648 31.
1654 2633 1675 2649 c.
1697 2624 1719 2649 1.
1739 2623 1761 2656 3.
1781 2625 1804 2649 4.

1203 2667 1421 2695 comoedus.
1460 2667 1705 2692 comoediarum
1733 2672 1835 2692 actor.
1871 2665 1913 2692 III.
1937 2666 2002 2693 Cn.

1168 2711 1197 2737 Si
1216 2720 1248 2737 ex
1266 2708 1392 2746 gemellis,
1413 2707 1454 2734 vel
1474 2719 1505 2735 ex
1526 2708 1673 2740 comoedis,
1693 2707 1734 2734 vel
1756 2719 1787 2735 cx
1807 2707 2002 2744 symphoniacis

1167 2763 1233 2780 unus
1253 2753 1357 2779 occisus
1377 2752 1461 2778 fuerit.
1492 2752 1548 2778 Gai.
1568 2751 1610 2778 III.
1630 2753 1688 2777 212.
1714 2751 1745 2777 I'r.
1765 2753 1805 2778 22.
1830 2751 1851 2785 3.
1873 2753 1894 2777 1.
1919 2751 1951 2777 ad
1971 2750 2000 2777 L.

1166 2797 1234 2832 Aqu.
1253 2797 1277 2822 9.
1297 2798 1321 2822 2.
1359 2794 1496 2827 Comoedi,
1515 2795 1559 2822 vel
1577 2795 1681 2822 chorus.
1707 2794 1737 2821 I'r.
1757 2796 1798 2820 34.
1818 2803 1857 2830 pr.
1878 2794 1943 2827 3.1.
1969 2793 2002 2820 de

1167 2838 1231 2865 Aed.
1252 2838 1327 2865 edict.
1347 2840 1388 2864 21.
1409 2840 1431 2864 1.
