2197 3121
1043 160 1140 193 CRE.

232 244 256 268 2.
276 244 316 269 14.
354 241 435 277 Quod
454 240 535 268 semel
555 242 656 268 remisit
675 241 790 268 creditor
809 241 922 268 debitori
942 251 989 269 suo
1009 242 1036 269 b.
1055 242 1071 269 f.

233 284 263 311 fr.
284 287 307 311 7.
331 285 415 318 3.10.
441 284 475 311 ib.
494 286 519 310 2.
540 286 580 310 14.
627 284 681 319 Qui
708 285 735 310 in
765 284 881 312 fraudem
904 285 1072 317 creditorum,

231 327 274 354 vel
292 328 319 353 in
337 327 454 353 fraudem
473 328 577 364 patroni
596 328 763 353 manumittit.
792 327 849 353 Gai.
869 327 887 353 I.
906 329 948 354 37.
986 327 1016 354 Id
1034 328 1072 354 in-

232 375 272 396 ter
290 374 390 407 patrem
410 369 590 401 dominumve,
611 370 633 395 si
653 369 717 406 quid
736 371 759 396 ei
779 370 926 402 debebitur,
945 376 971 397 et
990 376 1072 397 caete-

231 422 276 439 ros
296 412 452 444 creditores,
473 427 505 431 -—
524 411 704 438 distribuatur.
732 411 769 439 Ib.
790 411 834 438 IV.
855 414 895 438 72.
915 423 954 449 sq.
990 413 1029 445 Is,
1058 424 1071 440 a

232 465 283 492 quo
304 455 418 482 creditor
437 459 521 481 totum
539 455 612 491 petit.
642 454 678 481 lb.
698 454 740 481 111.
762 457 819 481 122.
839 454 870 481 fr.
889 457 931 481 30.
952 456 974 489 3.
996 458 1018 482 1.
1038 455 1071 482 de

231 503 299 535 pact.
318 500 342 524 2.
364 499 404 524 14.
442 496 471 523 Si
493 498 576 534 parati
601 498 654 523 sint
678 497 821 524 creditores
845 499 972 534 consequi
996 500 1071 535 (par-

230 545 283 566 tem
303 551 336 567 ex
354 540 452 573 bonis).
474 539 504 566 fr.
524 541 566 566 60.
586 540 620 566 ib.
640 542 721 566 214.
741 555 774 559 —-
793 539 823 572 §-
843 540 878 566 2.
899 541 943 572 Is,
962 543 1016 567 cui
1034 551 1070 568 ex

230 589 340 609 mutuo
368 585 504 609 debetur.
553 582 572 609 I.
601 584 662 617 Sy.
703 583 757 618 Qui
783 583 921 619 pecuniam
949 583 1068 610 credidit.

230 626 261 652 fr.
287 628 328 652 ll.
361 625 393 652 de
418 624 448 651 V.
475 624 502 651 S.
537 627 578 651 50.
604 627 643 652 16.
695 625 737 651 HI.
766 626 832 652 Gn.
873 624 989 658 Vsurmz,
1014 628 1069 663 qui-

230 669 280 696 bus
300 668 358 695 aliis
384 667 453 694 idem
478 667 594 694 creditor
617 667 786 694 soenerasset.
815 667 846 693 fr.
865 669 906 694 38.
932 668 964 695 de
984 668 1015 695 N.
1036 669 1067 696 G.

229 713 253 738 3.
273 714 297 738 5.
333 710 466 737 Mandavit
485 712 622 747 pecuniam
642 711 761 747 accipere
779 715 907 742 mutuam,
933 713 1007 738 cuius
1027 711 1069 738 lit-

229 760 299 781 teras
319 753 433 780 creditor
453 758 560 780 secutus
580 754 717 780 contraxit.
746 752 777 779 fr.
797 754 838 779 31.
858 763 897 790 pr.
923 753 954 779 cf.
974 754 1005 780 fr.
1025 756 1067 781 36.

229 797 264 823 ib.
283 798 308 822 3.
322 798 345 822 5.
366 812 398 815 —
419 796 449 828 §-
465 797 502 822 3.
522 798 568 828 Is,
587 798 640 823 cui
657 805 706 822 res
723 797 880 831 pignoris
899 798 970 823 iare
988 799 1066 823 ohli-

225 846 308 875 gata
327 845 380 866 est.
417 838 460 864 llI.
476 839 541 866 Cn.
570 838 633 865 Sive
651 838 750 864 domini
769 839 830 870 sint,
850 839 907 865 sive
923 838 1022 875 aliquid
1040 840 1067 866 in
1089 843 1091 860 ἴ

229 892 257 909 ea
276 892 304 908 re
322 882 363 907 ius
383 881 507 913 habeant..
532 881 615 918 qualis
640 886 681 907 est
700 880 830 912 creditor.
857 886 882 907 et
900 880 1066 913 fructuarius.

228 930 254 951 et
272 924 476 961 superficiarius.
498 924 528 951 fr.
544 926 583 951 19.
597 934 635 961 pr.
656 924 688 950 de
708 923 793 950 damn.
813 923 858 950 inf.
877 925 919 950 39.
938 927 962 951 2.
984 925 1016 951 cl'.
1036 925 1066 951 fr.

226 969 268 994 27.
289 968 319 994 sr.
338 969 379 993 30.
406 966 438 993 de
457 977 517 993 nox.
537 972 586 994 act.
609 969 633 993 9.
653 968 677 993 4.
720 966 750 993 Si
769 966 874 993 debitor
897 977 964 999 rem,
990 978 1067 1004 quam

228 1010 352 1037 creditori
372 1011 474 1047 pignori
493 1010 574 1042 dedit,
594 1010 763 1037 subtraxerit.
790 1008 847 1036 Gai.
867 1009 909 1036 111.
928 1012 988 1036 200.
1006 1012 1065 1037 204.

227 1054 296 1080 Cum
318 1053 412 1079 fiducia
437 1053 614 1085 contrahitur,
643 1057 686 1079 aut
710 1062 768 1078 cum
794 1052 925 1079 creditore
948 1054 1066 1090 pignoris

226 1098 290 1129 iure,
310 1101 353 1122 aut
372 1105 429 1121 cum
448 1097 539 1122 amico.
568 1096 605 1122 lb.
620 1096 650 1122 11.
664 1097 705 1121 60.
719 1097 778 1121 220.
798 1094 841 1121 ΠΙ.
861 1097 920 1122 201.
940 1096 972 1122 cf.
992 1096 1064 1123 Paul.

226 1139 256 1166 II.
277 1141 317 1165 13.
336 1138 374 1172 33.
388 1140 412 1164 3.
433 1148 491 1175 sqq.
529 1139 583 1174 Qui
602 1139 664 1165 olim
683 1143 776 1176 pactus
796 1143 845 1169 est.
866 1143 893 1164 ut
906 1138 999 1165 liceret
1012 1149 1066 1165 cre-

225 1182 304 1209 ditori
328 1183 422 1219 pignus
445 1181 572 1214 vendere,
598 1183 621 1208 si
643 1182 753 1219 pecunia
778 1191 831 1207 non
850 1180 975 1208 solvatur.
1008 1181 1064 1208 Gai.

224 1225 255 1252 II.
274 1226 316 1251 64.
353 1224 478 1251 Creditur
497 1240 530 1244 —-
548 1226 643 1262 pignus
663 1224 778 1250 dimittit.
808 1223 839 1250 fr.
861 1225 918 1250 158.
943 1224 975 1251 de
994 1224 1024 1251 R.
1045 1224 1063 1251 I.

223 1270 264 1294 50.
285 1269 325 1294 17.
362 1268 386 1294 A
406 1267 535 1294 creditore
554 1269 649 1304 pignus
668 1266 788 1293 liberare.
811 1266 843 1292 fr.
857 1268 881 1293 4.
902 1267 953 1302 Qu.
967 1269 1063 1304 potior.

222 1313 265 1337 20.
285 1312 309 1337 4.
333 1310 362 1336 fr.
382 1312 406 1336 5.
426 1311 447 1344 3.
469 1312 509 1337 12.
530 1310 658 1337 commod.
679 1311 718 1336 13.
739 1310 762 1335 6.
788 1325 820 1329 —
844 1311 875 1342 §0
896 1312 935 1337 4.
964 1313 1063 1337 Here-

223 1355 370 1381 ditarius
388 1356 538 1381 creditor.
576 1353 618 1379 IH.
634 1354 700 1380 011·
728 1352 811 1379 Heres
830 1358 925 1386 manet,
945 1358 970 1380 et
990 1354 1022 1380 ob
1037 1353 1063 1380 id

224 1396 400 1423 creditoribus
428 1397 486 1433 ipse
508 1396 649 1422 tenebitur.
683 1395 740 1422 Gai.
766 1396 808 1422 111.
833 1398 875 1422 85.
909 1396 941 1422 cs.
966 1396 996 1422 11.
1020 1398 1062 1423 35.

222 1438 285 1476 le.
303 1439 375 1465 XIX.
397 1440 437 1465 14.
473 1438 543 1465 Ante
567 1438 662 1465 aditam
686 1438 859 1466 hereditatem
882 1440 980 1476 pacisci
1005 1450 1063 1466 cum

223 1482 406 1509 creditoribus.
430 1481 461 1508 fr.
482 1484 505 1508 7.
525 1483 562 1516 33.
584 1484 623 1508 17.
644 1492 703 1518 sqq.
723 1482 756 1509 de
774 1488 843 1520 pact.
862 1484 886 1508 2.
901 1484 941 1508 14.
979 1482 1063 1509 51116-

222 1535 265 1552 res
284 1535 342 1551 cum
361 1524 537 1551 creditoribus
558 1524 694 1551 deciderit.
714 1524 744 1551 fr.
764 1527 788 1552 3.
810 1526 832 1559 3.
854 1527 877 1551 1.
897 1525 929 1551 ad
947 1524 977 1551 L.
992 1525 1061 1552 Falc.

222 1570 263 1594 35.
282 1570 306 1594 2.
344 1568 378 1594 Et
397 1567 532 1594 debitores
552 1569 706 1600 convenire,
731 1573 757 1594 et
775 1569 832 1605 ipse
851 1578 864 1594 a
884 1567 1061 1595 creditoribus

224 1610 357 1637 c'onveuiri
381 1615 471 1648 potest
495 1612 549 1645 (sc.
573 1610 677 1643 heres).
717 1610 747 1637 fr.
774 1613 812 1637 15.
838 1611 859 1644 3.
879 1613 904 1637 2.
934 1611 966 1637 de
989 1611 1061 1637 inoff.

223 1658 324 1679 testam.
343 1655 366 1679 5.
386 1655 410 1680 2.
447 1653 492 1686 Vt,
511 1655 534 1680 si
554 1653 728 1680 creditoribus
749 1655 813 1680 satis
833 1664 886 1680 non
900 1654 953 1685 fiat.
972 1655 1062 1691 potius

223 1695 300 1722 huius
318 1695 422 1722 heredis
442 1712 475 1716 -—
494 1696 562 1723 bona
581 1698 694 1723 veniant.
726 1696 783 1723 Gai.
802 1696 834 1723 Π.
855 1699 913 1724 154.

258 1739 459 1765 creditrix.
480 1740 619 1774 Mulier,
638 1742 689 1766 vel
707 1741 842 1772 civitas,
862 1742 915 1767 cui
933 1742 1064 1775 aliquid

221 1783 331 1808 «lebeta
339 1791 358 1807 r.
383 1781 426 1808 111.
445 1783 510 1809 Gn.
530 1781 559 1808 Si
572 1782 698 1808 creditrix
710 1782 805 1808 mulier
823 1793 877 1808 rem
897 1799 929 1802 —
949 1783 1063 1809 debitori

222 1824 380 1850 liberaverit.
405 1823 435 1850 sr.
455 1825 479 1850 8.
498 1834 538 1861 pr.
559 1824 591 1851 ad
610 1825 637 1851 S.
657 1824 688 1851 C.
707 1823 801 1851 Vellei.
824 1826 900 1851 16.1.
939 1826 992 1861 Qui
1011 1826 1063 1862 pri-

221 1866 473 1897 111a111creditrice1u,
493 1876 534 1898 an,
553 1877 581 1893 ea
601 1872 707 1898 remota,
726 1868 833 1893 tertium
846 1867 1005 1894 excluderet.
1030 1868 1060 1894 fr.

223 1911 262 1936 16.
283 1910 334 1945 Qu.
345 1911 441 1946 potior.
461 1911 501 1935 20.
516 1912 540 1935 4.
568 1909 686 1946 Respub.
702 1910 827 1936 creditrix
841 1910 963 1937 omuibus
977 1910 1062 1937 chiro-

219 1952 364 1989 graphariis
384 1952 559 1978 creditoribus
578 1951 732 1989 praefertur.
757 1952 787 1979 sr.
806 1954 848 1979 38.
868 1953 890 1987 3.
912 1955 934 1979 l.
955 1952 987 1979 de
1006 1954 1060 1980 reb.

219 2000 286 2022 auct.
306 1994 358 2021 iud.
378 1996 420 2020 42.
439 1997 463 2021 5.

255 2037 462 2065 (Ji-editum.
495 2037 613 2071 (Subst.)
650 2039 682 2072 §.
706 2040 740 2065 1.
778 2040 868 2072 Quod
891 2049 926 2066 ex
954 2042 1061 2074 quali—

219 2091 342 2115 cunque
366 2082 574 2116 obligatione
590 2083 660 2115 peti
676 2087 792 2115 potest.
830 2081 860 2107 II.
880 2083 947 2116 Op.
979 2082 1060 2117 Quod

220 2125 246 2150 in
265 2123 365 2150 credito
385 2128 432 2150 est.
456 2136 489 2142 —-·
514 2123 595 2159 Quod
613 2123 741 2151 vindicari
759 2125 852 2161 possit.
882 2124 912 2151 fr.
931 2126 973 2151 27.
993 2125 1014 2158 3.
1033 2127 1058 2151 3.

220 2166 253 2193 de
271 2177 333 2193 auro
357 2176 408 2203 arg.
431 2167 473 2192 34.
493 2168 517 2192 2.
564 2166 607 2193 III.
633 2168 699 2194 Gn.
728 2167 815 2193 Omne
839 2167 967 2194 creditum
989 2167 1059 2195 solet

220 2209 376 2246 praecedere
395 2210 530 2246 (impensa
549 2209 648 2236 funeris
658 2210 676 2243 ).
706 2210 736 2236 fr.
755 2212 797 2237 45.
824 2210 856 2237 de
876 2210 948 2246 relig.
974 2213 1013 2237 11.
1034 2213 1057 2238 7.

220 2252 333 2279 Cautum
351 2257 391 2278 est
410 2253 433 2278 ei
452 2251 568 2278 solutum
588 2263 620 2279 ex
639 2253 763 2279 universo
783 2253 891 2279 credito.
923 2253 954 2279 fr.
973 2255 1015 2280 94.
1035 2255 1056 2288 3.

219 2296 243 2321 3.
264 2294 297 2321 (16
315 2294 392 2321 solut.
411 2296 452 2322 46.
471 2297 496 2322 3.
532 2295 630 2321 Debita
650 2300 675 2321 et
695 2295 793 2322 credita
812 2295 936 2332 (singulis
954 2306 1003 2333 pro
1017 2307 1058 2323 so-

220 2337 274 2363 lido
294 2336 444 2371 adtributa).
464 2338 495 2364 fr.
509 2339 534 2364 3.
555 2338 612 2365 sam.
633 2340 724 2366 ercisc.
745 2340 785 2364 10.
804 2340 829 2364 2.
850 2338 880 2365 fr.
896 2341 918 2365 l.
939 2339 971 2366 de
990 2350 1058 2366 com·

220 2390 293 2417 pens.
324 2381 364 2405 16.
382 2381 407 2405 2.
448 2381 477 2407 111
499 2386 577 2408 vetus
601 2382 730 2408 creditum
753 2381 877 2417 obligan,
900 2392 924 2408 v.
948 2383 1056 2419 pignora

220 2424 346 2459 accipere.
375 2422 406 2448 fr.
424 2425 466 2449 22.
485 2424 537 2460 Qu.
558 2425 585 2450 in
603 2425 686 2451 fraud.
707 2424 777 2451 cred.
796 2426 838 2450 42.
858 2425 882 2450 8.
907 2440 940 2444 -—
968 2426 998 2459 §-
1020 2427 1055 2453 2.
1079 2426 1080 2431 ¹

222 2468 310 2499 Quod
327 2475 363 2491 ex
382 2468 466 2492 certi
483 2469 685 2503 obligatione
703 2469 846 2494 debetur.
883 2467 901 2493 I.
921 2468 982 2502 Sy.
1010 2467 1057 2495 Pe-

221 2509 296 2534 cunia
320 2508 425 2534 credita.
459 2508 515 2535 Gai.
539 2510 582 2537 III.
608 2512 664 2537 124.
702 2510 813 2536 Nomina
833 2509 926 2537 facere.
965 2510 1057 2538 Credi-

219 2557 274 2577 tum
294 2551 412 2577 conferre
431 2552 458 2577 in
478 2551 644 2586 (debitores).
668 2553 698 2580 fr.
717 2555 759 2579 34.
780 2553 845 2586 31.
866 2553 898 2580 de
916 2553 992 2589 legat.
1011 2554 1054 2580 111.

220 2594 287 2627 (32.)
324 2593 352 2620 In
372 2593 499 2620 creditum
517 2595 594 2621 abire.
630 2596 700 2622 Dare
719 2597 856 2633 pecuniam
874 2601 998 2623 mutuam.
1023 2597 1053 2624 fr.

219 2639 242 2663 5.
263 2637 285 2670 3
306 2639 345 2663 18.
366 2636 398 2662 de
417 2637 506 2663 tribut.
527 2642 576 2664 act.
597 2639 636 2664 14.
655 2640 679 2665 4.
704 2639 734 2665 fr.
750 2641 771 2665 1.
785 2649 825 2676 pr.
844 2638 875 2665 fr.
894 2640 918 2666 3.
940 2640 961 2673 3.
980 2641 1004 2666 3.
1022 2640 1054 2667 de

219 2679 247 2705 S.
267 2678 298 2706 C.
318 2678 416 2705 Maced.
437 2681 476 2706 14.
490 2681 514 2706 6.
552 2679 582 2706 Π.
603 2682 669 2714 01).
688 2681 753 2708 Rem
772 2682 869 2709 domini
890 2694 1000 2710 manere.
1021 2700 1053 2703 —

218 2721 248 2748 In
267 2721 394 2748 creditum
413 2722 452 2748 iri.
481 2722 510 2749 fr.
529 2724 571 2749 31.
595 2722 672 2750 locat.
693 2726 732 2750 19.
751 2727 775 2752 2.
817 2725 846 2751 In
871 2726 1000 2758 solutum⁷
1021 2743 1053 2746 —

218 2764 247 2791 In
274 2764 401 2791 creditum
429 2764 532 2798 (dare).
573 2765 604 2792 fr.
630 2768 670 2792 19.
698 2767 720 2800 3.
740 2769 762 2793 1.
791 2768 824 2794 de
847 2768 879 2795 R.
904 2768 934 2795 C.
964 2771 1004 2795 12.
1030 2772 1052 2796 1.

1096 2813 1232 2846 furiosus),
1252 2814 1416 2849 resipiscere.
1435 2811 1500 2838 alius
1516 2812 1565 2846 (sc.
1579 2814 1727 2849 aegrotans)
1743 2813 1932 2840 convalescere.

218 2806 260 2833 111.
275 2808 340 2835 Gn.
362 2807 475 2834 Perinde
491 2807 647 2841 habendum,
667 2819 696 2836 ac
715 2810 738 2836 si
756 2811 830 2838 initio
850 2822 896 2847 ego
915 2813 1052 2849 pecuniam

1893 168 1957 198 229

1116 243 1219 270 muIIeri
1238 244 1422 278 credidissem.
1442 257 1471 273 ac
1490 256 1582 274 rursus
1602 251 1630 273 tu
1649 247 1712 274 mihi
1732 248 1758 274 in
1776 247 1903 274 creditum
1922 250 1954 274 is-

1116 296 1167 313 ses.
1203 286 1232 313 fr.
1254 289 1294 313 19.
1319 289 1340 322 3.
1360 291 1384 315 5.
1409 289 1440 315 ad
1464 289 1492 316 S.
1513 290 1543 317 C.
1568 289 1636 317 Vell.
1667 291 1707 316 16.
1729 292 1751 316 l.
1798 290 1954 326 Vbicunque

1116 329 1211 366 aliquis
1230 329 1373 366 obligetur,
1395 334 1512 367 quamvis
1532 343 1584 359 non
1604 343 1636 360 ex
1655 333 1748 359 crediti
1767 343 1843 359 causa
1862 333 1954 359 debea-

1115 377 1165 399 tur.
1194 373 1224 400 fr.
1243 375 1285 399 20.
1310 373 1343 400 (16
1361 374 1439 401 iudic.
1464 378 1488 402 5.
1510 378 1531 402 l.
1576 376 1617 403 Ex
1637 375 1729 403 crediti
1749 386 1825 402 causa
1844 377 1953 413 pecunia

1116 415 1210 442 debita.
1241 416 1273 443 sr.
1296 418 1352 449 104.
1377 416 1399 449 3
1420 419 1441 443 7.
1467 418 1499 444 de
1518 418 1593 453 legat.
1614 419 1632 446 Ι.
1653 420 1728 453 (30.)
1765 418 1824 445 Non
1844 419 1954 445 debetur

1115 457 1154 490 id.
1175 458 1245 495 quod
1264 460 1290 485 in
1315 458 1415 485 credito
1442 466 1519 488 esset.
1549 462 1579 488 l'r.
1599 464 1640 489 27.
1665 463 1687 496 3.
1707 464 1731 488 2.
1762 461 1795 488 de
1818 472 1880 488 auro
1900 472 1951 495 arg.

1113 502 1155 527 34.
1175 504 1199 528 2.

1150 551 1336 579 Creditus.
1365 551 1496 586 (Partic.)
1533 556 1581 581 Ad
1597 558 1755 583 creditum
1775 558 1951 591 pertinens:

1113 593 1155 620 III.
1182 596 1247 622 (711.
1283 594 1362 622 Certa
1387 597 1498 632 pecunia
1521 597 1627 625 credita.
1657 599 1697 625 Cf.
1717 609 1740 626 v.
1762 599 1866 626 Certus.
1886 599 1951 632 3.1.

1113 636 1143 663 Si
1162 637 1210 663 tibi
1228 639 1366 674 pecuniam
1385 638 1538 667 donassem.
1563 645 1591 666 ut
1610 646 1637 667 tu
1657 641 1719 668 mihi
1738 642 1846 669 eandem
1865 641 1951 668 crede-

1113 690 1167 708 res.
1188 690 1218 706 an
1239 681 1337 707 credita
1357 681 1448 707 fieret?
1473 681 1503 708 fr.
1523 684 1564 708 20.
1585 683 1617 709 de
1636 683 1666 710 R.
1688 683 1718 710 C.
1740 687 1779 711 12.
1800 687 1822 711 l.
1860 684 1951 711 Talem

1113 728 1275 750 contractum
1300 734 1385 760 neque
1409 723 1578 751 donationem
1603 736 1674 755 esse.
1703 737 1787 763 neque
1814 728 1951 764 pecuniam

1113 766 1245 792 creditam.
1274 766 1305 793 fr.
1325 769 1366 793 20.
1392 766 1408 793 1.
1430 769 1468 793 12.
1490 769 1512 794 1.
1550 768 1684 795 Creditum
1707 771 1842 806 pecuniam
1861 775 1951 808 petere

1112 818 1192 845 posse
1212 809 1256 842 (ab
1276 809 1394 843 herede).
1416 809 1446 836 sr.
1467 811 1506 836 13.
1527 811 1560 838 de
1578 811 1610 838 N.
1631 812 1662 838 G.
1681 814 1706 838 3.
1726 815 1749 839 5.

1148 859 1375 887 Credulitas,
1405 861 1435 893 §.
1455 863 1488 888 1.
1521 864 1689 889 Facilitas
1713 866 1869 890 credendi.
1907 863 1949 889 111.

1113 903 1178 930 Gn.
1207 902 1311 938 Quodsi
1331 904 1444 939 patiatur
1458 914 1566 931 uxorem
1581 905 1741 942 delinquere,
1760 916 1813 932 uon
1827 905 1860 931 ob
1875 916 1950 942 quae-

1112 950 1195 977 stum,
1214 945 1262 972 sed
1281 945 1477 982 negligentiam.
1497 948 1539 974 vel
1559 948 1674 986 culpam,
1698 948 1741 975 vel
1761 948 1889 985 quandam
1908 959 1950 984 pa-

1111 989 1240 1020 tientiam,
1260 987 1303 1014 vel
1323 990 1426 1015 nimiam
1446 990 1634 1018 credulitatem.
1665 991 1695 1018 fr.
1714 993 1756 1018 29.
1776 991 1797 1025 3
1818 992 1841 1017 4.
1869 991 1901 1017 ad
1920 990 1949 1017 L.

1110 1031 1157 1058 Iul.
1178 1031 1210 1058 de
1230 1030 1310 1057 adult.
1330 1033 1371 1058 48.
1391 1034 1415 1058 5.
1458 1032 1498 1059 *Ne
1519 1034 1659 1060 credulitas
1686 1034 1824 1060 creditoris
1844 1033 1950 1060 dominu

1110 1074 1231 1106 obesset.
1251 1074 1294 1100 vel
1314 1074 1443 1101 calliditas
1463 1077 1532 1102 servi
1552 1082 1664 1103 noceret.
1691 1077 1720 1103 fr.
1740 1078 1764 1103 3.
1785 1077 1807 1111 3.
1827 1078 1851 1103 9.
1872 1077 1904 1103 de
1923 1078 1949 1103 iu

1110 1128 1164 1144 rem
1183 1126 1269 1143 verso.
1291 1118 1330 1143 15.
1350 1118 1375 1143 3.
1412 1117 1452 1144 Ne
1471 1118 1582 1145 humana
1600 1119 1754 1146 credulitate
1773 1119 1873 1156 publici
1897 1130 1950 1146 mo-

1110 1170 1152 1187 res
1172 1160 1204 1187 ad
1224 1170 1297 1197 spem
1318 1156 1428 1187 alicuius
1448 1162 1485 1187 rei
1505 1167 1743 1199 corrumperentur.
1774 1162 1846 1189 Paul.
1861 1162 1891 1188 V.
1906 1164 1948 1188 21.

1110 1204 1130 1238 3.
1152 1206 1174 1230 l.
1195 1220 1227 1223 —
1251 1204 1282 1237 ξ.
1298 1205 1333 1230 2.
1363 1206 1534 1240 Professio
1549 1207 1639 1240 fidei
1661 1207 1876 1232 christianae.
1905 1205 1947 1231 111.

1110 1248 1175 1274 011.
1204 1246 1255 1273 Dei
1279 1247 1468 1283 omnipotentis
1494 1258 1543 1273 una
1572 1253 1598 1274 et
1627 1257 1689 1273 vera
1717 1247 1783 1273 sides
1812 1248 1948 1274 catholica.

1109 1300 1185 1326 quam
1203 1294 1274 1316 recta
1294 1289 1435 1316 credulitas
1455 1290 1603 1317 confitetur.
1632 1290 1669 1317 lb.
1683 1290 1754 1317 XVI.
1777 1293 1816 1317 11.
1837 1302 1858 1317 c.
1872 1293 1896 1317 2.
1917 1291 1949 1317 de

1108 1332 1241 1362 religione.

1143 1383 1340 1410 credulum
1370 1383 1499 1417 (Adiect.)
1537 1386 1668 1411 Facilis
1693 1387 1733 1410 ad
1749 1387 1948 1411 credendum.

1107 1425 1149 1452 III.
1166 1427 1231 1454 Gn.
1250 1425 1373 1453 Incautus
1394 1431 1419 1453 et
1439 1426 1570 1453 credulus.
1600 1426 1684 1453 Vatic.
1705 1427 1726 1461 3.
1740 1428 1782 1453 35.
1819 1427 1877 1453 Sibi
1891 1437 1949 1454 eum

1108 1470 1248 1506 imputare,
1277 1469 1321 1505 qui
1342 1469 1465 1496 credulus
1486 1469 1541 1496 fuit.
1571 1469 1602 1495 fr.
1624 1472 1646 1496 1.
1667 1471 1688 1504 3.
1708 1472 1732 1496 2.
1758 1470 1790 1496 de
1809 1480 1839 1496 eo
1859 1480 1884 1507 p.
1905 1480 1947 1506 qu.

1107 1511 1165 1538 fact.
1186 1513 1210 1538 2.
1232 1513 1271 1538 10.
1314 1511 1382 1539 Male
1406 1512 1526 1539 credulas
1551 1517 1653 1539 mentes
1673 1512 1705 1539 ad
1725 1523 1799 1550 spem
1818 1513 1949 1539 secundae

1107 1554 1285 1591 indulgentiae
1304 1554 1417 1582 blandus
1438 1566 1511 1582 error
1530 1556 1630 1582 invitat.
1665 1555 1715 1582 Th.
1736 1555 1767 1582 C.
1786 1555 1857 1582 XVI.
1881 1557 1905 1582 6.
1926 1567 1946 1582 c.

1107 1600 1130 1624 4.
1150 1608 1189 1635 pr.
1210 1607 1241 1623 ne
1261 1596 1288 1623 S.
1309 1597 1380 1635 bapt.

1143 1648 1336 1676 cremare.
1375 1651 1571 1676 Comburere.
1609 1649 1627 1675 I.
1648 1650 1706 1684 Sy.
1735 1650 1860 1676 Exurere.
1892 1649 1948 1686 Igui

1107 1701 1229 1717 cremare.
1251 1690 1281 1717 fr.
1292 1692 1334 1717 28.
1354 1692 1391 1726 33.
1408 1694 1447 1718 ll.
1460 1702 1500 1728 sq.
1520 1692 1550 1718 fr.
1564 1693 1605 1718 38.
1626 1693 1647 1725 3.
1664 1695 1686 1719 l.
1707 1692 1738 1718 de
1751 1702 1828 1729 poen.
1849 1693 1890 1718 48.
1906 1693 1945 1718 19.

1107 1733 1149 1760 III.
1176 1735 1241 1761 Cn.
1268 1733 1338 1769 ignis
1358 1736 1383 1760 vi
1403 1734 1529 1770 quaedam
1550 1740 1660 1761 cremata
1681 1735 1714 1761 de
1733 1735 1787 1767 his,
1812 1745 1878 1771 quae
1899 1735 1947 1761 tibi

1106 1776 1179 1802 fuere
1198 1776 1384 1802 commendata.
1413 1776 1483 1802 Coll.
1502 1776 1554 1803 LL.
1575 1777 1608 1804 Μ.
1628 1778 1661 1804 Χ.
1680 1780 1704 1804 3.
1747 1777 1872 1804 lucendio
1892 1788 1947 1804 cre-

1106 1818 1216 1845 mandos
1241 1818 1364 1851 (codices
1389 1820 1505 1852 eorum).
1538 1819 1587 1846 Th.
1609 1819 1639 1847 C.
1659 1819 1730 1847 XVI.
1754 1823 1778 1847 5.
1803 1831 1824 1847 c.
1843 1822 1884 1847 34.
1914 1820 1946 1846 d·-

1106 1862 1203 1889 haeret.

1142 1912 1345 1939 Crematio.
1390 1914 1592 1945 combustio,
1620 1915 1772 1940 Exuseio.
1810 1914 1853 1941 Ill.
1879 1916 1945 1942 Cn·

1105 1955 1147 1981 Ad
1167 1955 1265 1981 furcam
1290 1954 1434 1987 damuatio,
1458 1956 1520 1982 item
1539 1957 1592 1982 vivi
1612 1957 1749 1989 crematio,
1774 1973 1806 1977 —
1825 1959 1887 1984 item
1907 1969 1946 1984 ca-

1105 1998 1168 2034 pitis
1193 1999 1344 2035 amputatio.
1378 1998 1408 2024 fr.
1429 1999 1470 2025 28.
1490 2009 1529 2036 pr.
1554 1998 1571 2025 1.
1592 1998 1608 2025 1.
1629 2001 1670 2025 48.
1692 2000 1731 2026 19.
1764 2000 1795 2026 cf.
1820 2000 1892 2027 Paul.
1912 2000 1944 2027 V.

1106 2042 1145 2067 17.
1166 2041 1187 2075 3.
1207 2042 1231 2067 3.

1140 2088 1304 2118 cremia,
1324 2088 1468 2121 (iorum).
1499 2090 1608 2123 Ligna
1628 2091 1792 2121 tenuiora,
1812 2092 1853 2116 ad
1869 2100 1943 2117 (ὀηι-

1103 2132 1284 2156 burendum.
1321 2130 1364 2156 111.
1385 2132 1450 2158 Gn.
1476 2131 1511 2157 Et
1529 2130 1660 2167 virgulae,
1680 2136 1705 2158 et
1725 2133 1828 2164 cremia,
1848 2137 1874 2158 et
1892 2142 1945 2158 sar—

1102 2178 1196 2205 menta.
1217 2178 1242 2199 et
1261 2178 1443 2210 superamenta
1461 2175 1635 2207 materiarum,
1656 2179 1704 2201 etc.
1724 2174 1755 2201 [Γ.
1769 2177 1810 2201 55.
1831 2175 1852 2208 3.
1867 2176 1890 2201 4.
1911 2175 1943 2201 de

1102 2215 1178 2252 legat.
1198 2215 1240 2242 III.
1262 2216 1338 2249 (32.)

1139 2259 1349 2286 Cremialis.
1378 2258 1516 2292 (Adiect.)
1555 2261 1693 2286 Cremiis
1716 2262 1874 2294 parandis
1893 2262 1941 2286 de-

1102 2303 1260 2328 stinatus.
1301 2301 1344 2328 111.
1366 2303 1432 2329 011.
1461 2301 1490 2328 Si
1510 2301 1617 2328 arbores
1637 2302 1749 2329 caeduae
1768 2303 1879 2330 fuerunt.
1899 2302 1941 2328 vel

1102 2343 1237 2370 cremiales
1263 2344 1310 2377 [al.
1331 2343 1481 2380 gremiales‚
1501 2354 1525 2370 v.
1545 2345 1727 2381 germinales}
1759 2346 1789 2372 fr.
1811 2347 1832 2371 7.
1857 2345 1939 2378 §.12.

1101 2385 1150 2412 sol.
1170 2387 1279 2412 matrim.
1299 2388 1341 2413 24.
1360 2388 1385 2413 3.

1137 2429 1330 2456 Crescere.
1368 2430 1398 2462 §-
1421 2430 1455 2455 1.
1487 2431 1676 2457 Increscere.
1718 2430 1735 2456 1.
1755 2431 1816 2463 Sy·
1843 2429 1940 2456 Excre-

1101 2481 1175 2497 scere
1195 2472 1299 2507 (aquam
1319 2472 1402 2498 imbre
1422 2472 1492 2504 etc.).
1521 2472 1552 2499 sr.
1572 2474 1613 2499 20.
1633 2473 1654 2506 3
1675 2474 1697 2498 1.
1717 2472 1749 2498 dc
1768 2471 1794 2498 S.
1815 2471 1842 2498 P.
1862 2471 1894 2499 R.
1914 2474 1938 2499 8.

1077 2522 1078 2548 ᾗ
1099 2516 1123 2540 3.
1155 2514 1185 2540 fr.
1209 2516 1230 2540 l.
1251 2524 1290 2550 pr.
1315 2515 1413 2548 3315.
1433 2525 1491 2551 sqq.
1517 2515 1549 2541 de
1573 2525 1638 2552 aqua
1662 2520 1686 2540 et
1709 2524 1766 2550 aqu.
1787 2513 1823 2551 pl.
1852 2517 1894 2542 39.
1913 2517 1937 2542 3.

1098 2556 1221 2583 Renasci.
1253 2556 1284 2583 fr.
1306 2559 1346 2583 18.
1365 2567 1405 2594 pr.
1425 2557 1458 2584 (16
1477 2558 1557 2584 fundo
1578 2557 1630 2584 dot.
1649 2558 1690 2582 23.
1710 2558 1733 2582 5.
1759 2556 1788 2582 fr.
1810 2559 1832 2583 7.
1853 2558 1937 2592 §.13.

1099 2599 1147 2626 sul.
1172 2600 1282 2625 matrim.
1307 2601 1349 2626 24.
1368 2602 1393 2627 3.
1441 2600 1609 2626 Adolescere.
1643 2598 1714 2624 Paul.
1739 2598 1781 2625 III.
1805 2601 1829 2627 6.
1854 2601 1937 2634 318.

1097 2641 1142 2668 IV.
1161 2643 1185 2667 8.
1206 2642 1226 2675 3
1246 2643 1270 2668 6.
1314 2642 1356 2668 ΙΠ.
1382 2644 1447 2670 Cn.
1477 2642 1585 2669 Concha
1610 2641 1679 2677 apud
1697 2641 1805 2669 rubrum
1823 2653 1894 2670 mare
1912 2649 1939 2670 et

1099 2685 1194 2711 crescit
1213 2689 1238 2711 et
1259 2684 1390 2711 coalescit.
1427 2685 1458 2711 sr.
1478 2687 1517 2711 19.
1538 2684 1618 2718 318.
1643 2683 1676 2710 de
1694 2694 1756 2711 auro
1775 2696 1827 2722 arg.
1851 2688 1892 2713 34.
1912 2689 1936 2713 2.

1098 2727 1127 2754 Si
1146 2727 1212 2754 tales
1232 2732 1294 2754 sunt
1312 2727 1477 2764 lapidicinae.
1497 2728 1523 2753 iu
1543 2726 1638 2763 quibus
1656 2726 1724 2764 lapis
1744 2738 1863 2755 crescere
1876 2740 1937 2766 pos-

1097 2771 1139 2796 sit.
1165 2770 1195 2796 fr.
1217 2771 1256 2796 18.
1276 2780 1316 2807 pr.
1336 2770 1368 2796 de
1387 2769 1467 2796 fundo
1488 2768 1540 2795 dot.
1561 2771 1602 2795 23.
1618 2771 1642 2796 5.
1678 2769 1778 2797 Horum
1798 2771 1864 2798 alius
1885 2774 1933 2804 (sc.
