2197 3121
255 158 320 188 506

258 244 347 266 natum
366 239 450 266 suerit.
478 240 526 277 Ep.
547 241 608 266 inst.
633 241 700 267 Gaii.
720 240 750 267 11.
775 243 798 267 5.
823 241 844 275 5.
864 242 889 268 3.
932 240 992 267 Nou
1017 241 1051 267 ob
1077 240 1104 268 id
1126 242 1127 283 1

258 283 344 310 minus
367 282 522 319 intelligitur
546 289 594 310 etc.
627 283 657 310 fr.
683 285 724 310 46.
757 284 779 318 §.
805 286 828 310 7.
853 283 886 311 de
910 294 1015 322 procur.
1034 286 1060 310 3.
1079 287 1103 311 3.

257 325 367 352 Etiamsi
386 331 479 363 postea
499 326 524 353 id
544 327 579 352 ita
598 336 657 353 esse
676 328 774 354 scierit.
799 326 831 354 fr.
852 329 892 354 14.
912 337 951 365 pr.
971 326 1004 353 de
1023 326 1055 353 V.
1076 326 1104 354 S.
1126 323 1127 331 ¹

257 371 298 396 50.
327 371 364 395 16.
401 368 431 396 81
460 369 486 396 id
511 370 604 396 aetatis
628 371 677 402 sit,
703 375 731 396 ut
756 375 805 396 etc.
842 369 909 396 Nov.
931 369 988 396 Val.
1008 369 1051 396 111.
1072 370 1105 397 de

259 413 335 438 tiron.
356 411 386 438 11.
400 414 425 439 6.
446 423 466 438 c.
484 414 506 438 1.
525 413 547 446 §.
570 414 591 439 1.
628 412 668 439 Eo
688 412 804 439 remedio
823 423 871 450 per
890 412 1041 440 Praesidem
1060 413 1105 439 ob·
1126 414 1127 431 1

258 455 326 480 viam
345 455 458 482 eundum
478 459 532 486 est,
556 455 660 482 scilicet
684 461 712 482 ut
732 461 780 483 etc.
807 455 837 483 l'r.
859 458 899 482 13.
920 457 986 490 5.1.
1007 456 1040 483 de.
1059 457 1103 483 off.
1126 474 1127 493 ;

258 497 346 524 Praes.
362 500 384 524 l.
399 500 439 524 18.
472 498 547 525 Deve
567 498 664 535 quibus
684 499 718 525 ob
737 509 832 525 noxam
852 500 972 535 quaestio
991 504 1105 526 tormen·
1126 510 1127 528 ς

258 541 292 567 tis
312 540 399 567 habita
419 542 468 572 sit,
493 546 520 568 et
538 542 564 568 in
584 552 612 568 ea
633 552 700 569 noxa
720 542 802 569 fuisse
822 543 936 569 convicti
956 543 1017 569 sint.
1046 542 1103 569 Gai.

257 582 276 610 1.
298 584 337 610 13.
374 583 409 610 Ε1
427 593 491 611 saue
511 594 602 611 eorum
621 586 750 611 sententia
770 584 917 622 probabilis
937 590 986 612 est.
1012 584 1041 612 fr.
1064 587 1103 612 ll.

1017 158 1084 189 ISA
1098 176 1135 184 —
1154 159 1236 190 ITA.

1184 242 1290 269 Istic.
1329 242 1442 275 (Advb.)
1481 246 1515 270 Ιιι
1539 246 1597 271 ltac
1615 255 1654 271 re.
1692 245 1710 272 1.
1732 248 1793 281 Sy.
1821 247 1871 273 llic
1891 248 1994 281 (locum

1126 291 1127 295 ¹
1148 293 1216 312 esse.
1235 294 1260 311 v.
1281 284 1404 317 admitti.)
1424 285 1453 312 fr.
1474 288 1515 313 71.
1536 287 1557 320 §.
1578 289 1602 314 9.
1623 287 1656 314 de
1674 288 1706 314 A.
1727 299 1750 315 v.
1772 289 1804 315 O.
1822 290 1852 317 11.
1872 292 1914 318 29.
1934 294 1958 318 ¹2.

1184 328 1259 354 Ita·
1297 328 1419 361 (Advb.)
1456 329 1487 362 §.
1511 331 1545 356 l.
1572 332 1638 362 Sic,
1667 333 1746 358 Tali
1764 335 1860 360 modo.
1897 334 1915 360 1.
1932 335 1995 369 Sy.

1149 369 1206 396 Hoc
1231 370 1318 397 modo.
1350 371 1407 398 Gai.
1427 371 1445 398 1.
1472 374 1529 399 149.
1550 383 1610 410 sqq.
1641 373 1670 400 11.
1698 376 1753 400 199.
1777 377 1836 402 201.
1856 378 1915 403 209.
1934 379 1993 403 216.

1149 413 1196 440 His
1215 413 1312 441 ven-bis.
1337 413 1399 452 le.
1419 414 1516 442 XXIV.
1535 418 1559 442 3.
1579 425 1638 453 sqq.
1677 416 1729 444 Sic.
1755 416 1815 455 le.
1836 418 1853 445 1.
1874 419 1890 446 1.
1909 422 1933 446 5.
1954 430 1994 457 sq.

1149 456 1206 483 Gai.
1228 456 1244 483 1.
1267 459 1322 484 149.
1346 459 1402 484 152.
1440 457 1483 484 III.
1503 460 1569 486 Cn.
1589 459 1648 485 Non
1668 459 1727 491 hoc,
1747 460 1795 487 sed
1816 462 1851 487 ita
1871 467 1919 489 ete.
1957 463 1994 490 lb.

1148 499 1193 526 lv.
1207 501 1249 526 24.
1287 500 1347 527 Non
1366 505 1453 527 tamen
1472 501 1566 528 iisdem
1585 502 1684 534 modis,
1700 519 1728 523 —
1745 503 1793 530 sed
1813 505 1847 530 ita
1867 515 1926 531 rum
1944 511 1995 533 etc.

1148 542 1186 569 lb.
1206 542 1247 569 111.
1267 545 1327 570 222.
1365 543 1456 575 Recte,
1476 544 1511 570 ita
1530 549 1617 572 tamen
1637 551 1665 572 ut
1684 551 1733 573 etc.
1771 546 1808 574 lb.
1829 547 1946 576 111.107.
1962 549 1994 576 cf.

1150 585 1178 612 fr.
1200 587 1223 612 1.
1249 596 1287 623 pr.
1312 586 1345 613 dc
1369 597 1441 613 usur.
1465 588 1507 613 22.
1533 589 1555 614 l.
1597 587 1723 625 Alioquin
1749 590 1771 616 si
1797 591 1831 616 ita
1856 591 1926 618 inter
1949 602 1995 618 eos

257 626 279 659 §.
299 628 323 653 2.
343 626 376 653 de
395 627 486 654 iurisd.
506 629 530 654 2.
552 629 574 654 1.
612 627 726 655 Pacisci:
746 627 804 659 ..Ne
824 639 853 654 ea
872 629 984 666 pecunia
1003 633 1104 666 petere·
1126 624 1127 653 1
1149 630 1304 655 convenerit
1323 634 1372 656 etc.
1405 630 1462 656 Gai.
1482 629 1524 656 111.
1552 632 1609 658 140.
1646 631 1682 657 Ita
1707 632 1826 665 dedisse,
1852 638 1880 660 ut
1903 635 1927 661 si
1946 639 1994 662 etc.

256 672 330 695 tur.‘'
356 669 386 696 fr.
406 671 448 696 28.
472 671 493 704 5.
513 673 538 696 2.
565 670 596 697 cf.
627 670 656 697 fr.
676 673 716 697 47.
737 681 776 708 pr.
801 671 834 697 de
853 676 921 708 pact.
940 674 964 698 ⁴2.
987 673 1026 698 14.
1063 671 1104 698 Ex
1149 671 1180 699 fr.
1202 674 1242 699 10.
1263 672 1295 699 de
1315 682 1406 710 spons.
1422 674 1464 699 23.
1482 674 1502 698 1.
1540 672 1599 699 Non
1619 673 1705 701 solum
1725 676 1758 701 ita
1781 692 1813 695 —
1833 677 1996 704 substituere

257 722 286 738 ea
305 712 410 745 familia,
430 729 463 732 —
483 714 509 739 in
529 724 585 740 eam
604 713 734 740 familiam.
755 714 784 740 l'r.
807 716 864 741 195.
884 715 949 748 5.1.
970 714 1003 741 de
1023 714 1054 742 V.
1075 714 1103 741 S.
1149 725 1300 752 possumus,
1320 731 1352 735 —
1372 715 1420 742 sed
1440 726 1470 742 eo
1491 715 1603 753 amplius
1624 721 1652 743 ut
1671 719 1748 744 etiam
1762 723 1811 745 etc.
1836 719 1873 747 lb.
1893 719 1924 747 11.
1937 722 1994 748 179.

255 757 297 782 50.
320 757 359 782 16.
384 772 416 776 —-
441 756 472 789 §0
492 757 529 783 3.
559 758 651 784 Idem.
690 756 707 783 1.
727 758 789 792 Sy.
815 757 887 784 Idem
920 757 950 785 I'r.
972 760 1012 785 13.
1037 758 1059 792 5.
1078 760 1103 784 2.
1125 767 1127 795 f
1148 758 1240 786 Posse.
1259 758 1371 796 proinde
1391 769 1420 784 ac
1439 759 1461 784 si
1482 760 1516 785 ita
1529 763 1577 785 etc.
1603 759 1640 786 Ib.
1660 759 1689 786 11.
1710 764 1768 788 221.
1806 762 1840 789 Et.
1858 767 1944 791 tamen
1962 763 1995 790 il-

256 798 289 825 de
309 798 332 825 h.
353 809 396 836 qu.
416 804 470 826 not.
491 799 578 826 iusam.
593 802 618 826 3.
631 802 656 826 2.
678 799 708 826 fr.
728 802 770 827 25.
790 801 811 835 5.
826 803 850 827 2.
870 800 904 827 de
923 811 995 838 oper.
1016 800 1102 828 libert.
1125 806 1127 811 '
1147 801 1193 828 lud
1218 802 1252 828 ita
1273 806 1326 832 est,
1351 802 1372 827 si
1395 806 1443 827 etc.
1469 800 1498 827 sr.
1520 803 1542 828 l.
1573 802 1624 838 Qu.
1650 813 1682 830 ex
1706 803 1764 831 fact.
1790 810 1837 832 tut.
1857 807 1898 832 26.
1918 808 1942 833 9.
1963 807 1994 833 cf.

254 843 297 868 38.
318 843 341 869 1.
362 859 393 863 —
414 843 445 876 §.
465 844 504 870 4.
530 845 567 869 Id
584 849 646 874 est,
669 853 744 877 pro:
772 845 885 876 Velut,
910 846 1064 879 Exempli
1081 855 1102 872 c.
1125 825 1126 857 1
1147 844 1248 872 Gai.11.
1265 846 1322 871 197.
1351 844 1393 871 Vti
1409 844 1523 881 tegassit.
1538 861 1570 864 —
1591 846 1624 871 ita
1645 846 1685 872 ius
1706 852 1770 874 esto.
1791 847 1820 875 L.
1841 848 1890 875 XII
1910 848 1994 876 Tabb.

256 884 299 911 111.
317 886 383 913 Cn.
408 885 447 912 Ne
467 896 480 911 3
499 895 613 923 persona
634 891 734 923 petam,
755 887 770 913 ἰ.
791 897 812 914 e.
833 897 865 913 ue
885 898 898 913 a
917 886 946 914 L.
968 887 1040 914 Titio
1060 897 1104 925 pe-
1125 910 1126 924 .
1147 887 1178 914 V.
1199 889 1223 914 3.
1261 887 1331 914 Haec
1351 889 1397 918 ita,
1422 892 1449 913 ut
1475 888 1501 913 in
1526 887 1567 914 his
1592 887 1689 915 tabulis
1710 895 1759 916 etc.
1779 907 1811 910 —
1831 892 1866 917 ita
1886 891 1934 924 do,
1959 893 1995 919 ita

255 932 315 954 tam.
336 928 366 955 l'r.
387 930 410 955 7.
429 929 450 962 5.
466 932 489 955 b'.
510 928 543 955 de
563 934 630 966 pact.
650 931 674 955 2.
696 931 736 956 14.
756 929 789 957 cf.
814 930 845 957 fr.
864 932 888 957 3.
914 930 947 957 de
967 941 1041 957 exce.
1061 932 1101 957 44.
1125 931 1126 935 ¹

256 972 279 997 1.
317 970 396 997 Certa
415 973 540 1008 pecunia,
561 973 576 998 i.
596 983 618 999 e.
639 971 680 1005 C.,
700 972 799 1000 relicta.
824 973 854 1000 fr.
874 975 916 1000 2⁴.
937 973 969 1000 dr
989 983 1048 1000 aun.
1068 973 1104 1000 le—
1124 964 1126 1003 1

255 1019 305 1049 gat.
324 1015 365 1040 33.
389 1015 410 1040 1.
448 1014 504 1040 Sub
530 1015 696 1045 conditione.
717 1032 746 1036 --
773 1016 788 1042 i.
809 1026 830 1042 (-.
851 1017 873 1042 si
894 1021 941 1043 etc.
969 1016 998 1043 fr.
1019 1020 1042 1043 ὅ.
1062 1026 1102 1054 pr.
1125 1015 1126 1029 1

255 1057 287 1083 de
307 1056 376 1093 vulg.
396 1062 422 1083 et
440 1067 503 1094 pup.
523 1059 564 1084 28.
585 1059 608 1084 6.
626 1075 656 1079 —
678 1059 708 1091 §.
725 1059 814 1085 4.sp
835 1061 873 1086 ld
889 1066 951 1092 est,
968 1068 1040 1094 pro:
1062 1057 1126 1094 Et¹

255 1102 397 1134 quidem.
427 1102 573 1128 Scilicet.
611 1101 653 1127 III.
680 1103 746 1129 οη.
774 1102 900 1137 Exigere,
924 1104 940 1129 i.
961 1114 983 1129 e.
1007 1104 1102 1140 pignus
1124 1130 1125 1135 ¹

255 1142 392 1180 capiendo.
412 1154 509 1180 eorpus
524 1143 669 1175 retinendo,
689 1144 797 1171 multam
811 1145 932 1172 dicendo.
953 1146 983 1172 l'r.
997 1148 1022 1172 9.
1042 1146 1064 1180 5.
1077 1147 1101 1172 6.
1124 1163 1125 1189 ζ

254 1185 287 1212 ad
310 1185 340 1212 L.
365 1185 412 1212 lul.
436 1187 522 1224 pecul.
547 1188 587 1214 48.
609 1189 649 1214 13.
692 1188 875 1214 Domesticum
898 1188 1042 1225 patrisiam.
1066 1189 1103 1214 in·

255 1233 438 1261 strumentum,
458 1231 473 1256 i.
489 1241 509 1256 e.
526 1240 568 1257 res
587 1235 733 1263 moventes,
753 1241 805 1257 uon
825 1231 958 1258 animales.
979 1231 1008 1258 fr.
1025 1233 1046 1258 l.
1061 1241 1101 1268 sq.

255 1271 288 1298 de
307 1271 403 1309 supell.
423 1272 471 1309 leg.
490 1274 531 1299 33.
554 1275 593 1299 10.
631 1274 673 1300 De
692 1274 789 1310 quibus
809 1274 962 1311 specialiter
986 1284 1103 1312 compre·
1123 1293 1125 1311 J

255 1314 347 1341 hendit
366 1315 443 1348 (Iex,)
464 1315 490 1342 id
510 1321 551 1342 est
570 1321 618 1343 etc.
639 1327 660 1343 c.
680 1319 704 1343 3.
726 1317 757 1343 ad
776 1317 805 1343 L.
825 1317 871 1344 lul.
893 1317 926 1344 de
945 1317 1026 1344 adult.
1038 1319 1062 1344 9.
1077 1319 1101 1344 9.
1124 1336 1125 1350 1

254 1357 284 1384 Id
303 1363 356 1390 est,
381 1359 403 1384 si
423 1363 497 1395 pater
517 1363 614 1385 temere
633 1359 772 1396 repudium
790 1362 905 1393 miserit,
924 1375 958 1380 --
978 1361 1001 1387 si
1019 1365 1102 1387 mater
1124 1355 1125 1359 ¹

255 1405 303 1427 etc.
325 1411 345 1427 c.
363 1403 387 1427 8.
407 1402 429 1435 §.
445 1404 467 1428 7.
488 1402 520 1428 de
539 1402 630 1439 repud.
651 1405 675 1429 5.
698 1405 737 1430 17.
775 1403 917 1436 Interdum,
937 1405 952 1430 i.
968 1414 988 1431 e.
1009 1405 1032 1430 si
1052 1408 1101 1430 etc.
1123 1405 1124 1408 ’

255 1444 284 1470 fr.
305 1445 328 1470 9.
349 1454 388 1481 pr.
413 1444 446 1471 dc
469 1446 561 1471 minor.
580 1447 605 1471 4.
625 1447 649 1472 4.
686 1446 773 1473 Etiam
796 1448 818 1473 si
839 1452 886 1473 etc.
910 1463 943 1467 -—
967 1447 994 1474 id
1018 1452 1059 1474 est
1078 1448 1100 1473 si

255 1491 303 1513 etc.
324 1486 354 1513 fr.
377 1489 415 1513 13.
436 1488 457 1521 5.
478 1489 501 1514 4.
523 1487 554 1514 de
574 1489 676 1525 pignor.
696 1491 738 1515 20.
760 1492 782 1516 l.
819 1490 900 1516 Extra
920 1490 1038 1517 ordinem
1059 1490 1102 1516 da-

255 1531 349 1561 mnari.
379 1531 394 1556 i.
415 1540 435 1556 e.
463 1530 597 1562 exsilium,
627 1536 671 1558 aut
697 1532 900 1569 relegationem,
927 1538 971 1559 aut
990 1533 1100 1560 Ordinis

254 1575 410 1599 amotionem
428 1575 491 1610 pati.
512 1574 541 1600 fr.
555 1576 596 1600 43.
617 1574 650 1600 dt·
669 1580 734 1602 extr.
755 1586 830 1612 cogn.
844 1579 885 1602 50.
908 1578 947 1602 13.
984 1576 1102 1602 Debebit
1123 1592 1124 1597 =

254 1627 285 1642 ex
306 1616 424 1652 adgnatis
443 1626 546 1653 gregem
570 1616 709 1653 supplere,
737 1619 753 1645 i.
774 1629 796 1645 e.
822 1620 847 1645 in
872 1619 958 1645 locum
987 1620 1100 1656 capitum
1122 1621 1124 1643 1

254 1659 445 1686 defunctorum.
466 1659 494 1685 l'r.
516 1661 555 1686 68,
577 1660 598 1693 5.
618 1662 641 1686 2,
663 1660 695 1687 (le
715 1661 795 1688 usufr.
817 1663 840 1688 7.
863 1663 884 1688 1.
905 1661 936 1688 cf.
958 1662 988 1688 fr.
1008 1664 1047 1689 16.
1068 1662 1101 1688 de

254 1713 281 1729 re
301 1702 353 1729 iud.
369 1705 411 1728 42.
426 1704 448 1728 1.

288 1746 429 1772 Isauri.
460 1748 582 1780 Populi
602 1747 772 1779 Isauriae,
792 1749 825 1774 ob
845 1750 1100 1785 latrocinia-fa—

254 1791 341 1815 mosi.
384 1788 427 1815 111.
453 1790 519 1816 Gn.
557 1789 736 1824 Quaestiones
764 1790 907 1819 latronum.
936 1796 962 1817 et
989 1793 1100 1818 maxime

254 1831 409 1858 Isaurorum.
430 1831 479 1858 Th.
501 1832 532 1859 C.
552 1832 596 1858 IX.
616 1834 658 1859 35.
679 1842 700 1859 c.
722 1835 744 1859 7.
765 1833 798 1860 de
818 1834 965 1870 quaestion.
990 1834 1100 1861 Buccel-

255 1874 323 1905 larii,
348 1874 389 1901 vel
410 1874 500 1901 Isauri.
527 1875 568 1902 Cf.
588 1885 612 1902 v.
632 1875 821 1903 Buccellarius.
859 1876 953 1909 Conti,
978 1882 1022 1904 aut
1045 1878 1099 1904 lan-

254 1928 323 1949 ceae,
341 1933 371 1936 —
392 1917 434 1943 vel
454 1928 520 1954 quae
539 1918 571 1943 ab
591 1918 689 1945 Isauris
708 1921 876 1946 monocoutia
896 1920 1026 1948 dicuntur.
1051 1921 1098 1948 Iul.

255 1972 294 1998 ep.
315 1971 374 1987 nov.
393 1971 416 1987 c.
438 1962 477 1986 79.
498 1961 519 1994 5.
539 1962 598 1987 304.

292 2004 455 2031 lsauria.
493 2006 576 2030 Pars
597 2007 769 2038 Galatiae,
790 2008 876 2032 inter
894 2007 1098 2041 Lycaoniam

253 2055 281 2074 ct
301 2049 467 2074 Ciliciam.
506 2047 548 2074 111.
569 2049 635 2075 Cn.
667 2047 716 2074 Per
735 2050 862 2075 orientem
880 2050 1045 2086 provinciae,
1066 2066 1098 2070 —-

255 2092 372 2127 exe-*ptis
392 2090 515 2117 Osroene
539 2095 565 2117 et
589 2090 694 2117 Isauria.
727 2091 776 2118 Th.
797 2092 827 2118 C.
848 2091 904 2118 VII.
928 2094 952 2119 6.
977 2103 998 2119 c.
1017 2094 1041 2119 3.
1066 2093 1098 2119 de

254 2133 328 2160 milit.
354 2138 435 2160 veste.
473 2133 584 2160 praeses
603 2134 717 2160 Isauriae
736 2135 880 2171 utriusque.
908 2135 956 2162 Iul.
977 2146 1017 2173 ep.
1037 2146 1097 2162 nov.

255 2187 275 2202 c.
295 2179 336 2201 20.
357 2177 377 2208 5.
398 2178 438 2203 67,
477 2176 584 2203 Procos.
604 2177 751 2209 Armeniae,
772 2183 798 2203 et
816 2182 922 2215 praetor
940 2177 1097 2214 Lycaoniae,

256 2218 377 2245 Pisidiae.
398 2219 517 2246 Isauriae.
555 2219 592 2246 lb.
614 2230 634 2246 c.
654 2222 695 2246 25.
721 2220 742 2253 5.
763 2221 804 2246 96.
825 2230 846 2246 c.
868 2222 924 2246 120.
944 2221 966 2254 5.
986 2223 1044 2248 525.

296 2272 457 2304 uginus.
494 2272 632 2305 (Adiect.)
676 2274 938 2308 Hyacintlcinuaet,
963 2275 1096 2301 Flavus.

255 2314 295 2340 111.
310 2315 376 2342 Gn.
397 2314 468 2349 Quin
488 2316 573 2341 minus
593 2326 672 2352 porro
692 2316 850 2347 coracinum,
869 2320 913 2342 aut
927 2316 1037 2352 isgiuum
1052 2317 1096 2350 [al.
1119 2335 1120 2351 ἶ

255 2357 423 2393 hysginum.]
449 2362 492 2383 aut
516 2358 637 2384 uwliuum
664 2368 712 2384 suo
737 2360 854 2386 nomine.
886 2368 962 2395 quam
991 2370 1096 2387 coccum

254 2411 404 2437 purpurave
424 2400 589 2436 designatur?
609 2402 694 2427 11:78.
714 2402 727 2435 5
755 2404 778 2428 5.
800 2401 831 2428 de
851 2400 926 2437 legat.
946 2401 987 2428 111.
1008 2404 1074 2435 (32.)

290 2446 382 2470 Iste.
420 2443 558 2475 (I'rouom.
584 2444 743 2477 ‹l‹·n1‹mstr.)
781 2447 865 2477 Hic,
885 2447 953 2472 Ille.
990 2444 1008 2471 1.
1033 2447 1095 2480 Sy.
1118 2455 1119 2471 ι

254 2486 332 2513 Idem.
353 2486 394 2513 Cf.
416 2486 439 2513 h.
460 2497 483 2513 v.
503 2487 524 2521 5
548 2488 568 2512 1.
606 2486 639 2517 Is,
660 2487 713 2513 Ille.
743 2488 772 2515 fr.
794 2491 816 2515 7.
836 2489 858 2522 5.
881 2490 901 2514 1.
922 2488 955 2515 de
974 2487 1094 2515 Senator.

257 2532 277 2555 Ι.
296 2532 312 2556 9
342 2529 371 2556 sr.
390 2531 431 2556 38.
452 2529 484 2556 de
504 2529 535 2555 N.
556 2529 587 2555 G.
607 2531 630 2555 3.
652 2531 674 2555 5.
713 2530 766 2557 Ilic.
793 2532 849 2558 Gai.
864 2531 893 2557 11.
914 2533 954 2557 91.
974 2533 1015 2557 96.
1038 2533 1094 2558 124.

255 2571 295 2598 111.
319 2575 373 2599 135.
393 2583 452 2609 sqq.
490 2573 532 2599 111.
545 2574 610 2600 Cn.
631 2572 803 2600 Consuetudo
822 2576 880 2605 ista,
901 2579 925 2600 et
945 2573 1095 2600 huiusmodi

255 2617 455 2651 praerogativae.
481 2616 510 2642 l'r.
532 2618 554 2642 4.
580 2616 601 2649 5.
621 2618 644 2642 5.
674 2615 705 2641 de
726 2616 768 2641 olI'.
790 2616 862 2644 I'roc.
883 2622 908 2643 eet
927 2615 989 2653 Lrg.
1013 2618 1032 2642 1.
1054 2617 1093 2642 16.
1116 2615 1118 2628 ¹

254 2656 294 2682 Ex
313 2658 433 2684 omnihus
453 2659 511 2684 istis
532 2659 625 2684 nausis.
663 2658 729 2684 Istat·
749 2668 839 2685 omnes
857 2660 935 2696 (legis
955 2660 1094 2691 actiones.)
1116 2655 1117 2682 Ῐ

255 2698 311 2725 Gai.
328 2699 421 2727 1V.29.
442 2712 480 2737 sq.
521 2700 583 2727 vult
603 2700 705 2732 Oratio,
725 2701 793 2738 apud
814 2701 963 2728 Praetorem
983 2702 1016 2728 de
1036 2703 1094 2727 istis
1116 2707 1117 2729 ζ

255 2742 353 2778 quaeri,
372 2743 490 2779 inprimis
510 2749 558 2769 etc.
580 2744 609 2770 1”ι·.
630 2746 645 2769 8
673 2744 709 2778 55.
724 2746 747 2771 8.
764 2746 803 2770 12.
823 2743 856 2770 de
875 2748 995 2771 transact.
1012 2746 1035 2771 2.
1054 2747 1092 2770 15.

254 2785 287 2811 Et
306 2795 368 2811 sane
387 2785 460 2811 locus
480 2788 530 2812 isto
550 2786 627 2813 hodie
647 2797 698 2813 uon
718 2796 766 2824 pro
786 2786 889 2813 modico
902 2786 1031 2814 beneficio
1051 2787 1090 2813 da-
1114 2786 1115 2805 1

255 2833 303 2854 tur.
324 2827 354 2854 fr.
374 2830 397 2854 4.
418 2828 483 2861 5.1.
504 2829 535 2855 de
556 2830 579 2855 h.
600 2840 642 2866 qu.
664 2835 716 2856 not.
737 2829 822 2856 ini'am.
842 2831 865 2855 3.
885 2831 909 2854 2.

1148 930 1216 967 lego,
1236 932 1271 957 ita
1291 935 1383 962 testor,
1403 931 1492 967 itaque
1511 940 1560 957 vos
1581 936 1630 957 etc.
1652 932 1708 958 Gai.
1729 932 1833 960 11.104.
1853 933 1914 972 le.
1933 935 1993 962 XX.

1147 976 1171 1000 9.
1209 973 1270 1009 Quo
1292 974 1356 1005 iure,
1371 974 1451 1000 -113
1471 974 1589 1005 veniunt,
1610 975 1698 1011 itaque
1713 975 1887 1004 habebuntur.
1907 977 1938 1005 fr.
1952 980 1994 1005 81.

1148 1017 1169 1051 5.
1187 1019 1207 1043 1.
1229 1016 1261 1043 dv
1281 1021 1363 1043 contr.
1379 1021 1438 1043 emt.
1456 1018 1494 1042 IS.
1516 1019 1538 1043 1.
1568 1016 1604 1043 Ita
1624 1018 1690 1047 fieri,
1711 1023 1738 1045 ut
1759 1024 1807 1046 etc.
1828 1019 1912 1047 vatic.
1933 1021 1955 1055 5.
1969 1022 1994 1048 6.

1147 1059 1229 1096 quue
1250 1063 1278 1085 ut
1296 1060 1331 1086 ita
1350 1060 1404 1089 fiat,
1424 1059 1513 1086 S.Cto
1535 1064 1646 1086 cautum.
1668 1060 1704 1087 lb.
1719 1061 1804 1089 XXV.
1821 1065 1860 1090 16.
1886 1063 1995 1099 Quodni

1148 1104 1182 1129 ita
1203 1103 1328 1134 creveris,
1349 1102 1458 1129 exheres
1475 1104 1548 1128 esto!
1569 1102 1625 1130 Gai.
1645 1102 1675 1130 11.
1697 1105 1754 1130 165.
1779 1104 1938 1143 1’1[),ΧΧ11,
1951 1109 1994 1134 27.

1148 1146 1176 1172 Iu
1197 1156 1225 1172 ea
1245 1145 1324 1171 verba
1349 1145 1474 1171 iudicium
1499 1145 1556 1175 det.
1581 1147 1670 1183 itaque
1694 1147 1810 1174 iudicare
1829 1149 1926 1176 iubeat.
1964 1149 1994 1177 L.

1147 1188 1216 1216 Gall.
1237 1188 1338 1226 Cisalp.
1358 1188 1377 1215 Ι.
1401 1189 1444 1214 21.
1464 1198 1504 1225 sq.
1546 1188 1582 1214 Vt
1605 1190 1689 1216 virum
1715 1190 1811 1217 bonum
1837 1192 1914 1228 eligat
1938 1193 1993 1226 (sc.

1148 1231 1321 1265 Praetor.)—
1335 1236 1414 1268 atque
1432 1232 1467 1257 ita
1486 1233 1651 1269 pronunciet.
1672 1232 1701 1259 sr.
1716 1234 1757 1260 47.
1777 1234 1798 1267 5
1815 1236 1838 1260 2.
1859 1234 1892 1261 de
1908 1235 1994 1263 fideic.

1145 1275 1210 1302 libb.
1230 1277 1272 1301 40.
1292 1277 1315 1302 5.
1352 1274 1480 1301 Fustibus
1500 1274 1626 1306 caeditur,
1646 1279 1671 1301 et
1690 1276 1724 1302 ita
1744 1276 1899 1304 absolvitur.
1921 1278 1951 1305 fr.
1969 1280 1992 1305 7.

1146 1319 1168 1353 5.
1191 1321 1213 1345 l.
1233 1317 1266 1345 de
1285 1319 1342 1344 iure
1361 1322 1463 1355 patron.
1477 1319 1519 1344 37.
1542 1319 1581 1344 14.
1619 1317 1656 1344 Ita
1676 1318 1811 1346 sciendum
1831 1325 1879 1353 est,
1895 1337 1925 1342 --
1946 1322 1994 1348 sci-

1146 1361 1209 1388 licet
1228 1366 1256 1388 ut
1269 1366 1318 1388 etc.
1339 1360 1369 1387 fr.
1391 1363 1413 1387 1.
1434 1360 1456 1394 5.
1475 1361 1514 1386 18.
1535 1359 1568 1387 de
1587 1366 1700 1398 separat.
1720 1363 1762 1388 42.
1781 1363 1805 1388 6.
1843 1362 1903 1390 Non
1922 1364 1994 1391 vide—

1145 1409 1189 1432 tur
1208 1405 1232 1431 b.
1253 1404 1269 1431 f.
1290 1405 1398 1434 emisse,
1424 1404 1512 1440 itaque
1533 1407 1558 1429 et
1576 1408 1680 1430 veteres
1699 1409 1807 1442 putant,
1833 1411 1859 1432 et
1878 1406 1993 1434 Sabinus

1146 1453 1172 1474 et
1196 1447 1307 1475 Cassius
1331 1447 1461 1474 scribunt.
1492 1445 1576 1473 Vatic.
1602 1447 1624 1480 5.
1645 1448 1667 1473 1.
1708 1446 1792 1484 quue
1820 1449 1854 1475 ita
1881 1451 1994 1477 maxime

1146 1490 1263 1517 Labeoni
1286 1491 1372 1517 visum
1397 1494 1445 1516 cst.
1475 1489 1531 1516 Gai.
1552 1489 1596 1516 IV.
1617 1491 1657 1516 59.
1679 1489 1710 1516 cf.
1735 1490 1765 1517 fr.
1785 1492 1827 1518 39.
1850 1491 1886 1526 55.
1907 1494 1931 1519 6.
1952 1503 1992 1530 sq.

1146 1534 1178 1561 de
1197 1543 1303 1571 procur.
1317 1535 1340 1560 3.
1361 1536 1384 1560 3.
1422 1532 1460 1558 Ita
1481 1532 1684 1566 (condemnari.)
1703 1538 1782 1570 atque
1801 1535 1823 1560 si
1839 1540 1887 1561 etc.
1907 1534 1937 1562 fr.
1949 1537 1992 1563 36.

1146 1578 1167 1611 5.
1187 1579 1211 1603 3.
1232 1577 1264 1603 de
1288 1576 1378 1603 hered.
1401 1580 1454 1613 pet.
1480 1578 1503 1602 5.
1523 1578 1547 1602 3.
1567 1591 1600 1595 -—-
1626 1577 1657 1609 §0
1681 1577 1716 1602 2.
1741 1578 1838 1609 Adeo,
1867 1580 1992 1613 Vtique.

1146 1620 1187 1647 111.
1205 1621 1271 1648 Gn.
1295 1619 1332 1645 113
1352 1619 1415 1645 mihi
1435 1628 1534 1645 summa
1555 1618 1679 1645 divinitas
1699 1628 1803 1656 semper
1821 1622 1937 1658 propitia
1957 1623 1992 1648 sit

1146 1669 1195 1690 etc.
1224 1663 1274 1689 Th.
1295 1662 1326 1689 C.
1346 1662 1391 1688 IX.
1413 1663 1435 1687 1.
1462 1672 1485 1688 c.
1504 1663 1528 1688 4.
1549 1661 1582 1687 de
1600 1666 1714 1688 accusat.
1747 1661 1783 1689 lta
1803 1663 1915 1690 demum.
1948 1664 1991 1691 Cf.

1122 1718 1123 1722 ¹
1145 1716 1169 1732 v.
1190 1705 1311 1732 Demum.
1330 1704 1367 1731 113
1387 1703 1454 1730 male
1473 1704 1592 1741 (accipi.)
1621 1703 1690 1731 Coll.
1705 1703 1758 1731 LL.
1772 1705 1804 1732 M.
1824 1705 1843 1732 I.
1859 1709 1898 1734 ll.
1930 1707 1992 1735 Non

1145 1750 1180 1776 ita
1200 1748 1301 1786 pridem
1326 1748 1481 1781 (constituit
1500 1747 1581 1784 Imp.)
1607 1746 1637 1773 fr.
1658 1749 1681 1774 2.
1707 1748 1728 1781 5.
1748 1750 1772 1774 2.
1798 1748 1830 1775 de
1854 1749 1931 1777 cond.
1956 1750 1990 1777 ob

1144 1797 1213 1829 turp.
1234 1802 1255 1818 c.
1276 1793 1316 1817 12.
1336 1793 1360 1817 5.
1397 1790 1434 1816 Ita
1455 1800 1507 1817 nou
1526 1795 1616 1828 potest
1635 1795 1745 1827 uterque
1764 1801 1832 1823 esse,
1856 1797 1884 1818 ut
1904 1794 1991 1830 possit

1144 1840 1237 1862 neuter
1256 1844 1323 1861 esse.
1343 1833 1373 1860 fr.
1396 1836 1452 1860 124.
1472 1833 1505 1860 de
1525 1833 1556 1860 V.
1571 1833 1597 1860 S.
1619 1835 1660 1860 50.
1682 1834 1722 1860 16.
1760 1833 1813 1861 Res
1833 1836 1941 1872 patitur,
1961 1840 1990 1862 ut

1144 1883 1193 1905 etc.
1210 1894 1241 1898 -—
1262 1878 1290 1904 ln
1310 1877 1384 1903 navis
1403 1877 1527 1912 magistro
1547 1886 1600 1902 non
1619 1877 1662 1902 ita.
1682 1875 1714 1902 fr.
1729 1878 1751 1903 l.
1771 1887 1810 1914 pr.
1831 1877 1864 1904 de
1883 1879 1988 1905 exercit.

1144 1926 1193 1948 act.
1214 1922 1253 1947 14.
1276 1923 1297 1947 l.
1335 1920 1364 1946 Si
1384 1929 1460 1946 nemo
1480 1920 1528 1949 sit.
1549 1935 1581 1939 —
1605 1920 1640 1946 ita
1659 1925 1785 1957 poterunt
1804 1922 1896 1958 scripti
1915 1920 1988 1947 here-

1143 1964 1191 1991 des
1211 1965 1324 1991 retinere
1342 1963 1522 1990 hereditatem.
1543 1962 1600 1989 Gai.
1614 1962 1644 1989 11.
1662 1964 1718 1989 119.
1747 1962 1782 1989 Vt
1800 1964 1823 1989 is
1841 1968 1916 2000 pater
1929 1974 1988 1990 eum

1144 2023 1175 2027 —
1196 2007 1299 2034 occidat
1318 2007 1361 2038 ita,
1381 2011 1410 2032 ut
1429 2005 1509 2032 filiam
1522 2006 1549 2032 iu
1563 2007 1708 2032 continenti
1722 2006 1832 2033 occidat.
1852 2005 1986 2033 Coll.LL.

1120 2040 1122 2087 ἶ
1144 2051 1176 2078 Μ.
1196 2050 1241 2077 IV.
1260 2052 1285 2077 2.
1321 2049 1359 2076 lta
1379 2049 1481 2075 infamis
1501 2053 1542 2075 est
1561 2048 1651 2080 mileS‚
1676 2049 1721 2084 qui
1741 2054 1789 2075 etc.
1809 2063 1842 2068 —
1861 2053 1890 2075 ut
1909 2050 1987 2076 etiam

1144 2099 1192 2120 cte.
1218 2094 1247 2120 fr.
1267 2096 1291 2119 2.
1316 2093 1338 2125 5.
1358 2094 1382 2118 3.
1407 2092 1439 2118 dc
1459 2091 1483 2118 h.
1509 2101 1551 2127 qu.
1577 2095 1630 2116 not.
1655 2091 1742 2117 infam.
1765 2093 1790 2117 3.
1810 2093 1835 2118 2.
1871 2091 1901 2118 Si
1926 2093 1987 2128 quis

1143 2137 1178 2162 ita
1202 2135 1359 2173 simpliciter
1381 2138 1501 2161 versatus
1521 2138 1570 2165 est,
1591 2137 1619 2159 ut
1638 2137 1687 2159 etc.
1713 2133 1743 2160 fr.
1763 2135 1785 2160 6.
1811 2135 1832 2168 5,
1852 2136 1877 2161 4.
1901 2134 1934 2161 de
1953 2133 1985 2162 N.

1120 2169 1121 2176 1
1144 2180 1175 2206 G.
1194 2181 1218 2206 3.
1239 2181 1262 2205 5.
1299 2177 1339 2204 Ne
1363 2178 1398 2204 ita
1422 2176 1537 2213 negligas
1563 2186 1683 2207 servum,
1706 2186 1739 2202 ne
1759 2181 1807 2203 etc.
1832 2177 1862 2203 fr.
1886 2179 1928 2204 50.
1952 2177 1987 2205 de

1152 2227 1210 2248 met.
1230 2224 1254 2248 2.
1277 2223 1316 2247 14.

1143 2233 1151 2260 Ι
1178 2265 1308 2292 ltalia.
1346 2264 1377 2297 §.
1398 2264 1432 2290 1.
1453 2264 1606 2296 Europae
1623 2263 1716 2295 regio
1736 2264 1884 2298 integra,
1905 2274 1985 2298 qnae

1119 2321 1120 2326 ¹
1143 2311 1174 2335 in
1199 2310 1341 2344 formam
1367 2307 1568 2341 peninsulae
1595 2306 1631 2330 ab
1657 2306 1788 2338 Alpium
1813 2308 1984 2334 radicibus

1141 2354 1181 2378 ad
1199 2361 1285 2377 mare
1305 2360 1400 2384 usqae
1414 2349 1612 2375 extenditur.
1642 2346 1659 2372 1.
1675 2351 1737 2381 Sy.
1758 2348 1875 2375 Italicum
1889 2348 1982 2376 solum.

1141 2394 1183 2420 Pr.
1203 2394 1220 2420 1.
1245 2393 1277 2419 de
1297 2402 1403 2429 usucap.
1422 2394 1446 2417 2.
1466 2392 1490 2416 fi.
1527 2389 1556 2416 11.
1579 2391 1645 2423 01).
1671 2389 1831 2418 Provinciae.
1863 2391 1921 2419 Gai.
1940 2392 1982 2420 111.

1144 2439 1199 2464 121.
1220 2447 1258 2473 sq.
1279 2436 1309 2462 I'r.
1332 2438 1352 2462 1.
1373 2436 1386 2469 5
1415 2436 1453 2460 13.
1474 2432 1506 2459 de
1525 2433 1567 2458 off.
1589 2432 1640 2459 l'rl'.
1663 2432 1706 2460 Vr.
1728 2436 1750 2460 1.
1770 2436 1810 2460 12.
1846 2434 1981 2467 Roma,—

1141 2480 1222 2512 Italia,
1243 2495 1275 2499 ——
1294 2478 1455 2506 Provinciae.
1480 2475 1563 2506 Vatia
1584 2475 1605 2508 5.
1625 2478 1684 2503 247.
1722 2476 1802 2508 Vrbe,
1823 2476 1903 2510 Italia,
1923 2487 1982 2515 pro-

1118 2529 1119 2541 *
1142 2525 1225 2550 vincia
1245 2521 1435 2557 (interdicere.)
1455 2518 1524 2546 Coll.
1545 2517 1596 2545 LL.
1616 2518 1650 2545 M.
1669 2518 1687 2546 Ι.
1709 2521 1750 2546 11.
1769 2519 1799 2546 sr.
1821 2522 1844 2547 1.
1863 2521 1886 2554 5.
1905 2523 1928 2547 2.
1948 2520 1981 2547 de

1140 2567 1269 2593 effractor.
1290 2566 1332 2591 47.
1354 2566 1392 2590 18.
1418 2563 1448 2590 cf.
1473 2562 1503 2589 fr.
1525 2563 1547 2588 l.
1568 2572 1606 2598 pr.
1631 2561 1664 2588 de
1683 2561 1776 2598 colleg.
1802 2567 1827 2589 et
1846 2573 1918 2601 corp.
1937 2564 1978 2589 47.

1139 2613 1180 2637 22.
1217 2609 1287 2636 lutra
1307 2607 1404 2634 urbem.
1425 2621 1456 2625 —-—
1476 2605 1557 2631 Extra
1577 2604 1676 2636 urbem,
1696 2606 1763 2631 iutra
1783 2605 1890 2633 Italiam.
1909 2605 1939 2632 fr.
1955 2607 1977 2631 l.

1139 2663 1178 2691 pr.
1198 2653 1220 2686 5.
1239 2653 1263 2677 4.
1283 2650 1316 2677 de
1335 2650 1378 2676 off.
1394 2649 1444 2675 l'rf.
1460 2648 1505 2675 Vr.
1526 2650 1548 2674 l.
1570 2650 1608 2674 12.
1646 2647 1688 2674 111.
1703 2649 1769 2675 Cn.
1788 2647 1824 2675 Vt
1844 2653 1915 2676 extra
1928 2652 1978 2673 ter-

1138 2706 1191 2722 ram
1212 2694 1310 2721 Italiam
1337 2692 1521 2727 relegarentur.
1546 2691 1576 2717 l'r.
1595 2692 1619 2717 3.
1644 2691 1665 2724 5.
1684 2691 1709 2717 3.
1734 2690 1767 2717 de
1789 2691 1854 2727 abig.
1874 2692 1915 2717 47.
1936 2691 1976 2717 14.

1138 2738 1166 2764 Iu
1186 2743 1254 2763 terra
1274 2735 1359 2765 Italia.
1385 2737 1411 2762 in
1431 2734 1551 2772 oppidis,
1577 2733 1654 2764 soris,
1675 2749 1707 2753 -—
1727 2732 1907 2760 conciliabulis
1927 2738 1975 2759 etc.

1138 2780 1178 2806 Fr.
1203 2779 1232 2806 L.
1258 2778 1393 2805 Serviliae.
1421 2789 1442 2805 c.
1470 2780 1510 2803 12.
1535 2776 1566 2803 cf.
1592 2776 1621 2802 l'r.
1645 2775 1675 2802 L.
1695 2775 1819 2807 Thuriae,
1844 2785 1884 2813 pr.
1922 2775 1975 2811 Qui

1114 2826 1115 2831 ¹
1137 2825 1219 2849 civem
1230 2822 1270 2854 11..
1291 2832 1381 2848 eumve
1396 2822 1441 2858 qui
1460 2821 1485 2847 in
1500 2819 1570 2847 Italia
1586 2819 1711 2846 liberatus
1725 2820 1768 2850 sit,
1787 2818 1910 2845 celaverit
1924 2823 1973 2845 ete.
