2197 3121
985 162 1073 194 PON

230 246 302 271 tione
329 245 414 282 posita
444 244 495 278 [al.
516 244 665 282 oppositm]
697 243 876 270 defensionem
905 245 1068 281 exceptionis

229 289 356 314 amittere.
377 287 406 314 fr.
428 289 450 313 7.
469 287 500 314 ad
521 287 548 314 S.
558 286 588 313 C.
609 286 676 313 vell.
698 288 737 313 16,
759 289 780 313 1.
801 303 832 306 —
853 287 883 319 ξ.
902 288 993 313 ΔΕΒ.
1014 289 1069 313 Fi-

228 337 311 357 ctam
336 332 469 364 speciem
490 332 652 366 proferre.
695 330 713 356 I.
738 331 799 363 Sy.
830 329 947 365 Pingere..
973 329 1002 356 sr.
1028 331 1067 356 13.

228 373 250 407 5.
270 375 294 399 4.
320 373 352 399 de
376 373 463 399 hered.
489 377 541 409 pet.
561 375 585 398 5.
604 374 627 398 3.
653 372 682 399 sr.
702 374 743 398 35.
763 373 784 406 5.
804 374 827 399 3.
849 372 880 398 de
899 371 986 398 herc-d.
1006 374 1066 398 inst.
1088 399 1090 405 ¹

227 417 268 442 28.
289 419 312 442 5.
350 415 390 442 III.
409 417 473 444 Gn.
498 415 652 446 Videamus5
678 420 703 441 et
721 425 849 452 ponamus
869 420 917 441 etc.
942 415 972 441 l'r.
993 417 1015 441 7.
1036 415 1067 441 de

227 459 300 485 inoff.
319 464 420 485 testam.
441 461 465 485 5.
484 460 508 485 2.

227 501 303 537 legat.
327 501 368 528 III.
393 502 471 534 (32.)
495 501 525 528 fr.
546 503 568 527 7.
594 502 614 535 5.
634 503 658 527 3.
684 500 716 526 de.
739 500 826 527 donat.
849 502 890 527 39.
916 502 938 526 5.
986 500 1067 527 Verbi

226 545 315 580 gratia,
335 554 359 570 v.
379 543 492 581 thuta.
512 554 580 581 pone
601 548 648 569 etc.
673 542 702 570 fr.
722 545 764 570 35.
784 553 822 580 pr.
842 543 874 569 de
893 543 980 570 hored.
1002 545 1062 569 inst.

225 588 267 613 28.
287 589 311 613 5.
340 586 370 613 fr.
392 589 431 613 12.
460 588 481 621 5.
505 590 528 613 2.
555 587 586 613 de
611 586 671 612 bon.
696 586 782 612 libert.
806 587 847 612 38.
867 588 890 611 2.
916 602 945 605 —
976 587 1006 620 §-
1028 588 1065 613 5.

227 631 400 666 Conferre,
427 631 646 657 Constituere.
683 629 701 655 l.
722 630 783 663 Sy.
812 628 949 666 Iinponcre
968 631 1065 661 (servi-

226 673 330 705 tutem.)
349 671 380 698 fr.
399 674 422 699 3.
443 683 482 710 pr.
503 673 535 699 de
554 672 580 699 S.
601 672 627 699 P.
649 672 678 698 lt.
693 673 716 698 8.
735 674 760 697 3.
797 670 839 697 III.
855 673 920 699 Gn.
939 671 1064 708 Legatum

224 716 250 741 in
270 714 352 741 aliena
371 714 507 741 voluntate
526 717 589 753 poni
608 719 698 752 potest
736 713 765 740 fr.
786 715 827 739 43.
851 714 873 746 5.
892 716 916 740 2.
937 714 969 741 de
988 714 1063 750 legat.

223 757 242 784 l.
263 758 337 790 (30.)
378 757 501 794 Legando
522 758 620 789 heredi.
633 759 701 783 —in
719 757 802 793 ipsius
822 756 957 783 voluntate
976 758 1066 794 posuit

223 800 372 826 aditionem.
394 800 424 827 fr.
438 802 478 827 59.
500 811 538 838 pr.
558 800 590 827 ad
609 800 635 827 S.
644 800 673 827 C.
689 799 767 826 Treb.
785 800 826 826 36.
849 801 870 825 l.
908 800 936 826 In
955 801 1063 826 arbitrio

222 844 279 870 eius
301 860 331 863 —
350 845 479 880 positum,
505 854 537 869 au
558 844 661 869 omnino
681 842 753 868 velit.
778 842 808 869 fr.
828 844 848 868 7.
871 843 893 876 5.
915 845 936 869 1.
957 843 989 869 de
1008 843 1062 869 reb.

221 886 282 913 dub.
302 887 343 912 34.
364 888 387 912 5.
413 901 447 905 —
474 887 504 920 §.
525 888 563 913 6.
590 888 790 920 Supponere,
818 887 982 920 Obligare.
1019 885 1085 930 111.Ὶ1

221 930 288 957 Gn.
308 928 414 965 Pignori
434 939 539 966 ponere..
560 939 581 955 c.
595 931 618 954 2.
640 928 690 963 Qu.
707 938 748 954 res
762 930 831 965 pign.
846 931 869 954 ὅ.
885 930 924 954 17.
956 928 1061 964 Pignori

220 973 337 1009 positum
356 971 437 998 luere.
457 972 486 998 fr.
499 973 540 997 33.
559 972 580 1005 5.
600 973 624 997 2.
644 970 676 997 de
695 970 770 1007 legat.
790 970 832 997 III.
853 971 963 1004 (32.)-
983 972 1013 1005 §-
1028 973 1060 998 7.
1082 985 1083 991 ¹

222 1017 408 1041 Subducere.
432 1017 480 1041 Aa
495 1016 655 1041 calculum
676 1024 795 1041 vocare.
832 1013 851 1040 I.
867 1015 928 1048 Sy.
948 1013 1062 1051 Compo-

219 1067 290 1087 nerc.
304 1057 425 1084 Reddere
441 1057 601 1090 (rationem.)
622 1056 650 1083 l'r.
665 1058 705 1082 41.
727 1057 748 1090 5.
761 1059 785 1083 2.
806 1056 838 1083 dc
853 1058 973 1083 eviction.
984 1059 1025 1083 21.
1036 1059 1059 1083 2.
1081 1079 1083 1088 ,

219 1100 249 1126 fr.
271 1102 310 1126 75.
331 1100 361 1126 fr.
382 1101 422 1126 95.
442 1100 478 1134 55.
500 1101 522 1126 1.
543 1109 582 1136 sq.
603 1099 634 1125 ad
654 1098 682 1125 L.
703 1098 772 1126 Falc.
787 1101 829 1126 35.
843 1101 867 1126 2.
888 1100 909 1133 5.
927 1102 948 1126 l.
968 1100 986 1126 I.
1002 1100 1059 1126 eod.

221 1145 243 1169 1.
264 1145 306 1169 22.
343 1142 386 1169 III.
407 1143 472 1169 Cn.
503 1143 622 1179 Accepto
649 1141 742 1168 tulisse
767 1158 797 1161 —
823 1142 950 1178 reliquum
975 1153 1059 1175 omne,
1080 1155 1082 1163 ¹

218 1187 318 1212 ratione
342 1186 427 1222 posita
453 1187 507 1212 eius
532 1185 658 1222 pecuniae
678 1190 725 1211 etc.
750 1184 780 1211 fr.
800 1186 841 1211 89.
861 1195 899 1222 pr.
924 1185 956 1211 de
979 1186 1058 1213 solut.

218 1230 259 1254 46.
273 1230 297 1254 3.
334 1227 412 1254 Ratio
427 1227 669 1259 administrationis,
690 1228 833 1254 secundum
849 1228 926 1254 Iidem
940 1235 1058 1266 accepto-

217 1281 273 1298 rum
293 1275 319 1297 et
341 1270 469 1302 datorum.
494 1275 614 1307 ponatur.
640 1270 669 1296 sr.
689 1273 713 1296 2.
734 1271 755 1303 5.
775 1273 799 1297 2.
820 1271 852 1297 de
871 1271 936 1297 adm.
957 1282 1006 1298 rer.
1026 1272 1057 1299 ad

216 1315 286 1340 civit.
305 1315 347 1340 50.
367 1314 391 1340 8.
429 1313 458 1340 Si
483 1314 549 1339 ratio
574 1312 704 1339 Falcidiae
730 1314 792 1350 poni
817 1315 941 1351 coeperit.
967 1314 996 1341 fr.
1018 1316 1056 1341 15.

215 1357 237 1390 5.
258 1359 282 1382 4.
302 1356 333 1382 cf.
354 1355 384 1382 fr.
405 1358 445 1382 12.
466 1355 498 1382 ad
517 1355 546 1381 L.
567 1355 635 1382 Fale.
655 1358 696 1382 35.
716 1359 740 1382 2.

252 1412 365 1438 Pons.
394 1411 480 1445 Opus
497 1417 733 1442 constructum,
754 1422 812 1446 quo
832 1418 970 1446 utraque
983 1414 1056 1448 flu-

213 1455 310 1480 minis
331 1455 405 1487 ripa
424 1455 648 1488 coniungitur.
686 1453 728 1480 111.
751 1456 816 1482 Cn.
839 1454 980 1481 Instructio
1000 1456 1056 1481 viae

213 1496 349 1534 publicae,
370 1501 394 1522 et
414 1497 533 1532 pontium
552 1500 744 1533 stratarumquo
763 1507 849 1534 opera.
877 1497 926 1523 Th.
947 1497 977 1524 C.
997 1497 1055 1524 XV.

212 1540 237 1565 3.
258 1549 279 1565 c.
299 1540 323 1565 6.
344 1538 376 1565 de
395 1539 450 1565 itin.
471 1549 540 1565 mun.
570 1538 610 1565 Cf.
630 1539 688 1566 XV.
710 1541 732 1566 l.
760 1550 780 1566 c.
800 1542 840 1567 36,
862 1540 894 1566 de
913 1551 973 1578 opp.
993 1541 1055 1577 pub.
1077 1556 1078 1559 =

214 1582 317 1619 Specus
343 1586 367 1607 et
391 1586 498 1618 pontem
522 1581 607 1608 facero
631 1585 695 1619 (per
714 1584 780 1609 viam
800 1583 955 1620 publicam.)
980 1584 1010 1610 fr.
1030 1586 1054 1610 2.

213 1625 235 1658 5.
248 1626 290 1651 33.
310 1635 342 1650 no
362 1634 404 1660 qu.
425 1625 450 1650 in
470 1623 529 1650 loco
549 1624 611 1661 pub.
629 1627 668 1651 43.
689 1626 713 1652 8.
750 1625 778 1652 Si
799 1631 842 1652 aut
861 1626 928 1652 vado
951 1628 1055 1653 transiri

212 1672 310 1704 potest,
330 1671 373 1693 aut
393 1672 498 1704 pontem
518 1667 596 1694 hahet
615 1669 663 1701 (sc.
685 1668 803 1702 flumen.)
824 1668 853 1695 fr.
872 1671 914 1696 35.
935 1669 967 1695 de
986 1669 1013 1696 S.
1026 1669 1053 1696 P.

213 1709 243 1736 R.
258 1711 281 1736 8.
301 1711 324 1736 3.
361 1710 403 1736 De
423 1715 511 1747 ponte⁷
531 1715 574 1736 aut
594 1712 659 1748 ripa,
679 1712 705 1737 in
725 1711 821 1738 flumen
840 1713 976 1749 proiicere.
997 1712 1053 1739 Gai.
1075 1720 1076 1749 ᾗ

215 1752 258 1778 lII.
277 1754 335 1779 219.

250 1803 453 1830 Pontiana.
492 1804 610 1830 Nomen
631 1814 795 1838 personae.
834 1805 875 1832 III.
896 1807 962 1833 Gn.
987 1806 1053 1832 Sub-

212 1846 316 1871 stitutio
335 1861 367 1864 —
390 1846 416 1872 in
436 1855 550 1882 persona
569 1846 712 1873 Pontianae
736 1848 810 1874 sacta.
836 1859 856 1875 c.
876 1850 900 1874 6.
926 1848 958 1875 de
976 1849 1052 1885 legat.

212 1890 235 1915 6.
255 1890 296 1914 37.

249 1938 422 1965 Pontica.
460 1939 626 1966 Dioecesis
645 1943 750 1967 Ponti.
788 1941 828 1967 Ill.
845 1943 911 1969 Cn.
931 1942 1051 1969 Yicarius

177 1993 180 1995 ·
210 1981 341 2008 Ponticae.
362 1981 408 2007 Iul.
429 1991 469 2018 ep.
489 1991 549 2008 nov.
572 1992 591 2008 c.
613 1984 653 2008 15.
673 1984 694 2016 5.
715 1985 755 2010 53.
776 1994 797 2010 c.
812 1987 853 2010 25.
874 1985 895 2018 5.
910 1986 950 2012 96.
983 1985 1051 2013 Vtri·
1072 2007 1073 2013 ,

210 2034 294 2061 usque
313 2024 438 2051 Ponticae
457 2025 630 2060 magistratus.
650 2025 686 2052 lh.
708 2037 728 2052 c.
751 2029 789 2053 15.
810 2028 831 2061 5.
851 2030 892 2054 53.

247 2075 440 2102 Ponticus.
478 2075 614 2108 (Adieet.)
656 2079 703 2103 Ast
726 2079 825 2104 Ponti
844 2081 1048 2112 provinciam

207 2120 382 2151 pertinens.
419 2117 461 2144 111.
482 2119 548 2145 Gn.
575 2118 692 2145 Ponticis
719 2130 752 2146 ex
775 2120 904 2147 beneficio
933 2121 1071 2160 Pompeii:

210 2159 244 2186 M.
264 2165 420 2197 competere,
440 2165 476 2193 ut,
499 2162 543 2197 qui
562 2160 669 2188 Pontica
688 2167 769 2189 matre
789 2169 864 2190 uatus
885 2170 964 2197 esset,
984 2165 1049 2192 Pon-

211 2203 278 2229 ticus
298 2208 375 2230 esset.
396 2202 426 2229 fr.
443 2205 465 2229 1.
485 2203 506 2237 5.
526 2206 549 2229 2.
570 2203 600 2230 ad
620 2205 714 2231 munic.
735 2207 774 2232 50.
798 2209 818 2232 l.
856 2207 906 2234 Per
925 2209 1048 2236 Asianam

211 2250 237 2271 et
259 2244 394 2272 Ponticam
418 2246 559 2273 dioecesin.
588 2246 637 2273 Th.
658 2247 687 2274 C.
708 2247 763 2274 Vll.
783 2251 806 2276 6.
833 2260 854 2276 c.
873 2252 897 2277 3.
922 2251 954 2278 de
973 2253 1048 2279 milit.

211 2292 292 2313 veste.
318 2288 350 2314 X.
371 2290 410 2315 19.
435 2299 455 2315 c.
477 2291 508 2315 12
543 2289 574 2315 de
598 2289 695 2316 metall.
716 2291 784 2317 XVI.
807 2294 828 2319 l.
855 2304 875 2320 c.
895 2295 919 2320 3.
944 2294 977 2321 de
996 2296 1048 2322 fide

211 2329 306 2356 cathol.

250 2379 440 2407 Pontifex.
476 2382 506 2415 ᾗ.
527 2384 562 2409 l.
596 2386 767 2411 Sacrorum
796 2390 883 2420 apud
903 2391 1046 2423 gentiles
1068 2396 1069 2400 ¹

209 2424 406 2458 praefectus.
447 2423 489 2450 III.
513 2426 578 2452 Gn.
607 2426 754 2463 Collegium
778 2430 940 2465 pontificum.
968 2431 998 2457 fr.
1022 2434 1046 2458 2.

210 2466 231 2498 5v
252 2468 275 2491 6.
296 2465 328 2491 de.
348 2465 379 2491 O.
400 2465 417 2491 I.
439 2467 461 2491 l.
481 2468 504 2492 2.

210 2551 302 2579 licum.
322 2560 368 2576 seu
387 2552 460 2577 iussu
481 2551 623 2589 Principis.
642 2565 673 2581 an
692 2555 767 2583 liceat
789 2563 836 2584 etc.
862 2559 891 2584 sr.
912 2563 935 2585 ὅ,
955 2570 992 2596 pr.
1014 2560 1046 2586 de

210 2593 282 2629 relig.
304 2595 343 2619 11.
364 2595 386 2619 7.
406 2593 436 2620 fr.
451 2595 473 2619 5.
495 2594 516 2627 5.
533 2596 554 2620 l.
574 2595 606 2621 de
624 2603 726 2625 mortuo
746 2601 818 2627 inser.
842 2604 879 2628 11.
900 2603 923 2627 S.
960 2602 987 2628 In
1005 2604 1045 2629 ius

210 2637 296 2662 vocari
311 2646 363 2661 nou
377 2641 482 2672 oportet
495 2653 526 2656 —
540 2638 700 2674 pontificem,
719 2642 778 2669 dum
799 2654 870 2671 sacra
890 2645 958 2671 l'acit.
979 2645 1008 2672 fr.
1020 2648 1043 2672 2.

210 2678 242 2705 de
262 2680 286 2705 in
312 2680 352 2705 ius
371 2688 428 2705 voc.
447 2682 470 2705 2.
490 2682 513 2706 4.
534 2694 567 2698 —
591 2681 622 2714 ᾖ.
643 2683 678 2708 2.
706 2686 861 2713 Sacerdos
886 2690 1043 2715 christia·
1065 2701 1066 2721 1

208 2732 327 2748 norum.
364 2721 381 2747 I.
397 2722 457 2755 Sy.
476 2722 604 2753 Antistes,
624 2723 731 2752 Praesul
751 2729 876 2756 ecclcsiae
892 2741 955 2757 rom.
976 2731 1042 2758 Nov.

208 2763 267 2790 Val.
286 2764 327 2790 ΙΙΙ.
348 2763 380 2790 de
399 2765 479 2800 episc.
499 2765 554 2792 ord.
574 2765 603 2792 Il.
626 2768 665 2793 17.
685 2777 706 2793 c.
728 2770 749 2794 1.
769 2770 805 2803 55.
828 2774 848 2798 l.
863 2783 902 2809 sq.
922 2773 964 2800 ΙΙΙ.
977 2775 1042 2802 Gn.

210 2805 236 2832 In
254 2808 398 2843 provinciis
418 2807 534 2835 locorum
554 2809 661 2836 iudices
682 2811 707 2836 in
728 2811 791 2837 urbe
804 2812 884 2841 Roma
905 2826 961 2843 cum
978 2827 1041 2853 pon-

1084 181 1121 186 —
1132 163 1224 194 POP.

546 458 630 488 Pone.
650 459 747 494 inquit,
773 468 831 484 esse
850 463 897 484 etc.
924 457 954 483 sr.
974 459 1014 484 97.
1035 457 1067 484 de
1088 472 1089 480 1

540 2468 659 2504 Epistola
680 2472 712 2496 O.
732 2471 795 2508 Imp.
815 2472 950 2505 Antonini.
971 2485 1046 2510 quam
1067 2473 1068 2499 J

210 2509 317 2544 scripsit
339 2508 517 2544 pontificibus.
542 2509 597 2536 Gai.
616 2511 634 2538 Ι,
656 2514 712 2539 102.
749 2514 812 2540 Sine
836 2515 942 2542 decre-to
962 2519 1046 2553 ponti·
1067 2524 1068 2546 ἦ

1114 245 1229 272 tilicibus
1249 250 1291 271 tua
1311 245 1439 272 celsitudo
1460 247 1615 284 (inspiciat.)
1641 248 1689 274 Th.
1711 247 1740 274 C.
1761 247 1804 274 IX.
1827 250 1865 273 17.
1887 259 1907 274 c.
1927 251 1949 274 2.

1113 288 1135 321 5.
1156 290 1177 314 1.
1197 287 1229 314 de
1249 288 1347 325 sepulc.
1367 289 1428 315 viol.

1149 331 1396 358 Pontificalis.
1404 332 1532 365 (Adieci.)
1545 336 1590 360 Ad
1601 336 1781 369 pontifices
1794 340 1949 367 spectans.

1111 373 1129 399 Ι.
1142 375 1203 408 Sy.
1223 373 1387 402 Pontificum.
1402 375 1555 402 Pontificalc
1568 376 1722 409 (decretum,
1737 387 1756 402 5.
1771 377 1949 413 permissum.)

1112 416 1142 442 fr.
1162 420 1184 442 8.
1210 426 1248 453 pr.
1273 416 1305 443 de
1330 417 1402 454 relig.
1429 420 1467 444 11.
1489 421 1511 445 7.
1538 419 1569 446 cs.
1594 420 1623 446 l'r.
1644 422 1685 446 50.
1710 420 1774 453 5.1.
1800 418 1832 444 de
1860 418 1948 445 hered.

1111 464 1163 496 pet.
1183 461 1207 485 5.
1227 461 1250 486 3.

1148 503 1409 530 Pontificatum.
1438 504 1554 536 (Subst.)
1583 507 1768 542 Pontificis
1786 507 1946 540 dignitas.

1110 544 1154 570 III.
1170 546 1235 572 Cn.
1254 545 1389 582 Religiosi.
1409 556 1475 582 quos
1496 558 1547 573 non
1567 549 1659 574 summi
1678 549 1847 585 pontificatus
1864 547 1948 573 honor

1110 587 1221 614 adtollit.
1242 588 1362 615 Consult.
1384 594 1434 615 vet.
1455 589 1534 616 Leti.
1555 600 1575 616 c.
1597 592 1620 616 7.

1147 632 1402 658 Pontificiuln.
1439 633 1470 665 §.
1490 634 1524 659 l.
1545 635 1731 668 Pontificis
1751 635 1945 663 auc-toritas,

1109 676 1155 700 vel
1172 681 1324 708 potestas.
1363 674 1403 700 III.
1423 676 1489 702 Gn.
1510 676 1563 711 Qui
1583 675 1671 702 harum
1691 676 1884 712 professionum
1904 675 1946 702 vel

1108 717 1270 752 pontificium
1296 717 1346 743 sibi
1372 717 1414 744 vel
1437 719 1609 744 ministerium
1637 719 1809 745 vindicarunt.
1839 718 1887 745 Th.
1914 718 1944 745 C.

1107 758 1175 785 XVI.
1195 762 1218 786 5.
1240 771 1259 786 c.
1281 762 1320 786 13.
1341 760 1373 786 de
1392 760 1514 787 haeretic.
1535 778 1566 780 —
1591 762 1621 795 ξ.
1642 763 1676 788 2.
1698 763 1868 791 Fac-ultas.
1887 763 1944 787 :lr-

1107 804 1248 829 biti-inm.
1286 803 1303 829 1.
1317 805 1378 837 Sy.
1398 804 1450 835 Ins,
1470 803 1590 830 Potestas
1609 804 1746 837 (fruendi.)
1766 804 1801 830 lb.
1816 803 1882 830 VIII.
1904 805 1943 829 ls.

1107 855 1127 870 c.
1150 847 1171 870 I.
1191 855 1230 882 pr.
1250 846 1287 879 55.
1310 848 1331 872 l.
1350 848 1374 872 3.
1400 847 1433 873 de
1451 852 1559 874 matern.
1579 847 1639 874 bon.
1659 847 1729 874 XVI.
1750 849 1772 873 7.
1793 857 1814 873 c.
1834 849 1858 872 ⁶2.
1877 847 1899 880 5.
1919 849 1942 872 2.

1106 887 1138 913 dc
1157 893 1267 924 apostat.

1144 932 1277 958 Ponto.
1315 934 1429 964 Naris.
1450 943 1511 967 qna
1531 935 1654 960 utimur
1672 935 1704 959 in
1717 935 1860 969 flumine
1879 940 1942 958 tra-

1105 975 1258 1000 iiciendo.
1296 974 1326 1001 II.
1347 977 1414 1009 011.
1441 976 1470 1002 Si
1494 981 1537 1002 aut
1556 976 1622 1002 vado
1647 977 1751 1002 transiri
1774 980 1876 1013 potest,
1900 980 1943 1001 aut

1082 1020 1083 1047 ἦ
1104 1021 1210 1052 pontem
1223 1016 1302 1043 habet
1316 1020 1364 1048 (sc.
1379 1018 1497 1052 flumen.)
1512 1035 1543 1039 —
1563 1019 1592 1045 Si
1612 1019 1773 1056 pontonibus
1791 1020 1941 1046 traiiciatur.

1103 1059 1133 1086 fr.
1152 1061 1193 1085 38.
1213 1059 1245 1086 de
1265 1060 1292 1086 S.
1312 1060 1339 1087 P.
1359 1060 1389 1087 R.
1410 1063 1432 1088 8.
1451 1064 1476 1088 3.

1080 1123 1082 1135 ⁴
1140 1104 1296 1130 Pontus.
1335 1106 1453 1131 Nomen
1481 1108 1651 1140 regionum
1672 1107 1773 1132 Asiae
1792 1107 1940 1136 minoris,

1102 1148 1142 1172 ad
1160 1148 1258 1172 Ponti
1275 1148 1357 1173 litus
1374 1150 1570 1181 positarum.
1607 1148 1648 1174 lll.
1664 1150 1729 1176 Cn.
1748 1148 1797 1174 Est
1816 1149 1885 1174 etin
1899 1147 1941 1173 Bi-

1103 1188 1191 1223 thynia
1212 1190 1261 1222 (sc.
1281 1189 1396 1222 colonia)
1415 1191 1561 1227 Apamena,
1582 1196 1607 1217 et
1626 1193 1651 1217 in
1671 1191 1755 1217 Ponto
1775 1191 1940 1228 Sinopensis

1103 1231 1132 1257 fr.
1149 1233 1170 1257 l.
1191 1232 1267 1265 510.
1288 1231 1320 1259 de
1340 1233 1438 1259 consil).
1450 1236 1491 1260 50.
1508 1236 1546 1260 15.
1584 1234 1703 1260 Duorum
1716 1234 1859 1260 Pontoruu)
1873 1244 1940 1260 unus

1102 1275 1136 1300 sit
1155 1274 1278 1306 praeses.
1299 1291 1330 1294 —
1355 1281 1380 1302 et
1404 1278 1553 1303 nominetur
1577 1278 1711 1314 provincia
1731 1277 1938 1314 Helenopontus.

1102 1316 1148 1343 1111,
1174 1327 1213 1354 ep.
1239 1328 1298 1344 nov.
1324 1329 1344 1345 c.
1364 1321 1406 1345 27.
1431 1320 1467 1353 55.
1488 1321 1528 1347 98.
1550 1330 1607 1357 sqq.
1646 1320 1695 1347 Per
1718 1321 1867 1357 provincias
1887 1319 1900 1346 11
1915 1330 1939 1345 e-

1101 1362 1287 1397 sopotamiam⁷
1307 1377 1338 1381 —-
1362 1362 1474 1389 Pontum
1498 1363 1710 1390 Polemoniacum
1733 1368 1781 1390 etc.
1807 1373 1826 1389 c.
1848 1365 1887 1389 10.
1907 1362 1940 1389 do

1101 1403 1176 1429 aedis.
1196 1405 1262 1440 priv.
1282 1405 1305 1430 8.
1327 1406 1365 1430 10.
1390 1405 1420 1431 cf.
1441 1416 1464 1432 v.
1486 1405 1693 1433 Polemoniacus.

1138 1447 1297 1480 Pupilla.
1338 1449 1497 1478 Taberna.
1519 1452 1629 1484 inqua
1649 1456 1738 1476 cocta
1759 1451 1891 1475 obsonia
1910 1455 1937 1474 et

1101 1491 1205 1515 vinum
1224 1494 1411 1517 venduntur.
1450 1491 1491 1518 111.
1509 1493 1575 1519 011.
1594 1492 1700 1523 Balnea.
1720 1492 1761 1518 vel
1781 1491 1851 1518 aliud
1868 1490 1939 1528 quod

1099 1531 1255 1563 aedificium,
1274 1533 1314 1559 vel
1335 1535 1453 1570 porticus
1472 1536 1529 1561 5111(-
1549 1535 1666 1564 aedibus.
1685 1535 1726 1561 vel
1746 1535 1876 1566 tabernae,
1896 1533 1939 1560 vel

1098 1576 1218 1612 popinae.
1239 1575 1269 1602 fr.
1287 1578 1327 1603 41.
1348 1577 1369 1610 5.
1383 1580 1407 1602 ὃ.
1428 1577 1460 1603 (1(-
1479 1576 1554 1613 legat.
1575 1577 1593 1603 l.
1612 1580 1678 1610 (30.)
1699 1578 1730 1604 cl'.
1750 1577 1796 1603 Iul.
1816 1587 1856 1614 ep.
1876 1586 1936 1602 nov.

1099 1628 1120 1644 c.
1142 1619 1198 1644 108.
1223 1619 1244 1652 5.
1263 1620 1322 1645 391.
1360 1619 1387 1645 ln
1414 1619 1527 1656 aliquem
1552 1620 1638 1647 locum
1658 1620 1825 1646 inhonestum
1844 1619 1937 1646 adesse

1076 1663 1077 1666 ’
1098 1661 1201 1693 iubere,
1226 1667 1287 1698 puta
1314 1663 1340 1688 111
1364 1663 1499 1699 popinam,
1529 1664 1571 1690 vel
1596 1665 1620 1690 111
1645 1664 1815 1700 lupanarium.
1840 1662 1869 1689 fr.
1894 1663 1935 1688 21.

1098 1705 1119 1738 5.
1135 1706 1174 1730 ll.
1195 1704 1227 1730 dc
1246 1715 1296 1731 rec.
1318 1715 1359 1742 qu.
1380 1705 1433 1731 arb.
1448 1708 1471 1732 4.
1486 1708 1509 1732 8.
1524 1706 1555 1733 cs.
1576 1706 1605 1733 fr.
1619 1709 1660 1733 26.
1681 1706 1714 1733 de.
1732 1707 1807 1732 1111111.
1822 1707 1862 1732 47.
1879 1707 1918 1731 10.

1134 1748 1326 1780 Poppaea.
1365 1748 1405 1774 Cl'.
1425 1759 1448 1774 v.
1468 1748 1554 1786 Papia.

1135 1791 1347 1823 Popularis.
1390 1792 1420 1824 §-
1448 1793 1482 1818 l.
1508 1794 1554 1818 Ad
1576 1795 1758 1819 universnm
1780 1794 1935 1827 populum

1097 1835 1128 1859 R.
1144 1835 1159 1859 i.
1174 1843 1192 1858 e.
1213 1835 1252 1859 ad
1269 1843 1371 1859 omnes
1390 1836 1474 1860 cives
1496 1837 1527 1861 R.
1551 1842 1708 1869 spectans.
1747 1835 1765 1862 I.
1781 1836 1842 1869 Sy.
1860 1835 1935 1870 Quae

1074 1907 1075 1916 ἵ
1097 1885 1187 1901 omnes
1213 1877 1283 1902 cives
1308 1876 1418 1907 faciunt.
1443 1876 1581 1914 Popularia
1601 1880 1717 1912 (sacra.)
1741 1879 1783 1905 Fr.
1804 1878 1935 1904 Labeonis

1074 1921 1075 1925 ’
1096 1918 1173 1944 l.Cti.
1197 1918 1248 1955 Ap.
1272 1918 1379 1945 Festum
1403 1930 1426 1946 v.
1447 1919 1594 1957 Popularia.
1632 1921 1711 1956 Quod
1736 1922 1819 1948 cuivis
1839 1931 1870 1947 ex
1889 1931 1934 1958 po-

1073 1973 1074 1980 *
1095 1961 1158 1998 pulo
1178 1963 1310 1998 competit.
1331 1961 1460 1999 Populare
1480 1964 1681 1998 (interdictum.)
1702 1964 1731 1991 l‘r.
1751 1967 1775 1990 2.
1798 1965 1819 1998 5.
1839 1966 1880 1990 34.
1901 1974 1933 1989 ne.

1096 2015 1137 2041 qu.
1162 2006 1188 2030 in
1213 2004 1272 2031 Ioco
1297 2005 1369 2042 publ.
1390 2007 1430 2032 43.
1450 2008 1473 2032 8.
1499 2006 1528 2032 l'r.
1552 2009 1571 2033 l.
1596 2007 1618 2040 5.
1638 2009 1661 2034 9.
1688 2018 1720 2033 ne
1744 2017 1786 2044 qu.
1811 2008 1836 2033 in
1860 2007 1931 2032 ssum.

1071 2072 1072 2082 ἵ
1095 2048 1154 2084 pub.
1175 2049 1215 2073 43.
1238 2049 1276 2074 13.
1298 2048 1328 2074 cs.
1350 2048 1379 2075 sr.
1399 2052 1440 2075 453.
1461 2050 1481 2083 5.
1500 2052 1523 2075 2.
1544 2050 1576 2076 de
1595 2060 1700 2087 procur.
1719 2052 1742 2076 3.
1762 2052 1786 2076 3.
1824 2049 1931 2075 Publica

1095 2091 1204 2123 (actio.)
1229 2090 1257 2116 fr.
1278 2092 1319 2117 30.
1345 2092 1366 2125 5
1386 2094 1410 2118 3.
1435 2092 1466 2118 (le
1491 2094 1595 2119 iureiur.
1617 2095 1656 2119 12.
1675 2096 1698 2119 2.
1724 2093 1752 2119 I'r.
1775 2094 1796 2119 1.
1821 2102 1879 2128 sqq.
1900 2092 1932 2118 de

1093 2133 1182 2170 popul.
1202 2138 1249 2159 act.
1270 2135 1310 2160 47.
1329 2137 1370 2161 ⁴23.
1408 2135 1450 2162 III.
1469 2138 1534 2163 Cn.
1555 2136 1647 2171 Quod.
1668 2137 1727 2172 quia
1746 2137 1842 2162 iustum
1861 2136 1931 2162 vide-

1070 2203 1071 2211 *
1093 2177 1168 2202 batur
1188 2181 1213 2203 et
1231 2177 1358 2214 populare
1377 2183 1439 2210 crat,
1460 2179 1594 2215 paullatim
1614 2188 1769 2205 conversum
1788 2183 1829 2205 est
1847 2180 1872 2205 in
1889 2178 1931 2205 ad-

1092 2219 1193 2246 siduam
1216 2220 1430 2247 iurisdictionem.
1455 2223 1475 2255 5.
1499 2224 1519 2248 l.
1540 2222 1557 2247 1,
1578 2222 1609 2247 (11·
1628 2221 1714 2248 fideic.
1737 2222 1825 2248 hercd.
1844 2224 1868 2248 2.
1887 2223 1928 2247 23.

1092 2261 1201 2299 Semper
1220 2264 1375 2300 exceptione
1391 2264 1498 2290 Cinciae
1518 2265 1553 2290 uti
1574 2265 1667 2301 potuit.
1687 2275 1739 2291 non
1759 2265 1843 2291 solum
1863 2265 1928 2301 ipse.

1091 2315 1180 2331 verum
1200 2321 1231 2324 —
1257 2307 1332 2332 etiam
1359 2308 1459 2343 quivis,
1486 2308 1560 2342 quasi
1584 2307 1719 2344 popularis
1744 2309 1778 2334 sit
1802 2307 1865 2333 haec
1885 2317 1927 2333 ex—

1068 2355 1069 2368 1
1092 2349 1185 2384 ceptio.
1211 2347 1294 2374 vatic.
1318 2349 1339 2381 5.
1359 2351 1417 2375 266.
1459 2349 1515 2375 IIoc
1539 2350 1705 2376 interdictum
1729 2355 1883 2388 perpetuum
1903 2355 1926 2375 et

1091 2390 1216 2427 populari¹
1236 2396 1282 2416 est.
1309 2391 1337 2417 fr.
1357 2393 1380 2417 2.
1406 2392 1426 2424 5.
1447 2394 1488 2418 31.
1514 2403 1546 2419 ne
1565 2403 1607 2429 qu.
1632 2395 1657 2419 in
1683 2393 1741 2419 Ioco
1760 2394 1821 2430 puh.
1841 2394 1882 2418 43.
1902 2396 1926 2418 ὃ.

1090 2433 1212 2459 Poenalis
1237 2439 1261 2459 et
1286 2434 1421 2470 popularis
1446 2436 1556 2467 (actio.)
1586 2436 1615 2462 sr.
1636 2439 1658 2462 5.
1688 2437 1710 2470 5.
1730 2439 1752 2462 5.
1779 2436 1810 2462 de
1834 2435 1858 2461 h.
1883 2445 1925 2471 qu.

1091 2476 1170 2502 deiec.
1191 2479 1213 2503 9.
1233 2478 1256 2502 -3.
1278 2477 1308 2502 cl'.
1329 2476 1358 2502 fr.
1378 2478 1419 2503 32.
1440 2487 1477 2514 pr.
1503 2478 1535 2504 ad
1554 2478 1583 2504 L.
1605 2478 1673 2504 Falc.
1692 2481 1733 2504 :55.
1752 2480 1775 2504 2.
1813 2478 1854 2504 De
1873 2479 1927 2514 qui-

1090 2519 1138 2545 hus
1159 2521 1179 2545 si
1200 2519 1335 2556 popularis
1355 2522 1485 2546 accusatio
1506 2520 1556 2546 ulla
1577 2522 1742 2556 processerit.
1764 2520 1812 2547 Th.
1827 2521 1859 2548 C.
1879 2521 1924 2548 XI.

1091 2564 1112 2588 7.
1134 2573 1154 2588 e.
1174 2564 1215 2587 ⁶20.
1236 2561 1268 2587 de
1292 2564 1420 2589 exaction.
1460 2563 1564 2589 Caduca
1589 2563 1731 2600 popularia.
1756 2563 1792 2589 lb.
1811 2563 1880 2590 XIV.
1900 2566 1923 2590 9.

1090 2615 1109 2631 c.
1123 2607 1147 2630 2.
1168 2605 1200 2630 de
1219 2604 1288 2630 stud.
1308 2605 1353 2632 lib.
1374 2606 1517 2632 1111111.-
1539 2606 1615 2637 δ.ἓ.
1638 2608 1700 2638 Qui
1717 2608 1853 2633 eiusdem
1870 2618 1923 2641 po-

1066 2659 1067 2691 i
1086 2650 1160 2682 puli
1178 2654 1237 2679 est,
1258 2651 1305 2674 vel
1323 2651 1485 2675 civitatis.
1524 2648 1564 2673 III.
1589 2650 1654 2675 Cn.
1674 2648 1775 2681 Mulier⁷
1795 2659 1861 2685 quae
1880 2650 1924 2676 do-

1089 2695 1139 2716 tem
1159 2690 1266 2716 dederat
1285 2691 1405 2728 populari
1426 2701 1490 2717 meo.
1516 2691 1545 2716 l'r.
1566 2692 1605 2716 ΤΟ.
1631 2690 1662 2717 de
1682 2690 1713 2717 V.
1734 2691 1766 2718 O.
1786 2695 1827 2719 45.
1848 2695 1870 2719 1.
1892 2710 1919 2712 -

1065 2724 1066 2740 l
1088 2733 1118 2765 ς’.
1138 2734 1174 2759 3.
1199 2735 1246 2759 Ad
1266 2741 1386 2760 coetum
1408 2736 1623 2768 plebeiorum,
1652 2736 1683 2760 in
1701 2737 1844 2762 civitate
1867 2739 1921 2762 mi<

1087 2786 1176 2807 nore,
1192 2779 1367 2809 pertinens.
1406 2776 1422 2801 1.
1445 2777 1505 2809 Sy.
1525 2775 1641 2802 Civicus.
1662 2776 1702 2804 Cf.
1717 2778 1741 2804 h.
1756 2788 1779 2805 v.
1799 2778 1921 2805 Urbanus

1063 2844 1064 2869 Χ
1087 2819 1166 2851 (115115
1186 2821 1251 2850 etc)
1280 2819 1328 2845 Th.
1350 2819 1378 2844 C,
1401 2818 1443 2844 M.
1464 2821 1486 2844 2.
1515 2829 1534 2844 c.
1555 2821 1578 2845 2.
1604 2820 1625 2852 5,
1648 2822 1668 2846 1.
1694 2832 1712 2847 cv
1734 2823 1756 2847 3.
1784 2822 1869 2847 tribur.
1896 2822 1918 2845 in
