2197 3121
1026 176 1110 207 AM.

209 275 240 280 —-
268 260 299 293 §.
319 260 356 285 3.
385 260 524 294 Egenus.
554 257 571 284 l.
592 259 654 291 Sy.
674 257 815 284 Mediocris
835 256 948 290 (homo).
974 256 1003 283 fr.
1023 259 1046 284 4.

208 313 247 339 pr.
269 302 298 328 fr.
319 303 361 328 22.
382 302 404 335 3
426 303 447 327 1.
469 301 501 327 (le
520 310 570 327 usu
589 305 614 327 et
633 300 692 326 hab.
713 302 736 326 7.
756 303 780 327 δ’.

241 345 390 372 Anima.
420 345 449 377 §.
465 345 498 369 1.
528 345 691 376 Spiritus.
716 345 801 370 Vita.
829 342 871 368 III.
886 343 952 369 011.
973 342 1048 378 Quac
1069 364 1071 379 ⁴

208 388 322 419 ratione,
349 386 391 412 vel
416 387 498 411 anima
519 390 606 412 carent
627 396 678 411 res.
708 385 738 412 fr.
760 387 799 412 47.
820 385 852 411 (le
872 385 902 411 A.
922 395 946 411 V.
968 385 998 411 A.
1020 384 1047 411 P.

207 432 249 457 41.
270 432 294 456 2.
315 429 346 456 cf.
367 429 423 455 Gai.
444 428 559 454 1113217.
597 427 658 464 Ipso
679 428 770 454 ultimo
790 428 885 464 spiritu
905 427 982 453 simul
997 429 1049 453 ani-

207 483 275 499 mam
299 477 377 508 atque
396 471 543 498 libertatem
563 471 723 497 amittebant.
749 471 771 504 3.
791 472 814 496 4.
840 469 858 496 Ι.
879 469 910 496 (10
929 480 1000 496 succ.
1020 470 1049 496 li-
1070 494 1071 506 ἶ

208 516 275 542 bert.
294 517 319 541 3.
340 517 362 541 7.
391 514 421 540 cs.
443 515 464 548 3.
484 516 508 540 3.
528 513 546 539 I.
571 513 603 539 de
622 514 684 550 pub.
704 513 756 539 iud.
780 514 804 538 4.
826 514 865 538 18.
896 528 929 531 -
961 513 991 546 §.
1012 514 1047 539 ².

207 561 283 589 Res,
304 568 384 592 quae
405 559 471 584 vita
489 559 661 590 praeditae
679 562 759 582 saut.
796 554 815 581 I.
830 556 891 589 Sy.
916 554 1048 591 Capitatio

207 601 318 627 humana
343 605 420 636 atque
445 598 601 625 animalium.
647 599 676 625 In
704 599 845 624 animarum
870 597 1048 634 descriptione

208 643 340 677 (relevata
362 644 437 674 etc.).
476 641 525 668 Th.
551 641 581 668 C.
605 641 650 668 XI.
675 643 717 667 20.
747 651 768 667 c.
793 642 817 667 6.
842 651 881 677 pr.
906 640 938 666 de
959 640 1046 666 collat.

207 686 295 712 donat.
327 701 360 705 —-
390 686 420 718 §.
442 686 478 711 3.
514 685 644 710 I'mbrae
671 685 910 719 defunctorum.
946 682 965 709 I.
987 684 1047 717 Sy.
1070 689 1071 695 ¹

207 729 306 756 Manes.
343 727 451 754 80111111(-
471 727 593 753 membris
613 727 718 752 animae.
750 725 817 753 Nov.
831 725 934 753 Yalent.
954 726 995 752 III.
1017 726 1048 752 de

208 771 308 808 sepulc.
328 770 390 797 viol.
412 770 442 796 II.
462 772 503 796 23,
525 780 545 796 c.
567 771 588 795 1.
608 779 647 806 pr.
677 768 708 794 cs.
729 768 778 795 Th.
800 769 830 795 C.
851 768 895 794 IX.
915 771 956 795 35.
982 779 1002 794 c.
1023 771 1047 794 5.

207 813 240 840 de
260 814 406 850 quaestion.
427 829 459 832 -
479 814 509 846 §-
530 815 570 839 4.
596 813 697 843 Mens,
717 813 889 839 Iudicium.
919 811 961 837 III.
982 812 1047 838 Cn.
1069 831 1070 834 .

207 856 273 883 Tam
293 866 381 888 aures,
402 866 478 892 qnam
493 856 591 881 animae
604 859 707 880 vestrae
720 870 753 874 -—
771 855 907 891 accipiant.
928 853 1046 880 Prooem.

206 899 270 925 lust.
296 899 317 932 3.
338 900 362 925 3.
404 899 606 924 Sacrosanctum
631 898 731 923 cunctis
757 907 816 923 esse
840 897 936 923 debere
960 897 1048 934 hospi-

207 943 271 968 tium
291 941 376 967 virilis
397 942 503 967 animae.
541 940 613 966 Coll.
633 939 686 966 LL.
706 939 738 965 M.
759 939 790 966 Y.
810 941 834 966 3.

241 984 543 1011 Animadversio.
573 984 604 1016 §-
625 984 659 1009 1.
688 985 815 1009 Poenae
833 984 984 1017 capitalis
1005 984 1048 1008 ir-
1068 983 1070 1003 ἶ

205 1029 350 1062 rogatio.
391 1026 421 1052 II.
453 1028 518 1059 Op.
547 1025 681 1052 Co'ercitio
709 1025 852 1059 (modica).
882 1025 912 1051 sr.
933 1027 955 1051 l.
981 1021 1070 1058 3.1.'

207 1069 237 1096 fr.
257 1071 281 1095 5.
301 1069 323 1102 3.
344 1071 366 1095 1.
392 1068 424 1095 de
443 1069 485 1095 off.
507 1070 571 1095 eins.
598 1071 619 1094 1.
639 1070 680 1094 21.

207 1111 349 1149 Capitalis,
369 1113 445 1138 anim.
476 1112 506 1138 l'r.
526 1113 549 1138 2.
570 1112 606 1145 33.
630 1112 668 1137 16.
690 1113 730 1136 15.
756 1110 788 1136 de
808 1112 840 1136 0.
860 1110 878 1137 I.
899 1112 921 1137 l.
941 1113 965 1136 2.

206 1156 267 1182 tima
287 1154 447 1180 flammarum
467 1154 692 1180 animadversione
713 1154 839 1179 consumi.
869 1153 918 1179 Th.
939 1153 969 1180 C.
990 1152 1045 1179 ΥΠ.

207 1199 247 1225 18.
269 1208 290 1224 c.
310 1200 334 1224 2.
360 1197 392 1223 do
417 1197 544 1223 desertor.
575 1196 607 1223 cf.
632 1197 676 1223 IX.
698 1198 736 1222 115.
762 1207 782 1222 c.
808 1198 830 1222 7.
856 1196 888 1222 de
911 1196 995 1223 males.
1023 1201 1048 1222 et

205 1240 284 1267 math.
306 1257 338 1260 -
358 1241 388 1274 ξ.
403 1241 438 1266 2.
461 1242 705 1275 Qualiscunque
727 1249 848 1274 poenae
869 1241 1046 1274 irrogatio.
1068 1233 1070 1268 1

206 1284 225 1311 I.
246 1285 308 1318 sy·
337 1283 431 1309 Poena.
460 1283 490 1309 sl'.
512 1285 568 1309 131.
590 1284 611 1317 3.
632 1285 654 1309 1.
675 1282 707 1308 (10
726 1282 757 1308 Υ.
779 1281 805 1308 S.
826 1285 867 1309 50.
889 1283 928 1308 16.
965 1282 1047 1308 Exsc-
1068 1289 1070 1324 1

207 1328 277 1353 cutio
304 1326 438 1363 (publica.
458 1336 481 1351 v.
501 1327 628 1362 privata).
657 1325 687 1351 fr.
709 1327 731 1351 7.
758 1325 779 1358 3
801 1326 823 1351 l.
849 1325 879 1352 t'r.
901 1327 939 1351 15.
964 1325 1001 1358 33.
1022 1327 1046 1351 9.
1068 1332 1070 1347 ,⁴

204 1372 247 1396 ⁴25.
272 1369 304 1396 de
323 1370 400 1396 iniur.
426 1370 468 1395 47.
490 1371 529 1394 10.
570 1368 613 1395 111.
638 1370 703 1396 Gn.
732 1367 884 1400 Animadv.‚
905 1384 937 1387 -
956 1372 985 1394 ut
1004 1372 1048 1393 aut.

205 1412 339 1445 multetur,
360 1416 403 1438 aut
421 1412 448 1437 in
466 1411 619 1444 lautumias,
637 1411 680 1438 vel
699 1412 725 1437 in
750 1411 853 1437 vincula
878 1411 982 1448 publica
1002 1411 1047 1437 (111-

206 1460 286 1482 catur.
315 1455 345 1481 fr.
371 1457 394 1481 1.
418 1455 440 1488 3.
460 1456 484 1480 4.
513 1454 545 1481 de
569 1454 674 1480 aleator.
703 1456 742 1480 ll.
763 1456 786 1480 5.
829 1454 993 1485 Pecuniam,
1022 1464 1046 1480 v.

205 1498 289 1535 Dupli
315 1503 364 1524 ete.
389 1497 516 1524 animadv.
550 1497 581 1524 fr.
608 1499 665 1523 131.
691 1497 712 1531 3.
734 1499 756 1523 l.
781 1496 813 1523 de
840 1496 871 1523 Y.
891 1497 918 1524 S.
944 1499 984 1523 50.
1007 1498 1046 1523 16.

206 1540 257 1567 Th.
279 1541 310 1567 C.
330 1541 375 1567 XI.
390 1543 413 1567 4.
435 1551 455 1567 c.
477 1543 499 1567 1.
520 1550 552 1566 ne
571 1539 657 1566 collat.
672 1550 697 1577 p.
712 1539 811 1575 logogr.
834 1540 1047 1566 Extraordiuaria
1068 1541 1070 1552 '¹

975 1583 1046 1610 Paul.

722 1068 764 1094 Ill.
790 1069 855 1095 Gn.
885 1068 1000 1104 Capitis.
1026 1078 1046 1094 5.
1068 1077 1070 1093 1

1002 1110 1070 1160 514

206 1584 432 1610 animadversione
452 1583 577 1609 co‘erceri.
597 1592 618 1608 c.
641 1584 662 1608 l.
684 1582 715 1609 de
735 1587 847 1609 accusat.
868 1585 891 1610 9.
911 1586 935 1609 2.

205 1627 237 1653 R.
257 1627 284 1653 S.
305 1626 336 1653 Y.
357 1629 398 1653 30.
419 1627 448 1653 B.
469 1627 490 1660 3.
512 1628 534 1652 l.

239 1670 549 1696 Animam-ersus.
579 1667 704 1701 (Partic.)
744 1670 806 1702 Qui
834 1672 951 1696 martie
974 1680 1046 1704 poe-

205 1722 275 1739 nam
292 1722 410 1746 passas
430 1719 483 1738 ext.
522 1711 563 1737 III.
579 1713 644 1738 Gn.
669 1711 788 1748 Corpora
808 1712 1047 1739 animadversurum
1068 1733 1069 1736 ,

207 1754 370 1790 quibuslibet
387 1754 538 1791 petentibus
558 1754 590 1780 ad
609 1754 771 1791 sepulturam
790 1755 882 1782 danda.
914 1755 944 1782 l'r.
963 1757 987 1782 3.
1014 1755 1045 1781 cf.
1068 1750 1069 1755 ¹

207 1797 238 1824 sr.
262 1799 283 1823 l.
304 1797 335 1823 de
356 1797 443 1823 cadav.
463 1798 576 1834 punitor.
597 1799 638 1823 413.
657 1799 698 1823 24.

240 1840 571 1866 Λὶιιίιιιιὶᾱνῡῐῐθῐθ.
603 1841 632 1873 ᾖ.
648 1841 681 1866 1.
707 1842 900 1873 Adtendere,
921 1842 1047 1875 Cogno-

205 1893 306 1914 ποτε,
339 1883 523 1909 Observare.
566 1881 608 1907 111.
634 1883 699 1908 (Ἦ.
737 1882 804 1908 Cum
833 1888 984 1919 quaeratur.
1013 1899 1046 1902 —

206 1925 377 1951 :minmdverti
397 1924 482 1951 debet.
513 1924 543 1950 fr.
563 1926 587 1950 5.
608 1924 639 1950 de
658 1924 689 1950 R.
710 1924 740 1951 C.
762 1927 801 1951 12.
822 1927 844 1951 1.
870 1925 900 1951 l'r.
920 1928 960 1952 (52.
980 1926 1045 1959 3.1.
1067 1942 1068 1949 1

205 1968 238 1995 de
251 1968 282 1994 R.
298 1967 330 1994 Y.
350 1969 373 1993 «5.
389 1969 411 1993 l.
450 1968 502 2002 Qui
522 1967 645 1993 dixerunt
665 1977 722 1993 esse
742 1972 790 1993 etc.
811 1983 843 1987 -
863 1978 914 1993 non
935 1968 1047 1994 animad-

196 2009 340 2038 'vertcrunt
360 2015 408 2036 etc.
430 2009 542 2036 Gath.
565 2011 586 2035 l.
624 2010 695 2035 Idem
713 2010 820 2046 probat,
845 2015 868 2035 et
894 2010 981 2036 adiicit
1002 2012 1046 2037 mi-

205 2055 256 2080 rari
281 2064 309 2080 se
333 2064 345 2079 a
370 2054 471 2078 nemine
492 2052 714 2084 animadversum,
735 2052 806 2089 qnod
826 2058 874 2079 etc.
894 2053 924 2079 l'r.
946 2056 985 2080 13.
1005 2064 1044 2091 pr.

205 2096 238 2123 de
257 2097 283 2122 iu
303 2096 371 2122 diem
395 2095 453 2121 add.
480 2097 518 2121 1²5.
539 2097 562 2121 2.
601 2094 686 2131 Yulgo
706 2095 833 2122 animadv.
854 2095 922 2122 licet.
952 2096 982 2123 fr.
1002 2099 1043 2123 32.

204 2139 290 2165 mand.
311 2140 350 2165 17.
373 2140 394 2164 1.
433 2137 492 2164 Non
511 2137 702 2166 animadverto.
722 2138 939 2175 quemadmodum
958 2140 1045 2176 possit

206 2187 254 2209 etc.
274 2182 304 2208 t'r.
324 2183 366 2207 45.
386 2181 407 2214 3
426 2182 450 2207 2.
471 2181 503 2207 de
521 2191 593 2217 proc.
613 2183 637 2208 3.
651 2183 675 2208 3.
696 2181 725 2207 sr.
745 2183 786 2207 57.
806 2182 827 2215 3.
844 2183 865 2208 l.
886 2181 919 2207 ad
931 2181 960 2207 L.
973 2181 1043 2208 Falc.

205 2226 246 2250 35.
265 2226 289 2250 ’2.
326 2223 464 2250 Animadv.
485 2223 609 2250 debemus
630 2234 668 2251 ne.
698 2224 754 2250 Gai.
775 2224 792 2250 l.
812 2226 853 2250 53.
874 2224 904 2251 sr.
924 2226 965 2251 30,
986 2225 1007 2258 3
1019 2227 1043 2251 2.

207 2266 216 2293 l
245 2266 262 2292 1.
280 2268 321 2293 35.
340 2269 364 2293 2.
386 2282 417 2285 —
442 2267 472 2300 ξ.
494 2268 527 2293 2.
553 2269 755 2294 Examiuare
778 2270 994 2299 commissum,
1014 2274 1044 2294 et

207 2311 422 2344 qualicunque
452 2312 541 2336 modo
567 2312 693 2344 punire.
733 2309 776 2336 111.
800 2312 865 2337 Cn.

207 2351 274 2388 apud
295 2352 420 2378 arbitrum
440 2363 472 2379 ex
486 2363 562 2379 causa
576 2352 838 2385 animadvertemlam,
859 2358 887 2379 ut
907 2359 955 2380 etc.
976 2353 1043 2380 (1.8.

208 2395 259 2430 Qu.
280 2395 307 2420 in
326 2394 356 2420 fr.
377 2395 445 2421 cred.
465 2397 506 2422 42,
526 2399 550 2422 ὅ.
570 2396 599 2422 1“1·.
619 2398 660 2422 215.
681 2395 713 2421 (10
731 2396 834 2432 probat.
853 2398 894 2422 22.
914 2398 938 2422 3.
970 2396 1045 2423 Prae-

207 2441 249 2462 tor
268 2437 314 2462 ait:
336 2453 367 2456 —
387 2437 466 2464 Prout
488 2449 620 2475 quaequae
639 2449 680 2464 res
701 2440 758 2469 erit.
779 2449 802 2465 v.
822 2443 851 2464 ut
871 2440 982 2475 quisque
1002 2439 1044 2465 de-

902 2310 966 2336 Eam
990 2321 1044 2336 rem

208 2479 322 2515 liquerit.
343 2480 550 2507 animadvertam.
572 2481 601 2507 l‘r.
626 2483 648 2507 l.
668 2492 707 2518 pr.
728 2481 759 2507 de
779 2481 884 2508 aleator.
906 2484 944 2508 11.
964 2484 988 2509 5.
1013 2482 1043 2509 fr.

209 2524 248 2548 15.
269 2522 307 2556 33.
326 2524 367 2548 25.
387 2524 429 2548 28.
450 2523 481 2549 de
500 2525 575 2550 iniur.
596 2526 636 2550 47.
658 2526 698 2550 10.
718 2524 748 2550 fr.
768 2527 792 2551 4.
813 2525 834 2558 3.
855 2527 879 2550 2.
901 2525 932 2551 ad
950 2524 980 2551 L.
995 2525 1042 2552 Iul.

207 2564 292 2602 pecul.
312 2568 352 2591 4⁸.
375 2567 413 2591 13.
442 2565 576 2595 Graviter.
596 2577 619 2593 v.
640 2566 745 2599 Severe,
765 2583 797 2587 ——
816 2568 897 2594 Extra
917 2568 1043 2600 ordinem,

207 2607 335 2634 animadv.
369 2607 440 2634 Paul.
460 2607 478 2634 I.
504 2610 543 2634 16.
567 2610 636 2643 3.1.
667 2609 698 2636 V.
723 2612 746 2636 4.
771 2611 854 2644 3.13.
879 2610 909 2637 fr.
930 2613 952 2637 l.
977 2612 1042 2645 3.1.

207 2650 238 2677 sr.
258 2652 281 2676 5.
302 2650 334 2676 de
353 2655 418 2677 extr.
439 2652 509 2677 crim.
531 2653 570 2678 47.
592 2655 630 2679 ll.
663 2669 695 2672 —-
723 2654 754 2687 δ.
775 2655 811 2680 3.
832 2655 954 2680 Mortis
972 2664 1044 2688 poe-

207 2703 275 2720 nam
297 2695 455 2729 irrogare.
492 2694 510 2720 1.
531 2695 591 2728 Sy.
612 2694 705 2732 Capite
725 2696 853 2723 damnare.
874 2696 903 2723 fr.
925 2699 947 2723 1.
968 2697 997 2723 l'r.
1017 2700 1041 2723 3.

208 2735 240 2761 de
263 2735 351 2762 cadav.
376 2737 458 2773 punit.
487 2739 528 2763 45.
553 2738 594 2763 24.
639 2738 680 2765 III.
708 2741 772 2766 Gn.
800 2740 1042 2773 Animadvertenffi,

209 2778 357 2811 cotircendi,
377 2778 420 2805 vel
439 2781 560 2806 atrociter
579 2780 732 2808 verberandi
752 2784 825 2817 (ius).
846 2783 877 2810 fr.
894 2785 931 2810 ll.
953 2783 984 2810 de
998 2784 1041 2811 off.
1063 2782 1065 2787 ¹

208 2820 283 2848 Proc.
309 2826 335 2847 et
358 2821 418 2858 ch.
449 2823 471 2848 l.
492 2824 532 2849 16.
577 2822 679 2849 Habere
706 2824 784 2860 gladii
811 2831 982 2863 potestatem,
1011 2827 1043 2853 ad

1894 181 1934 211 67

1093 256 1350 284 animadvertendum
1378 259 1403 285 in
1432 258 1595 285 facinorosos
1624 258 1752 285 homines.
1791 259 1821 286 fr.
1845 262 1870 286 3.
1902 261 1935 286 (10,

1093 300 1183 326 iurisd.
1207 302 1230 326 2.
1252 302 1274 326 l.
1313 301 1411 327 Yltimo
1437 302 1570 339 supplicio
1595 302 1764 329 animadverti
1789 303 1823 329 in.
1853 302 1883 329 sr.
1909 305 1932 329 4.

1093 343 1114 376 3.
1128 345 1152 369 2.
1168 343 1200 369 ad
1212 342 1241 369 L.
1258 343 1320 374 Cor.
1335 343 1367 369 (10,
1381 345 1425 370 sic.
1440 347 1481 371 48.
1496 346 1519 372 8.
1548 344 1577 370 111
1592 350 1669 381 caput
1683 346 1747 371 civis
1760 344 1791 371 R.
1806 345 1933 372 animadv.

1093 385 1122 411 sr.
1141 388 1165 412 2.
1185 386 1206 419 3
1230 388 1268 412 16.
1290 386 1320 412 cl'.
1341 387 1363 420 3.
1383 390 1425 413 30.
1446 387 1478 413 (1(-
1499 388 1531 414 O.
1552 387 1569 414 Ι,
1592 389 1614 414 l.
1634 390 1658 413 2.

1127 429 1290 456 Animal.
1328 430 1358 463 ξ.
1380 431 1413 456 l.
1441 432 1658 464 Quodcunque
1678 433 1790 457 vivum.
1820 430 1850 457 II.
1866 433 1933 465 Op.

1092 470 1159 501 lies.
1184 481 1250 507 quae
1273 473 1355 497 anima
1382 477 1477 498 carent.
1506 489 1538 492 —
1568 473 1705 500 Animalia.
1735 473 1791 499 Gai.
1812 473 1932 501 111217.

1093 513 1123 539 fr.
1144 516 1166 540 1.
1186 515 1207 547 3.
1230 517 1251 540 1.
1272 515 1304 541 de
1324 514 1354 541 R.
1376 514 1407 541 Y.
1427 517 1450 541 6.
1473 516 1495 541 l.
1534 514 1576 541 III.
1593 517 1657 543 (711.
1678 515 1730 547 Ius,
1751 516 1822 552 quod
1842 522 1933 543 natura

1093 557 1179 582 onmia
1199 557 1317 583 animalia
1337 557 1433 583 docuit.
1455 557 1485 584 fr.
1502 560 1523 584 l.
1544 559 1580 592 33.
1599 560 1623 584 3.
1638 569 1677 595 sq.
1698 559 1730 585 de
1749 559 1767 585 Ι.
1788 564 1813 585 et
1831 559 1849 586 I.
1872 562 1893 586 l.
1910 562 1932 586 l.

1094 599 1179 624 Omne
1199 600 1291 626 animal
1312 605 1354 627 aut
1374 600 1447 628 facit.
1467 606 1510 627 aut
1529 603 1627 638 patitur
1647 606 1694 627 etc.
1715 601 1745 628 sr.
1766 604 1823 628 124.
1849 602 1881 629 de
1900 602 1932 629 V.

1094 642 1120 668 S.
1141 644 1181 668 50.
1204 645 1242 669 lb'.
1280 643 1309 669 Si
1333 653 1384 669 11011
1408 644 1536 680 integrum
1561 644 1654 670 animal
1680 644 1777 671 editum
1801 646 1849 677 sit,
1875 656 1933 672 cum

1093 685 1188 721 spiritu
1208 690 1301 713 tamen.
1330 686 1359 713 fr.
1381 688 1420 712 12.
1440 688 1461 720 3.
1483 689 1505 713 l.
1526 687 1558 713 de
1578 686 1622 713 lib.
1644 692 1668 712 et
1688 688 1774 724 posti).
1794 689 1836 714 28.
1855 691 1879 714 2.
1900 704 1933 708 -

1093 728 1123 761 §-
1145 729 1179 754 2.
1200 730 1299 755 Pecus
1319 740 1410 756 omne.
1448 729 1465 755 1.
1481 731 1545 766 Sy..
1571 729 1737 767 Quadrupes.
1759 730 1814 756 Gai.
1834 731 1852 757 I.
1875 733 1932 758 120,

1093 780 1132 806 sq.
1153 770 1182 797 II.
1205 773 1243 797 15.
1264 781 1303 807 sq.
1332 771 1392 808 Ylp.
1417 772 1488 799 XIX.
1514 774 1536 798 1.
1575 772 1667 798 Pecus.
1697 773 1746 800 Th.
1774 774 1804 800 C.
1830 774 1886 801 ΥΠ.
1909 776 1931 800 l.

1093 824 1114 839 c.
1134 814 1158 839 9.
1179 813 1211 839 (10
1230 813 1260 839 11.
1280 814 1313 840 Μ.
1350 814 1393 841 Ill.
1417 817 1479 842 Cn.
1515 815 1649 843 Homines.
1669 826 1692 841 v.
1713 816 1802 847 Servi.
1823 827 1843 843 5.
1864 827 1934 843 man-

1069 851 1070 858 1
1093 857 1172 893 cipia,
1193 872 1225 875 —-
1246 861 1271 882 et.
1291 862 1390 883 caetera
1411 857 1537 884 animalia.
1567 858 1623 885 Gai.
1643 858 1672 884 11.
1693 860 1734 885 32.
1760 858 1801 885 III.
1822 861 1880 886 217.
1901 860 1931 886 fr.

1092 900 1133 925 45.
1153 899 1174 932 3.
1195 900 1218 925 6.
1239 899 1270 925 (1(Ι
1290 900 1355 926 Aed.
1376 900 1416 926 011.
1435 902 1476 926 21.
1498 903 1521 927 1.
1542 900 1571 927 fr.
1591 903 1632 928 30.
1652 911 1691 938 pr.
1712 901 1744 927 acl
1762 901 1792 928 L.
1807 901 1875 929 Falc.
1889 904 1932 929 35.

1068 937 1070 964 1
1091 944 1115 967 2.
1152 941 1295 973 Animalia,
1316 953 1380 979 quae
1400 948 1480 971 terra.
1500 945 1575 975 mari.
1605 944 1677 970 caelo
1697 946 1842 981 capiuntur.
1875 945 1931 972 Gai.

1092 984 1121 1010 ll.
1142 985 1182 1011 66,
1220 985 1322 1017 Anim..
1348 995 1413 1021 quae
1432 986 1547 1022 pecudes
1567 996 1619 1012 non
1638 992 1711 1013 sunt:
1733 1004 1764 1007 ——
1784 998 1850 1024 quae
1870 988 1934 1015 fera-

1092 1038 1149 1053 rum
1169 1027 1310 1054 bestiarum
1330 1038 1437 1054 numero
1457 1034 1525 1055 sunt.
1555 1029 1584 1055 fr.
1604 1031 1646 1056 29.
1671 1030 1692 1064 3.
1713 1032 1736 1057 G.
1762 1030 1793 1056 ad
1812 1030 1841 1057 L.
1862 1031 1931 1067 Aqu.

1092 1072 1115 1097 9.
1135 1073 1159 1097 2.
1189 1071 1246 1097 Gai.
1267 1071 1298 1097 ll.
1320 1073 1359 1097 16.
1385 1071 1445 1108 Ylp.
1465 1071 1536 1097 MX.
1558 1073 1579 1098 l.
1600 1088 1632 1091 —
1652 1074 1730 1105 §.3.
1751 1076 1932 1106 Animalia,

1091 1124 1152 1150 pro:
1178 1116 1299 1141 I'ecora
1323 1117 1508 1146 rursualia,
1535 1117 1583 1140 vel
1601 1118 1934 1150 erectiuuipublicae

1069 1183 1070 1189 ἵ
1092 1158 1267 1183 destinata.
1305 1156 1346 1183 Ill.
1367 1159 1432 1184 Cn.
1457 1158 1506 1183 Au.
1526 1157 1645 1194 publica.
1665 1168 1689 1184 v.
1709 1159 1808 1195 publici
1829 1169 1931 1185 cursus.

1069 1193 1070 1232 1
1093 1199 1142 1225 Th.
1163 1198 1193 1225 c.
1214 1198 1281 1225 1111.
1302 1201 1325 1226 5.
1353 1210 1373 1226 ο,
1394 1202 1417 1226 ·.›.

1444 1211 1465 1226 r.
1485 1203 1509 1226 ὅ,
1530 1210 1568 1236 pr.
1597 1210 1617 1227 c.
1639 1202 1678 1226 10.
1704 1211 1725 1227 c.
1744 1203 1785 1227 23.
1806 1202 1827 1235 3.
1847 1203 1870 1228 3.
1891 1211 1931 1238 sq.

1093 1242 1124 1269 de
1144 1253 1222 1268 cursu
1242 1242 1303 1279 pub.
1323 1242 1368 1268 XI.
1390 1244 1412 1268 l.
1438 1253 1459 1269 c.
1480 1244 1504 1269 9.
1531 1242 1563 1269 (10
1582 1253 1639 1269 ann.
1661 1248 1685 1269 ct
1706 1244 1764 1270 trib.
1808 1245 1861 1280 Qui
1881 1246 1933 1271 ani-

1092 1285 1166 1311 malia
1187 1290 1264 1321 atque
1285 1295 1380 1321 equos,
1401 1295 1475 1311 sacro
1496 1287 1554 1312 usui
1574 1287 1751 1315 necessarios.
1770 1297 1933 1323 prosequun-

1093 1334 1141 1354 tur.
1161 1328 1197 1354 lb.
1220 1327 1286 1354 illl.
1306 1330 1329 1354 6.
1351 1338 1370 1354 c.
1385 1331 1408 1354 2.
1429 1328 1461 1355 de.
1482 1333 1585 1355 tractor.
1607 1333 1632 1355 et.
1650 1330 1737 1356 stativ.
1757 1330 1802 1356 XI.
1818 1332 1857 1357 lo.
1873 1341 1893 1357 c.
1910 1333 1932 1357 l.

1092 1382 1124 1398 ne
1144 1381 1215 1408 oper.
1236 1382 1249 1396 a
1269 1370 1356 1398 collat.

1126 1414 1323 1441 Animalis.
1349 1414 1478 1448 (Adiect.)
1510 1416 1585 1442 Vita
1601 1418 1785 1449 praeditus.
1818 1415 1847 1442 II.
1865 1417 1932 1450 Op.

1068 1477 1070 1494 ¹.
1092 1457 1226 1484 Animalcs
1251 1467 1301 1483 reS.
1326 1473 1358 1476 —
1387 1459 1461 1493 Quae
1486 1458 1568 1484 anima
1595 1463 1690 1484 carent.
1715 1458 1745 1484 fr.
1767 1460 1789 1485 l.
1809 1459 1874 1493 31.
1900 1459 1933 1486 de

1068 1527 1069 1530 Ἴ
1092 1500 1122 1527 li.
1143 1500 1174 1526 Y.
1189 1502 1212 1526 (J'.
1229 1502 1250 1526 l.
1271 1499 1301 1526 fr.
1318 1501 1358 1526 47.
1379 1500 1411 1526 de
1425 1501 1455 1526 A.
1471 1510 1494 1526 v.
1510 1501 1541 1526 A.
1557 1499 1584 1526 P.
1605 1501 1645 1527 41.
1660 1503 1684 1526 2.

1712 1501 1754 1527 ΠΙ.
1777 1502 1842 1529 Cn.
1878 1501 1932 1528 Res

1092 1548 1241 1575 moventes,
1262 1553 1314 1569 non
1334 1543 1467 1570 animales.
1496 1543 1526 1569 fr.
1546 1545 1570 1569 2.
1595 1543 1627 1569 de
1647 1543 1741 1580 supell,
1760 1544 1809 1580 leg.
1828 1546 1870 1571 33.
1891 1547 1930 1572 10.

1092 1586 1141 1622 Agi
1170 1596 1212 1615 ea.
1242 1596 1308 1622 quae,
1334 1586 1453 1612 animalia
1482 1591 1550 1613 sunt.
1585 1586 1615 1612 fr.
1641 1588 1699 1612 235,
1724 1597 1762 1624 pr.
1792 1587 1823 1614 de
1847 1587 1878 1614 V.
1903 1588 1930 1615 S.

1091 1631 1132 1656 50.
1154 1630 1193 1655 16.

1126 1673 1321 1699 Animans.
1351 1671 1477 1705 (Partic.)
1515 1674 1719 1705 Animatum,
1742 1675 1861 1700 Vivum.
1897 1673 1929 1703 Π.

1093 1717 1159 1748 ΟΡ.
1196 1716 1225 1741 Si
1244 1716 1304 1740 vivo
1324 1724 1354 1740 eo
1374 1715 1422 1741 fuit.
1442 1720 1593 1751 conceptus.
1614 1731 1647 1735 —-
1667 1716 1727 1751 Quo
1742 1717 1801 1741 vivo
1815 1716 1932 1743 nondum

1091 1759 1206 1783 animans
1226 1757 1269 1790 [al.
1290 1758 1402 1790 aninlax]
1423 1757 1508 1783 fuerit.
1536 1757 1566 1784 fr.
1582 1759 1604 1784 l.
1626 1758 1647 1792 3.
1662 1762 1685 1785 8.
1707 1758 1775 1784 unde
1794 1769 1867 1795 cogn.
1887 1760 1930 1785 38.

1067 1805 1069 1836 ’1
1090 1804 1114 1827 ὃ.
1151 1800 1193 1826 111.
1213 1802 1278 1827 (Ἶι.
1307 1800 1388 1836 Spem
1411 1801 1547 1825 animantis
1573 1811 1631 1826 cmn
1654 1801 1760 1837 gravida
1785 1803 1931 1838 peremisse

1067 1867 1069 1877 1,
1091 1843 1182 1869 videri.
1202 1842 1232 1868 fr.
1251 1846 1275 1868 2.
1296 1842 1327 1868 (1(Ι
1346 1847 1449 1868 mortuo
1469 1843 1543 1869 infer.
1566 1845 1604 1870 ll.
1627 1845 1650 1870 8.

1125 1886 1317 1912 Animare.
1362 1887 1392 1919 ᾖ.
1417 1887 1451 1912 l.
1485 1887 1646 1918 Animum,
1679 1897 1700 1913 v.
1733 1888 1930 1920 Consilium,

1091 1939 1180 1955 suum
1201 1931 1232 1954 in
1251 1930 1382 1963 aliquid
1399 1931 1553 1964 dirigere.
1586 1929 1628 1955 Ill.
1649 1930 1715 1957 (711.
1734 1929 1831 1956 Hostili
1845 1932 1930 1957 animo

1090 1971 1216 1997 adversus
1237 1981 1317 2008 remp.
1337 1971 1379 1997 vel
1399 1971 1548 2008 Principem
1568 1973 1703 1999 animatus.
1732 1972 1762 1999 fr.
1784 1974 1823 1999 ll.
1849 1972 1881 1999 atl
1898 1973 1929 2000 L.

1090 2014 1136 2040 Iul.
1158 2015 1216 2040 mai.
1241 2016 1282 2040 48.
1302 2016 1326 2040 4.
1358 2014 1389 2040 cf.
1415 2013 1465 2041 Th.
1491 2014 1521 2041 C.
1542 2014 1586 2041 IX.
1610 2017 1651 2042 33.
1677 2026 1698 2042 c.
1725 2017 1748 2042 6.
1775 2015 1807 2042 de
1831 2016 1928 2053 indulg.

1090 2058 1161 2083 crim.
1203 2057 1304 2083 Iustitia
1334 2058 1496 2083 necessariae
1520 2057 1657 2093 legationis
1682 2059 1793 2085 animati.
1833 2059 1870 2086 lb.
1895 2060 1928 2086 X.

1090 2102 1130 2126 lo.
1151 2109 1172 2125 c.
1195 2101 1234 2126 19.
1255 2099 1286 2126 de
1306 2101 1380 2137 petit.
1401 2105 1426 2126 et
1446 2100 1514 2126 ultro
1535 2100 1586 2127 dat.
1606 2117 1638 2120 —
1663 2102 1693 2135 ἕ.
1714 2103 1748 2128 2.
1772 2104 1928 2134 Hortari,

1089 2145 1278 2169 Provocat-e.
1325 2142 1355 2170 lI.
1382 2145 1448 2177 Op.
1480 2144 1535 2170 Aut
1558 2145 1703 2170 animentur
1727 2154 1775 2181 spe
1803 2144 1928 2178 (levioris

1091 2186 1256 2222 impensae),
1276 2202 1308 2205 -—
1329 2190 1371 2212 aut
1391 2191 1461 2212 certe
1480 2192 1550 2213 metu
1569 2187 1710 2223 (congruae
1729 2188 1926 2221 severitudinis)

1090 2233 1237 2264 urgeantur.
1276 2228 1312 2254 lb.
1339 2227 1382 2254 YI.
1408 2230 1431 2255 4.
1458 2240 1478 2255 c.
1497 2231 1539 2256 21.
1564 2230 1585 2263 3.
1609 2232 1634 2256 3.
1659 2229 1691 2256 (10
1716 2229 1799 2256 Praei.
1825 2235 1850 2256 et
1874 2232 1925 2265 Qu.

1067 2283 1068 2303 1
1088 2271 1131 2297 Ill.
1152 2273 1217 2298 Gn.
1248 2271 1368 2307 Quatuor
1387 2271 1467 2298 millia
1487 2273 1657 2299 obsoniorum
1676 2289 1708 2292 —
1722 2273 1851 2300 decernat.
1872 2274 1927 2309 qui-

1089 2314 1138 2340 bus
1159 2315 1242 2350 copiis
1267 2314 1381 2351 populus
1406 2316 1540 2341 animetur.
1569 2315 1605 2342 lb.
1625 2315 1696 2342 XIV.
1716 2318 1739 2342 4.
1760 2327 1780 2342 c.
1803 2318 1840 2341 10.
1861 2316 1881 2349 3.
1901 2317 1925 2342 5.

1089 2356 1121 2383 de
1141 2367 1208 2383 suar.
1232 2357 1263 2383 ct'.
1284 2357 1351 2383 Xlll.
1372 2360 1395 2383 5.
1417 2368 1437 2383 c.
1459 2360 1480 2384 7.
1502 2358 1533 2384 (10
1552 2358 1663 2385 navicul.

1122 2400 1312 2427 Animose.
1342 2400 1453 2433 (Advb.)
1482 2402 1670 2435 Impetuose.
1698 2401 1739 2427 ΠΙ.
1755 2402 1819 2427 011.
1839 2400 1926 2427 Siob-

1089 2444 1192 2469 iieiatur
1211 2442 1343 2475 creditori.
1363 2443 1434 2480 quod
1453 2444 1569 2470 animose
1586 2444 1675 2471 licitus
1694 2449 1741 2469 est.
1761 2443 1790 2469 fr.
1804 2444 1845 2470 29.
1865 2443 1923 2470 fam.

1065 2510 1066 2519 ἵ
1089 2487 1179 2512 ercisc.
1202 2487 1240 2512 10,
1260 2488 1284 2512 2.

1124 2528 1364 2555 Animositas·
1402 2530 1588 2556 Fortitudo.
1625 2528 1666 2555 III.
1690 2529 1751 2556 Gn.
1786 2528 1924 2556 Laudabili

1089 2572 1253 2597 animositate
1278 2576 1367 2598 contra
1392 2571 1494 2598 hostem
1518 2582 1607 2598 manus
1632 2581 1691 2597 suas
1715 2572 1838 2608 viresque
1865 2583 1924 2609 pro-

1088 2615 1198 2640 mittere.
1227 2613 1294 2640 Nov.
1310 2614 1412 2641 Valent.
1428 2615 1469 2642 HI.
1491 2615 1523 2641 de
1542 2614 1630 2641 tribut.
1650 2614 1732 2641 fiscal.
1752 2614 1782 2641 Π.
1805 2616 1843 2641 19.
1863 2626 1884 2642 c.
1900 2617 1922 2641 1.

1088 2658 1109 2691 ξ.
1132 2658 1169 2683 11.

1121 2700 1332 2726 Animosus.
1361 2699 1488 2733 (Adiect.)
1516 2701 1735 2733 Impetum-xus,
1756 2703 1920 2729 Strenuus.

1086 2742 1128 2768 HI.
1153 2743 1218 2770 Gn.
1252 2742 1431 2778 Cognoscere.
1456 2742 1639 2769 animosiorem
1662 2744 1717 2769 eius
1741 2745 1778 2770 rei
1797 2749 1922 2770 emtorem

1087 2795 1155 2817 esse,
1176 2795 1253 2821 quam
1272 2785 1319 2811 tibi
1337 2784 1485 2811 mandatum
1506 2790 1552 2812 est.
1572 2785 1603 2812 fr.
1613 2787 1655 2813 36.
1669 2787 1690 2820 3.
1704 2788 1726 2812 l.
1744 2786 1829 2812 mand.
1844 2788 1920 2813 17.1,

1087 2827 1183 2855 Cultus
1202 2828 1344 2854 hodiernus
1364 2828 1416 2860 (sc.
1437 2826 1521 2861 loci).
1542 2830 1585 2865 qui
1604 2839 1651 2866 per
1668 2829 1823 2856 industriam
1840 2829 1921 2855 homi-

1438 2872 1455 2897 9
1465 2871 1479 2883 *k
