2197 3121
1024 145 1110 175 INT.

200 240 239 268 pr.
265 230 297 257 de
321 229 351 256 V.
373 229 405 256 O.
430 231 470 256 45.
497 230 518 255 l.

200 273 342 309 praestatio
367 282 429 299 vero
453 271 537 298 adhuc
556 270 626 297 nulla
646 275 693 296 est.
724 269 780 296 Gai.
800 268 844 295 IV.
866 270 922 295 131.
960 268 985 294 Is
1004 269 1041 295 in-

200 314 358 351 telligendus
379 320 419 341 est
438 315 602 351 (permittere
621 314 684 345 etc.)
704 314 749 350 qui
768 317 817 339 ete.
838 311 866 338 fr.
887 313 928 337 57.
948 321 987 348 pr.
1008 311 1040 337 de

199 367 302 395 procur.
322 360 346 384 3.
365 360 389 384 3.
410 357 440 383 fr.
461 359 500 383 76.
522 357 554 383 de
568 356 598 383 V.
617 356 645 382 S.
660 358 701 382 50.
722 358 762 382 16.
799 353 879 390 Quod
898 359 983 380 autem
1003 353 1039 380 di-

198 401 293 431 ximus,
308 416 339 420 -—
354 401 388 426 ita
407 399 604 435 intelligendum
625 403 665 425 est
684 403 732 425 etc.
753 398 809 425 Gai.
824 397 842 424 Ι.
854 398 900 423 24.
915 399 956 423 45.
987 396 1037 422 Edi

198 448 284 469 autem
303 444 377 474 ratio,
398 444 432 469 ita
451 441 607 478 intelligitur
626 446 675 468 etc.
695 441 725 468 fr.
747 443 786 467 10.
806 441 828 474 §.
847 441 871 466 2.
892 439 924 466 de
943 439 1036 466 edend.

197 488 222 511 2.
244 487 282 511 13.
304 485 334 511 ef.
354 485 384 512 l'r.
406 487 445 511 19.
465 485 487 518 §.
508 487 530 511 l.
555 484 588 511 de
607 484 639 511 N.
660 484 690 511 G.
710 487 734 511 3.
754 486 777 510 5.
815 482 901 508 Verba
921 482 985 509 haec
1006 498 1035 502 —

198 529 237 555 sic
256 528 437 564 intelliguntur
449 532 497 554 etc.
518 527 548 553 fr.
564 529 603 554 70.
623 538 661 565 pr.
678 527 708 554 fr.
723 528 782 554 162.
801 535 840 563 pr.
861 525 893 552 de
907 524 938 551 V.
953 525 980 551 S.
994 526 1035 551 50.

200 572 239 597 16.
271 570 456 607 Adpellatione
471 569 589 606 intelligi.
610 570 640 597 fr.
655 573 695 597 84.
716 569 748 596 ef.
767 569 798 595 fr.
814 570 870 595 103.
890 568 924 594 ib.
938 570 980 594 50.
996 569 1035 594 16.

198 612 257 639 Non
277 613 362 640 solum
382 623 413 639 ex
437 617 567 649 tempore,
591 613 638 639 sed
662 614 739 640 etiam
762 622 794 638 ex
813 621 925 649 persona
945 610 1036 637 dilato-

197 657 251 682 riae
270 656 439 693 exceptiones
458 655 647 691 intelliguntur.
672 655 728 682 Gai.
747 654 792 681 IV.
813 655 870 681 124.

231 700 480 726 Intemerate.
505 698 618 732 (Advb.)
638 698 682 732 [cf.
700 708 723 725 v.
736 696 964 734 Intemperanter]
985 697 1036 722 In-

196 751 354 768 concusse.
390 741 432 767 ΙΙΙ.
453 742 519 768 Cn.
539 741 592 777 Qui
606 742 759 767 intemerate
773 739 816 773 [al.
831 740 991 770 intemerata,
1011 748 1034 765 v.

195 783 357 817 intemerati]
383 785 453 822 pacti
478 785 532 810 iura
552 784 721 811 servaverim.
754 782 804 810 Th.
824 782 855 809 C.
876 782 905 809 11.
925 784 949 809 9.
969 792 991 808 c.
1010 784 1034 808 3.

196 836 234 863 pr.
254 825 287 852 de
306 831 374 863 pact.

230 869 502 896 Intemeratus.
527 868 654 903 (Adiect.)
685 871 915 902 Incorruptus,
936 869 1035 894 Illae-

193 921 254 937 sus.
293 911 311 938 I.
331 913 394 946 Sy.
425 911 557 943 Illibatus,
577 911 687 948 Integer.
716 911 765 938 Th.
786 910 816 937 C.
836 910 881 937 IX.
902 912 943 936 42.
969 920 990 936 c.
1011 911 1032 936 l.

193 963 232 990 pr.
251 955 288 988 ἕξ.
311 956 332 981 l.
346 956 370 980 3.
392 954 424 980 de
444 954 503 981 bon.
517 964 617 992 proscr.
642 954 672 981 ΙΙ.
688 956 756 988 01).
774 953 883 985 Laesus,
904 953 1033 980 Violatus.

192 996 290 1023 1b.1x.
310 999 333 1023 8.
355 1008 376 1023 c.
389 999 412 1023 1.
431 998 454 1023 si
473 1007 516 1033 qu.
537 1007 592 1033 eam
612 998 660 1023 cui.
680 1002 727 1024 tut.
760 996 802 1023 111.
818 998 883 1024 Gn.
903 997 1034 1033 integrum

192 1044 270 1075 atque
290 1041 471 1066 intemeratum
491 1039 743 1073 (frumentu1n.)⁴1b.
764 1039 834 1066 XIV.
856 1042 895 1066 15.
916 1050 937 1066 c.
958 1041 981 1065 1.
1001 1039 1034 1065 de

193 1092 248 1108 can.
269 1082 344 1109 frum.
366 1082 422 1108 urb.
441 1081 473 1108 R.
510 1081 664 1109 intemerata
688 1083 823 1119 virginitas
847 1082 959 1120 puellae.
996 1081 1032 1108 lb.

192 1124 236 1151 ΙΧ.
257 1126 281 1151 8.
306 1135 328 1151 c.
351 1127 372 1151 l.
393 1124 409 1151 1.
446 1124 617 1152 Intemeratae
641 1125 704 1152 fidei
728 1135 830 1152 sensus
862 1124 899 1152 lb.
918 1124 989 1151 XVI.
1008 1127 1032 1151 5.

193 1177 214 1193 c.
233 1168 257 1193 6.
283 1168 304 1201 §.
323 1169 348 1193 2.
373 1166 406 1194 de
424 1167 521 1194 haeret.
559 1168 637 1195 Salva
661 1173 741 1205 atque
760 1170 913 1195 intemerata
931 1169 957 1194 in
976 1177 1033 1205 per-

191 1214 299 1247 petuum
317 1220 429 1237 manere.
461 1210 499 1237 Ib.
520 1210 562 1237 VI.
587 1212 628 1238 26.
655 1222 676 1238 c.
697 1213 737 1237 17.
762 1221 801 1248 pr.
821 1210 853 1237 de
871 1221 946 1248 prox.
967 1220 1032 1237 conl.

562 227 695 264 obligatio
719 230 851 253 contracta
876 226 1040 262 intelligitur,

191 1251 232 1279 dis
255 1274 260 1279 .

225 1263 550 1330 lpntemperanter.
579 1297 700 1330 (Advb.)
729 1299 956 1328 Immoderate,
977 1297 1030 1322 Li-

188 1340 341 1365 bidinosa
377 1338 419 1365 Ill.
433 1340 499 1366 Cn·
524 1340 655 1375 Quoniam
674 1339 794 1366 nonnulli
814 1355 846 1359 -
865 1339 976 1366 curiales
995 1340 1032 1365 iu-

188 1386 366 1418 temperanter
389 1382 504 1408 minores
525 1399 554 1403 —
575 1382 607 1409 ad
632 1383 718 1409 curiae
742 1384 903 1410 consortium
923 1382 1031 1408 devoca-

189 1429 256 1450 runt.
286 1423 335 1450 Th.
357 1424 388 1451 C.
407 1424 464 1451 XII.
486 1427 508 1453 l,
534 1435 555 1452 c.
577 1427 615 1452 19.
641 1425 673 1451 (le
693 1425 826 1452 decurion.
854 1425 1029 1462 Popularibus

187 1466 327 1504 plausibus
346 1468 551 1505 intemperanter
569 1467 613 1501 [al.
628 1469 789 1501 intemerate,
807 1479 831 1495 v.
845 1469 1027 1505 intemperate]

187 1511 294 1537 servire.
315 1521 336 1537 c.
356 1513 379 1537 5.
400 1510 433 1537 de
451 1511 592 1548 spectacul.
614 1511 656 1538 Cf.
669 1510 717 1538 Th.
727 1511 787 1538 XV.
799 1511 830 1538 C.
843 1513 866 1538 5.
887 1522 908 1538 c.
922 1513 945 1537 3.
958 1510 1015 1537 eod.

222 1554 543 1587 Intemperanfia.
589 1556 851 1582 lucontineneia.
892 1554 935 1581 111.
961 1555 1027 1582 Gn.

187 1595 300 1622 Domina
320 1606 461 1633 cauponae,
481 1607 512 1622 an
532 1598 650 1623 ministra
670 1597 756 1629 fuerit,
778 1614 807 1618 --
827 1602 855 1624 ut
874 1597 1029 1635 plerumque

188 1639 245 1675 ipsa
264 1640 480 1676 intemperantiae
498 1640 557 1666 vina
576 1640 734 1677 praebuerit.
757 1640 807 1667 Th.
822 1640 852 1668 C.
866 1640 910 1668 [Χ.
926 1643 949 1667 7.
969 1651 990 1667 c.
1006 1642 1027 1667 1.

189 1680 220 1707 ad
240 1681 268 1708 L.
288 1681 336 1708 Iul.
357 1682 389 1708 de
404 1681 484 1708 adult.

224 1725 521 1758 Intemperatus.
541 1724 679 1759 (Adieet.)
705 1727 956 1758 Inzmoderamcr,
977 1728 1029 1753 In-

188 1769 336 1793 domitos.
373 1767 416 1794 111.
437 1768 504 1795 Gn.
529 1767 651 1794 Libidine
670 1768 856 1805 intemperatae
876 1768 1028 1806 cupiditatis

189 1824 221 1828 —
241 1810 380 1836 exarsisse.
404 1820 426 1836 c.
445 1812 487 1836 25.
511 1810 544 1837 ad
558 1809 592 1837 L.
611 1810 658 1836 lul.
679 1810 711 1837 de
730 1810 808 1837 adult.
829 1812 853 1837 9.
873 1813 896 1838 9.
928 1810 1028 1837 Hiemis

187 1853 358 1889 intemperata
381 1852 510 1879 ferocitas.
542 1853 609 1879 Nov.
629 1852 679 1880 Th.
698 1853 729 1880 II.
749 1853 782 1880 de
801 1853 854 1880 Iud.
876 1853 893 1880 I.
914 1855 938 1880 6.
963 1864 983 1880 c.
1006 1855 1028 1880 l.

187 1895 209 1928 5.
233 1898 257 1920 s.

222 1938 522 1971 lmtempestive.
542 1938 654 1971 (Advb.)
676 1940 743 1965 Non
757 1945 939 1973 opportuno
953 1946 1027 1966 tem-

184 1990 268 2015 pore.
306 1980 324 2007 1.
344 1982 406 2015 Sy.
425 1980 583 2018 Importune.
604 1981 644 2008 Cf.
665 1980 689 2007 li.
710 1991 733 2007 v.
771 1981 814 2008 Ill.
831 1983 896 2010 Gn.
915 1982 1025 2020 Intemp.

186 2024 236 2050 iter
255 2024 339 2050 facere
359 2025 423 2061 (per
443 2034 561 2061 campum
579 2024 787 2057 iaculatorium.)
812 2024 841 2051 fr.
862 2027 885 2052 9.
910 2026 933 2059 ᾗ.
951 2027 974 2052 4.
994 2025 1027 2052 ad

187 2065 216 2092 L.
235 2067 304 2103 Aqu.
324 2068 347 2093 9.
367 2070 390 2093 2.
423 2066 496 2093 Silva
515 2066 620 2099 caedua,
640 2068 742 2094 etiamsi
760 2068 867 2105 intemp.
888 2078 962 2094 caesa
982 2069 1025 2095 sit.

189 2108 219 2135 fr.
232 2110 273 2136 48.
293 2110 314 2143 ξ.
332 2112 354 2136 1.
374 2109 407 2136 de
426 2110 507 2136 usufr.
525 2111 548 2136 7.
570 2112 592 2136 l.
628 2110 737 2148 Intemp.
757 2110 964 2137 misericordiam
983 2122 1026 2138 ex-

189 2161 283 2178 ercere.
313 2152 343 2179 fr.
369 2155 391 2179 7.
416 2163 455 2190 pr.
480 2152 572 2189 depos.
598 2154 636 2179 16.
662 2155 686 2179 3.
719 2154 799 2189 Quod
823 2154 911 2191 adpeti
935 2155 1025 2181 intem-

189 2195 315 2230 pestivius
335 2196 378 2229 [al.
398 2195 602 2233 intempestivis]
622 2195 699 2222 solet.
724 2195 773 2223 Th.
789 2196 820 2223 C.
840 2196 883 2223 VI.
903 2199 944 2224 23.
965 2208 986 2224 c.
1001 2200 1024 2224 7.

188 2237 210 2270 ς’.
231 2238 253 2262 1.
274 2237 305 2263 de
324 2237 414 2265 honor.
435 2238 517 2265 codic.

223 2280 530 2314 Intempefltivus.
569 2281 707 2315 (Adiect.)
744 2285 815 2309 Non
840 2284 927 2309 iusto
950 2290 1025 2310 tenz-

186 2331 265 2355 pore
277 2323 400 2357 factus.
436 2324 478 2351 Ill.
494 2326 559 2352 Gn.
582 2324 618 2350 Vt
637 2334 716 2362 opera
735 2325 833 2351 rustica
851 2334 899 2351 suo
920 2336 1024 2362 qnoque

190 2369 306 2401 tempore
326 2364 409 2396 faciat,
428 2376 459 2393 ne
478 2368 663 2405 intempestiva
678 2366 778 2394 cultura
795 2367 951 2394 deteriorem
970 2369 1025 2396 sun-

189 2407 250 2433 dum
270 2406 372 2433 faceret.
394 2407 423 2434 fr.
442 2411 482 2436 25.
503 2411 524 2443 §.
543 2412 566 2437 3.
587 2411 665 2438 locat.
686 2412 725 2437 19.
744 2412 767 2436 2.
806 2409 878 2437 Neve
897 2427 929 2430 —
949 2411 1026 2449 adpe-

189 2455 244 2476 tant
263 2449 340 2485 vulgo
359 2451 541 2487 intempestiva
561 2455 687 2481 convivia.
716 2453 765 2480 Th.
781 2452 812 2480 C.
825 2453 895 2480 XIV.
915 2456 939 2481 9.
960 2465 980 2481 c.
1002 2457 1024 2481 1.

189 2492 221 2519 de
242 2492 310 2518 stud.
331 2492 430 2519 liberal.
450 2493 506 2519 urb.
526 2494 556 2521 R.

224 2537 445 2562 Intendere.
483 2536 513 2569 ξ.
532 2538 567 2564 l.
587 2539 758 2575 Dirigere,
781 2542 945 2576 Conferre.
981 2540 1024 2567 ΠΙ.

189 2580 256 2606 Cn.
277 2578 373 2604 Curam
389 2578 495 2604 sedulae
514 2581 608 2606 mentis
626 2582 761 2609 intendere
780 2582 949 2615 (muneribus
968 2593 1026 2620 per-

189 2621 324 2653 ferendis.)
348 2620 385 2647 lb.
405 2621 460 2647 ΧΠ.
482 2623 503 2648 1.
525 2631 545 2647 e.
565 2623 606 2649 43.
625 2623 657 2649 de
676 2624 808 2652 deeurion.
846 2625 968 2652 Animum
988 2627 1025 2653 in·
1045 2641 1047 2647 ι

188 2664 257 2691 tend.
278 2663 444 2697 (excolendis
462 2664 597 2690 veteribus
610 2667 755 2701 operibus.)
780 2668 816 2695 lb.
830 2668 888 2695 XV.
905 2671 925 2695 l.
946 2679 967 2695 c.
983 2671 1022 2696 19.

189 2707 220 2733 de.
240 2717 300 2744 opp.
320 2706 381 2744 pub.
402 2722 433 2726 —-
454 2707 484 2740 ὃ.
502 2709 538 2734 2.
564 2710 694 2743 Inferre
712 2712 922 2744 (iudicium),
943 2714 1021 2739 Con-

189 2753 328 2782 teudere,
353 2751 515 2783 Experiri
543 2752 708 2781 (indicio.)
750 2752 769 2779 I.
789 2755 850 2788 Sy.
881 2755 1020 2782 Intentare.

189 2791 230 2818 Cf.
250 2792 274 2819 h.
294 2803 317 2819 v.
337 2793 359 2827 §.
378 2795 401 2819 2.
439 2793 523 2829 Agere
541 2793 672 2827 (iudicio.)
705 2793 842 2823 Intendere
860 2797 1021 2832 (actionem.)

1858 146 1918 177 487

1086 226 1115 253 sr.
1137 228 1159 253 l.
1183 227 1205 260 §.
1224 227 1248 253 8.
1273 226 1302 253 fr.
1322 228 1346 253 2.
1367 226 1399 253 de
1417 231 1465 254 tut.
1486 232 1511 253 et
1529 231 1576 253 rat.
1595 228 1636 252 27.
1657 228 1679 252 4.
1705 225 1734 252 sr.
1755 228 1778 253 7.
1799 227 1821 260 ξ.
1844 228 1865 253 l.
1885 227 1917 253 de

1084 269 1159 295 iniur.
1178 270 1218 295 47.
1240 271 1280 296 10.
1317 269 1447 306 Experiri,
1468 269 1602 306 Persequi.
1622 269 1651 296 fr.
1666 271 1688 296 5.
1709 270 1730 303 ξ.
1747 271 1767 295 1.
1785 269 1817 296 de
1837 269 1915 297 Carb.

1084 312 1160 339 edict.
1179 313 1220 338 37.
1242 314 1281 339 10.
1311 311 1382 338 Coll.
1402 312 1454 339 LL.
1475 313 1508 339 Μ.
1528 313 1560 339 X.
1579 314 1603 339 2.
1639 312 1787 343 Accusare,
1809 311 1916 339 Crimen

1082 354 1226 381 intendere.
1245 354 1316 381 Paul.
1338 354 1368 381 V.
1389 356 1411 382 4.
1432 356 1453 389 ᾖ.
1476 358 1506 382 12
1543 355 1585 382 III.
1606 356 1671 383 Gn.
1694 355 1859 381 Exactimem
1878 356 1915 381 in-

1082 397 1190 424 tendere
1209 397 1399 431 (cibariorum.)
1420 398 1489 425 Coll.
1503 398 1556 425 LL.
1572 398 1604 425 M.
1625 398 1641 425 l.
1661 398 1678 425 1.
1706 397 1792 424 Iurare
1809 397 1914 430 debent,

1081 450 1133 467 non
1153 441 1295 468 calumniae
1315 449 1391 466 causa
1411 440 1483 467 litem
1502 441 1644 468 intendere.
1664 440 1694 467 fr.
1715 442 1756 467 44.
1775 441 1797 474 §.
1813 442 1835 467 4.
1856 440 1913 467 fam.

1082 484 1174 510 ercisc.
1196 486 1235 510 10.
1254 486 1279 510 2.
1310 482 1346 510 Vt
1365 482 1490 510 adversus
1510 495 1567 511 eum
1582 500 1613 504 —
1627 484 1743 510 actiones
1762 483 1785 510 ei
1801 493 1853 509 non
1872 483 1915 510 de-

1081 531 1215 562 negentur,
1236 536 1407 563 quascunque
1425 526 1561 553 intendere
1580 526 1650 553 velit.
1671 526 1700 552 fr.
1716 528 1758 552 24.
1777 536 1813 563 pr.
1833 526 1865 552 de
1884 526 1913 553 li-

1080 568 1161 595 berali
1181 579 1202 595 c.
1221 572 1262 596 40.
1283 572 1322 596 12.
1360 568 1420 595 Non
1438 569 1525 596 solum
1544 571 1570 596 in
1590 569 1750 601 actionibus,
1775 579 1835 605 quas
1854 579 1914 606 pro-

1080 616 1185 638 curator
1203 612 1328 643 intendit,
1351 621 1442 638 verum
1464 613 1491 638 in
1509 612 1723 649 stipulationibus
1744 621 1845 648 quoque
1864 616 1913 638 etc.
1962 616 1964 619 '

1080 654 1110 680 fr.
1129 657 1171 681 20.
1191 659 1237 681 rat.
1257 665 1320 681 rem.
1340 654 1399 680 hab.
1413 656 1454 681 46.
1468 656 1491 681 8.
1520 654 1582 681 Sive
1601 665 1696 692 operae
1715 659 1841 692 petantur,
1857 655 1914 681 sive

1080 696 1236 734 obsequium
1256 696 1433 730 desideretur,
1457 699 1514 724 sive
1536 699 1613 724 etiam
1632 697 1729 724 famosa
1749 698 1815 724 actio
1831 697 1914 723 inten-

1079 739 1162 766 datur.
1183 741 1213 767 l'r.
1233 742 1257 766 6.
1278 741 1301 766 si
1320 741 1405 776 ingen.
1426 750 1485 767 esse
1504 740 1553 768 dic.
1568 742 1609 768 40.
1625 742 1664 766 14.
1695 739 1755 766 Non
1768 740 1844 766 dehet
1856 740 1914 776 cogi

1079 787 1163 813 actor,
1189 783 1285 809 omissa
1305 784 1408 809 actione
1427 783 1512 816 civili,
1538 784 1635 810 crimen
1658 783 1801 809 intendere.
1824 783 1852 809 fr.
1873 784 1913 809 15.

1078 824 1111 851 de
1130 835 1214 852 accus.
1234 827 1277 852 48.
1295 828 1320 852 2.
1349 825 1409 852 Non
1429 826 1541 862 quilibet
1560 837 1591 853 ex
1611 826 1719 863 populo,
1739 830 1767 852 ut
1785 825 1913 862 publicam

1077 868 1270 894 accusationem
1289 868 1414 895 intendat.
1435 869 1466 896 fr.
1480 871 1522 896 30.
1542 869 1563 903 §.
1579 871 1601 896 1.
1622 869 1654 896 de
1667 868 1696 896 L.
1711 868 1791 895 Corn.
1811 867 1843 894 de
1855 867 1911 894 sals.

1078 912 1118 937 48.
1140 912 1179 936 10.
1217 909 1336 942 Crimen.
1357 911 1428 948 quod
1447 912 1572 943 intendit,
1591 913 1668 939 etiam
1686 911 1804 949 perfecit.
1823 909 1853 936 fr.
1872 910 1912 936 14.

1078 953 1099 987 ξ.
1122 954 1160 979 ll.
1182 952 1215 979 de
1232 952 1293 979 bon.
1313 952 1399 980 libert.
1419 956 1460 981 38.
1479 957 1504 981 2.
1540 954 1569 981 Si
1589 954 1693 991 quidem
1717 955 1814 981 crimen
1832 953 1912 979 inten-

1078 995 1127 1022 dis.
1149 1012 1178 1016 -
1200 995 1248 1022 Sin
1267 1006 1329 1022 vero
1350 995 1381 1022 ad
1401 996 1576 1023 exhibendum
1594 997 1717 1024 intendis.
1738 1007 1758 1023 c.
1778 998 1802 1023 6.
1822 995 1854 1022 ad
1873 1005 1913 1022 ex-

1078 1038 1131 1065 hib.
1144 1040 1169 1064 3.
1183 1039 1224 1064 42.
1256 1038 1310 1074 Qui
1331 1038 1382 1065 hoe
1400 1039 1521 1071 intendit,
1541 1050 1588 1066 nee
1606 1040 1762 1078 impleverit.
1781 1038 1811 1065 fr.
1830 1040 1855 1064 5.
1874 1047 1912 1075 pr.

1078 1081 1110 1108 de
1130 1091 1240 1108 manum.
1256 1083 1298 1108 40.
1314 1083 1336 1108 l.
1356 1081 1388 1108 ef.
1408 1081 1480 1109 Paul.
1494 1081 1526 1108 V.
1542 1084 1580 1109 16.
1600 1083 1621 1117 ξ.
1641 1087 1666 1110 3.
1702 1082 1762 1109 Rite
1778 1080 1913 1108 intendere

1077 1124 1238 1158 (actiones.)
1256 1123 1287 1151 fr.
1307 1126 1349 1151 55.
1368 1124 1401 1151 de
1419 1135 1523 1162 procur.
1542 1127 1566 1152 3.
1585 1127 1610 1152 3.
1630 1141 1662 1145 -
1690 1126 1720 1159 §.
1741 1126 1778 1152 3.
1806 1126 1913 1151 Inten-

1076 1169 1165 1194 tione
1183 1169 1353 1202 formulae
1371 1169 1492 1195 iudicii
1510 1170 1683 1202 complecti
1702 1168 1914 1201 (desiderium

1077 1212 1228 1240 actoris.)
1267 1210 1286 1237 I.
1304 1211 1365 1245 Sy.
1390 1209 1483 1237 Petere
1502 1212 1568 1244 (rem
1587 1215 1703 1237 nostram
1722 1211 1804 1242 esse.)
1824 1208 1914 1236 Vindi-

1077 1263 1143 1279 care.
1164 1252 1221 1279 Gai.
1240 1252 1271 1280 II.
1293 1254 1349 1280 194.
1368 1253 1412 1280 IV.
1434 1255 1458 1280 4.
1477 1255 1519 1280 36.
1539 1256 1579 1281 92.
1599 1264 1638 1290 sq.
1658 1253 1688 1280 sr.
1712 1255 1733 1280 1.
1753 1253 1785 1280 de
1802 1252 1868 1279 Pub.
1887 1253 1914 1278 in

1075 1295 1106 1322 R.
1126 1296 1157 1322 A.
1178 1297 1201 1322 6.
1220 1298 1245 1322 2.
1264 1296 1356 1333 Agere.
1377 1296 1418 1323 Cf.
1438 1296 1463 1323 h.
1483 1307 1507 1323 v.
1527 1298 1549 1331 ξ.
1565 1300 1589 1323 8.
1622 1296 1665 1323 111.
1680 1298 1747 1325 Gn.
1766 1294 1914 1322 Formulam

1077 1339 1191 1371 edimus,
1211 1349 1261 1375 qua
1281 1339 1440 1366 intendimus
1460 1344 1509 1366 etc.
1538 1339 1573 1366 ld.
1594 1339 1637 1367 IV.
1656 1341 1697 1366 93.
1735 1338 1835 1375 Quales
1854 1342 1915 1364 sunt

1077 1383 1129 1415 (sc.
1151 1382 1303 1416 sormulae,)
1323 1382 1419 1419 quibus
1439 1382 1611 1409 intendimus:
1632 1387 1774 1415 „nostrum
1793 1392 1852 1408 esse
1871 1380 1914 1407 ali-

1075 1424 1170 1461 quid,‘·
1194 1430 1249 1451 aut:
1273 1426 1372 1457 „nobis
1392 1426 1447 1452 dari
1471 1428 1624 1463 oportere.⁶‘
1647 1425 1684 1452 lb.
1703 1424 1748 1452 IV.
1767 1426 1810 1451 45.
1846 1423 1915 1451 Cum

1074 1473 1118 1494 aut
1136 1468 1298 1505 corporalem
1318 1479 1372 1495 rem
1391 1468 1551 1495 intendimus
1575 1473 1690 1495 nostram
1714 1478 1786 1499 esse,
1810 1472 1854 1493 aut
1873 1468 1913 1493 ius

1073 1510 1181 1547 aliquod
1199 1511 1276 1538 nobis
1296 1516 1458 1549 competere,
1482 1511 1555 1538 velut
1578 1511 1668 1537 utendi
1687 1516 1736 1537 etc.
1768 1510 1804 1537 lb.
1824 1509 1868 1537 IV.
1887 1512 1912 1536 3.

1072 1555 1113 1580 34.
1151 1554 1180 1580 Si
1199 1553 1232 1580 de
1251 1556 1381 1581 communi
1399 1555 1528 1581 servitute
1547 1555 1605 1590 quis
1623 1554 1690 1580 bene
1704 1553 1809 1590 quidem
1823 1552 1913 1579 deberi

1073 1597 1193 1629 intendit,
1212 1596 1260 1623 sed
1279 1597 1367 1634 aliquo
1387 1597 1465 1624 modo
1484 1597 1557 1623 litem
1577 1596 1693 1634 perdidit
1712 1596 1788 1633 culpa
1807 1605 1862 1622 sua.
1881 1595 1912 1621 l'r.

1076 1641 1114 1666 19.
1135 1640 1157 1667 si
1177 1640 1267 1666 servit.
1281 1641 1304 1666 8.
1325 1643 1348 1666 5.
1386 1639 1453 1666 Cum
1473 1650 1505 1666 ex
1524 1650 1601 1667 causa
1620 1639 1715 1677 duplae
1734 1638 1912 1676 stipulationis

1073 1682 1172 1719 aliquid
1191 1682 1357 1709 intendimus.
1382 1682 1413 1709 fr.
1436 1684 1491 1709 139.
1516 1682 1547 1709 cf.
1574 1682 1603 1708 fr.
1623 1684 1665 1708 85.
1689 1683 1711 1716 §.
1731 1684 1755 1708 5.
1775 1681 1807 1708 de
1826 1680 1858 1707 V.
1878 1680 1911 1707 Ο.

1072 1727 1113 1751 45.
1135 1727 1156 1752 1.
1194 1725 1235 1751 Ab
1259 1725 1401 1751 adversarii
1421 1735 1526 1761 quoque
1549 1729 1623 1762 parte
1647 1725 1670 1751 si
1694 1725 1850 1751 interveniat
1868 1723 1913 1750 ali-

1073 1768 1141 1803 quis,
1161 1777 1219 1793 cum
1239 1777 1291 1804 quo
1305 1768 1372 1794 actio
1386 1769 1564 1799 constituitur,
1583 1767 1741 1794 intenditur:
1760 1767 1911 1799 „dominum

1073 1810 1134 1836 dare
1154 1812 1303 1847 oportere.“
1323 1809 1379 1836 Gai.
1393 1809 1436 1836 IV.
1456 1812 1497 1836 37.
1535 1810 1609 1837 Fieto
1629 1820 1658 1837 se
1676 1810 1773 1837 herede
1791 1809 1912 1841 intendit,

1073 1852 1145 1878 velut
1163 1852 1213 1879 hoc
1231 1853 1317 1880 modo.
1338 1853 1374 1879 lb.
1394 1852 1438 1880 lV.
1457 1855 1499 1880 34.
1518 1855 1560 1880 36.
1578 1864 1617 1890 sq.
1649 1853 1687 1886 Si,
1707 1853 1773 1880 facta
1791 1862 1912 1890 compen-

1073 1896 1182 1927 satione,
1201 1895 1261 1933 plus
1281 1906 1384 1922 nummo
1404 1906 1456 1922 uno
1476 1896 1604 1928 intendat,
1625 1913 1653 1917 —
1675 1906 1753 1923 causa
1771 1895 1853 1922 cadat.
1874 1895 1910 1921 lb.

1072 1937 1116 1965 IV.
1136 1940 1177 1965 68.
1197 1938 1228 1965 cl'.
1248 1940 1289 1965 54.
1309 1940 1350 1965 56.
1370 1938 1453 1966 Vatic.
1473 1940 1495 1973 ᾗ.
1516 1941 1558 1966 53.

1107 1983 1320 2009 Intentare.
1340 1983 1371 2016 §·
1386 1983 1420 2009 l.
1441 1984 1636 2014 Imminere,
1650 1983 1795 2018 Deferre.
1815 1981 1834 2007 l.
1848 1982 1910 2015 Sy.

1071 2023 1207 2061 Imponere
1226 2025 1327 2058 (onus)
1347 2024 1397 2051 Th.
1418 2024 1449 2051 C.
1464 2024 1507 2051 Vl.
1520 2027 1562 2052 35.
1583 2036 1604 2052 c.
1617 2027 1642 2051 4.
1662 2025 1694 2051 de
1713 2026 1780 2062 priv.
1800 2034 1852 2051 eor.
1867 2034 1909 2061 qu.

1071 2067 1097 2092 in
1117 2066 1144 2093 S.
1164 2066 1215 2104 pal.
1235 2083 1267 2087 --
1291 2068 1322 2101 ξ.
1338 2069 1373 2094 2.
1394 2069 1751 2104 Inferre(indici1tm.)
1773 2069 1910 2094 Conten-

1069 2112 1147 2136 dere.
1184 2110 1202 2136 I.
1223 2111 1285 2145 Sy.
1304 2110 1452 2143 Intendere,
1471 2111 1597 2148 Persequi
1617 2112 1748 2144 (crimen.)
1779 2110 1909 2147 Experiri.

1071 2163 1092 2178 c.
1108 2154 1129 2178 1.
1144 2162 1202 2189 sqq.
1223 2164 1245 2179 c.
1259 2155 1283 2180 6.
1303 2154 1336 2180 de
1355 2155 1427 2180 crim.
1447 2155 1526 2192 expil.
1548 2154 1635 2181 hered.
1656 2156 1679 2181 9.
1699 2156 1740 2180 32.
1768 2153 1908 2180 Accusare.

1070 2195 1201 2222 Intentare
1220 2197 1325 2223 crimen.
1347 2197 1377 2224 l'r.
1389 2198 1412 2224 7.
1432 2207 1471 2234 pr.
1492 2197 1513 2230 ξ.
1536 2199 1557 2223 l.
1578 2196 1607 2223 fr.
1627 2199 1668 2223 40.
1688 2197 1710 2231 §.
1725 2198 1746 2224 1.
1767 2196 1799 2223 ad
1818 2195 1847 2222 L.
1861 2195 1907 2222 Iul.

1070 2238 1103 2265 de
1122 2238 1202 2265 adult.
1221 2240 1262 2266 48.
1282 2242 1305 2266 5.
1342 2240 1437 2276 Agere,
1456 2239 1588 2266 intentare
1607 2241 1743 2266 actionem.
1767 2239 1907 2276 Expetere,

1070 2281 1186 2309 Pulsare.
1206 2281 1255 2308 Th.
1267 2282 1297 2309 C.
1309 2283 1353 2309 IX.
1364 2285 1406 2309 20.
1427 2293 1447 2309 c.
1461 2285 1482 2309 1.
1503 2284 1563 2309 vict.
1583 2284 1632 2309 civ.
1652 2293 1690 2319 ag.
1709 2281 1754 2309 XI.
1772 2283 1813 2308 39.
1834 2291 1854 2307 c.
1867 2283 1906 2306 12.

1070 2324 1102 2350 de
1121 2324 1174 2351 fide
1193 2329 1253 2351 test.
1290 2325 1332 2352 Ill.
1355 2327 1420 2353 Gn.
1441 2325 1546 2360 Quodsi
1565 2326 1602 2352 rei
1621 2327 1738 2355 interest.
1757 2325 1863 2350 minoris
1877 2323 1907 2350 fit

1070 2369 1195 2405 pecuniae
1215 2368 1412 2400 condemnatio,
1432 2378 1508 2405 quam
1526 2369 1681 2396 intentatum
1699 2373 1745 2394 est.
1770 2367 1800 2393 fr.
1818 2369 1842 2393 2.
1866 2376 1905 2404 pr.

1070 2410 1102 2436 de
1122 2420 1152 2436 eo
1171 2420 1214 2446 qu.
1235 2421 1255 2437 c.
1275 2411 1325 2437 loc.
1348 2413 1386 2437 13.
1406 2413 1430 2437 Δ.
1468 2411 1554 2438 Causa
1573 2412 1692 2438 intentati
1711 2411 1826 2437 criminis
1844 2412 1906 2442 (tra-

1071 2453 1203 2485 ctabitur.)
1223 2464 1243 2479 c.
1263 2455 1286 2480 4.
1308 2454 1341 2480 de
1360 2459 1483 2482 accusatt.
1497 2457 1521 2481 9.
1534 2457 1558 2481 2.
1579 2454 1610 2481 cf.
1630 2465 1650 2481 c.
1664 2456 1687 2480 3.
1708 2454 1729 2487 ξ.
1745 2455 1766 2479 l.
1787 2453 1830 2480 ubi
1843 2452 1904 2479 Seu.

1070 2506 1093 2523 v.
1108 2495 1218 2522 Clariss.
1231 2498 1255 2523 3.
1269 2498 1310 2522 24.
1336 2496 1364 2523 Si
1379 2507 1481 2523 causam
1501 2498 1652 2535 probaverit
1669 2497 1828 2522 intentatam.
1849 2506 1869 2522 c.
1880 2499 1904 2522 8.

1069 2540 1091 2573 §.
1111 2541 1134 2565 4.
1159 2539 1191 2566 de
1210 2539 1302 2576 repud.
1321 2542 1344 2566 5.
1367 2542 1407 2566 17.
1447 2540 1475 2567 Si
1496 2557 1527 2560 —
1546 2540 1642 2566 fuerint
1665 2540 1792 2570 accusati.
1816 2544 1842 2565 et
1861 2539 1905 2565 oh—

1070 2587 1142 2609 tentu
1162 2583 1337 2619 proximitatis
1364 2584 1488 2610 intentata
1508 2582 1664 2619 depulerint.
1697 2581 1746 2607 Th.
1767 2581 1797 2608 C.
1816 2581 1860 2608 IX.
1881 2584 1902 2608 ΤΔ

1069 2635 1090 2651 c.
1110 2626 1133 2651 S.
1154 2625 1185 2651 ad
1204 2625 1233 2651 L.
1254 2625 1300 2651 lul.
1321 2625 1353 2652 de
1372 2626 1452 2652 adult.

1104 2670 1269 2695 Intente.
1290 2668 1401 2702 (Advh)
1422 2671 1579 2701 Impense,
1601 2670 1760 2694 Studiose.
1780 2667 1901 2695 111011.

1067 2712 1095 2738 Si
1116 2723 1168 2738 non
1183 2713 1281 2739 intente
1294 2711 1465 2738 custodierint
1479 2710 1606 2747 disposita
1621 2710 1750 2738 salutaria.
1771 2721 1791 2737 c.
1804 2713 1825 2737 7.
1845 2712 1866 2745 ξ,
1878 2713 1900 2737 3

1067 2755 1098 2781 de
1118 2755 1207 2782 advoc.
1229 2755 1280 2782 div.
1301 2755 1422 2781 iudicum.
1442 2756 1466 2779 2.
1486 2756 1509 2779 δ.

1102 2799 1282 2826 Intentio.
1321 2799 1351 2831 ᾗ.
1371 2799 1404 2824 l.
1427 2800 1524 2824 Aetas
1544 2800 1736 2825 intendendi.
1775 2798 1815 2824 Ill.
1835 2799 1898 2824 (⁷11.
