2197 3121
1009 146 1096 177 INT.

186 240 253 257 anno
272 229 453 256 intercalatum
471 239 524 256 nou
544 233 585 255 est
603 232 651 254 etc.
671 226 702 254 fr.
716 227 757 254 98.
776 236 815 264 pr.
835 226 868 253 de
888 226 918 254 V.
935 227 963 254 S.
983 229 1024 254 50.

186 274 219 299 16
247 272 278 299 cf.
298 272 328 299 sr.
348 275 372 299 3.
392 273 413 306 3.
433 274 457 299 3.
478 272 510 299 de
528 272 620 298 minor.
640 271 664 296 4.
684 272 708 296 4.

221 315 483 343 lutei-calaris.
525 313 662 347 (Adiect.)
708 314 770 345 Qui
793 314 1025 339 intercalatur.

186 357 229 384 111.
245 359 310 385 Cn.
334 358 451 384 Mensem
474 356 653 384 intercalarem
673 355 824 382 additicium
843 364 908 382 esse.
933 355 963 381 l'r.
983 356 1024 382 98.

185 400 224 434 33.
245 402 267 426 1.
287 410 326 436 sq.
347 400 362 426 l.
382 403 423 426 50.
446 401 484 426 16.
521 398 557 425 Vt
582 403 685 424 auctum
710 397 764 424 litis
789 403 892 434 tempus
916 398 1025 424 interca-

185 441 234 470 lari
254 442 296 469 die
316 443 486 469 existimetur.
505 441 535 468 fr.
549 443 574 468 2.
594 441 626 468 de
646 441 697 467 div.
714 446 793 478 temp.
806 450 920 477 praescr.
932 442 973 466 44.
984 442 1007 467 3.

222 486 488 518 luta-capedo.
526 486 764 516 Intervallum,
789 484 1025 509 luterstz'tium.

185 527 207 554 1.
223 529 284 562 Sy.
303 527 470 554 Intervallum
489 526 564 560 (XV.
578 526 700 564 pedum.)
720 537 741 553 c.
757 527 796 552 11.
817 525 849 551 de
868 524 944 551 aedif.
959 526 1025 562 priv.

185 572 210 597 8.
232 572 271 597 10.
308 570 428 608 Spatium
447 570 619 607 (temporis)
646 569 677 596 fr.
695 571 719 596 3.
739 579 778 606 pr.
799 567 832 594 de
851 577 922 594 usur.
941 569 982 594 22.
1003 569 1025 594 1.

186 612 229 639 ΠΙ.
247 614 311 641 Cn.
334 613 369 639 Et
388 622 420 639 ex
438 622 568 650 personae
588 612 724 649 qualitate,
748 616 774 637 et
793 621 825 637 ex
842 611 970 647 temporis
990 611 1027 637 in—

188 655 352 693 tercapedine
376 655 471 689 (aIIam
490 656 696 682 aestimationem
715 655 835 691 accipere
854 653 975 686 debere.)
994 652 1026 680 fr.

185 699 228 725 55.
247 699 269 732 3.
289 700 313 725 4.
333 697 366 724 de
385 697 451 725 adm.
472 703 498 724 et
516 699 596 736 peric.
614 699 656 724 26.
676 699 699 724 7.
719 697 749 724 sr.
763 698 787 723 3.
807 696 829 730 3.
843 697 868 722 3.
889 697 911 722 si
931 696 971 722 cui
989 695 1025 733 pl.

185 751 230 778 qu.
249 751 275 778 p.
294 739 323 767 L.
344 740 413 768 Falc.
432 743 474 768 35.
493 743 517 768 3.

221 785 481 811 latex-cedere.
512 784 542 817 §.
556 785 591 811 1.
610 784 823 810 Interiacere.
843 781 862 808 I.
878 783 939 816 Sy.
958 781 1026 807 Esse

185 827 254 854 inter
273 831 321 853 etc.
341 826 509 853 Intervenire.
530 826 559 853 fr.
580 828 602 852 1.
622 835 661 863 pr.
681 824 714 852 de
728 824 755 851 S.
769 823 799 851 P.
812 823 844 851 V.
858 825 882 850 8.
895 826 919 850 2.
940 823 970 850 fr.
983 824 1025 850 38.

185 869 219 896 de
237 868 265 896 S.
284 868 312 895 P.
332 868 362 895 R.
383 870 407 895 8.
426 870 451 896 3.
475 868 505 895 fr.
524 871 548 895 5.
573 869 595 894 si
620 869 709 894 servit.
729 868 753 894 8.
773 869 797 893 5.
826 866 856 893 fr.
875 868 916 893 38.
942 865 975 893 de
992 866 1024 892 A.

183 911 216 939 R.
236 911 270 938 D.
289 913 331 938 41.
352 913 374 938 l.
411 911 454 938 III.
474 912 539 939 011.
564 911 593 937 Si
612 909 759 937 intercedat
777 909 862 936 solum
881 908 1025 946 publicum,

183 954 228 981 vel
246 955 288 981 via
306 954 420 992 publica.
440 954 470 981 fr.
485 956 508 980 1.
526 963 566 991 pr.
586 953 602 980 I.
618 955 642 980 8.
656 956 680 980 2.
718 952 837 983 Caelum,
857 952 928 988 quod
946 962 1025 989 supra

184 997 213 1025 id
235 997 322 1024 solum
345 996 491 1024 intercedit.
515 996 546 1023 fr.
567 998 589 1022 1.
616 1006 655 1033 pr.
675 995 692 1022 1.
717 997 741 1022 8.
760 998 784 1022 2.
822 995 851 1021 Si
871 1000 923 1021 tam
941 995 1025 1032 ampla

185 1039 279 1067 domus
298 1040 345 1071 sit.
371 1044 399 1066 ut
422 1044 447 1065 et
471 1039 557 1076 spatia
580 1038 751 1066 intercedant.
777 1038 807 1065 fr.
827 1040 868 1064 15.
892 1038 972 1071 §.13.
993 1037 1026 1064 de

185 1083 271 1110 damn.
291 1082 334 1109 inf.
353 1083 394 1108 39.
413 1083 438 1108 2.
453 1097 477 1102 —
505 1082 536 1115 §·
551 1084 586 1109 2.
608 1083 841 1116 Supervenire,
862 1082 1023 1107 Accedere.

184 1125 204 1153 1.
223 1127 285 1160 Sy.
304 1125 473 1156 Intervenire,
492 1124 635 1161 Iuterponi.
661 1124 718 1151 Gai.
738 1123 779 1150 III.
801 1125 857 1150 167.
883 1123 912 1150 fr.
931 1125 973 1150 20.
994 1123 1026 1150 de

184 1167 271 1195 Aedil.
291 1167 367 1194 edict..
386 1169 427 1194 21.
448 1169 470 1193 1.
508 1166 577 1193 Fieri
602 1166 787 1200 (divortium.)
812 1166 841 1193 l'r.
861 1168 903 1192 32.
927 1167 1025 1200 3310.

183 1221 243 1247 sqq.
262 1210 292 1237 fr.
306 1212 348 1237 62.
369 1210 429 1244 3.1.
449 1209 482 1236 de
501 1209 560 1236 don.
581 1211 626 1236 int.
647 1209 677 1236 V.
693 1212 734 1236 24.
750 1212 772 1236 l.
793 1209 822 1236 l'r.
836 1210 877 1235 66.
897 1210 971 1243 331.
985 1219 1025 1246 sq.

183 1253 234 1280 sol.
253 1254 363 1280 matrim.
382 1254 424 1279 24.
443 1254 468 1279 3.
505 1252 547 1279 111.
563 1254 628 1280 Cn.
652 1252 703 1285 An,
723 1252 794 1289 quod
814 1252 912 1279 domini
932 1263 1025 1279 nomen

184 1295 314 1323 adiectum
336 1294 431 1327 efficit,
456 1295 525 1321 idem
549 1295 626 1322 faciat
645 1296 721 1322 unius
742 1306 774 1322 ex
793 1294 906 1322 dominis
925 1296 1026 1322 iussum

183 1338 367 1365 intercedens?
392 1337 448 1364 Gai.
468 1338 511 1364 lu.
537 1339 593 1365 167.
631 1338 660 1364 Si
679 1354 711 1358 ——
731 1348 780 1364 nec
803 1348 846 1365 res
870 1344 959 1365 secuta
982 1340 1025 1371 sit,

184 1381 370 1408 ratihabitione
389 1390 442 1407 non
462 1380 649 1407 intercedente.
674 1381 705 1407 fr.
726 1383 765 1407 14.
785 1380 818 1407 de
837 1381 912 1409 cond.
933 1392 954 1408 c.
974 1382 1025 1409 dat.

184 1425 225 1451 12.
245 1426 268 1451 4.
307 1423 335 1450 Si
354 1423 397 1450 vel
416 1423 558 1461 adpellatio
578 1425 766 1455 intercesserit.
780 1423 823 1450 vel
835 1424 968 1462 adpellare
980 1436 1026 1463 po-

184 1467 275 1494 tueris.
294 1466 325 1493 fr.
346 1468 368 1492 7.
388 1476 427 1503 pr.
448 1466 480 1492 de
500 1471 621 1493 trausact.
637 1469 660 1493 2.
683 1469 722 1493 15.
760 1466 829 1502 Quia
849 1478 880 1494 ex
900 1478 928 1494 ea
949 1478 1024 1495 causa

184 1510 335 1537 intercessit
354 1509 504 1541 satisdatio,
530 1520 562 1536 ex
581 1519 630 1546 qna
650 1519 702 1535 non
722 1509 820 1536 debuit.
844 1510 874 1537 fr.
896 1513 919 1538 l.
938 1521 977 1548 pr.
997 1516 1025 1538 ut

184 1553 212 1579 in
236 1562 309 1590 poss.
333 1552 409 1588 legat.
433 1554 475 1578 36.
495 1553 518 1578 4.
555 1552 606 1578 Per
629 1553 791 1589 imaginarias
814 1553 980 1580 venditiones
1000 1559 1026 1580 et

184 1595 379 1623 intercedentes
404 1596 622 1621 manumissiones
651 1595 798 1626 (celebrata
827 1598 1024 1634 emancipatio.)

185 1638 209 1672 3.
229 1640 252 1664 6.
272 1638 290 1664 Ι.
311 1639 361 1674 Qu.
382 1637 450 1664 mod.
470 1639 510 1664 ius
536 1643 590 1675 pot.
612 1640 633 1664 l.
655 1640 695 1664 12.
716 1638 747 1665 cf.
777 1639 832 1665 Gai.
853 1639 870 1666 1.
893 1641 948 1667 134.
986 1639 1025 1666 Re

186 1680 339 1717 obligamur,
359 1691 417 1707 cum
437 1690 479 1707 res
498 1682 555 1718 ipsa
573 1680 720 1707 intercedit.
740 1681 770 1708 fr.
784 1684 824 1708 52.
839 1683 860 1716 3.
876 1684 898 1708 l.
913 1682 944 1710 cf.
965 1684 986 1717 3.
999 1684 1024 1709 3.

187 1723 220 1750 de
239 1723 271 1750 Ο.
292 1729 317 1750 et
335 1724 365 1750 A.
387 1725 428 1750 44.
449 1726 471 1750 7.
496 1724 526 1750 l'r.
545 1725 586 1750 23.
611 1724 643 1750 de
662 1725 780 1761 acceptil.
800 1727 841 1751 46.
861 1727 885 1751 4.
923 1725 952 1751 Si
970 1725 1026 1751 lon-

187 1767 245 1802 gius
265 1767 377 1803 spatium
396 1768 600 1793 intercessurum
620 1768 681 1798 erit.
706 1769 844 1803 quominus
865 1773 913 1794 etc.
934 1768 963 1794 Γπ.
985 1770 1024 1794 18.

186 1819 226 1846 pr.
246 1808 278 1835 de
296 1809 373 1835 iudic.
387 1812 410 1835 5.
426 1811 448 1835 1.
474 1809 502 1835 Si
516 1808 623 1845 aliquod
636 1814 739 1846 tempus
753 1811 932 1836 intercesserit
951 1811 1025 1847 (post

186 1851 369 1888 naufragium.)
389 1851 419 1877 fr.
432 1853 455 1877 5.
470 1851 502 1878 de
515 1852 617 1878 incend.
633 1853 714 1878 ruina.
728 1854 769 1879 47.
783 1855 807 1879 9.
838 1852 867 1879 Si
880 1863 932 1878 non
946 1863 1025 1885 mors,

187 1894 235 1920 sed
249 1896 341 1932 capitis
356 1894 498 1921 deminutio
512 1895 700 1921 intercesserit.
720 1895 749 1921 sr.
763 1897 787 1921 2.
806 1896 827 1929 3.
844 1897 865 1921 l.
891 1895 941 1931 Qu.
956 1896 1025 1922 mod.

186 1937 284 1964 usussr.
305 1939 327 1963 7.
347 1939 371 1963 4.
409 1937 439 1963 Si
456 1938 606 1964 inimicitiae
625 1939 830 1964 intercesserint.
851 1937 881 1964 fr.
901 1940 942 1964 43.
961 1940 982 1972 3.
1001 1940 1025 1965 6.

188 1979 220 2007 de
238 1990 342 2017 procur.
362 1981 386 2006 3.
405 1982 429 2006 3.
467 1981 561 2010 Error.
581 1996 613 2000 —
633 1981 677 2016 qui
701 1982 884 2007 intercessisse
902 1983 1026 2018 proponi-

186 2027 237 2049 tur.
257 2023 285 2049 sr.
305 2025 348 2049 25.
366 2033 404 2060 pr.
425 2022 457 2049 de
480 2023 524 2049 lib.
546 2027 571 2049 et
590 2023 676 2059 posth.
691 2024 732 2049 28.
746 2025 769 2049 2.
799 2023 905 2050 Crimen
920 2040 951 2043 —
965 2034 1024 2051 con-

188 2065 308 2098 trahitur,
328 2067 350 2092 si
371 2070 396 2091 et
414 2065 535 2091 voluntas
556 2065 693 2092 occidendi
711 2066 863 2093 intercedat.
889 2066 958 2093 Coll.
972 2067 1023 2094 LL.

189 2107 222 2134 M.
240 2107 258 2134 1.
278 2110 301 2135 9.
322 2124 354 2128 —-
374 2108 404 2141 ᾖ.
421 2109 457 2135 3.
480 2109 692 2143 Obligationi
710 2111 849 2136 alterins
868 2113 1024 2137 accedere.

190 2151 252 2177 Pro
271 2153 377 2178 debito
397 2153 505 2178 alieno
531 2153 736 2178 intervenire.
774 2152 791 2179 I.
812 2153 873 2186 Sy·
897 2152 948 2179 Pro
967 2153 1025 2179 aliis

191 2202 251 2218 reus
269 2193 332 2220 fieri.
370 2193 504 2230 Obligare,
523 2194 692 2231 interponere
712 2204 740 2220 se
760 2198 823 2232 (pro
843 2195 928 2228 aliis.)
951 2196 980 2222 fr.
1000 2198 1024 2222 2.

191 2245 230 2272 pr.
256 2235 277 2269 3.
298 2238 320 2262 1.
345 2236 374 2263 l'r.
394 2238 417 2263 8.
442 2238 463 2271 3.
483 2239 507 2263 3.
533 2237 562 2263 fr.
584 2239 623 2263 14.
649 2236 681 2263 ad
700 2236 727 2263 S.
748 2236 778 2263 C.
799 2237 866 2264 Vell.
888 2240 926 2264 16.
950 2240 971 2264 1.
992 2238 1023 2265 cf.

193 2288 214 2304 c.
233 2279 274 2303 23.
295 2287 333 2314 pr.
352 2279 373 2312 3.
392 2282 416 2306 2.
436 2279 494 2306 eod.
514 2281 537 2306 4.
556 2281 597 2306 29.
635 2279 796 2306 Intervenire
815 2282 903 2317 (quasi
920 2281 1025 2307 fideius-

192 2322 257 2352 sor.)
276 2319 438 2348 Fideiubere.
457 2322 489 2349 fr.
508 2324 532 2349 6.
552 2322 581 2348 fr.
602 2323 625 2348 8.
645 2322 725 2356 331.
746 2332 804 2359 sqq.
822 2325 860 2349 14.
881 2334 920 2360 sq.
940 2324 970 2350 fr.
983 2326 1024 2351 32.

192 2362 230 2396 33.
250 2364 273 2388 3.
294 2372 352 2398 sqq.
373 2363 406 2389 ib.
427 2366 465 2391 16.
487 2367 507 2391 l.
528 2365 558 2391 fr.
572 2366 595 2391 6.
615 2365 635 2399 3.
650 2368 673 2391 2.
694 2365 777 2391 mand.
795 2368 833 2392 17.
848 2368 870 2392 l.
901 2366 944 2393 III.
959 2368 1024 2394 Un-

192 2404 369 2433 lntercedere.
390 2409 414 2430 et
434 2408 506 2441 quasi
525 2408 551 2433 in
571 2418 599 2433 se
618 2407 763 2444 perleulum
783 2410 906 2446 recipere.
935 2409 964 2435 sr.
983 2412 1024 2435 21.

193 2446 226 2473 de
245 2446 310 2474 adm.
331 2452 355 2473 et
374 2448 454 2484 peric.
472 2450 513 2475 26.
533 2451 556 2475 7.
592 2450 644 2476 Pro
669 2450 801 2478 debitore.
825 2461 845 2477 S.
867 2462 925 2483 reo,
948 2453 1026 2478 inter-

193 2489 293 2516 cedere.
314 2489 342 2516 fr.
364 2492 403 2516 12.
424 2489 456 2515 de
474 2491 564 2518 minor.
583 2495 608 2519 4.
627 2495 650 2520 4.
670 2493 700 2519 fr.
714 2494 738 2519 8.
758 2494 779 2526 3.
795 2495 816 2519 7.
837 2493 867 2520 l‘r.
883 2496 922 2521 12.
942 2494 1024 2521 fr.18.

192 2532 223 2559 sr.
243 2534 284 2557 20.
310 2531 341 2558 ad
365 2531 391 2558 S.
412 2531 442 2558 C.
462 2531 530 2559 Vell.
556 2535 594 2561 16.
616 2538 637 2562 l.
673 2536 870 2563 Fideiussiones
895 2542 920 2563 et
944 2538 1025 2563 mutui

193 2575 314 2602 dationes
333 2584 381 2611 pro
401 2574 467 2606 aliis.
488 2575 581 2611 quibus
600 2578 796 2605 intercesserint
815 2579 931 2606 feminae.
951 2580 981 2606 sr.
1001 2581 1024 2605 2.

193 2618 274 2651 331.
294 2619 317 2642 4.
344 2617 377 2643 ib.
399 2618 437 2643 16.
459 2620 480 2643 1.
513 2617 583 2644 Paul.
606 2618 635 2645 11.
657 2622 696 2647 11.
724 2622 745 2655 3.
767 2624 788 2648 l.
827 2622 855 2648 Si
877 2632 925 2659 pro
945 2633 973 2648 ea
993 2638 1024 2642 —-

194 2659 348 2690 fideiussor.
368 2670 415 2686 seu
434 2660 569 2687 mandator
586 2662 764 2691 intercessisti.
790 2675 811 2691 c.
833 2667 871 2691 10.
897 2664 983 2691 mand.
1002 2666 1025 2691 4.

194 2703 236 2729 35.
266 2713 286 2729 c.
308 2704 347 2728 19.
371 2712 392 2728 c.
411 2704 452 2728 22.
478 2703 510 2729 de
533 2703 649 2730 fideiuss.
669 2706 692 2731 8.
711 2707 752 2733 41.
788 2707 847 2734 Nisi
872 2717 919 2744 pro
943 2708 1026 2734 invito

195 2746 254 2781 quis
272 2746 459 2777 intercesserit,
479 2751 522 2771 aut
541 2746 655 2772 donandi
674 2749 766 2781 animo,
786 2755 829 2776 aut
842 2751 972 2786 negotium
986 2760 1027 2786 ge-

195 2797 263 2814 rens.
283 2788 312 2814 fr.
332 2790 355 2814 6.
375 2789 395 2822 3.
415 2790 438 2813 2.
458 2788 542 2814 mand.
563 2791 603 2815 17.
624 2791 646 2815 l.
665 2805 696 2808 —
715 2791 1027 2826 §.ticlnterponere

1850 150 1913 180 489

1071 239 1114 259 se.
1133 229 1339 255 Interdicere.
1376 227 1418 254 ΠΙ.
1435 228 1500 255 Gn.
1522 226 1595 254 Neve
1614 228 1673 263 quis
1692 229 1858 264 magistratus
1878 245 1909 249 ——

1071 270 1238 302 interceditu,
1263 280 1328 296 neve
1353 270 1416 307 quid
1439 270 1510 296 aliud
1534 270 1611 297 facito
1636 272 1775 307 quominus
1801 276 1848 297 etc.
1878 271 1908 298 L.

1071 313 1138 340 Gall.
1160 312 1259 350 Cisalp.
1280 312 1297 339 I.
1317 314 1358 339 51.
1374 322 1413 348 sq.
1446 312 1481 338 Vt
1501 328 1532 332 ——-
1552 312 1660 339 Praetor
1679 313 1853 340 intercederet
1872 315 1909 340 in-

1071 356 1182 382 terdicto
1206 365 1261 382 sno.
1290 354 1320 381 fr.
1340 357 1364 381 2.
1393 356 1414 388 3.
1434 357 1457 381 5.
1490 365 1522 381 ne
1542 366 1584 391 qu.
1610 357 1635 382 in
1660 355 1718 382 Ioco
1743 356 1804 392 pub.
1824 358 1865 383 43.
1885 361 1908 383 ὅ.

1071 398 1152 430 Filio,
1172 399 1194 424 si
1214 397 1311 424 nullam
1330 397 1408 423 habet
1427 399 1635 430 excusationem,
1654 398 1817 425 intercedere
1835 404 1910 436 pater

1070 455 1102 460 —
1122 442 1162 467 ius
1181 451 1234 467 non
1253 440 1338 467 habet.
1357 439 1380 466 sr
1406 442 1431 466 3.
1450 441 1471 474 3.
1492 442 1515 467 4.
1535 440 1567 467 de
1587 451 1655 467 mun.
1676 445 1704 467 et
1722 440 1782 468 hon.
1802 444 1843 468 50.
1862 445 1886 468 4.

1105 484 1346 511 Intercessio.
1384 483 1414 515 ξ.
1444 484 1477 509 l.
1515 485 1734 510 Inter-centus.
1771 483 1814 510 HI.
1841 486 1907 512 Cn.
1931 476 1934 480 .

1070 526 1153 552 Huius
1173 526 1238 562 legis
1257 526 1446 552 intercessione
1465 525 1574 562 depulsa
1594 528 1642 559 (sc.
1663 525 1782 559 auditio.)
1807 526 1856 553 Th.
1877 528 1907 554 C.

1070 568 1136 596 VIII.
1157 571 1181 596 4.
1205 580 1226 595 c.
1245 570 1287 595 26.
1311 568 1343 595 de
1368 567 1494 594 cohortal.
1530 568 1723 595 Intercessione
1745 571 1908 596 auctoritatis

1071 621 1134 637 suae
1152 612 1298 649 prospiciet
1316 611 1438 645 (Praeses
1457 610 1512 644 Pr.)
1533 621 1554 637 c.
1576 613 1597 637 1.
1617 611 1651 637 de
1670 611 1803 638 abolition.
1823 614 1847 638 9.
1866 614 1906 638 42.

1072 669 1103 673 —
1117 655 1148 688 §·
1163 656 1198 681 2.
1221 655 1464 689 Comprobatio,
1485 656 1612 680 Suasio.
1649 653 1740 688 [Sy.
1761 654 1909 682 Consilium

1071 697 1194 730 (matris)
1215 696 1244 723 fr.
1265 699 1288 723 5.
1309 698 1331 731 3.
1352 699 1376 723 8.
1396 696 1428 723 de
1447 696 1512 722 adm.
1533 701 1559 723 et
1577 696 1657 733 peric.
1670 698 1711 723 26.
1727 699 1749 723 7.
1779 697 1822 723 111.
1843 698 1908 725 Gn·

1070 739 1177 766 Frustra
1196 740 1309 771 vereris,
1333 749 1365 765 ne
1389 749 1421 765 ex
1440 750 1468 765 ea
1494 740 1698 771 intercessione,
1725 749 1774 776 qua
1800 741 1908 776 signasti

1071 787 1099 808 ut
1118 787 1230 814 curator,
1251 798 1280 802 —
1304 783 1437 808 conveniri
1456 783 1553 819 possis.
1577 792 1598 809 c.
1619 784 1660 808 15.
1680 781 1713 808 de
1731 782 1796 809 adm.
1816 788 1863 809 tut.
1883 785 1907 810 5.

1069 826 1110 851 37.
1130 841 1163 844 —
1183 826 1213 858 §-
1234 826 1271 851 3.
1292 827 1433 859 Sponsio
1451 834 1511 859 pro
1532 826 1638 851 debito
1658 827 1770 851 alieno.
1808 825 1825 852 I.
1846 827 1907 860 Sy.

1069 867 1243 899 intervenire,
1270 866 1489 894 Iutercessionem
1513 867 1612 898 facere,
1634 866 1807 894 Intercedere.
1835 868 1864 894 fr.
1883 870 1907 895 8.

1069 911 1150 944 331.
1170 919 1209 946 sq.
1231 909 1260 935 l'r.
1282 911 1321 935 17.
1341 910 1362 943 3.
1381 912 1405 936 2.
1426 910 1458 936 ad
1477 909 1504 936 S.
1525 909 1556 937 C.
1571 909 1638 936 vell.
1661 911 1699 936 16.
1720 912 1742 936 1.
1778 909 1821 936 III.
1842 912 1908 937 (¹11.

1070 953 1120 979 Per
1148 953 1365 978 intercessionem
1389 962 1432 978 aes
1452 952 1564 979 alienum
1583 953 1726 989 suscipere.
1747 969 1776 973 —
1797 952 1847 979 Per
1866 953 1908 979 de-

1069 995 1225 1032 legationem
1249 994 1292 1020 aIii
1314 995 1475 1031 promittere.
1500 995 1530 1021 fr.
1552 997 1590 1021 19.
1615 996 1636 1029 3.
1656 997 1679 1021 3.
1706 994 1738 1021 de
1757 996 1838 1021 instit.
1859 1001 1906 1022 act.

1071 1040 1109 1064 14.
1129 1040 1153 1064 3.
1196 1037 1323 1073 Quamvis
1348 1038 1465 1074 pignoris
1489 1038 1559 1064 datio
1584 1039 1799 1064 intercessionem
1822 1037 1907 1071 faciat,

1069 1086 1155 1107 tamen
1180 1096 1212 1100 -
1237 1079 1411 1106 redditionem
1435 1081 1552 1117 pignoris
1571 1096 1603 1099 -
1627 1091 1679 1107 non
1703 1090 1762 1106 esse
1785 1081 1909 1107 interces-

1069 1125 1178 1150 sionem.
1199 1123 1228 1149 sr.
1248 1124 1272 1149 8.
1292 1132 1331 1160 pr.
1352 1122 1380 1149 fr.
1401 1124 1443 1149 32.
1463 1123 1485 1156 3.
1506 1125 1527 1149 1.
1547 1122 1579 1149 ad
1598 1122 1625 1148 S.
1640 1122 1671 1149 C.
1685 1122 1752 1150 Vell.
1771 1124 1846 1149 16.1.
1878 1123 1907 1150 Si

1069 1168 1095 1193 in
1114 1168 1173 1204 ipso
1192 1167 1366 1192 instrumento
1391 1166 1589 1191 intercessionis
1613 1165 1716 1191 dixerit.
1743 1182 1771 1186 ·—
1799 1165 1846 1192 Sin
1866 1177 1907 1193 au-

1069 1215 1121 1236 tem
1140 1210 1197 1235 sine
1216 1209 1324 1246 scriptis
1343 1209 1524 1234 intercesserit
1543 1213 1591 1234 etc.
1612 1218 1633 1234 c.
1647 1210 1687 1234 23.
1708 1218 1746 1244 pr.
1761 1208 1817 1234 eod.
1829 1211 1851 1235 4.
1865 1210 1906 1235 29.

1070 1252 1096 1280 S.
1118 1252 1157 1284 C..
1178 1251 1249 1288 quod
1268 1251 1300 1278 de
1319 1251 1555 1277 intercessionibus
1574 1250 1726 1277 seminarum
1745 1250 1839 1277 sactum
1858 1257 1906 1278 est.

1070 1295 1101 1322 sr.
1120 1297 1160 1321 15.
1180 1294 1210 1321 fr.
1229 1296 1272 1321 29.
1293 1295 1357 1328 3.1.
1377 1293 1411 1320 ib.
1434 1295 1473 1320 16.
1495 1295 1517 1320 l.
1538 1303 1559 1319 c.
1578 1295 1602 1319 2.
1623 1303 1644 1319 c.
1659 1294 1682 1319 9.
1697 1303 1736 1329 sq.
1758 1304 1779 1319 c.
1795 1295 1835 1319 15.
1850 1294 1906 1321 eod.

1069 1339 1093 1364 4.
1113 1339 1154 1365 29.
1175 1354 1207 1357 —
1231 1338 1262 1371 ξ.
1284 1339 1323 1363 4.
1342 1338 1496 1363 Exaclio.
1534 1335 1552 1362 I.
1572 1337 1634 1370 Sy.
1662 1336 1804 1362 Exsecutio
1825 1337 1908 1369 (mili-

1070 1382 1142 1412 taris,
1162 1391 1186 1407 v.
1206 1380 1308 1412 officii.)
1329 1379 1377 1406 Th.
1393 1379 1423 1406 C.
1440 1379 1457 1405 I.
1472 1381 1496 1406 9.
1516 1389 1536 1405 c.
1552 1380 1574 1405 l.
1595 1378 1626 1405 de
1645 1379 1688 1405 ol'l'.
1708 1378 1759 1405 iud.
1774 1379 1848 1405 milit.
1863 1379 1907 1406 Vl.

1069 1425 1110 1451 28.
1131 1434 1152 1450 c.
1172 1425 1196 1450 4.
1216 1422 1248 1450 de
1267 1423 1352 1450 Princ.
1373 1427 1455 1458 agent.
1475 1422 1502 1448 in
1520 1421 1574 1448 reb.
1588 1421 1692 1448 V111.9.
1713 1432 1735 1448 c.
1752 1424 1771 1448 I.
1792 1422 1824 1448 de
1842 1422 1906 1449 lucr.

1069 1467 1138 1494 offic.

1104 1511 1354 1537 Intercessor.
1387 1508 1418 1541 §-
1432 1509 1466 1534 1.
1489 1509 1551 1540 Qui
1569 1509 1700 1534 interim
1720 1509 1860 1539 accedit,
1878 1513 1908 1534 et

1069 1555 1209 1580 alterius
1229 1554 1297 1578 loco
1317 1552 1502 1577 ministerio
1516 1551 1689 1585 fungitur.
1726 1549 1769 1576 III.
1784 1550 1848 1576 Gn.
1877 1549 1907 1576 Si

1069 1596 1133 1622 haec
1152 1596 1267 1632 pravitas
1291 1593 1416 1620 ordinarii
1441 1593 1534 1620 iudicis
1555 1594 1616 1625 erit,
1636 1609 1667 1612 —
1687 1593 1785 1618 viem-lu
1805 1602 1907 1628 compe-

1069 1644 1137 1670 tant;
1161 1639 1202 1664 sin
1225 1642 1310 1664 autem
1329 1637 1455 1667 vicarius,
1477 1651 1506 1656 —
1527 1636 1643 1661 vicissim
1662 1634 1808 1662 ordinarius
1827 1634 1907 1662 iudex

1069 1683 1229 1708 intercessor
1248 1681 1350 1706 existat.
1371 1679 1420 1705 Th.
1441 1678 1472 1704 C.
1491 1678 1533 1704 III.
1555 1680 1594 1704 11.
1615 1688 1635 1704 c.
1657 1679 1678 1704 1.
1699 1677 1720 1710 3.
1742 1679 1764 1703 1.
1790 1678 1812 1703 si
1832 1687 1905 1713 quac.

1069 1724 1157 1761 praed.
1186 1728 1240 1760 pot.
1259 1738 1291 1742 -—
1321 1723 1352 1755 §-
1375 1723 1410 1747 2.
1450 1722 1513 1753 Qui
1535 1730 1565 1747 se
1585 1730 1644 1754 pro
1669 1721 1772 1746 debito
1797 1722 1905 1746 alieno

1071 1768 1243 1802 obligavit.
1277 1764 1296 1790 I.
1312 1765 1373 1798 Sy.
1393 1763 1554 1789 Fideiussor.
1573 1762 1604 1789 fr.
1619 1764 1644 1789 3.
1663 1763 1702 1797 33.
1715 1764 1739 1788 5.
1753 1772 1792 1798 sq.
1812 1762 1844 1788 de
1863 1772 1906 1799 pe-

1070 1809 1120 1835 cul.
1141 1811 1181 1835 15.
1202 1810 1224 1834 l.
1245 1818 1266 1833 c.
1287 1807 1327 1832 18.
1348 1816 1386 1842 sq.
1408 1815 1428 1832 e.
1448 1808 1489 1832 21.
1509 1805 1542 1832 de
1560 1805 1678 1834 fide-iuss.
1693 1807 1716 1832 8.
1730 1807 1772 1831 41.
1796 1804 1826 1832 ΙΙ.
1839 1807 1906 1839 ΟΡ.

1069 1851 1140 1877 Reus
1161 1849 1358 1888 (principalis.)
1383 1848 1413 1875 l'r.
1432 1850 1473 1875 23.
1499 1859 1537 1885 pr.
1557 1848 1589 1875 de
1611 1848 1699 1875 hered.
1718 1858 1743 1875 v.
1763 1852 1809 1874 act.
1829 1847 1906 1874 vend.

1071 1896 1110 1920 la.
1130 1895 1153 1920 4.
1191 1892 1233 1919 111.
1259 1894 1324 1920 Gn.
1355 1891 1419 1918 Post
1443 1892 1670 1923 intercessionem,
1694 1890 1737 1917 vel
1761 1892 1906 1917 cautionem

1070 1936 1246 1967 conscribere,
1268 1935 1311 1961 vel
1329 1936 1423 1972 pignus
1443 1938 1486 1960 aut
1504 1934 1705 1960 intercessorem
1724 1939 1864 1970 praestare.
1885 1944 1904 1960 c.

1069 1982 1110 2006 22.
1130 1979 1161 2006 ad
1182 1979 1208 2004 S.
1227 1978 1258 2005 C.
1274 1977 1341 2004 Vell.
1354 1981 1376 2004 4.
1393 1979 1434 2004 29.
1454 1993 1486 1997 —
1505 1977 1536 2010 ἓ.
1557 1978 1593 2003 3.
1614 1978 1769 2003 Exactor.
1805 1976 1823 2002 I.
1843 1977 1905 2010 Sy.

1069 2023 1223 2049 Exsecutor.
1244 2031 1265 2047 c.
1285 2022 1307 2047 8.
1329 2020 1361 2047 de
1380 2021 1423 2046 off.
1442 2019 1516 2046 Rcct.
1536 2019 1577 2046 Pr.
1596 2021 1617 2045 l.
1637 2021 1679 2045 40.
1716 2018 1758 2045 111.
1779 2020 1843 2046 Cn.
1866 2018 1905 2044 In-

1069 2071 1230 2092 tercessores
1250 2075 1263 2090 a
1282 2063 1451 2090 Praesidibus
1471 2062 1512 2089 Pr.
1537 2062 1591 2088 dati
1614 2061 1646 2089 ad
1665 2061 1790 2098 exigenda
1809 2061 1904 2087 debita.

1069 2108 1119 2135 Th.
1140 2108 1170 2134 C.
1191 2107 1220 2133 Il.
1240 2109 1281 2133 30.
1302 2117 1322 2133 c.
1344 2109 1365 2133 l.
1385 2106 1417 2132 de
1436 2106 1536 2143 pigner.

1104 2152 1354 2178 Intercessus.
1396 2148 1522 2181 (Subst.)
1565 2148 1776 2178 Intercessio‚
1801 2148 1903 2173 Inter-

1068 2196 1185 2221 ventio.
1223 2193 1241 2219 1.
1263 2194 1323 2226 Sy.
1348 2192 1505 2218 Intercessio
1530 2189 1678 2223 (Praesidis
1697 2188 1756 2222 Pr.)
1783 2199 1803 2215 c.
1824 2191 1846 2215 7.
1872 2188 1903 2214 de

1070 2247 1155 2263 exsec.
1170 2237 1207 2263 rei
1222 2235 1275 2263 ind.
1290 2237 1312 2262 7.
1326 2237 1366 2261 53.
1387 2245 1408 2261 c.
1424 2236 1445 2260 l.
1462 2234 1494 2260 de
1508 2233 1597 2261 abolit.
1611 2234 1634 2260 9.
1650 2234 1690 2259 42.
1709 2231 1792 2258 Vatic.
1813 2231 1833 2264 3.
1844 2232 1901 2256 279.

1068 2279 1110 2306 111.
1131 2281 1196 2308 Cn.
1226 2279 1401 2305 Intercessum
1421 2276 1470 2310 [al.
1489 2275 1720 2308 intercessionem]
1741 2272 1902 2300 commodare

1069 2333 1122 2349 non
1141 2332 1221 2359 posse
1240 2321 1331 2355 (rebus
1345 2320 1481 2358 propriis)
1501 2330 1521 2346 c.
1535 2320 1558 2345 3.
1584 2318 1637 2354 Qui
1656 2317 1747 2344 morbo
1767 2326 1794 2342 se
1814 2325 1900 2341 excus.

1071 2368 1109 2392 10.
1129 2368 1170 2391 50.

1105 2407 1358 2434 luten-cidere.
1390 2406 1420 2438 §.
1440 2405 1474 2431 1.
1494 2405 1700 2433 Praecidere,
1721 2403 1899 2428 Concidere.

1069 2451 1087 2477 I.
1107 2452 1168 2485 Sy.
1198 2449 1352 2476 Praecidere
1373 2444 1500 2484 (gladio.)
1524 2446 1573 2474 Th.
1594 2446 1623 2472 C.
1643 2445 1661 2471 1.
1682 2446 1704 2470 7.
1724 2454 1744 2469 c.
1766 2445 1786 2469 1.
1807 2443 1838 2469 de
1857 2443 1899 2469 off.

1069 2493 1143 2520 Rect.
1163 2492 1204 2519 Pr.
1224 2492 1269 2518 IX.
1289 2493 1312 2518 6.
1334 2502 1354 2517 c.
1375 2493 1398 2517 3.
1419 2500 1451 2517 ne
1468 2495 1508 2527 pr:
1528 2490 1597 2515 crim.
1618 2488 1673 2513 mai.
1710 2485 1752 2512 111.
1768 2487 1833 2513 Gn.
1852 2485 1900 2511 Ra-

1069 2537 1154 2562 tiones
1174 2551 1205 2554 —
1225 2534 1388 2565 intercidere,
1408 2533 1561 2562 adulterare.
1581 2530 1622 2556 vel
1641 2543 1673 2548 —
1692 2528 1804 2554 turbare.
1826 2527 1856 2554 fr.
1876 2529 1898 2554 1.

1069 2580 1090 2612 3.
1111 2581 1134 2604 5.
1160 2577 1192 2604 de
1211 2587 1288 2604 servo
1309 2587 1374 2604 corr.
1395 2578 1434 2602 11.
1454 2577 1478 2602 3.
1504 2574 1534 2600 cf.
1554 2573 1584 2599 sr.
1603 2573 1644 2597 23.
1669 2570 1701 2597 de
1719 2570 1748 2597 L.
1769 2570 1847 2597 Corn.
1867 2569 1899 2596 de

1070 2621 1126 2648 l'als.
1146 2622 1186 2647 48.
1209 2622 1247 2646 10.
1285 2619 1432 2646 Traiectum
1456 2616 1645 2654 aquaeductus.
1664 2630 1695 2633 -
1715 2613 1802 2640 Aedes
1820 2613 1898 2639 vicini

1070 2663 1198 2696 (incendii
1211 2662 1315 2689 arcendi
1329 2664 1425 2693 causa.)
1445 2657 1607 2687 intercidere.
1627 2656 1657 2683 l'r.
1670 2657 1711 2682 29.
1731 2656 1794 2690 3.1.
1813 2655 1843 2682 fr.
1857 2658 1896 2682 49.

1069 2708 1091 2741 3.
1113 2709 1134 2732 1.
1160 2705 1191 2732 ad
1210 2705 1239 2732 L.
1258 2706 1326 2742 Aqu.
1346 2707 1369 2731 9.
1389 2707 1413 2730 2.
1436 2703 1466 2729 sr.
1486 2703 1509 2727 7.
1533 2701 1555 2734 3.
1574 2702 1597 2726 4.
1630 2699 1680 2734 Qu.
1700 2700 1725 2725 vi
1744 2704 1787 2725 aut
1806 2698 1837 2725 cl.
1856 2700 1895 2723 43.

1046 2741 1048 2770 l
1069 2751 1110 2776 24.
1132 2766 1161 2769 —
1182 2750 1213 2782 ξ.
1230 2750 1265 2775 2.
1285 2747 1523 2775 Exterminare.
1557 2742 1576 2769 I.
1592 2744 1654 2777 Sy.
1676 2742 1829 2779 Exstirpare
1846 2742 1896 2774 (se-

1071 2792 1158 2825 ctam.)
1178 2791 1227 2818 Th.
1248 2791 1278 2817 C.
1298 2789 1366 2817 XVI.
1386 2790 1409 2815 6.
1429 2799 1450 2814 c.
1470 2788 1493 2813 4.
1513 2797 1551 2823 pr.
1571 2796 1604 2812 ne
1623 2785 1649 2811 S.
1668 2784 1738 2822 bapt.

1425 2833 1458 2858 62
