2197 3121
1035 168 1115 199 PRI.
1880 173 1939 203 761

249 252 415 279 Priscus.
434 251 564 285 (Adiect.)
589 252 619 284 ξ.
633 252 668 278 1.
690 251 868 284 Antiquus,
892 251 1056 276 Vetanus.
1103 251 1263 277 constituere
1287 250 1433 285 (sacrum.)
1461 252 1490 278 fr.
1510 253 1533 279 6,
1557 253 1579 286 3.
1598 254 1623 279 3.
1649 252 1681 279 de
1705 252 1735 279 R.
1760 253 1793 279 D.
1819 255 1840 279 l.
1865 255 1888 279 8.
1910 270 1940 274 -—

211 294 242 321 ll.
258 297 326 328 Op.
353 294 442 321 Prisca
463 294 548 331 lingua
569 299 616 320 est.
639 310 668 313 —
694 292 771 319 Nunc
790 292 909 318 dicimus.
935 293 956 326 3.
979 294 1018 318 15.
1038 291 1056 318 Ι.
1102 294 1180 326 §.20
1200 295 1248 320 Ad
1265 295 1430 328 singulum
1450 302 1607 329 spectans.
1645 295 1675 321 II.
1692 297 1758 329 Op.
1780 296 1859 331 Quod
1875 297 1940 333 priv.

211 337 245 364 de
265 339 358 364 action.
379 339 403 363 4.
423 338 446 363 6.
467 353 498 356 —
523 337 554 370 ξ.
570 338 605 362 2.
626 338 800 367 Antenor,
820 337 925 362 Prior.
962 335 980 361 I.
995 336 1057 369 Sy·
1078 350 1079 370 3
1101 337 1211 362 interest
1239 337 1315 362 unius
1345 346 1376 363 ex
1404 339 1493 364 sociis.
1518 354 1550 357 —
1582 338 1662 374 Quod
1686 340 1806 365 societati
1826 338 1940 376 expedit.

212 379 333 411 Veteres,
352 380 497 416 Antiquae,
516 379 684 406 Praeteritae.
704 378 810 405 Priscae
830 377 934 413 (leges)
955 376 1004 403 Th.
1025 376 1056 403 C.
1077 399 1079 409 ,
1101 379 1130 405 sr.
1151 381 1192 406 65.
1211 379 1233 413 3.
1253 381 1277 405 5.
1296 389 1344 416 pro
1364 389 1418 406 soc.
1441 382 1480 406 17.
1500 382 1523 406 2.

211 422 253 449 ΙΙΙ.
275 425 315 449 17.
335 433 356 449 c.
376 424 399 449 3.
419 432 459 459 pr.
478 423 500 456 3.
520 424 543 448 2.
568 421 601 448 de
626 426 672 448 tut.
694 426 718 447 ct
738 431 791 447 cur.
812 430 846 447 cr.
867 420 908 446 ΙΙΙ.
930 421 969 446 18.
991 430 1011 446 c.
1033 421 1055 446 1.
1077 422 1078 458 1
1138 423 1350 449 Privatum.
1375 422 1492 455 (Subst.)
1518 424 1548 457 ξ.
1569 424 1603 450 l.
1625 425 1727 451 Locus
1744 426 1875 458 privati
1893 427 1941 450 in.

213 465 265 500 Qui
292 470 343 502 pet.
362 464 433 491 XVI.
453 466 477 491 8.
502 474 523 490 c.
545 465 584 490 19.
611 464 643 490 de
663 463 718 490 Iud.
755 463 786 490 ΙΙ.
808 465 875 497 Op.
905 461 1055 489 Priscorum
1077 488 1078 514 Χ
1100 467 1147 491 ris
1192 465 1209 491 Ι.
1229 466 1290 499 Sy.
1319 463 1407 490 Locus
1427 466 1552 502 privatus.
1572 466 1602 492 fr.
1623 468 1664 493 31.
1685 467 1717 493 ad
1736 466 1766 494 L.
1786 468 1855 504 Aqu.
1874 470 1896 495 9.
1916 470 1941 494 2.

212 507 377 544 Principum,
398 523 429 526 —
450 506 562 533 Nostrae
582 507 774 539 (sanctiones.)
799 505 836 532 lb.
855 504 926 532 XIV.
947 507 968 532 l.
990 515 1011 531 c.
1030 507 1054 531 3.
1100 507 1128 533 Iu
1148 517 1210 539 sno,
1235 507 1263 533 ln
1282 508 1385 544 privato
1406 510 1489 545 (opus
1510 509 1619 541 facere.)
1645 509 1674 536 sr.
1694 513 1718 536 3,
1738 511 1759 544 3.
1779 512 1803 537 3.
1824 511 1856 536 dc
1876 521 1941 547 aqua

212 549 245 576 dc
264 550 351 576 decnr.
372 550 428 576 urb.
448 549 480 576 R.
499 549 570 576 XVI.
590 550 613 575 8.
635 560 655 575 c.
679 551 717 575 19.
738 548 755 575 l.
1076 557 1077 580 1
1100 555 1125 576 et
1144 560 1202 586 aqu.
1222 550 1257 587 pl.
1276 552 1318 576 39.
1337 551 1361 576 3.
1398 550 1429 576 ΙΙ.
1449 553 1516 584 Op.
1540 551 1589 578 Per
1608 552 1750 589 publicum.
1772 569 1802 573 -—
1822 553 1873 579 Per
1890 554 1942 590 pri-

250 594 417 620 Priseus.
462 593 492 626 ξ.
518 593 552 619 l.
583 593 763 627 Cognomen
792 592 928 617 Neratii
955 592 975 616 Ι.
989 592 1054 622 Cli,
1076 587 1077 626 1
1099 597 1186 618 vatum
1206 594 1269 625 (iter
1282 593 1359 625 fieri.)
1380 592 1410 619 fr.
1423 595 1464 619 31.
1485 593 1501 620 1.
1516 595 1539 620 9.
1559 596 1583 620 2.
1612 595 1640 621 In
1660 595 1776 632 publico,
1795 597 1942 633 privatovc‚

212 636 275 672 (qui
295 635 400 662 Traiani
425 635 589 672 temporibus
609 634 707 661 Romae
731 633 878 665 inclaruIt.)
925 632 967 659 ΙΙΙ.
988 634 1054 660 Cn·
1076 636 1077 666 1
1099 635 1141 661 vel
1161 636 1187 661 in
1211 637 1277 662 vico.
1306 635 1335 662 sr.
1355 638 1379 662 2.
1409 635 1430 669 3.
1450 638 1474 662 5.
1504 636 1536 662 de
1560 637 1585 663 h.
1611 647 1653 674 qu.
1680 643 1732 664 not.
1758 639 1802 664 int'.
1821 640 1845 664 3.
1865 640 1889 665 2.
1909 655 1941 658 -

212 677 282 704 Patri
307 677 388 704 Celso
414 680 467 710 (sc.
492 678 638 710 successit)
664 677 760 704 Celsus
790 675 871 707 filius,
899 681 924 701 ct
948 675 1054 701 Priscus
1076 693 1078 712 ¹.
1100 678 1130 711 ξ.
1146 679 1230 704 LA.
1251 681 1406 705 Balneum
1425 680 1600 712 privatum⁴
1639 680 1730 714 1,Sy,
1750 681 1942 718 Balneumpri.

211 719 343 747 Neratius.
363 720 393 747 fr.
413 723 437 747 2.
463 721 484 754 3.
505 723 546 747 47.
566 720 599 747 de
619 720 651 746 0.
671 720 690 745 Ι.
712 721 733 745 l.
753 720 777 744 2.
815 718 936 744 Consilio
956 717 1056 744 Neratii
1076 718 1078 728 ³
1100 726 1194 747 vatum.
1215 731 1235 747 c.
1259 723 1279 747 1.
1300 731 1332 747 ne
1352 722 1388 747 rei
1408 721 1482 747 milit.
1502 724 1523 748 1.
1543 724 1584 748 47.
1622 722 1664 749 III.
1686 725 1751 751 Cn.
1776 724 1811 750 Yt
1830 725 1942 751 infausta

211 762 296 790 Prisci
320 768 345 790 et
364 764 499 790 Aristonis
523 765 563 796 (ci
583 763 708 798 denegata
728 766 768 787 est
787 761 817 787 B.
838 761 885 793 P.)
906 761 936 787 sr.
957 763 981 786 5.
1001 762 1023 786 si
1043 771 1056 786 a
1077 751 1078 824 1
1100 763 1287 800 hospitalitatis
1307 764 1437 800 praebitio
1457 764 1602 792 tolleretur.
1623 775 1671 791 nec
1685 768 1814 802 privatmn
1830 767 1874 799 [al.
1889 766 1942 793 bal-

211 815 265 843 par.
281 816 323 842 qu.
338 816 404 832 man.
417 808 459 832 37.
473 808 512 832 12.
551 806 633 832 Prisc.
653 804 776 831 Neratius
797 803 970 830 existimabat.
991 803 1019 829 fr.
1032 804 1055 829 8.
1100 806 1189 839 neum]
1210 807 1322 842 quisquc
1341 816 1354 832 a
1374 806 1480 833 domino
1500 807 1601 834 aedium
1621 808 1746 845 postulet.
1768 809 1816 836 Tb.
1838 810 1868 836 C.
1886 810 1941 836 VII.

211 848 233 881 ᾗ.
250 850 274 874 2.
295 848 327 875 de
347 849 449 875 liberat.
470 848 518 885 leg.
533 850 573 875 34.
593 850 617 874 3.
654 846 714 873 Nou
735 852 774 873 est
788 846 887 873 Neratii
902 846 985 873 Prisci
999 856 1057 872 scn—
1077 853 1078 856 ’
1100 850 1123 875 8.
1145 859 1165 875 c.
1187 851 1226 875 12.
1247 849 1278 875 de
1298 854 1385 875 metat.
1406 848 1467 875 lust.
1488 849 1519 876 C.
1541 860 1561 876 c.
1582 852 1605 877 6.
1626 851 1684 877 eod.
1700 853 1739 878 12.
1754 853 1794 878 41.
1811 869 1840 872 ——
1861 854 1891 885 ἕ.
1906 854 1941 880 2.

211 891 309 917 tentiae
328 907 360 910 —
380 891 463 917 locus.
488 891 518 917 fr.
539 892 578 917 67.
604 891 625 924 3.
645 891 668 916 8.
695 889 726 916 de
746 889 821 925 legat.
841 889 871 916 11.
892 890 967 922 (31.)
1005 888 1056 915 Ne·
1076 919 1078 927 Ι
1100 894 1159 918 Res
1176 894 1313 925 privata
1332 894 1512 926 Principis.
1544 893 1561 919 I.
1575 894 1636 927 Sy.
1656 893 1709 920 Res
1729 896 1829 931 privata
1843 900 1941 922 nostra.

211 934 293 959 ratius
313 933 355 960 Pr.
376 939 401 960 et
420 934 534 960 Iulianus
554 932 754 970 responderunt.
775 933 805 958 l'r.
822 934 860 959 19.
881 932 913 958 de
933 932 957 958 d.
978 942 1010 958 m.
1028 934 1053 958 4.
1076 929 1078 949 Ὗ
1101 934 1150 960 Th.
1165 934 1195 960 C.
1211 934 1252 960 Xl.
1275 936 1296 960 7.
1318 944 1338 960 c.
1359 936 1382 960 5.
1403 944 1443 970 sq.
1464 934 1496 961 de
1516 937 1644 962 exaction.
1681 935 1712 962 ΙΙ.
1728 939 1796 971 Op.
1815 937 1894 969 fisci,
1909 954 1941 958 —

211 978 235 1002 3.
273 976 363 1002 Aristo
384 976 491 1003 Neratio
511 976 601 1002 Prisco
622 976 737 1012 scripsit.
759 976 789 1001 t'r.
806 978 830 1002 3.
852 976 902 1011 Qu.
923 985 965 1001 res
985 976 1054 1012 pign.
1076 978 1078 1008 ξ
1100 976 1197 1003 Privati
1217 976 1354 1009 (debitor.)
1375 987 1395 1003 c.
1416 980 1439 1003 5.
1460 977 1475 1004 1.

210 1020 252 1044 20.
272 1021 296 1045 3.
318 1019 394 1051 S.C.‚
415 1019 485 1056 quod
504 1018 612 1044 Neratio
632 1018 724 1044 Prisco
744 1023 769 1044 et
787 1018 874 1044 Annio
889 1017 958 1044 Vero
977 1018 1054 1044 Coss.
1077 1049 1078 1052 Ἰ
1138 1020 1329 1046 Privatus.
1355 1019 1491 1052 (Adiect.)
1518 1022 1548 1054 §-
1569 1022 1604 1048 1.
1625 1024 1671 1048 Ad
1689 1024 1838 1057 singulos
1857 1034 1870 1049 e
1889 1034 1942 1050 nu-

211 1060 307 1088 factum
333 1067 378 1088 est.
404 1062 434 1088 fr.
454 1063 477 1088 6,
502 1061 533 1088 ad
552 1061 582 1088 L.
604 1061 684 1088 Corn.
711 1061 743 1087 de
767 1062 813 1087 sic.
833 1062 875 1086 48.
895 1064 919 1087 ὅ.
966 1060 1054 1086 Labeo
1076 1067 1078 1101 J.
1100 1073 1180 1089 mero
1201 1064 1319 1089 civium
1341 1069 1500 1096 spectans.
1540 1063 1557 1089 Ι.
1581 1065 1643 1098 Sy.
1669 1065 1749 1100 Quod
1773 1065 1805 1091 ad
1828 1066 1943 1102 singulo.

212 1104 301 1137 refert.
323 1119 351 1122 —
374 1104 526 1131 Trebatium
546 1104 731 1141 res}›011disse;
751 1103 821 1140 quod
840 1105 932 1129 merit«)
948 1102 1055 1129 Priscus
1076 1110 1078 1139 1
1100 1116 1156 1132 rum
1176 1105 1314 1132 utilitatem
1334 1110 1449 1141 spectat.
1470 1105 1602 1132 Privatum
1623 1109 1706 1140 (ius.)
1732 1108 1761 1134 fr.
1784 1110 1804 1134 l.
1825 1109 1846 1142 3.
1866 1111 1890 1135 2.
1910 1108 1943 1135 de

211 1146 332 1173 Fulcinio
352 1147 397 1180 [al.
418 1147 564 1180 Fulcinius]
586 1146 679 1173 falsum
700 1156 759 1173 esse
778 1146 869 1172 aicbat.
891 1146 920 1172 l'r.
934 1148 975 1172 49.
995 1146 1016 1180 3.
1030 1148 1054 1172 2.
1077 1164 1078 1169 η

211 1189 244 1216 (18
264 1189 340 1226 legat.
360 1190 390 1216 ΙΙ.
411 1190 478 1222 (31.)
499 1190 530 1216 cf.
551 1190 581 1216 fr.
601 1191 642 1216 4-3.
663 1189 695 1216 de
714 1200 746 1215 m.
767 1199 788 1215 c.
809 1189 897 1215 donat.
917 1191 958 1216 39.
978 1190 1002 1215 6.
1021 1203 1055 1208 —
1077 1186 1078 1191 ¹

211 1233 242 1266 ᾖ.
258 1234 292 1259 2.
314 1235 494 1268 Cognomen
514 1234 666 1259 Iauoleni
684 1234 705 1259 1.
716 1234 783 1264 Cei,
809 1233 870 1268 (qui
890 1232 982 1258 iisdem
1002 1232 1055 1258 fere
1077 1259 1078 1272 χ

211 1275 376 1312 temporibus
395 1277 488 1308 vixit.)
525 1275 568 1301 ΙΙΙ.
589 1276 655 1302 Cn.
685 1275 776 1301 Caelio
801 1275 900 1301 Sabino
925 1276 978 1307 (sc.
999 1284 1056 1301 suc·
1077 1290 1078 1299 i

211 1318 309 1350 cessit)
330 1317 437 1345 Priscus
457 1317 603 1344 Iavolenus.
625 1334 655 1337 —
676 1318 799 1345 Iavoleno
819 1318 910 1344 Prisco
930 1317 1055 1344 Abnrnus

210 1359 318 1387 Valens.
339 1360 368 1387 fr.
389 1364 412 1388 2.
433 1362 454 1395 3.
475 1363 516 1387 47.
536 1361 569 1387 de
589 1360 622 1387 Ο.
639 1360 656 1387 Ι.
679 1363 700 1387 l.
720 1363 744 1387 2.
782 1362 816 1387 Et
836 1360 943 1387 Priscus
963 1366 988 1387 et
1007 1360 1057 1387 Nc-

210 1404 293 1430 ratius
313 1409 413 1441 pntant.
435 1404 464 1430 l'r.
486 1406 524 1430 10.
549 1405 570 1438 3.
591 1406 615 1430 2.
636 1404 668 1430 de
688 1414 737 1430 usu
757 1409 783 1430 et
802 1404 882 1430 babit.
903 1405 926 1430 7.
946 1405 969 1430 8.
1006 1403 1056 1430 Pu-

210 1445 301 1473 berem
325 1452 410 1473 autem
435 1447 556 1473 Cassiani
581 1446 687 1483 quidem
715 1457 773 1473 eum
802 1456 861 1473 esse
884 1446 988 1477 dicunt.
1013 1447 1057 1483 qui

211 1493 260 1515 etc.
282 1505 313 1508 —
333 1489 483 1516 Proculiani
504 1495 588 1516 autem
609 1499 680 1521 cum,
706 1490 750 1525 qui
770 1495 818 1516 etc.
838 1505 870 1508 —
894 1499 983 1516 verum
1003 1489 1058 1516 Pri-

211 1541 273 1558 scus
294 1542 352 1559 eum
372 1533 497 1569 puberem
517 1542 575 1559 esse
595 1537 643 1559 etc.
665 1532 725 1569 le.
746 1532 790 1558 XI.
810 1534 852 1558 28.
872 1532 904 1558 cf.
924 1532 955 1559 fr.
973 1533 997 1558 6.
1017 1542 1057 1570 pr.

211 1573 244 1600 (18
264 1574 308 1601 lib.
329 1580 355 1601 et
374 1575 461 1612 postb.
481 1577 523 1602 28.
543 1578 566 1602 2.

249 1618 453 1644 Pristinus.
474 1618 603 1650 (Adiect.)
625 1620 795 1649 Alacrior,
816 1620 920 1644 Prior.
958 1617 976 1644 I.
994 1619 1055 1652 Sy.
1078 1615 1079 1630 ³

212 1659 354 1696 Autiquus.
381 1661 422 1687 Cf.
443 1660 467 1687 b.
488 1671 511 1687 v.
537 1662 557 1694 3.
578 1664 601 1687 4.
640 1660 676 1691 ls,
703 1662 775 1686 cuius
800 1665 874 1686 antea
899 1661 947 1686 suit
970 1663 1055 1693 (reS.)

212 1701 254 1728 Pr.
278 1702 407 1730 dominus,
437 1704 466 1730 fr.
485 1706 527 1730 30.
553 1705 574 1737 3.
593 1706 617 1730 3.
638 1703 670 1730 (1(-
689 1704 720 1730 Α.
741 1703 771 1729 R.
792 1704 825 1730 D.
846 1705 886 1729 41.
909 1705 930 1729 l.
969 1703 996 1729 In
1017 1705 1054 1729 in-
1077 1706 1078 1722 1

213 1749 321 1780 tegmm,
341 1746 368 1772 In
390 1748 529 1783 pristinum
549 1753 644 1773 statum
664 1748 802 1779 (restitui.)
824 1746 852 1773 l'r.
872 1748 895 1772 9.
916 1747 945 1780 33
973 1748 995 1773 7.
1016 1756 1054 1781 sq.

213 1787 265 1822 Qu.
286 1794 346 1815 met.
366 1799 387 1815 c.
408 1791 430 1815 4.
450 1792 474 1816 2.
512 1790 542 1816 ΙΙ.
564 1792 631 1823 Op.
655 1789 754 1816 Novus.
781 1789 811 1815 t'r.
831 1791 872 1816 58.
893 1789 925 1815 de
944 1794 1012 1826 pact.
1031 1790 1056 1815 2.

216 1831 254 1855 14.
280 1830 309 1856 l'r.
332 1833 370 1857 17.
396 1833 417 1865 3.
440 1835 479 1859 12.
505 1833 536 1859 ad
557 1834 650 1859 munic.
671 1834 711 1859 50.
734 1834 755 1858 l.
793 1832 835 1858 ΙΙΙ.
857 1833 922 1859 Cn.
947 1831 1057 1857 Relictis

213 1872 325 1899 ducibus
353 1876 486 1910 pristinis.
516 1877 588 1911 signa
618 1876 643 1901 in
670 1876 829 1901 Aventinum
858 1871 1080 1900 transtulerunt*

213 1914 244 1941 fr.
264 1919 280 1940 2
309 1917 329 1949 ξ.
349 1920 390 1942 24.
411 1917 443 1943 de
463 1918 495 1944 Ο.
516 1918 534 1944 Ι.
558 1920 579 1944 1,
599 1920 623 1944 2.
660 1917 706 1948 Hi,
731 1919 775 1954 qui
796 1918 826 1943 ab
847 1917 969 1943 hostibus
989 1918 1057 1954 capti

213 1963 289 1989 sunt.
316 1960 337 1985 si
359 1961 457 1986 reversi
478 1960 588 1992 fuerint,
610 1962 695 1987 onmia
715 1961 825 1997 pristina
845 1961 899 1986 iura
920 1961 1057 1997 recipiunt.
1079 1963 1080 1972 ³

214 2000 271 2027 Gai.
292 2000 310 2027 Ι.
333 2004 388 2028 129.
416 2002 475 2039 ΥΙΙ).
497 2003 528 2029 X.
553 2005 576 2029 4.
602 2013 623 2030 c.
646 2005 683 2029 17.
709 2003 741 2029 (18
765 2002 878 2040 postlim.
900 2013 952 2029 rev.
973 2007 996 2029 ὅ.
1016 2005 1059 2029 51.

213 2042 241 2069 Iu
261 2045 398 2080 pristinam
419 2055 522 2072 cansam
542 2056 584 2072 res
604 2045 684 2077 rrdit.
710 2046 825 2072 resoluta
845 2046 1005 2072 venditione.
1026 2045 1055 2072 fr.
1078 2058 1080 2078 ¹.

216 2087 255 2112 10.
275 2087 341 2120 31.
367 2089 418 2122 Qu.
444 2088 512 2114 mod.
533 2089 602 2125 pign.
622 2092 663 2115 20,
683 2090 707 2115 6.
746 2089 846 2115 Omnes
871 2088 1005 2115 debitores
1025 2104 1056 2107 —

215 2138 262 2164 per
285 2129 351 2156 hanc
375 2131 504 2156 actionem
529 2136 687 2158 revocantur
710 2133 735 2158 in
760 2133 896 2169 pristinam
922 2131 1057 2167 obligatio-

217 2180 282 2198 nem.
301 2171 331 2198 fr.
354 2174 392 2198 17.
413 2184 451 2210 pr.
473 2175 524 2208 Qu.
546 2175 570 2200 in
591 2174 619 2200 fr.
641 2174 710 2200 cred.
731 2177 771 2201 42.
791 2178 815 2200 δ.

254 2214 427 2243 privare.
467 2219 631 2250 Spoliare,
653 2219 786 2244 Exnere.
825 2216 867 2243 Ill.
885 2218 950 2244 Cn.
972 2216 1057 2243 Hone-

217 2257 307 2282 stioris
332 2274 363 2277 —
387 2269 516 2295 personae
541 2259 635 2285 decore
659 2264 684 2285 et
708 2261 763 2286 iure
786 2261 911 2296 privetur.
940 2269 960 2285 c.
980 2262 1003 2285 2.
1025 2259 1056 2286 de

217 2308 269 2324 sec.
290 2305 361 2335 nupt.
381 2303 404 2326 5.
424 2303 448 2328 9.
485 2302 637 2328 Promiscua
657 2302 765 2328 facultas
780 2303 891 2338 potioris
907 2302 1057 2328 nominandi

218 2357 250 2361 —
269 2342 328 2378 ipso
350 2348 431 2369 tractu
450 2347 576 2382 temporis
597 2344 713 2382 pupillos
733 2344 845 2371 fortunis
865 2346 920 2370 suis
934 2345 1056 2382 privabit.

196 2420 199 2421 .
218 2383 301 2410 Vativ.
320 2386 414 2417 §.158.

256 2428 426 2454 Private·
451 2429 563 2463 <Advb.)
589 2433 759 2457 Privatim.
798 2430 815 2456 Ι.
835 2432 897 2464 Sy.
923 2429 1056 2458 Privatim.
1078 2423 1079 2453 1

219 2469 323 2495 Privato
344 2469 387 2502 [al.
408 2471 543 2506 privatae]
563 2473 591 2499 l'r.
612 2476 635 2500 6.
656 2474 677 2507 3.
697 2476 720 2500 3
742 2473 774 2499 (1(-
793 2473 823 2499 Ii.
844 2473 877 2499 D.
900 2475 921 2498 1.
942 2474 965 2499 S.

260 2513 487 2539 Privatiani.
510 2515 690 2550 Officiales
711 2518 848 2543 Comitis
867 2525 970 2541 rernm
989 2519 1057 2550 pri·
1079 2516 1080 2520 ¹

220 2562 369 2582 ratarum
389 2558 566 2589 Principis.
603 2557 634 2584 ll.
654 2561 720 2592 Op.
743 2559 777 2585 Vt
796 2559 934 2596 privatiani
954 2559 1058 2595 privile·
1079 2556 1081 2596 1

220 2599 259 2634 gia
284 2598 455 2634 largitionalis
480 2598 559 2624 oflicii
584 2606 710 2636 perpetuo
734 2607 936 2638 consi-quantur.
957 2602 1005 2628 Th.
1027 2602 1058 2629 C.
1079 2602 1081 2611 ⁴

220 2640 263 2667 Vl.
282 2642 323 2666 30.
345 2652 365 2666 c.
385 2643 426 2666 24.
447 2641 479 2667 (18
498 2640 575 2677 palat.
597 2641 621 2666 S.
637 2641 714 2678 largg.
734 2644 788 2675 (Cf.
809 2655 832 2672 v.
852 2645 1058 2681 Lai-gitionalis.)
1080 2644 1081 2649 ¹

259 2684 458 2710 Privatiln.
479 2683 591 2715 (Advb)
611 2684 641 2716 ξ.
654 2686 688 2711 l.
710 2688 777 2713 Nou
794 2690 929 2721 publice.
949 2688 978 2714 ΙΙ.
992 2690 1058 2722 Op.

221 2726 335 2753 Publice.
358 2726 413 2752 Gai.
435 2726 475 2752 Ill.
498 2728 554 2752 151.
575 2726 603 2752 tr.
626 2728 647 2752 l.
667 2727 688 2760 3.
702 2730 725 2753 2,
747 2728 779 2755 de
797 2730 816 2756 I.
836 2731 891 2757 etl.
912 2733 930 2756 1.
949 2733 969 2757 1.
990 2731 1019 2757 1Τ.
1034 2733 1057 2757 4.

221 2770 242 2803 3.
262 2772 286 2796 ·3.
307 2769 337 2795 de
358 2769 400 2795 oss.
421 2768 495 2794 Proc.
515 2774 541 2795 et
559 2768 620 2805 Leg.
643 2771 664 2795 l.
686 2770 725 2796 16.
761 2770 803 2797 ΙΙΙ,
817 2774 883 2800 Gn.
903 2773 972 2800 Priv.
993 2773 1058 2800 sacta
1080 2776 1081 2779 ’

222 2811 344 2838 venditio.
367 2811 395 2837 fr.
417 2813 457 2837 67.
477 2812 498 2845 3.
513 2814 535 2837 2.
558 2812 589 2838 de
610 2811 685 2838 cond.
705 2811 847 2840 indcb.12.
861 2816 884 2841 6.
922 2815 991 2842 Priv.
1008 2816 1058 2842 sibi
1080 2811 1081 2845 1

1100 1148 1117 1174 Ι.
1138 1153 1163 1174 et
1182 1148 1199 1174 Ι.
1222 1150 1243 1174 l.
1265 1149 1287 1174 l.
1325 1147 1400 1183 Quae
1424 1148 1585 1184 singulorum
1611 1155 1688 1181 suut,
1712 1150 1832 1177 Privatae
1856 1152 1942 1183 (res.)

1101 1191 1130 1217 fr.
1153 1193 1173 1217 l.
1194 1201 1233 1228 pr.
1253 1190 1286 1216 dc
1305 1189 1335 1216 R.
1356 1190 1390 1216 D.
1412 1192 1434 1216 l.
1454 1194 1478 1217 8.
1516 1191 1546 1217 ΙΙ.
1567 1194 1634 1226 Op.
1654 1193 1761 1220 Privati.
1782 1209 1813 1212 —
1837 1193 1943 1220 Vniver-

1101 1235 1180 1265 sitas7
1205 1233 1316 1260 Civitas.
1345 1232 1376 1259 fr.
1397 1235 1418 1259 l.
1447 1234 1468 1267 3.
1489 1235 1512 1260 3.
1539 1234 1589 1269 Qu.
1616 1237 1663 1261 cui.
1688 1237 1758 1262 univ.
1782 1246 1849 1262 nom.
1874 1239 1898 1263 3.
1918 1239 1942 1263 4.

1101 1276 1130 1303 fr.
1150 1279 1173 1302 5.
1194 1277 1215 1310 3.
1238 1279 1259 1303 l.
1280 1276 1312 1303 de
1331 1286 1392 1313 opp.
1413 1276 1473 1313 pub.
1494 1279 1534 1303 50.
1551 1279 1590 1304 10.
1612 1277 1640 1304 1ἰ·.
1657 1281 1677 1304 1.
1699 1279 1720 1312 3.
1738 1281 1761 1305 5.
1782 1279 1814 1305 de
1833 1279 1942 1316 pollicit.

1100 1322 1141 1346 50.
1163 1321 1201 1345 12.
1239 1318 1384 1345 Publicum.
1406 1335 1435 1339 —
1458 1319 1597 1346 Privatum.
1619 1319 1674 1346 Gai.
1690 1321 1719 1347 ll.
1739 1323 1778 1347 10.
1799 1332 1838 1358 sq.
1859 1322 1880 1348 fr
1903 1324 1942 1349 17.

1100 1363 1120 1396 3.
1143 1364 1183 1388 15.
1203 1361 1234 1388 de
1253 1361 1339 1388 Aedil.
1360 1361 1437 1388 edict.
1456 1364 1498 1389 21.
1521 1364 1542 1389 l.
1564 1362 1593 1389 fr.
1615 1364 1637 1389 7.
1663 1363 1695 1390 de
1719 1364 1780 1401 pub.
1804 1365 1881 1391 iudic.
1901 1366 1943 1392 48.

1103 1407 1124 1432 1.
1145 1405 1175 1431 fr.
1197 1407 1236 1431 16.
1257 1405 1289 1431 de
1308 1404 1339 1431 V.
1360 1404 1387 1431 S.
1408 1407 1448 1431 50.
1470 1408 1509 1432 16.
1547 1405 1617 1432 Loca
1638 1416 1729 1439 sacra,
1751 1407 1793 1433 vel
1813 1407 1944 1444 religiosa,

1102 1448 1143 1474 vel
1168 1448 1286 1485 publica,
1311 1458 1359 1484 pro
1385 1449 1494 1485 privatis
1519 1458 1677 1486 comparare.
1703 1449 1732 1476 fr.
1752 1451 1793 1477 62.
1822 1451 1844 1484 3.
1865 1453 1887 1477 l.
1912 1451 1945 1478 (18

1102 1496 1184 1517 contr.
1209 1496 1267 1517 emt.
1295 1491 1333 1517 18.
1356 1492 1377 1516 l.
1414 1490 1634 1527 Emphyteutico,
1660 1493 1891 1530 patrimoniaiique
1914 1495 1944 1520 ti-

1102 1534 1166 1565 tulo,
1188 1551 1216 1554 —
1239 1533 1343 1560 Privato
1365 1534 1421 1559 iure
1442 1536 1551 1565 (tenere.
1572 1544 1592 1560 s.
1613 1535 1773 1571 possidere.)
1794 1535 1843 1562 Tb.
1865 1536 1894 1563 C.
1912 1536 1943 1562 V.

1103 1579 1142 1603 13.
1163 1586 1183 1602 c.
1206 1578 1244 1602 17.
1265 1587 1286 1603 c.
1308 1578 1346 1602 19.
1367 1586 1388 1602 c.
1407 1578 1449 1602 34.
1470 1576 1574 1609 OVck.)
1612 1577 1655 1603 ΙΙΙ.
1677 1579 1742 1605 Cn.
1767 1577 1795 1604 Si
1816 1579 1943 1615 pr1vatus.

1102 1625 1207 1646 coactus
1232 1630 1244 1645 a
1268 1618 1382 1656 populo.
1409 1620 1596 1645 manumiserit.
1624 1619 1653 1646 l'r.
1676 1622 1715 1646 17.
1740 1631 1778 1657 pr.
1808 1621 1861 1656 Qui
1887 1627 1944 1648 eta

1102 1663 1172 1699 quib.
1192 1664 1233 1688 40.
1253 1665 1276 1688 9.
1314 1662 1354 1688 Ex
1374 1662 1469 1698 quibus
1489 1663 1542 1694 (sc.
1562 1663 1750 1699 pontificibus)
1770 1664 1945 1690 constitueba-

1103 1711 1157 1737 tur,
1182 1707 1241 1741 qnis
1262 1715 1367 1741 quoquo
1393 1715 1459 1730 anno
1480 1711 1615 1741 praeesset
1638 1707 1756 1742 privatis.
1781 1706 1810 1733 fr.
1830 1708 1853 1732 2.
1878 1707 1899 1740 3.
1919 1708 1942 1733 6.

1102 1747 1133 1774 (18
1154 1748 1185 1773 0.
1206 1747 1224 1774 Ι.
1247 1749 1268 1773 l.
1288 1749 1311 1773 2.
1342 1747 1502 1774 Privatarum
1524 1747 1607 1774 litium
1627 1750 1754 1784 cognitor.
1792 1749 1944 1775 Sententiae

1101 1790 1215 1817 iudicum
1239 1791 1408 1826 privatorum.
1441 1789 1490 1816 Tb.
1511 1790 1540 1817 C.
1561 1790 1605 1817 IX.
1625 1793 1667 1818 27.
1694 1802 1714 1818 e.
1735 1794 1758 1818 5.
1783 1792 1815 1818 ad
1841 1791 1870 1818 L.
1896 1791 1942 1818 Iul.

1102 1838 1183 1870 repet.
1198 1832 1256 1859 XV.
1274 1834 1311 1858 14.
1333 1843 1353 1858 e.
1368 1834 1391 1859 9.
1412 1832 1443 1859 (18
1463 1834 1557 1860 infirm.
1578 1833 1602 1860 h.
1624 1844 1666 1870 qu.
1688 1844 1707 1860 s.
1727 1840 1776 1870 tyr.
1813 1834 1856 1861 Ius
1877 1845 1944 1861 com-

1102 1886 1178 1902 mune
1197 1877 1367 1913 privatorum.
1389 1875 1416 1901 fr.
1432 1877 1455 1902 6.
1475 1886 1513 1913 pr.
1534 1876 1564 1903 fr.
1578 1878 1619 1903 37.
1640 1876 1672 1903 de
1692 1878 1747 1903 iure
1767 1877 1833 1903 fisci.
1847 1879 1888 1904 49.
1903 1879 1942 1904 14.

1079 1946 1080 1955 ἵ
1103 1919 1182 1954 Quod
1202 1920 1312 1956 privatis
1331 1917 1393 1944 licet
1412 1919 1558 1955 possidere.
1579 1919 1608 1946 fr.
1623 1922 1646 1946 4.
1667 1920 1699 1947 de
1719 1920 1773 1947 reb.
1793 1930 1846 1947 eor.
1865 1931 1907 1956 qu.
1922 1930 1943 1947 s.

1103 1967 1149 1988 tut.
1172 1963 1214 1987 27.
1234 1962 1257 1987 9.
1295 1961 1392 1987 Privati
1417 1963 1481 1988 iuris
1505 1972 1571 1988 esse.
1597 1962 1627 1988 fr.
1649 1964 1688 1989 14.
1713 1963 1734 1996 3.
1756 1965 1778 1989 1.
1799 1962 1831 1989 de
1854 1964 1943 1989 servit.

1102 2007 1126 2032 S.
1146 2007 1167 2031 1.
1198 2004 1293 2030 Debita
1314 2005 1422 2041 privata.
1443 2015 1463 2031 c.
1485 2007 1524 2031 ll.
1545 2005 1578 2031 de
1596 2005 1844 2032 fideiuss.8.4l.--
1865 2006 1895 2038 ξ.
1907 2007 1943 2032 2.

1105 2050 1168 2081 Qui
1187 2049 1390 2074 constitutus
1414 2058 1473 2074 non
1496 2055 1541 2074 es!
1566 2050 1597 2074 in
1618 2051 1835 2083 magistratu,
1859 2050 1943 2084 offi-

1101 2093 1191 2118 cioca
1212 2092 1352 2124 publico.
1389 2090 1418 2117 ΙΙ.
1439 2092 1506 2124 Op.
1532 2090 1707 2127 Magistratus.
1727 2090 1768 2117 Cf.
1789 2090 1813 2116 b.
1833 2100 1857 2117 V.
1877 2091 1899 2124 3
1920 2092 1942 2117 l.

1103 2133 1232 2170 Tempora
1252 2134 1455 2169 magistratuum.
1477 2150 1508 2153 -
1528 2133 1587 2159 Vita
1608 2134 1716 2170 privata.
1737 2132 1786 2159 Tb.
1807 2132 1838 2159 C.
1857 2133 1898 2160 Vl.
1918 2135 1942 2160 9.

1103 2187 1123 2202 c.
1143 2179 1167 2202 ·.’.
1187 2177 1207 2209 3.
1232 2178 1252 2201 1.
1274 2176 1305 2202 de
1326 2177 1434 2211 Quaest.
1455 2186 1518 2212 mag.
1544 2176 1612 2203 offic.
1650 2175 1692 2202 Ill,
1715 2177 1780 2203 Cn.
1806 2175 1869 2202 Sive
1892 2177 1943 2212 pri-

1103 2220 1168 2247 vati.
1190 2220 1245 2244 sive
1265 2220 1408 2256 cuiuspiam
1430 2219 1577 2255 dignitatis,
1602 2220 1658 2244 sive
1682 2219 1707 2244 in
1731 2218 1821 2245 militia
1847 2221 1942 2245 consti-

1104 2263 1158 2287 tuti.
1180 2272 1200 2287 c.
1221 2264 1243 2287 (5.
1265 2261 1297 2288 de
1317 2272 1453 2288 comme-rc.
1474 2265 1496 2287 4.
1517 2264 1557 2287 455.
1595 2261 1663 2287 Cum
1682 2262 1800 2298 privatus
1821 2263 1877 2291 erit,
1898 2261 1942 2286 lio-

1103 2315 1225 2330 noremve
1244 2304 1403 2341 deposuerit.
1425 2304 1473 2330 Tb.
1489 2304 1519 2330 C.
1535 2303 1577 2329 ΥΙ.
1599 2305 1621 2330 7.
1642 2314 1661 2330 c.
1682 2306 1705 2330 2.
1726 2303 1758 2330 de
1776 2304 1828 2329 Prf.
1848 2303 1889 2329 Pr.
1909 2303 1940 2330 cf.

1102 2348 1131 2373 fr.
1149 2349 1187 2374 113.
1208 2348 1229 2381 3.
1252 2349 1272 2373 1,
1293 2347 1325 2373 dc
1345 2347 1434 2373 iurisd.
1449 2349 1471 2373 2.
1494 2349 1514 2373 1.
1553 2346 1672 2373 Mandata
1691 2346 1872 2372 iurisdictione
1891 2347 1942 2382 pri-

1078 2399 1079 2422 }
1102 2395 1170 2416 vato.
1190 2389 1220 2415 fr.
1241 2392 1263 2415 5.
1284 2391 1305 2423 3
1330 2392 1349 2415 1.
1370 2389 1401 2415 (18
1421 2390 1464 2415 oss.
1485 2391 1548 2415 eius.
1571 2392 1591 2415 l.
1610 2391 1652 2416 21,
1669 2404 1698 2408 -
1719 2390 1749 2421 §.
1766 2390 1850 2415 2.Α.
1873 2391 1941 2415 Ple-

1102 2435 1197 2459 heims.
1236 2432 1266 2458 ΙΙ.
1288 2434 1354 2465 Op.
1379 2432 1501 2459 illustris.
1523 2443 1542 2458 e.
1563 2434 1604 2458 32.
1624 2433 1644 2465 3.
1665 2434 1688 2458 5.
1709 2431 1740 2457 dc
1759 2430 1817 2467 adp.
1838 2436 1863 2456 et
1883 2441 1942 2457 cou-

1079 2480 1080 2503 ζ
1103 2475 1163 2501 sult.
1185 2477 1207 2500 7.
1227 2476 1268 2500 62.
1305 2473 1426 2504 Senator,
1446 2474 1488 2502 vel
1508 2475 1687 2501 Clarissimus.
1708 2484 1728 2500 c.
1750 2475 1789 2499 ll.
1810 2473 1842 2499 de
1861 2473 1941 2509 digni-

1104 2523 1159 2544 tatt.
1182 2520 1219 2543 12.
1243 2519 1262 2542 1.
1285 2516 1334 2543 Th.
1349 2516 1379 2543 C.
1393 2517 1461 2544 XIII.
1476 2519 1499 2544 9.
1521 2528 1540 2544 c.
1561 2519 1584 2543 4.
1605 2527 1642 2554 pr.
1663 2517 1695 2543 de
1714 2515 1827 2552 naufrag.
1855 2516 1940 2548 Miles,

1104 2566 1147 2587 aut
1166 2565 1310 2597 promotus.
1331 2559 1367 2585 Ib.
1386 2559 1430 2586 IX.
1450 2562 1491 2586 21.
1513 2570 1533 2586 c.
1553 2562 1576 2586 2.
1597 2560 1618 2592 3.
1634 2561 1656 2585 3.
1679 2558 1711 2584 de
1731 2558 1786 2584 fals.
1807 2568 1875 2585 mon.
1895 2559 1940 2585 XI.

1105 2606 1144 2629 12.
1165 2613 1185 2629 c.
1205 2604 1228 2628 3.
1250 2602 1281 2628 de
1300 2603 1404 2629 immun.
1426 2613 1498 2629 conc.
1515 2618 1543 2622 -—
1567 2602 1646 2634 §.3.
1667 2603 1867 2633 Peculiurz's,
1889 2604 1940 2628 Se-

1103 2653 1216 2673 cretns.
1255 2645 1284 2671 ΙΙ.
1306 2647 1373 2679 Op.
1399 2645 1553 2672 Communis
1578 2644 1680 2679 (ager.)
1707 2643 1737 2670 fr.
1759 2645 1798 2669 ll.
1823 2644 1844 2677 3.
1864 2646 1887 2670 5.
1909 2644 1940 2671 de

1104 2698 1168 2724 aqua
1188 2693 1213 2713 ct
1232 2698 1290 2724 aqu.
1310 2688 1345 2725 pl.
1365 2690 1406 2715 39.
1426 2690 1449 2714 3.
1486 2687 1528 2713 III.
1544 2688 1609 2713 Cn.
1629 2685 1746 2712 Privatas
1766 2686 1939 2722 indulgentias

1104 2730 1238 2763 (lenitudo
1262 2737 1350 2757 nostra
1375 2730 1539 2766 cognoscat.)
1569 2728 1618 2754 Th.
1639 2728 1669 2754 C.
1688 2728 1746 2755 XV.
1772 2731 1793 2756 l.
1819 2740 1839 2756 c.
1859 2732 1882 2755 5.
1907 2729 1939 2755 dc

1104 2783 1164 2810 opp.
1184 2773 1245 2809 pub.
1267 2790 1296 2793 —
1323 2774 1353 2806 ξ.
1374 2774 1460 2800 3.Α.
1485 2774 1531 2797 :ld
1552 2773 1631 2797 bona
1654 2773 1822 2806 Principis
1846 2781 1938 2805 pecn-

1103 2818 1208 2842 [ἱστία
1225 2818 1401 2850 pertinens.
1439 2814 1468 2840 11.
1483 2815 1550 2848 Op.
1571 2813 1673 2844 Sacrae,
1689 2830 1721 2833 —
1740 2814 1860 2840 Privatae
1878 2813 1937 2846 (lar-

1461 2858 1495 2883 96
