2197 3121
284 196 350 227 220

288 278 477 305 conveniautve
497 276 624 303 adversus
643 286 733 314 remp,
748 292 780 296 —
795 286 882 313 quove
904 280 996 302 coetus
1016 285 1129 301 conven-

287 326 364 348 tusvc
383 321 436 347 siat.
456 320 609 346 hmuinvsu·
629 319 660 346 ad
680 319 837 345 seditionem
852 323 1038 345 convocentur.
1059 317 1090 344 fr.
1105 320 1128 345 1.

287 411 399 437 lemno,
420 408 604 433 consessus.
633 404 675 431 lu.
692 406 758 432 Gn.
769 404 919 431 Concilium
934 404 1082 435 adhibetur,
1097 419 1128 423 —

288 450 367 486 idque
384 450 413 475 lit
433 448 525 475 ultimo
545 448 587 474 die
606 453 760 474 conventus.
792 448 849 475 Gai.
866 448 883 474 1.
897 450 938 474 20.
959 446 991 473 cf.
1009 445 1129 483 Theopb.

286 504 341 531 par.
356 493 416 518 inst.
430 492 448 518 Ι.
463 494 486 519 6.
501 492 522 525 5.
538 493 561 517 4.
576 490 618 517 Ill.
641 493 680 517 12.
695 490 738 518 Pr.
770 492 807 518 lta
821 496 848 517 ut
862 490 984 516 omnibus
999 490 1132 516 conventi-

287 537 346 564 bus.
365 535 462 561 officiis
481 539 559 570 atquc
578 534 749 561 consessibus
775 534 859 571 legem
879 533 1044 559 exsecutioni
1063 531 1131 558 tradi

287 584 336 605 ete.
374 578 424 605 Tli.
445 577 475 604 C.
496 576 539 603 VI.
559 579 601 603 22.
627 587 648 604 e.
673 578 697 604 8.
727 578 749 612 5.
775 580 797 604 1.
822 577 854 603 de
878 576 971 602 honor.
992 575 1076 602 codic.
1096 574 1129 601 cf.

286 621 330 648 VI.
352 623 374 648 7.
395 632 416 648 c.
437 623 459 647 l.
479 620 512 646 de
524 619 577 646 Prf.
591 619 634 647 Pr.
660 619 700 647 Ne
720 620 870 646 collationis
887 629 954 646 onus
974 619 1130 650 sustineant,

286 664 329 691 vel
348 665 514 700 frequentare
526 663 660 695 Senatum,
680 663 799 699 aliosque
814 661 998 689 huiuscemodi
1018 672 1131 688 conveu-

286 712 337 739 tus,
358 708 402 743 qui
421 706 609 733 honoratorum
629 706 802 743 frequentiam
821 706 952 742 flagitant,
973 703 1132 742 compellan-

286 755 336 777 tur.
373 750 410 776 Ib.
426 749 468 776 VI.
487 751 529 776 20.
550 760 570 776 c.
593 751 614 776 1.
636 749 667 775 de
687 750 775 775 comit.
795 748 851 775 ord.
871 759 911 786 pr.

321 793 562 820 Conversari.
602 794 750 824 I'ersari,
774 793 887 827 Agere.
924 791 967 818 III.
986 792 1053 819 Gn.
1077 790 1131 826 Qui

285 837 312 863 in
331 836 439 873 publico
458 835 558 867 lavare,
577 835 620 861 vel
640 836 666 861 in
685 845 764 862 cavea
783 834 890 872 publica
909 833 1018 866 sedere,
1041 833 1085 860 vel
1104 834 1131 860 in

286 889 339 916 quo
363 879 414 906 alio
440 878 498 905 loco
519 888 606 914 agere,
631 877 738 909 sedere,
764 879 916 904 conversari
935 887 987 903 non
1007 878 1130 914 patiatur.

286 922 317 949 fr.
338 923 378 948 13.
398 922 419 956 5.
436 924 464 948 7.
484 921 517 948 de
536 922 612 947 iniur.
633 922 675 948 47.
697 923 737 947 10.
775 920 842 947 Cum
867 921 892 947 in
913 920 954 946 his
979 920 1130 947 civitatibus

286 969 489 996 conversantur,
514 974 579 1000 quas
605 963 792 990 contrahentes
816 968 984 1001 exceperunt.
1011 974 1032 990 c.
1058 965 1081 989 1.
1107 964 1130 989 si

285 1018 354 1035 serv.
379 1012 481 1044 export.
501 1009 525 1033 4.
545 1009 586 1033 55.
624 1006 769 1044 Tempore,
798 1017 850 1043 quo
876 1008 926 1033 istc.
949 1012 1022 1033 tutor
1044 1006 1130 1033 bonae

285 1052 355 1078 vitae.
379 1050 421 1076 vel
446 1050 512 1087 frugi
538 1049 690 1082 videbatur,
715 1049 811 1076 deinde
834 1055 928 1087 postea
953 1049 1022 1076 idem
1042 1049 1130 1086 coepit

284 1094 351 1121 male
372 1094 530 1120 conversari.
550 1092 581 1120 fr.
600 1094 625 1119 3.
645 1093 667 1126 5.
687 1095 711 1120 3.
732 1092 763 1119 cf.
783 1093 805 1127 5.
820 1095 844 1120 2.
864 1093 897 1119 de
916 1093 982 1120 adm.
1003 1097 1029 1119 et
1047 1093 1128 1130 peric.

284 1138 326 1164 26.
347 1139 370 1163 7.
408 1136 571 1163 Comminari
591 1136 669 1162 etiam
693 1141 718 1162 et
737 1141 836 1162 terrere
855 1136 938 1162 filium
958 1147 971 1162 a
991 1140 1065 1173 pat-:e
1084 1135 1129 1161 ob-

285 1179 378 1207 latum.
398 1181 442 1216 qui
462 1189 514 1205 non
534 1184 564 1205 ut.
582 1184 688 1216 oportet
711 1181 861 1206 conversari
881 1179 990 1206 dicatur.
1011 1178 1041 1205 sr.
1061 1180 1085 1205 9.
1105 1179 1128 1213 5.

284 1225 308 1250 3.
329 1223 361 1250 de
381 1223 425 1249 off.
444 1222 520 1249 Proc.
541 1226 567 1248 et
585 1221 648 1256 Leg.
669 1224 692 1248 l.
713 1224 753 1248 16.

320 1266 582 1294 conversatio.
621 1266 651 1298 §.
682 1266 715 1291 l.
762 1266 921 1297 Habitus,
957 1268 1005 1292 vel
1034 1266 1128 1292 ratio

284 1311 409 1345 agendi.
447 1308 465 1335 I.
486 1310 547 1343 Sy.
581 1307 763 1334 FamiliaritaS.
800 1307 928 1344 Aequalis
952 1309 1127 1335 conversatio.

284 1353 315 1379 fr.
336 1353 376 1378 19.
396 1361 435 1388 pr.
455 1351 487 1377 de
512 1352 556 1378 oll'.
576 1350 664 1377 Praes.
691 1353 713 1377 l.
734 1352 774 1377 18.
811 1351 853 1377 111.
875 1352 941 1378 (7η.
972 1352 1002 1377 Si
1022 1351 1128 1388 quidem

282 1400 398 1422 tutorem
418 1405 469 1420 uon
488 1394 635 1421 facultates
655 1393 702 1420 sed
720 1394 884 1420 fraudulenta
904 1395 930 1420 in
944 1394 1023 1420 rebus
1042 1393 1128 1431 pupil-

282 1438 393 1467 laribus.
413 1437 460 1464 sed
480 1437 574 1464 callida
594 1438 760 1464 conversatio
780 1442 933 1474 suspectum
953 1437 1126 1464 commendet.

284 1481 314 1508 fr.
333 1483 374 1508 31.
395 1481 460 1515 5.1.
481 1481 513 1507 de.
532 1481 586 1507 reb.
607 1486 674 1507 auct.
694 1480 748 1507 iud.
768 1482 810 1507 42.
825 1483 848 1507 5.
886 1480 1028 1517 Vulgarem
1047 1482 1127 1507 vitam

283 1525 483 1551 conversatione
503 1529 528 1550 et
547 1524 665 1550 moribus
685 1534 816 1555 exercere,
837 1528 863 1550 et
882 1525 1041 1550 exercuisse.
1074 1523 1125 1550 Th.

283 1567 315 1595 C.
334 1566 393 1594 XV.
414 1569 436 1593 7.
457 1577 478 1593 c.
498 1569 522 1594 2.
543 1567 575 1594 de
594 1567 706 1593 scaenic.
727 1566 759 1594 cf.
775 1566 793 1593 Ῑ.
813 1568 837 1593 9.
858 1577 879 1593 c.
902 1569 923 1593 1.
945 1566 977 1593 de.
997 1566 1040 1593 off.
1060 1576 1125 1602 mag.
1147 1589 1149 1601 ,

283 1611 352 1637 offic.
389 1609 452 1636 lust.
478 1609 509 1636 C.
534 1620 556 1637 c.
580 1612 604 1636 5.
630 1609 662 1636 de
686 1609 802 1647 sponsal.
828 1612 852 1636 5.
879 1612 901 1636 l.
926 1620 947 1636 c.
966 1611 1008 1636 23.
1034 1619 1073 1646 pr.
1093 1609 1126 1635 de
1148 1602 1149 1609 ¹

283 1658 357 1691 nupt.
377 1655 400 1679 5.
414 1655 438 1679 4.
475 1653 504 1679 In
523 1652 606 1679 libera
626 1654 828 1679 conversatione
847 1653 950 1679 morari.
971 1662 993 1678 c.
1006 1654 1048 1678 22.
1068 1652 1090 1686 5.
1103 1654 1125 1678 l.
1147 1681 1149 1691 ἱ

283 1697 316 1724 de
335 1695 440 1733 agricol.
461 1697 500 1722 ll.
521 1697 564 1722 47.
584 1712 617 1715 —
641 1696 671 1729 §0
693 1697 728 1723 2.
759 1698 983 1727 Consortium,
1004 1706 1023 1721 x.
1049 1697 1125 1721 Lfni-

282 1742 427 1767 versitas
457 1741 619 1765 hominum
649 1741 911 1766 conversantium
939 1745 966 1765 et
995 1748 1126 1765 commo-

282 1784 435 1810 rantium.
472 1781 503 1808 II.
525 1783 592 1816 ⁰11.
613 1781 732 1808 Veteres.
757 1797 790 1801 —
814 1781 888 1808 Nova
913 1781 1046 1807 bominum
1066 1791 1126 1807 con-

282 1826 406 1852 versatio.
426 1825 448 1859 5.
469 1826 492 1851 7.
528 1824 547 1851 I.
568 1824 600 1851 de
620 1835 680 1852 nox.
702 1830 750 1852 act.
771 1826 795 1851 4.
815 1826 838 1851 8.
878 1824 919 1851 111.
940 1826 1006 1852 (7η.
1034 1824 1125 1851 Servis

283 1868 485 1895 amanuensibus
504 1867 610 1903 legatiS,
636 1878 727 1895 omncs
750 1869 794 1905 qui
815 1879 847 1894 ex
867 1869 1068 1894 conversatione
1086 1878 1126 1894 ur-

282 1911 349 1938 bana
369 1916 393 1937 et
413 1912 438 1936 iu
457 1911 603 1937 ministerio
617 1911 720 1942 fuerint,
741 1911 915 1938 debcbuntur.
952 1910 1024 1937 Paul.
1044 1911 1087 1937 Ill.
1101 1912 1125 1937 6.

283 1955 306 1989 5.
326 1956 366 1980 70.
404 1952 443 1980 Nc
466 1954 524 1989 quis
545 1954 672 1980 innocens
691 1954 782 1980 talium
802 1954 1004 1980 couversatione
1022 1958 1066 1980 aut
1085 1964 1126 1980 so-

283 1998 377 2025 cietate
395 1997 519 2034 capiatur.
558 1996 624 2023 Nov.
650 1996 752 2023 Valent.
780 1997 823 2023 Ill.
849 1997 881 2023 ‹le
900 1996 1011 2023 manich.
1032 1997 1063 2023 11.
1084 1998 1124 2023 18.
1146 1994 1148 2005 ¹

284 2051 305 2067 c.
326 2043 348 2067 1.
368 2041 390 2074 5.
409 2042 433 2066 3.

283 2094 417 2111 versurum
441 2087 519 2119 atque
543 2083 646 2109 urbium
671 2083 845 2121 expellantur.
889 2082 938 2109 Tb.
959 2082 990 2109 C.
1010 2083 1080 2109 XVI.
1100 2086 1124 2110 5.

283 2138 305 2153 c.
323 2128 366 2153 34.
385 2137 424 2163 pr.
444 2125 476 2152 cs.
497 2136 518 2152 e.
539 2127 580 2152 40.
601 2126 638 2160 55.
652 2128 676 2152 3.
697 2136 737 2163 sq.
758 2137 779 2153 c.
800 2128 841 2152 48.
867 2126 899 2152 dc
918 2125 1040 2153 haeretic.
1078 2125 1125 2152 Im-

282 2170 363 2196 minui
382 2169 515 2194 materiam
529 2170 737 2195 conversationis
751 2168 886 2202 humanae,
906 2170 956 2195 nisi
971 2174 1020 2195 etc.
1056 2168 1124 2195 Νῦν.

284 2211 405 2239 Antlicm.
426 2212 458 2238 de
477 2212 607 2239 mulierib.
628 2212 671 2239 Vl.
694 2214 715 2239 l.
737 2213 793 2238 c.1.
813 2222 853 2249 pr.
873 2228 906 2231 —
926 2212 956 2245 §-
978 2213 1015 2238 ³.
1036 2213 1125 2238 Com-

283 2256 442 2282 merrium.
479 2255 497 2281 1,
509 2256 570 2289 Sy.
590 2254 661 2281 Vsus
674 2255 806 2292 publicus.
844 2254 915 2281 Vsus
930 2255 1052 2291 publicae
1065 2265 1125 2281 con-

282 2298 448 2325 versationis.
487 2297 535 2324 Th.
557 2298 587 2324 C.
608 2297 651 2323 IX.
676 2299 718 2324 23.
745 2308 765 2324 c.
792 2300 814 2324 l.
839 2308 878 2335 sq.
917 2298 946 2324 Si
967 2308 1009 2334 qu.
1030 2308 1123 2335 pecun.

284 2340 394 2367 conflav.
413 2339 484 2365 XIV.
504 2341 528 2366 4.
549 2350 570 2366 c.
588 2342 612 2366 2.
633 2350 672 2376 sq.
693 2340 726 2367 de
745 2350 813 2367 suar.
850 2341 893 2367 lll.
913 2342 979 2368 (ἵη-
1000 2340 1039 2367 Ne
1059 2351 1123 2367 usus
1145 2353 1147 2367 ι

283 2383 484 2421 sepulchrorum
507 2383 743 2419 permutationibus
767 2383 914 2421 polluatur,
940 2385 955 2410 i.
981 2394 1003 2410 e.
1027 2394 1060 2410 ne.
1085 2394 1124 2410 se·

283 2427 422 2465 pulchrum
441 2426 506 2452 aliae
525 2425 569 2459 lal.
589 2425 700 2458 alienae,
725 2437 748 2453 v.
774 2426 893 2460 alterius]
915 2428 1123 2453 conversationis

284 2480 358 2496 usum
379 2470 496 2506 accipiat.
520 2468 550 2494 fr.
573 2470 611 2494 12.
637 2469 658 2502 5.
681 2471 702 2495 1.
728 2469 760 2495 dc
783 2469 855 2506 relig.
877 2472 916 2496 11.
938 2471 960 2496 7.
981 2470 1012 2497 cf.
1050 2469 1122 2496 Paul.

284 2513 302 2539 1.
325 2515 366 2539 21.
392 2512 413 2546 ξ.
440 2514 479 2538 12.

283 2557 349 2581 sicut
370 2560 395 2581 et
415 2554 478 2581 alias
503 2554 631 2591 lvgitimas
657 2557 883 2585 couversatione-s,
908 2557 1039 2582 sancimus
1063 2566 1122 2582 csse

284 2598 458 2624 interdictum.
479 2608 500 2624 c.
518 2599 560 2623 21.
580 2596 613 2623 dc.
631 2597 729 2623 hacret.
751 2600 772 2624 l.
792 2601 814 2624 5.
830 2598 861 2624 cs.
892 2598 941 2624 Th.
961 2598 992 2625 C.
1012 2598 1082 2625 ΧΗ.
1096 2602 1120 2626 5.
1142 2626 1144 2630 ,

285 2651 306 2666 c.
325 2643 366 2666 ⁴8.
387 2640 444 2667 cod.
482 2641 522 2666 De
547 2650 595 2666 usu
615 2641 720 2677 penitus
740 2645 765 2666 et
785 2642 984 2667 couversatione
1004 2641 1120 2674 tollatur,
1142 2660 1143 2671 1

284 2693 313 2709 ac
332 2684 426 2709 nemini
447 2684 552 2721 publice
571 2683 621 2709 boc
640 2683 689 2717 (sc.
709 2684 766 2713 aes)
787 2683 881 2709 baberi·
900 2684 984 2710 liccat.
1016 2685 1053 2711 lb.
1074 2685 1120 2711 XI.
1141 2706 1142 2712 .

282 2727 324 2752 21.
345 2736 365 2751 r.
387 2727 408 2751 l.
430 2737 467 2762 pr.
488 2726 621 2753 decollat.
641 2736 692 2752 aer.
713 2725 744 2752 cf.
764 2725 808 2752 IX.
822 2729 864 2752 23.
885 2738 905 2752 c.
919 2730 943 2753 2.
964 2728 986 2753 si
1005 2738 1048 2764 qu.
1063 2738 1119 2765 pec.

284 2768 394 2795 conssav.
413 2768 481 2795 xnl.
503 2772 524 2796 l.
545 2780 566 2796 c.
588 2771 627 2795 ll.
647 2769 680 2795 de
699 2768 773 2795 lustr.
794 2768 880 2795 collat.

318 2811 541 2839 Conversus.
565 2812 690 2845 (Subst.)
729 2813 952 2839 conversatio.
991 2812 1032 2838 111.
1053 2814 1119 2840 οη.

521 2510 575 2537 Sed
599 2511 641 2537 his
662 2512 767 2548 quidem
786 2529 818 2532 —
838 2523 915 2538 omne.
933 2513 1121 2545 testimonium,

1144 2550 1145 2562 l

1147 1981 1148 1986 ¹
1170 1954 1193 1979 9.
1214 1953 1235 1986 5.
1255 1954 1279 1979 3.
1318 1952 1370 1987 Qu.
1390 1953 1416 1978 vi
1436 1956 1479 1978 aut
1499 1952 1531 1978 cl.
1550 1954 1591 1979 43.
1611 1954 1653 1979 24.

471 2038 624 2071 Cousortio,
644 2040 687 2066 vel
701 2041 901 2067 conversatione
917 2041 1052 2066 civitatum
1072 2042 1126 2066 uui-
1146 2066 1148 2079 Α,

1144 2488 1146 2494 .
1167 2480 1207 2507 sq.
1228 2469 1259 2496 cl'.
1279 2470 1301 2504 5.
1323 2471 1362 2496 10.
1383 2469 1415 2495 de
1434 2479 1462 2495 re
1479 2467 1532 2494 iud.
1551 2469 1592 2494 42.
1614 2469 1636 2495 1.

283 2854 337 2890 Qui
356 2858 441 2885 coetu,
461 2863 589 2881 com'ersu
609 2855 653 2887 [al.
675 2865 813 2882 concursu.
838 2854 879 2882 Cf.
898 2865 922 2882 ν.
943 2854 1118 2889 Concursus]

1100 192 1204 224 CON.

1173 275 1257 307 turba,
1278 274 1410 302 seditione
1429 275 1578 302 incendium
1599 275 1698 303 fecerit.
1719 276 1749 304 fr.
1769 279 1792 305 5.
1813 289 1852 315 pr.
1873 279 1905 305 ad
1924 278 1954 306 L.
1972 279 2020 306 Iul.

1151 336 1153 344 .
1174 318 1206 344 de
1225 319 1251 344 vi
1272 317 1335 355 pub.
1355 319 1396 344 48.
1417 319 1441 344 6.
1461 318 1492 345 cf.
1532 318 1582 345 Th.
1597 318 1628 345 C.
1649 319 1706 346 XII.
1728 322 1768 347 12.
1789 330 1810 347 c.
1832 323 1872 348 13.
1893 322 1925 349 dc
1944 322 2020 354 legat.

287 365 310 399 5.
331 366 352 390 l.
372 364 404 390 ad
423 362 452 389 L.
473 362 519 389 Iul.
539 364 596 389 mai.
616 364 658 388 4⁸.
678 363 702 388 4.
722 378 756 381 —
774 363 805 396 ξ.
821 364 856 389 2.
878 363 1061 389 Concilium
1082 371 1130 387 so·
1151 385 1152 388 ,
1970 352 1983 359 v

1175 366 1200 387 et
1220 361 1290 387 decr.

1211 405 1437 431 Conversus.
1475 403 1597 438 (Partic.)
1627 405 1659 438 ξ.
1684 406 1719 432 1.
1753 408 1939 434 Subvernts.
1975 407 2019 434 III.

1176 448 1242 475 Cn.
1285 446 1385 473 Plostri
1408 445 1539 473 muliones
1563 457 1721 474 conversum
1744 448 1876 486 plostrum
1901 449 2021 476 subleva-

1175 490 1251 523 bant,
1276 499 1328 527 quo
1352 489 1428 516 facile
1452 489 1538 516 mulae
1562 490 1698 517 ducerent.
1723 491 1754 518 fr.
1778 494 1820 519 52.
1845 493 1867 526 5.
1891 493 1916 518 2.
1939 491 1972 518 ad
1989 491 2020 519 L.

1175 533 1244 570 Aqu.
1264 534 1288 560 9.
1307 535 1332 559 2.
1358 549 1391 552 —
1415 533 1446 566 ξ.
1473 533 1509 558 Β.
1535 534 1743 561 Contrarias.
1781 534 1824 561 111.
1850 536 1917 562 (1¹11.
1948 534 2021 562 More

1176 586 1313 608 converso,
1329 581 1419 603 contra
1437 574 1546 602 sormam
1559 575 1665 603 humani
1678 578 1792 614 generis,
1807 578 1974 615 (procreari).
1988 577 2019 605 fr.

1176 621 1216 646 14.
1237 619 1270 646 de
1290 624 1360 646 statu
1378 618 1448 645 hom.
1470 620 1492 644 1.
1512 620 1536 645 5.

1212 662 1457 690 Convertere.
1489 662 1520 695 §.
1539 662 1574 688 l.
1613 664 1823 695 Sub-vertere,
1853 665 2020 691 Interocr-

1176 712 1250 732 tere.
1279 704 1310 731 11.
1327 706 1394 739 Op.
1413 705 1455 731 Ab
1476 715 1506 731 eo
1526 705 1652 742 incipere,
1667 710 1693 732 et
1711 707 1751 732 sic
1770 707 1861 733 venire
1880 706 1912 733 ad
1926 711 2020 734 etc.—

1176 747 1262 774 Conv.
1281 747 1408 774 ordinem.
1428 747 1459 774 fr.
1472 749 1497 774 2.
1516 748 1573 782 5..1
1593 749 1616 774 si
1637 758 1680 785 qu.
1701 758 1751 775 om.
1773 759 1794 775 c.
1814 754 1916 776 testam.
1936 751 1978 776 29.
1994 751 2019 776 4.

1175 791 1206 818 fr.
1225 794 1250 817 2.
1270 791 1308 825 55.
1327 793 1351 817 4.
1372 801 1412 828 sq.
1432 791 1465 817 de
1482 790 1552 827 vulg.
1573 795 1599 817 et
1617 801 1680 828 pup.
1700 794 1742 817 28.
1763 793 1788 818 6.
1825 791 1868 818 III.
1885 794 1952 820 Gn.
1979 791 2021 819 Iu-

1175 836 1212 861 ris
1231 834 1351 861 ordinem
1369 834 1488 860 converti
1511 833 1647 871 postulas,
1671 838 1700 860 ut
1720 839 1768 861 etc.
1790 845 1811 861 c.
1831 837 1856 861 2.
1876 835 1909 862 de
1927 835 2019 862 iurisd.

1175 888 1244 904 omn.
1265 877 1318 904 iud.
1338 878 1363 904 3.
1384 879 1424 903 13.
1444 893 1477 896 —
1496 877 1528 911 §·
1552 878 1587 904 2.
1609 879 1741 904 Mutare
1760 879 1810 908 (in
1830 880 2020 915 aliamfor·

1175 923 1280 951 mam).
1317 919 1336 947 1.
1356 921 1418 955 Sy.
1454 920 1555 947 Mutare
1579 920 1730 956 (speciem).
1756 920 1786 947 sr.
1808 922 1847 947 18.
1886 921 1938 957 Qu.
1957 926 2019 948 met.

1175 974 1196 990 c.
1217 965 1241 990 4.
1260 966 1285 990 2.
1322 963 1366 989 111.
1382 965 1448 991 (711.
1468 963 1522 998 Qui
1542 979 1575 982 —
1594 962 1687 989 faciem
1711 962 1831 990 locorum
1852 968 2019 997 convertunt,

1174 1011 1203 1033 ut
1222 1017 1255 1033 ex
1274 1006 1368 1033 arbore
1386 1006 1522 1032 arbustum
1545 1010 1594 1032 etc.
1619 1005 1649 1032 fr.
1669 1007 1693 1032 3.
1718 1007 1740 1040 5.
1759 1008 1784 1033 2.
1810 1006 1843 1033 de
1861 1011 1934 1034 term.
1954 1012 2019 1034 mot.

1173 1051 1215 1076 47.
1230 1051 1273 1076 21.
1311 1048 1371 1076 Non
1387 1048 1495 1075 eandem
1515 1048 1607 1075 faciem
1626 1064 1659 1068 -
1677 1050 1826 1078 restituere.
1846 1049 1895 1076 sed
1914 1051 1940 1076 in
1960 1050 2019 1077 hor-

1173 1097 1227 1119 tum
1248 1097 1402 1119 convertere
1421 1091 1570 1125 (domum).
1596 1101 1617 1118 c.
1636 1093 1660 1118 3.
1687 1091 1720 1118 de
1743 1092 1820 1119 aedif.
1844 1094 1912 1130 priv.
1931 1094 1956 1119 8.
1977 1095 2018 1120 10.

1172 1135 1215 1162 Ad
1235 1135 1313 1162 alium
1337 1135 1443 1162 modum
1469 1145 1544 1161 conv.
1565 1134 1742 1169 (viridiaria).
1766 1135 1797 1162 fr.
1824 1138 1864 1163 13.
1889 1137 1911 1170 5.
1937 1138 1959 1163 7.
1985 1135 2019 1163 de

1174 1178 1241 1205 usus.
1262 1180 1285 1205 7.
1306 1180 1329 1205 l.
1361 1178 1436 1214 Quae
1455 1177 1547 1213 legata,
1566 1182 1628 1214 peto
1648 1193 1681 1197 -—
1699 1188 1733 1204 ne
1751 1180 1778 1205 in
1797 1179 1873 1205 aliam
1893 1180 2018 1217 speciem,

1173 1226 1217 1248 aut
1237 1221 1303 1248 alios
1323 1231 1387 1248 usus
1407 1225 1562 1247 convertere
1584 1220 1684 1247 velitis.
1709 1221 1739 1248 fr.
1760 1223 1800 1248 17.
1821 1221 1853 1248 cf.
1872 1222 1903 1249 fr.
1924 1223 1965 1249 16.
1985 1221 2019 1249 de

1173 1274 1222 1291 usu
1242 1269 1268 1291 et
1287 1264 1355 1291 usuf.
1379 1264 1428 1301 leg.
1451 1265 1493 1290 33.
1512 1265 1537 1290 2.
1575 1263 1656 1299 Quod
1680 1265 1812 1302 principio
1836 1264 1959 1291 beneficii
1988 1274 2019 1291 ae

1173 1307 1258 1334 nudae
1275 1307 1421 1334 voluntatis
1441 1306 1538 1338 fuerat,
1558 1307 1677 1333 converti
1696 1308 1722 1333 in
1741 1312 1846 1334 mutuas
1864 1308 2019 1345 praestatio-

1172 1361 1227 1378 nes.
1249 1350 1279 1377 fr.
1301 1352 1341 1377 17.
1361 1350 1383 1384 5.
1402 1351 1426 1376 3.
1447 1349 1576 1376 commod.
1597 1351 1637 1376 13.
1657 1351 1681 1376 6.
1695 1366 1728 1369 —
1742 1351 1773 1384 §-
1790 1352 1827 1377 3.
1849 1352 2018 1388 Conferre,

1172 1395 1340 1429 Redigere.
1378 1393 1396 1420 I.
1418 1395 1480 1428 Sy.
1517 1392 1628 1419 Yerterc
1647 1393 1690 1427 (in
1709 1403 1772 1425 rem,
1792 1403 1816 1420 v.
1837 1393 1967 1428 causam).
1986 1393 2017 1420 fr.

1173 1438 1196 1464 1.
1220 1447 1260 1474 pr.
1280 1436 1362 1470 55.1.
1382 1446 1423 1473 sq.
1444 1435 1475 1462 fr.
1494 1437 1519 1462 3.
1544 1446 1583 1473 pr.
1607 1436 1672 1470 5.1.
1693 1435 1726 1462 de
1749 1437 1775 1463 iu
1795 1447 1850 1463 rem
1868 1446 1955 1464 verso.
1975 1438 2016 1463 15.

1170 1481 1195 1506 3.
1221 1479 1252 1505 fr.
1278 1480 1318 1505 19.
1343 1489 1383 1516 pr.
1404 1479 1470 1513 5.1.
1497 1478 1530 1505 de
1553 1478 1629 1505 milit.
1654 1483 1756 1506 testam.
1782 1482 1824 1507 29.
1845 1482 1868 1507 1.
1888 1481 1928 1514 (in
1951 1489 2017 1506 usus

1171 1524 1255 1556 suos).
1276 1521 1307 1549 fr.
1328 1523 1351 1548 7.
1372 1522 1410 1556 55.
1430 1524 1454 1548 4.
1474 1531 1514 1558 sq.
1539 1521 1572 1548 de
1595 1521 1662 1548 adm.
1689 1527 1715 1548 et.
1738 1533 1794 1560 per.
1813 1524 1856 1550 26.
1877 1524 1900 1549 7.
1936 1521 2017 1549 Redi-

1170 1576 1239 1602 gere,
1260 1564 1396 1592 Conferre.
1417 1564 1448 1591 t'r.
1470 1566 1509 1591 19.
1534 1575 1574 1601 pr.
1593 1564 1610 1591 l.
1634 1566 1676 1591 29.
1698 1567 1720 1592 1.
1742 1566 1772 1592 sr.
1794 1568 1816 1593 l.
1838 1566 1868 1593 fr.
1887 1567 1911 1592 2.
1932 1565 1970 1599 55.
1989 1566 2015 1591 2.

1170 1619 1210 1645 sq.
1230 1608 1260 1635 sr.
1274 1611 1298 1635 4.
1318 1608 1351 1634 dc
1369 1608 1436 1634 adm.
1456 1617 1506 1634 rer.
1527 1607 1559 1634 ad
1579 1609 1629 1634 civ.
1649 1609 1727 1635 50.8.
1759 1608 1802 1635 III.
1816 1610 1882 1636 Gn.
1901 1607 2016 1634 Fructus

1170 1652 1207 1678 ibi
1226 1652 1337 1688 repositi
1356 1656 1385 1678 ut
1400 1652 1528 1682 venirent,
1548 1650 1591 1677 vel
1604 1651 1631 1676 in
1644 1650 1722 1677 alium
1737 1661 1821 1683 usum,
1842 1661 1919 1688 quam
1931 1650 2015 1683 fundi,

1171 1698 1395 1721 converterentur.
1416 1694 1445 1720 I'r.
1467 1696 1507 1719 12.
1531 1693 1553 1727 5.
1572 1695 1614 1720 30.
1640 1693 1672 1720 de
1695 1695 1771 1720 instr.
1791 1693 1843 1731 leg?
1860 1696 1902 1720 33.
1923 1696 1947 1721 7.
1985 1693 2015 1720 Si

1171 1738 1230 1774 quis
1249 1736 1367 1763 fiscalem
1389 1737 1527 1774 pecuniam
1546 1735 1740 1769 adtrectaverit,
1760 1737 1936 1774 subripuerit,
1959 1746 2015 1763 mu-

1171 1782 1278 1812 taverit,
1302 1790 1348 1806 seu
1368 1781 1394 1806 in
1413 1789 1476 1806 suos
1496 1789 1560 1805 usus
1580 1781 1748 1806 converterit.
1785 1779 1858 1806 Paul.
1878 1779 1910 1806 V.
1929 1781 1971 1806 27.
1991 1780 2014 1814 5.

1172 1825 1194 1850 l.
1215 1823 1246 1849 cf.
1267 1822 1296 1849 sr.
1316 1824 1358 1849 39.
1378 1823 1400 1856 5.
1420 1824 1444 1849 8.
1465 1822 1497 1848 de
1516 1822 1582 1849 adm.
1608 1827 1633 1849 et
1655 1824 1737 1860 peric.
1757 1824 1799 1850 26.
1820 1825 1843 1850 7.
1881 1822 1950 1850 Cum
1969 1822 2015 1849 do-

1169 1867 1255 1892 minus
1280 1865 1383 1892 aedium
1405 1865 1525 1892 binarum
1551 1865 1659 1902 aliquod
1684 1865 1809 1893 conclave
1833 1882 1865 1886 —
1890 1867 1918 1892 in
1937 1875 2014 1893 usum

1170 1909 1309 1936 alterarum
1329 1910 1467 1935 convertit.
1491 1908 1521 1935 fr.
1541 1911 1583 1936 31.
1609 1909 1640 1936 de
1664 1909 1740 1946 legat.
1766 1908 1808 1936 111.
1833 1909 1900 1943 (32.)
1924 1908 1955 1935 cf.
1981 1907 2012 1935 fr.

1697 1953 1760 1979 Sive
1779 1961 1879 1979 merces
1897 1955 2012 1983 manent,

1170 1997 1226 2022 sive
1244 1996 1358 2033 pretium
1378 2005 1466 2021 earum
1488 2000 1624 2032 receptum
1648 2005 1838 2022 conversumve
1857 1999 1898 2020 est
1922 1995 1949 2020 in
1967 2004 2012 2031 pe-

1170 2039 1275 2065 culium.
1296 2038 1326 2064 fr.
1346 2040 1370 2064 5.
1389 2038 1466 2073 5.11.
1487 2038 1519 2065 cs.
1539 2039 1561 2072 5.
1575 2040 1599 2064 5.
1620 2038 1652 2064 de
1670 2038 1760 2064 tribut.
1781 2043 1829 2064 act.
1851 2039 1890 2064 14.
1905 2039 1929 2064 4.
1956 2037 2012 2064 Do·

1169 2087 1221 2108 tem
1240 2091 1293 2107 non
1312 2081 1388 2107 aliter
1410 2082 1529 2107 converti
1553 2082 1579 2107 in
1602 2082 1736 2117 posterius
1755 2081 1958 2113 matrimonium,
1977 2096 2011 2101 —

1170 2135 1246 2161 quam
1267 2134 1325 2150 cum
1344 2124 1395 2150 hoc
1414 2125 1505 2160 agitur.
1533 2123 1563 2150 sr.
1583 2125 1625 2150 30.
1649 2123 1682 2150 de
1705 2125 1761 2150 iure
1784 2124 1838 2150 dot.
1863 2125 1906 2150 23.
1924 2125 1948 2150 3.
1977 2123 2010 2151 cf.

1170 2168 1253 2194 vatic.
1279 2168 1301 2202 5.
1325 2169 1385 2194 269.
1432 2168 1473 2194 Ex
1500 2167 1641 2193 donatione
1664 2168 1690 2193 iu
1717 2168 1855 2204 pecuniam
1884 2166 2011 2194 creditam

1169 2221 1296 2237 conversa
1316 2211 1459 2248 (pecunia).
1483 2210 1514 2236 fr.
1532 2211 1575 2236 57.
1595 2209 1628 2236 de
1647 2209 1706 2236 don.
1726 2211 1773 2237 int.
1793 2209 1825 2237 V.
1845 2212 1886 2237 24.
1907 2212 1930 2237 1.
1966 2210 2011 2238 Ef-

1168 2255 1224 2281 ficit
1249 2259 1277 2281 ut
1301 2265 1314 2280 a
1337 2264 1367 2280 se
1385 2253 1504 2280 discedat
1527 2253 1581 2286 (sc.
1607 2252 1723 2286 usussr.)
1744 2258 1769 2279 ct
1793 2258 1961 2280 convertatur
1981 2255 2009 2280 in

1168 2298 1363 2335 proprietatem.
1401 2296 1458 2323 Gai.
1471 2296 1502 2323 11.
1520 2298 1562 2322 30.
1599 2295 1773 2322 Intentionem
1787 2296 1893 2333 quidem
1906 2307 1939 2324 ex
1950 2307 2009 2334 per-

1168 2352 1232 2368 sona
1256 2340 1355 2367 domini
1383 2341 1475 2372 sumit,
1504 2338 1748 2365 condemnationem
1775 2344 1861 2366 autem
1885 2341 1911 2366 in
1934 2350 2008 2367 suam

1168 2394 1308 2422 personam
1328 2384 1465 2410 convertit.
1502 2381 1558 2408 Gai.
1579 2381 1621 2407 IV.
1642 2384 1682 2408 86.
1704 2392 1744 2418 sq.
1764 2382 1795 2409 cl'.
1814 2384 1856 2409 35.
1886 2382 2007 2419 pignoris

1168 2429 1223 2453 iure
1243 2427 1309 2464 capi,
1330 2431 1355 2452 ct
1375 2425 1491 2452 converti
1510 2425 1536 2450 iu
1556 2434 1659 2451 causam
1673 2425 1787 2451 iudicati.
1808 2425 1838 2452 fr.
1859 2428 1899 2453 15.
1913 2426 1950 2460 55.
1966 2428 2006 2453 ll.

1674 2467 1713 2494 Ne
1733 2469 1758 2494 in
1781 2469 1901 2494 iniuriam
1920 2473 2007 2506 patro-

1168 2523 1260 2539 norum
1286 2516 1482 2538 converteretur
1506 2510 1680 2544 (beneficium
1704 2512 1762 2537 istis
1786 2511 1902 2544 datum).
1948 2511 2004 2538 Gai.

1165 2556 1207 2582 III.
1229 2557 1270 2582 56.
1312 2554 1388 2581 Haud
1411 2555 1579 2591 impetrasse,
1603 2559 1632 2580 ut.
1655 2553 1761 2580 deserto
1784 2554 1840 2580 iure
1863 2555 2004 2592 potiorum,

1166 2598 1197 2625 ad
1224 2598 1419 2625 excusationem
1442 2607 1471 2623 se.
1496 2601 1688 2623 converterent.
1725 2596 1808 2623 Vatic.
1832 2598 1854 2631 5.
1878 2600 1936 2624 242.
1974 2596 2004 2624 Si

1166 2642 1305 2668 defunctus
1329 2641 1355 2666 iu
1380 2640 1464 2676 sugam
1487 2650 1639 2666 conversus
1665 2650 1685 2666 c.
1710 2642 1734 2666 8.
1759 2650 1791 2666 ne
1815 2639 1848 2666 de
1873 2644 1941 2666 statu
1960 2639 2003 2666 ‹Ie-

1165 2684 1245 2711 sunrt.
1266 2686 1288 2710 7.
1307 2684 1349 2709 21.

1201 2728 1499 2755 conveteranus.
1542 2728 1730 2753 Conmnilito
1759 2732 1936 2752 veteranas.
1982 2724 2001 2752 1.

1164 2771 1225 2805 Sy.
1262 2768 1385 2795 Veterani
1405 2769 1530 2803 (omnes).
1551 2768 1736 2795 Conveterani.
1774 2768 1823 2794 Th.
1839 2766 1869 2794 C.
1890 2766 1945 2793 ΠΙ.
1959 2769 2000 2794 20.

1164 2824 1185 2840 c.
1205 2815 1229 2838 2.
1254 2822 1292 2849 pr.
1318 2812 1354 2845 55.
1381 2814 1402 2838 1.
1423 2822 1462 2849 sq.
1483 2812 1516 2838 de
1539 2817 1653 2838 veterau.
1690 2811 1732 2838 III.
1758 2812 1824 2838 Cn.
1855 2809 2001 2837 Veteranos

1164 2855 1330 2882 conveterani
1349 2854 1472 2887 filiorum,
1493 2864 1539 2881 seu
1558 2854 1678 2886 militum,
1698 2859 1723 2881 ct
1743 2853 1849 2890 quIdem
1868 2862 1944 2879 unam
1962 2857 2001 2880 tu-
