2197 3121
275 167 337 198 704

1107 158 1200 188 PER.

276 247 419 279 efficietur,
445 257 476 273 ex
500 247 556 273 iure
576 246 652 281 Quir.
672 253 735 270 vero
754 252 810 269 mea
829 240 1001 279 permanebit.
1033 239 1070 267 ld.
1090 239 1121 266 II.
1142 241 1145 274 1
1167 250 1188 266 c.
1210 240 1250 265 ll.
1271 237 1303 265 de
1323 238 1431 274 aquaed.
1452 240 1492 265 11.
1512 240 1554 265 42.
1591 237 1798 265 Permittendum
1823 242 1864 264 est
1883 237 1932 271 [al.
1953 247 2010 274 per-

275 293 317 318 41.
356 290 384 317 lu
404 300 450 317 sua
471 289 622 316 conditione
641 291 786 325 permanet.
805 284 843 312 Id.
863 285 882 311 l.
901 286 941 311 68.
963 283 995 310 cf.
1015 284 1056 310 84.

315 335 535 361 Pet-meare.
564 330 914 364 Tra11⁸ire‚Spoetiari.
939 326 1030 361 183]-
1045 326 1123 353 Com-
1143 325 1145 338 ²

276 387 369 404 meare.
390 375 431 402 cf.
452 375 476 401 h.
497 385 521 400 v.
541 375 563 408 5.
586 375 608 400 l.

1143 280 1144 307 l
1166 282 1320 309 mittendam
1346 282 1422 315 esse]
1451 283 1524 319 nepti
1552 292 1584 308 ex
1613 281 1660 308 hac
1685 282 1753 307 avita
1779 282 1954 307 conventione
1978 296 2009 299 —

1167 325 1257 352 utilem
1281 325 1419 351 actionem.
1444 324 1475 351 sr.
1495 327 1536 351 45.
1565 324 1615 351 sol.
1639 325 1750 350 matrim.
1773 326 1816 350 24.
1839 325 1863 350 3.
1905 323 2010 359 Quibus

1143 372 1145 393 ἱ
1166 370 1324 406 permissum
1344 372 1394 399 est,
1413 377 1509 404 corpus
1529 368 1625 395 habere
1645 366 1757 403 collegii.
1778 367 1808 394 fr.
1832 368 1852 393 l.
1873 367 1894 400 §.
1914 368 1936 393 l.
1958 366 2009 401 Qu.

314 418 573 446 Pet-militare.
612 417 786 450 Stipendia
807 416 978 442 absolvere.
998 412 1041 439 ΙΙΙ.
1056 413 1122 440 Cn.
1143 402 1145 443 1
1168 412 1216 438 cui.
1236 412 1306 438 univ.
1327 420 1395 437 nom.
1415 411 1438 436 3.
1459 413 1483 436 4.
1508 410 1535 438 S.
1545 411 1596 438 Cto
1620 409 1775 437 mulieribus
1795 410 1951 446 permissum
1970 414 2011 435 est

277 463 306 489 Si
337 461 472 488 Tribunus
505 462 531 487 iu
560 459 715 486 cohortibus
744 458 884 496 praetoriis
914 455 1122 493 permilitaverit.
1144 461 1145 486 1
1168 453 1264 487 (alium
1288 458 1379 491 petere
1403 454 1542 487 tutorem.)
1569 453 1625 480 Gai.
1651 453 1669 479 I.
1691 454 1748 479 173.
1767 462 1808 489 sq.
1851 451 1887 479 Vt
1909 453 1932 478 ei
1955 462 2011 489 per-

277 505 307 532 1ἰ·.
328 506 352 531 9.
373 504 404 530 cf.
426 504 455 530 l'r.
475 505 499 530 8.
520 504 541 538 5.
561 505 584 530 9.
604 502 637 529 de
656 507 784 529 excusatt.
804 503 846 527 27.
867 502 889 526 1.

315 547 567 575 Permiscere.
598 545 652 578 (Cf.
673 555 695 572 v.
715 544 887 576 Permixtus.)
924 543 956 576 §0
972 542 1011 568 l.
1035 542 1123 567 Com-
1145 553 1146 582 ᾗ

277 593 424 622 miscere,
451 591 668 625 Confundere.
706 587 724 614 1.
748 590 810 622 Sy.
835 584 1007 613 Confundere
1031 584 1125 616 (ratio-
1145 585 1147 603 ἕ

278 634 362 666 nem.)
392 633 422 659 fr.
445 635 484 659 ll.
509 633 547 666 55.
568 633 590 658 7.
615 641 656 668 sq.
682 631 713 657 ad
737 630 766 657 L.
788 629 857 656 Falc.
876 630 918 655 35.
937 631 961 655 2.
1004 626 1123 654 Miscere.
1146 636 1147 639 ¹

278 676 320 704 Cf.
340 676 365 703 h.
386 686 409 702 v.
431 676 452 709 5.
474 678 497 702 l.
535 675 565 702 II.
587 676 654 708 ΟΡ.
674 673 810 710 Separare.
831 672 860 698 fr.
876 673 916 698 ll.
935 672 956 705 5.
971 672 994 697 7.
1015 669 1031 696 l.
1045 671 1086 696 35.
1100 671 1124 695 2.

279 737 309 740 —
330 720 361 753 ξ.
374 721 409 746 2.
425 721 617 745 Imminere.
654 716 684 743 ll.
698 719 765 751 Op.
785 716 928 742 Abstinere
947 716 1068 751 (paterna
1082 712 1125 738 he-
1146 725 1147 732 ι

278 763 411 795 reditate.)
427 778 457 782 -
477 761 562 787 Penn.
583 770 611 786 se
631 760 805 794 (hereditati.)
826 758 857 785 C.
874 757 952 794 Greg.
966 756 1007 783 111.
1021 757 1045 782 6.
1065 766 1087 782 c.
1100 758 1124 782 8.
1146 748 1147 758 1

280 807 304 833 si
319 811 382 832 cert.
395 809 475 842 petat.

316 849 544 876 Permissum
565 846 682 880 (Subst.)
708 847 901 877 Permissio,
922 844 1124 870 Auctoritas.

279 892 297 919 1.
312 893 374 927 Sy.
395 891 494 918 Iussus.
515 889 556 916 Cf.
572 889 595 916 h.
610 900 634 916 v.
672 889 815 915 Decretum
834 885 1008 924 (pontificale⁷
1027 895 1048 912 s.
1062 895 1126 922 pon-

278 936 401 967 tificum.)
422 934 463 961 Cf.
484 934 508 959 h.
528 944 551 959 v.
572 933 592 967 5.
615 934 637 958 1.
675 931 717 958 III.
739 933 805 959 Cn.
831 931 959 966 Quamvis
983 928 1044 955 talia
1068 928 1125 954 sieri
1146 924 1147 929 ¹

278 979 336 1005 sine
356 979 488 1015 permissu
507 986 610 1008 eorum,
631 975 728 1012 quibus
748 973 916 1011 permittendi
936 974 976 999 ius
997 977 1054 1003 est,
1073 981 1125 997 non

279 1021 400 1049 debeant.
427 1020 456 1046 l‘r.
476 1022 500 1046 2.
525 1020 548 1054 5.
568 1021 591 1045 4.
617 1018 649 1044 de
674 1017 775 1054 sepulc.
795 1016 857 1043 viol.
877 1018 918 1042 47.
940 1018 980 1042 12.
1000 1015 1031 1041 cf.
1052 1014 1082 1041 fr.
1101 1017 1125 1041 δ.
1147 1008 1148 1033 j

279 1075 317 1103 pr.
343 1064 375 1090 de
399 1063 472 1099 relig.
495 1064 534 1088 ll.
555 1064 577 1088 7.
616 1060 645 1088 Si
671 1062 730 1098 quis
755 1060 780 1086 d.
800 1070 833 1086 m.
858 1059 962 1090 fecerit.
986 1059 1126 1095 quominus

280 1109 339 1145 quis
359 1107 491 1144 permissu
510 1115 577 1137 meo,
597 1105 688 1131 eiusve
708 1105 783 1131 cuius
803 1114 831 1129 ea
845 1102 992 1129 iurisdictio
1007 1101 1063 1132 suit,
1077 1105 1126 1128 etc.

280 1151 312 1177 fr.
329 1152 350 1176 1.
365 1160 404 1186 pr.
425 1160 457 1175 ne
477 1150 517 1175 vis
537 1149 582 1175 fiat
599 1149 631 1174 ei.
645 1149 686 1174 43.
700 1149 724 1174 4.
762 1146 811 1173 Vel
832 1146 966 1172 testatoris
986 1145 1126 1182 permissu,

279 1193 322 1221 vel
342 1192 503 1219 eoncedente
523 1191 660 1227 legatario,
682 1190 769 1224 (bona
789 1189 938 1218 distracta.)
967 1187 997 1214 fr.
1018 1190 1041 1213 5.
1061 1188 1082 1221 5.
1102 1189 1126 1213 4.

280 1242 309 1264 ut
329 1236 404 1272 legat.
425 1245 494 1261 nom.
508 1236 548 1261 36.
563 1236 587 1260 3.
624 1234 683 1260 Dos
704 1243 755 1259 nou
776 1232 806 1259 ab
828 1234 884 1270 ipsa
903 1230 1031 1268 prosecta,
1052 1240 1127 1267 quam

281 1279 348 1306 alius
367 1279 499 1316 permissu
519 1279 575 1304 eius
595 1276 738 1314 stipulatus
759 1281 806 1302 est.
832 1276 860 1302 sr.
882 1276 924 1300 (33.
945 1273 977 1300 de
997 1274 1053 1300 iure
1073 1273 1128 1299 dot.

280 1324 322 1349 23.
342 1324 366 1349 3.
405 1321 469 1348 Sine
492 1321 623 1358 permissu
647 1318 778 1356 Principis
807 1320 877 1351 (non
902 1316 1007 1349 licere.)
1037 1315 1066 1342 fr.
1086 1317 1127 1342 31.

281 1367 303 1400 5.
323 1367 349 1391 2.
369 1364 401 1391 de
421 1374 498 1402 poen.
518 1364 559 1390 48.
582 1365 620 1390 19.
659 1362 733 1389 Citra
753 1362 911 1399 permissum
924 1360 1057 1386 Praetoris
1077 1359 1129 1392 (ca-

281 1409 366 1446 pere.)
387 1407 416 1434 fr.
438 1409 478 1434 15.
498 1407 520 1441 5.
542 1408 582 1433 l2.
603 1406 635 1432 de
654 1416 682 1432 re
702 1405 754 1432 iud.
774 1406 815 1431 42.
837 1406 859 1430 l.

320 1451 564 1478 Pet-mittere.
601 1450 633 1482 ξ.
657 1450 692 1475 l.
726 1450 918 1478 Concedere,
946 1448 1128 1481 Indulgere.

282 1495 300 1521 1.
314 1496 376 1529 Sy.
397 1493 562 1520 Concedere.
583 1491 624 1518 Cl'.
640 1491 664 1518 h.
679 1502 702 1517 v.
724 1491 745 1525 ξ.
765 1493 789 1516 2.
827 1489 906 1516 Dare.
927 1488 968 1515 Cl'.
985 1488 1010 1514 h.
1024 1499 1048 1514 v.
1069 1488 1090 1522 ξ.
1104 1489 1128 1513 2.

282 1537 385 1567 Licere,
405 1536 532 1563 Permitti.
553 1535 594 1562 Cf.
615 1545 638 1560 v.
658 1534 741 1560 Licet.
779 1533 872 1564 Posse,
891 1532 1019 1558 Permitti.
1040 1530 1096 1557 Gai.
1112 1530 1130 1557 l.

282 1582 324 1606 23.
346 1589 405 1616 sqq.
427 1581 484 1605 144.
505 1588 564 1615 sqq.
584 1577 645 1615 le.
666 1577 710 1603 Xl.
734 1579 772 1603 15.
810 1575 841 1602 11.
861 1577 929 1609 01).
949 1574 1072 1603 Arctare,
1092 1573 1130 1600 In-

284 1623 428 1654 terdicere‚
455 1621 560 1648 Velare.
585 1620 616 1647 sr.
635 1622 660 1647 2.
680 1620 712 1646 de
732 1620 821 1646 Sonat.
843 1621 865 1645 1.
885 1620 908 1644 9.
930 1618 961 1644 1“ι·.
979 1619 1003 1644 2.
1023 1618 1045 1651 5.
1065 1619 1089 1644 8.
1108 1617 1130 1643 si

284 1677 327 1703 qu.
349 1670 427 1692 cautt.
446 1667 470 1691 2.
490 1666 529 1691 ll.
551 1663 579 1690 sr.
601 1665 623 1689 7.
644 1664 665 1697 5.
685 1666 709 1689 2.
729 1662 761 1689 de
782 1663 837 1688 iure
857 1661 937 1687 delib.
956 1662 998 1687 28.
1020 1661 1043 1686 S.
1073 1659 1130 1686 Gai.

284 1709 325 1736 lll.
354 1711 410 1735 124.
436 1718 474 1744 sq.
518 1707 667 1743 Denegare.
692 1705 844 1732 Prohibere.
874 1704 915 1731 Cf.
941 1714 965 1731 v.
986 1703 1130 1739 Dent-gare.

283 1753 306 1786 ξ.
325 1754 349 1778 2.
388 1751 430 1777 III.
445 1752 509 1778 Cn.
529 1749 607 1786 Legis
627 1750 712 1775 virtus
732 1753 781 1780 est,
801 1749 938 1785 imperare.
958 1751 1055 1777 vetare,
1075 1755 1133 1783 per-

285 1796 397 1823 mittere,
417 1795 517 1831 punire.
539 1793 568 1819 fr.
590 1794 612 1819 7.
636 1792 668 1819 de
682 1791 733 1818 LL.
753 1794 774 1817 l.
794 1792 818 1817 3.
858 1790 954 1817 Verbis
973 1789 1078 1826 quidem
1097 1788 1132 1815 le-

286 1839 326 1874 gis
345 1847 429 1875 prope
449 1841 490 1863 est
509 1841 537 1862 ut
557 1845 610 1862 non
634 1836 721 1872 possit
745 1834 880 1866 occidere,
904 1834 1020 1871 permitti
1046 1837 1132 1858 tamen

287 1882 310 1907 ei
330 1881 408 1907 debet
429 1885 457 1906 ut
476 1878 587 1905 occidat.
607 1878 679 1904 Paul.
700 1877 729 1904 ll.
748 1878 789 1904 26.
922 1876 975 1902 Sed
996 1875 1058 1902 olim
1078 1875 1133 1911 qui-

287 1923 346 1949 dem
373 1922 480 1953 licebat,
501 1938 533 1941 —
561 1922 640 1958 idque
660 1920 688 1947 L.
710 1920 758 1946 ΧΠ
778 1919 861 1946 Tabb.
886 1920 1038 1956 permittere
1063 1917 1133 1943 vide-

288 1967 373 1993 batur.
394 1965 450 1991 Gai.
471 1964 501 1991 11.
521 1966 580 1990 224.
618 1963 695 1990 Nunc
715 1974 746 1990 ex
770 1962 881 2000 epistola
903 1979 933 1982 —
953 1962 1081 1988 Antonini
1101 1977 1132 1980 -

818 1878 839 1910 ξ.
859 1880 882 1903 2.

289 2053 428 2087 omniaque
454 2051 509 2076 iura
535 2051 697 2086 permittunt.
724 2049 754 2075 l'r.
773 2050 814 2075 45.
835 2050 856 2082 5.
877 2051 900 2075 4.
921 2048 953 2075 ad
972 2048 1002 2074 L.
1021 2048 1090 2084 Aqu.
1109 2049 1133 2074 9.

288 2098 304 2113 ⁰
352 2094 484 2121 Permittit
503 2092 619 2121 Praetor.
641 2108 672 2111 -
693 2092 765 2118 iubet
784 2097 869 2118 tamen
889 2097 937 2118 ete.
957 2091 994 2117 ld.
1015 2090 1058 2117 lV.
1077 2092 1134 2116 172.

291 2114 313 2122 μ.

1144 506 1145 513 ¹
1168 498 1247 524 missa
1266 496 1387 523 videatur
1411 498 1464 530 (sc.
1485 498 1634 534 exceptio.)
1659 497 1698 522 cui
1725 500 1751 522 et.
1775 497 1903 532 permissa
1928 494 2010 521 durat.

1169 540 1199 567 l'r.
1219 542 1243 567 6.
1263 541 1284 574 5.
1303 542 1328 566 2.
1349 540 1400 575 Qu.
1422 541 1471 566 cui.
1491 541 1561 566 univ.
1581 550 1650 566 nom.
1669 541 1693 565 3.
1713 540 1737 565 4.
1775 538 1825 565 Per
1843 538 2012 565 interdictum

1169 584 1327 621 permittere.
1349 582 1379 609 l‘r.
1398 584 1422 609 2.
1443 582 1475 609 de
1495 582 1575 609 cloac.
1596 584 1636 609 43.
1655 584 1696 609 23.
1717 597 1749 601 —-
1778 582 1809 615 §.
1830 583 1866 608 2.
1888 583 2012 608 Admit-

1168 634 1248 658 tere,
1269 628 1355 653 Pati.
1393 625 1435 651 111.
1455 627 1521 653 Cn.
1546 625 1601 652 Nec
1627 626 1695 651 euim
1715 630 1805 651 natura
1824 626 1945 662 permisit
1963 628 2012 650 etc.

1145 677 1147 717 1¹
1170 670 1200 697 fr.
1222 671 1261 696 15.
1282 669 1314 696 de
1333 674 1402 696 statu
1422 669 1491 695 hom.
1506 671 1528 695 l.
1543 670 1566 694 5.
1604 667 1686 694 Prout
1704 669 1773 695 vires
1794 669 1850 694 eius
1870 669 1935 706 reip.
1954 677 2013 705 per-

1170 714 1284 740 mittunt.
1312 712 1343 739 sr.
1364 715 1387 739 7.
1416 713 1439 746 5.
1460 714 1481 739 1.
1511 711 1543 738 de
1567 711 1610 737 off.
1634 710 1710 737 Proc.
1735 716 1760 737 et
1783 710 1845 748 Leg.
1870 713 1893 738 l.
1920 712 1960 737 16.
1981 726 2012 730 —

1146 762 1147 779 1
1169 757 1200 791 §.
1213 757 1250 783 ³.
1271 757 1488 783 Committere.
1525 754 1544 781 I.
1559 756 1620 789 Sy.
1639 753 1770 781 Blandare.
1790 754 1820 781 sr.
1839 756 1881 781 57.
1902 763 1961 790 sqq.
1981 752 2014 780 de

1146 805 1147 831 t
1169 809 1274 837 procur.
1293 800 1317 825 3.
1336 800 1361 825 3.
1398 798 1438 825 111.
1460 799 1526 826 Cn.
1549 797 1599 824 Cui
1627 808 1640 823 a
1664 802 1772 834 parente
1796 813 1828 817 -—
1854 796 1935 824 tutela
1954 805 2013 834 per-

1146 854 1148 882 ³.
1170 844 1249 870 missa
1274 843 1331 868 erit.
1356 841 1386 868 fr.
1405 843 1430 868 3.
1454 842 1476 875 5.
1496 843 1520 867 5.
1545 840 1650 867 iudicat.
1675 840 1751 867 solvi.
1771 841 1813 866 46.
1833 842 1856 866 7.
1877 839 1909 867 cf.
1938 839 1968 866 fr.
1990 840 2013 865 l.

1169 897 1210 924 pr.
1236 885 1269 912 de
1293 884 1367 911 tutel.
1386 886 1428 911 26.
1450 886 1471 910 l.
1515 884 1543 910 In
1567 883 1701 910 metallum
1727 883 1806 910 dandi
1831 888 1951 921 potestas
1976 883 2014 909 eis

1170 930 1298 967 permissa
1319 933 1367 955 est.
1389 927 1418 954 fr.
1439 928 1463 953 6.
1482 928 1504 961 5.
1525 928 1548 953 S.
1569 926 1601 953 de
1616 927 1659 953 oss.
1674 926 1763 953 Praes.
1779 928 1801 952 1.
1818 929 1857 953 15.
1895 926 1932 952 Ea
1952 935 2014 962 pars

1170 972 1310 1002 formulae,
1330 981 1380 1007 qua
1399 969 1480 997 iudici
1499 975 1617 1007 potestas
1639 971 1800 1007 permittitur
1819 974 1867 995 etc.
1893 968 1950 995 Gai.
1968 967 2014 994 IV.

1169 1017 1211 1042 43.
1232 1015 1264 1041 cf.
1278 1016 1319 1040 42.
1358 1013 1559 1040 Administratio
1579 1015 1706 1050 permissa
1727 1014 1836 1046 (rerum,
1855 1021 1876 1038 s.
1896 1011 2015 1049 peculii.)

1171 1058 1200 1085 sr.
1220 1060 1261 1085 84.
1282 1057 1315 1084 de
1333 1056 1413 1083 solut.
1433 1057 1474 1083 46.
1494 1057 1517 1082 3.
1539 1055 1568 1082 fr.
1587 1058 1612 1082 4.
1632 1057 1654 1090 5.
1671 1058 1695 1082 2.
1716 1055 1749 1082 de
1769 1060 1847 1082 castr.
1867 1054 1953 1092 pecul.
1972 1055 2014 1081 49.

1172 1103 1211 1128 17.
1233 1117 1263 1122 -
1289 1101 1321 1133 ᾖ.
1340 1101 1379 1126 —l-
1400 1100 1582 1126 Remittere.
1621 1099 1639 1125 1.
1660 1100 1721 1133 Sy.
1749 1098 1903 1125 Remittere.
1923 1097 1954 1124 fr.
1973 1099 2015 1124 37.

1171 1144 1203 1171 de
1228 1148 1297 1182 pact.
1321 1145 1346 1169 2.
1368 1144 1407 1169 l4.
1444 1141 1488 1168 111.
1509 1142 1575 1169 Gn.
1598 1141 1706 1168 Publica
1730 1143 1876 1173 accusatio,
1904 1151 1950 1168 reo
1973 1140 2017 1167 vel

1148 1207 1149 1220 2
1171 1198 1213 1214 rea
1233 1192 1292 1214 aute
1311 1185 1460 1218 defunctis,
1480 1185 1640 1222 permittitur
1660 1184 1703 1218 [al.
1722 1185 1882 1223 perimitur]
1903 1184 1933 1211 fr.
1945 1185 1970 1211 3.
1985 1183 2018 1210 de

1171 1230 1232 1268 pub.
1253 1229 1331 1256 iudic.
1351 1230 1392 1255 48.
1414 1230 1436 1254 l.
1474 1227 1504 1254 L.
1524 1227 1587 1254 Iulia
1607 1243 1639 1247 —
1659 1229 1820 1265 permittitur
1845 1227 1889 1261 [al.
1910 1228 2018 1254 remitti-

1172 1272 1229 1308 tur]
1251 1271 1445 1303 iusiurandum,
1470 1270 1542 1308 quod
1561 1276 1610 1298 etc.
1635 1270 1666 1297 sr.
1685 1272 1709 1298 6.
1733 1272 1754 1305 5.
1775 1273 1799 1298 4.
1819 1270 1852 1298 de
1871 1271 1928 1297 iure
1948 1275 2016 1308 patr.

1172 1319 1214 1344 37.
1236 1319 1275 1343 14.

1210 1358 1418 1386 Permixte·
1447 1357 1561 1391 (Advb.)
1591 1359 1710 1385 Mixtis
1734 1359 1827 1384 rebus
1847 1367 1882 1384 ac
1900 1357 2018 1392 confu-

1173 1405 1226 1430 sis.
1264 1401 1295 1428 11.
1312 1402 1380 1435 01).
1401 1401 1548 1438 Separatim
1567 1400 1661 1436 (agere
1681 1400 1746 1433 etc.)
1766 1400 1787 1434 5.
1806 1401 1830 1426 3.
1851 1399 1869 1426 1.
1889 1399 1922 1426 de
1940 1399 2017 1436 legat.

1172 1449 1196 1473 2.
1215 1448 1258 1472 20.

1212 1488 1434 1516 Permixtio.
1471 1487 1502 1520 ἕ.
1522 1488 1557 1514 1.
1578 1487 1756 1513 Adminio.
1793 1485 1836 1512 111.
1857 1487 1923 1514 Cn.
1943 1485 2019 1521 Quae

1173 1534 1255 1559 tincta
1275 1530 1429 1567 conchylio,
1453 1529 1552 1557 nultius
1576 1528 1684 1555 alterius
1704 1530 1878 1566 permixtione
1897 1528 2019 1555 subtexta

1151 1592 1152 1614 ;
1174 1580 1243 1602 sunt.
1264 1574 1314 1601 Th.
1326 1573 1401 1600 C.X.
1415 1575 1457 1600 21.
1478 1583 1500 1599 c.
1512 1574 1537 1599 3.
1557 1572 1590 1599 de
1609 1577 1675 1598 vest.
1692 1572 1781 1598 holov.
1796 1588 1828 1591 —
1848 1572 1924 1606 §.z.
1939 1573 2019 1598 Con-

1174 1619 1341 1648 turbatio,
1363 1618 1534 1653 Confusio.
1571 1614 1614 1641 Ill.
1630 1617 1696 1643 011.
1717 1616 1791 1651 Quas
1808 1631 1838 1635 —
1859 1625 1871 1640 a
1890 1614 2020 1641 saeculari

1175 1661 1350 1699 permixtione
1378 1659 1519 1685 translatas
1548 1658 1706 1685 christianae
1730 1658 1791 1684 fidei
1818 1667 1922 1684 servare
1947 1667 2021 1694 prae-

1175 1709 1250 1741 cepta
1270 1703 1471 1736 (censuerunt.)
1496 1701 1564 1728 Νῦν.
1585 1701 1675 1728 Maior.
1700 1700 1733 1727 de
1757 1702 1910 1727 sanctimon.
1930 1699 1975 1727 IV.
1995 1701 2020 1726 6.

1176 1758 1197 1775 c.
1213 1750 1234 1773 l.
1254 1747 1276 1781 5.
1292 1748 1314 1772 1.
1353 1745 1407 1781 Qui
1426 1744 1616 1772 consentiendo
1637 1744 1687 1770 hoc
1706 1743 1806 1770 facinus
1822 1744 1929 1781 propria
1942 1743 2020 1770 huius

1176 1790 1310 1817 societatis
1325 1789 1500 1826 permixtione
1514 1787 1701 1814 damnaverint.
1722 1786 1772 1813 Th.
1787 1786 1818 1813 C.
1832 1786 1903 1813 XVI.
1917 1787 1941 1813 6.
1961 1797 1983 1813 c.
1995 1788 2020 1812 4.

1176 1835 1197 1868 5.
1211 1835 1235 1859 3
1255 1843 1288 1859 ne
1307 1832 1334 1858 S.
1353 1832 1423 1868 bapt.
1461 1831 1572 1858 Remota
1592 1831 1750 1866 exigentium
1770 1817 2021 1867 pe1·1nixtione.(de-

1177 1876 1334 1908 ceraunus.)
1362 1874 1399 1901 lb.
1425 1873 1492 1900 Vlll.
1512 1875 1537 1900 8.
1561 1884 1582 1900 c.
1602 1875 1629 1899 5.
1654 1873 1686 1899 de
1711 1878 1859 1899 exsecutor.
1902 1871 2020 1910 Depulsa

1154 1930 1155 1958 ι
1177 1919 1360 1958 permixtionis
1380 1918 1503 1954 caligine,
1523 1916 1691 1950 (declarare.)
1714 1916 1783 1943 Nor.
1804 1915 1853 1942 Th.
1873 1915 1903 1942 11.
1924 1915 1958 1948 (Ι.
1977 1915 2019 1940 26.

1154 1964 1156 1972 1
1188 1974 1193 1980 .
1271 1963 1277 1967 “
1307 1964 1321 1978 o

289 2010 448 2047 permissum
473 2012 521 2033 est.
552 2007 589 2033 Id.
610 2007 627 2033 Ι.
649 2009 707 2033 loz.
732 2006 763 2032 cf.
784 2006 826 2032 Ill.
846 2008 906 2032 224.
944 2005 1044 2031 Omnes
1063 2003 1133 2040 leges
1155 2003 1156 2027 J
1181 1975 1201 1990 ⁸--
1225 1965 1245 1989 ¹·
1266 1966 1287 1996 ᾖ.
1309 1962 1344 1993 -·)

290 2138 326 2164 lta
352 2137 514 2163 substituere
540 2145 591 2161 non
620 2145 775 2172 possumus.
804 2134 851 2160 sed
875 2134 925 2160 hoc
948 2133 1035 2160 solum
1059 2133 1135 2159 nobis
1156 2145 1157 2169 3

293 2181 451 2218 permissum
466 2184 513 2210 est.
535 2183 562 2205 ut
577 2183 625 2204 etc.
646 2177 682 2203 ld.
702 2177 732 2203 ll.
755 2179 811 2203 181.
850 2177 970 2214 Corpora
989 2187 1041 2203 non
1061 2176 1136 2203 aliter

293 2222 470 2260 sepeliuntur,
500 2232 576 2257 quam
602 2222 679 2247 suerit
699 2221 809 2257 petitum
829 2225 854 2245 et
873 2221 1038 2256 permissum.
1061 2219 1091 2246 sr.
1113 2221 1134 2245 l.

292 2266 324 2293 de
345 2265 432 2292 cadav.
454 2266 535 2301 punit.
556 2268 596 2291 4³5.
616 2266 658 2290 24.
678 2263 709 2290 ct‘.
730 2263 760 2290 fr.
783 2265 804 2289 l.
825 2263 847 2297 5.
865 2264 906 2288 38.
927 2262 959 2289 de.
978 2273 1043 2299 aqua
1064 2267 1135 2299 quot.

292 2311 333 2336 43.
358 2311 399 2334 20.
443 2307 471 2333 Si
501 2307 663 2342 intelligant,
695 2306 722 2333 id
749 2317 778 2332 se
802 2307 885 2332 invito
914 2305 1019 2331 domiuo
1044 2306 1136 2337 iacere,

293 2406 333 2432 sq.
371 2395 399 2421 Si
420 2393 529 2420 Praetor
548 2392 633 2419 aditus
653 2394 789 2429 permittit.
809 2392 850 2428 ld„
865 2391 909 2418 lv.
930 2393 986 2418 157.
1007 2390 1038 2417 ct'.
1059 2391 1076 2417 l.
1095 2393 1136 2417 29.

295 2491 338 2517 qu.
360 2490 380 2506 c.
401 2481 426 2505 in
446 2488 518 2516 poss.
533 2480 574 2504 42.
595 2481 618 2504 4.
657 2477 765 2504 Praetor
784 2479 831 2504 ait:
853 2495 882 2498 —
903 2476 1043 2508 interdum,
1063 2487 1138 2503 causa

1214 2004 1444 2033 Fen-mixtus.
1477 2002 1608 2036 (partic.)
1641 2004 1783 2034 Mixtus,
1809 2003 2019 2028 Coniunctus.

1178 2049 1208 2075 ll.
1223 2050 1291 2082 011.
1312 2047 1375 2073 Sine
1389 2047 1422 2072 vi.
1435 2061 1467 2065 —-
1488 2046 1563 2081 Quae
1582 2045 1707 2071 violentia
1720 2045 1848 2082 permixta
1863 2048 1931 2070 sunt.
1953 2042 1982 2069 fr.
1995 2044 2020 2068 2.

1178 2092 1200 2125 5.
1219 2093 1242 2117 9.
1263 2092 1288 2116 vi
1308 2090 1368 2116 bon.
1389 2094 1455 2126 rapt.
1469 2091 1510 2115 47.
1531 2090 1554 2115 8.
1591 2088 1634 2114 111.
1650 2089 1716 2115 Cn.
1736 2087 1793 2114 Nisi
1813 2088 1847 2113 ita
1867 2087 2022 2112 coniunctae

1179 2134 1365 2171 possessiones
1385 2133 1451 2163 sint,
1471 2137 1497 2157 et
1515 2132 1661 2168 permixtae
1679 2131 1808 2167 propriis,
1833 2134 1860 2155 ut
1879 2134 1928 2155 etc.
1948 2128 1978 2155 t'r.
1998 2130 2020 2154 1.

1156 2207 1158 2216 .
1179 2178 1201 2211 5.
1217 2179 1256 2202 12.
1277 2175 1310 2202 de
1329 2185 1414 2212 separ.
1428 2177 1469 2201 42.
1485 2176 1508 2200 6.
1547 2174 1680 2201 Permixto
1699 2173 1784 2199 modo.
1805 2171 1888 2198 vatic.
1909 2172 1930 2205 5.
1943 2173 2003 2198 231.

1217 2220 1476 2247 Per-mulcere.
1496 2219 1628 2244 Leniter
1646 2222 1857 2243 contrectare.
1894 2213 1937 2240 Ill.
1954 2215 2020 2242 Cn.

1181 2262 1248 2290 Cum
1268 2271 1363 2298 equum
1382 2260 1567 2298 permulsisset
1586 2260 1654 2296 quis,
1672 2257 1714 2284 vel
1733 2257 1854 2294 palpatus
1874 2262 1922 2283 est.
1947 2256 1977 2284 fr.
1998 2258 2020 2283 1.

1158 2330 1159 2333 ,
1181 2307 1202 2340 5.
1224 2307 1247 2332 ’7.
1267 2306 1289 2331 si
1310 2304 1437 2341 quadrup.
1457 2305 1480 2330 9.
1502 2305 1524 2329 l.

293 2361 405 2388 eumque
425 2351 447 2376 si
468 2349 643 2376 intellexisset
663 2360 715 2376 nou
734 2350 931 2387 permissurum.
952 2348 1008 2374 Gai.
1023 2348 1064 2375 111.
1082 2350 1137 2375 197.
1158 2369 1160 2374 ,

1219 2349 1459 2376 Permutare.
1483 2347 1514 2380 §.
1526 2347 1560 2372 l.
1581 2346 1797 2375 commutare,
1819 2345 2021 2370 Convertere.

1159 2414 1160 2417 ,
1182 2392 1212 2418 11.
1230 2394 1297 2425 Op.
1318 2392 1373 2417 Suo
1393 2395 1518 2427 tempore.
1538 2403 1569 2407 —
1589 2386 1746 2413 Permutatis
1766 2387 1834 2415 inter
1853 2396 1881 2412 se
1900 2385 2023 2422 tempori-

295 2438 363 2465 Cum
383 2453 415 2456 —
440 2436 507 2462 bona
533 2435 671 2472 possidere
695 2435 803 2462 Praetor
828 2435 964 2472 permittit.
991 2433 1021 2460 sr.
1042 2436 1081 2460 12.
1107 2445 1138 2460 ex
1159 2448 1160 2452 =

297 2524 409 2559 cognita,
429 2522 455 2547 in
475 2521 569 2547 sactum
590 2521 718 2546 actionem
739 2522 895 2556 permittam.
917 2520 946 2546 sr.
968 2522 1006 2546 10.
1027 2529 1066 2556 pr.
1087 2520 1138 2555 Qu.

297 2567 322 2592 in
344 2565 373 2592 sr.
395 2564 464 2591 cred.
484 2566 525 2590 42.
545 2565 568 2590 8.
590 2563 620 2590 cl'.
642 2562 672 2590 sr.
690 2565 714 2589 2.
735 2563 766 2588 de
786 2564 829 2589 ot's.
851 2565 914 2590 eius.
936 2565 957 2589 l.
976 2564 1018 2589 21.
1037 2562 1054 2588 1.
1076 2562 1138 2588 [11.
1160 2555 1162 2576 1
1185 2565 1240 2589 eius
1260 2564 1310 2595 (sc.
1323 2559 1466 2596 Principis)
1486 2569 1569 2595 poena
1586 2563 1627 2584 aut
1642 2562 1813 2595 perumtetur,
1833 2562 1876 2583 aut
1889 2556 2022 2582 liberetur.

298 2608 384 2635 edicto
410 2612 538 2644 perpetuo
562 2607 736 2643 permittatur.
762 2616 782 2631 c.
807 2608 826 2632 l.
851 2606 884 2632 de
907 2606 982 2632 alien.
1006 2604 1058 2632 iud.
1078 2609 1140 2631 mut.
1161 2639 1162 2642 Ἴ
1185 2606 1214 2632 fr.
1234 2607 1258 2631 9.
1282 2605 1304 2638 5.
1325 2605 1363 2629 11.
1389 2603 1420 2629 de
1445 2612 1520 2639 poen.
1540 2603 1581 2627 48.
1604 2602 1641 2627 19.
1678 2600 1778 2627 Locum
1802 2600 1970 2637 permutavit,
1995 2602 2023 2624 ut

299 2662 319 2677 c.
339 2653 363 2676 2.
378 2652 419 2676 55.
457 2649 485 2675 ln
505 2660 560 2675 eam
580 2659 633 2675 rem
654 2648 765 2675 familiae
780 2648 870 2674 ludere
885 2649 1053 2685 permittitur.
1073 2647 1103 2674 fr.
1117 2650 1140 2673 4.

300 2703 339 2730 pr.
364 2692 396 2719 de
421 2692 494 2719 aleat.
521 2694 559 2718 ll.
580 2694 604 2718 5.
643 2692 696 2727 Qui
721 2691 790 2727 lege,
815 2691 972 2728 plebiscito,
997 2692 1141 2728 permissus

301 2740 351 2766 est.
371 2736 433 2765 erit,
454 2736 490 2761 uti
510 2734 581 2770 leges
601 2750 632 2754 --
653 2734 734 2760 daret.
759 2733 824 2760 Tab.
844 2733 945 2760 Ileracl.
966 2733 1010 2760 liu.
1031 2736 1072 2760 S5.
1092 2743 1142 2760 aer.

301 2821 400 2847 invitus
425 2819 535 2846 militare
559 2825 673 2856 cogatur.
699 2830 720 2846 c.
741 2822 764 2846 4.
790 2819 822 2846 de
845 2824 959 2846 veteran.
987 2821 1025 2845 12.
1046 2820 1086 2845 47.
1111 2818 1142 2845 cf.

1183 2435 1239 2461 bus.
1261 2434 1328 2460 1125.
1348 2434 1408 2467 5'.1.
1428 2432 1460 2459 de
1479 2440 1544 2467 aqua
1565 2434 1636 2466 quot.
1650 2431 1690 2455 43.
1711 2431 1753 2455 20.
1790 2428 1831 2455 111.
1847 2430 1912 2456 Gn.
1932 2428 2024 2464 Digni-

1184 2483 1222 2504 tas
1242 2475 1368 2503 domicilii
1388 2475 1558 2501 adiectionem
1578 2473 1666 2509 potius
1687 2471 1801 2502 dedisse,
1824 2482 1900 2508 quam
1920 2480 2023 2508 permu-

1183 2526 1255 2547 tasse
1274 2519 1386 2545 videtur.
1407 2517 1436 2543 fr.
1453 2518 1492 2542 ll.
1512 2515 1544 2542 de
1557 2515 1646 2541 Seuat.
1661 2517 1682 2541 1.
1703 2516 1727 2541 9.
1765 2514 1800 2540 Vt
1819 2524 1851 2540 ex
1870 2514 2024 2540 auctoritate

1185 2665 1217 2668 —
1238 2650 1264 2674 in
1283 2646 1424 2682 municipio
1445 2661 1476 2664 —
1496 2645 1634 2681 acciperet.
1654 2642 1684 2669 sr.
1705 2644 1728 2668 8.
1749 2643 1771 2676 ς’.
1790 2644 1831 2669 24.
1848 2642 1881 2669 de
1900 2644 2021 2668 transact.

1162 2721 1164 2725 Ι
1185 2694 1208 2717 2.
1232 2693 1270 2717 15.
1308 2690 1336 2715 Si
1363 2687 1469 2725 pallium
1494 2687 1558 2714 fullo
1583 2686 1782 2724 permutaverit.
1810 2691 1835 2712 et
1855 2684 1897 2712 alii
1916 2683 2022 2710 alterius

319 2777 323 2780 .
443 2777 445 2779 q
1163 2749 1166 2778 1
1187 2733 1295 2760 dederit.
1316 2731 1345 2758 sr.
1367 2732 1406 2757 13.
1426 2731 1447 2764 5.
1468 2733 1491 2757 6.
1512 2730 1588 2756 locat.
1610 2730 1649 2755 19.
1669 2730 1692 2754 2.
1718 2744 1749 2748 —
1776 2729 1806 2762 §.
1827 2729 1862 2754 2.
1885 2728 1957 2754 Rem
1977 2728 2022 2752 al-

302 2777 383 2814 )eap.
426 2777 520 2804 §ullus
545 2788 634 2803 eorum
659 2793 691 2796 —
717 2776 757 2803 vel
782 2776 874 2803 voleus
899 2778 1078 2813 permittatur,
1101 2775 1143 2802 vel
1164 2779 1166 2793 1
1187 2778 1251 2803 teri
1269 2776 1389 2805 cedere,
1418 2775 1486 2800 alia
1510 2783 1542 2799 re
1564 2775 1596 2799 in
1620 2773 1720 2798 vicem
1739 2773 1809 2798 eins
1828 2775 1967 2803 accepta.
2004 2767 2022 2794 l.

1165 2816 1166 2875 ἰ
1188 2821 1249 2854 Sy.
1270 2817 1445 2844 Conunutare.
1466 2815 1507 2843 Ct'.
1527 2815 1551 2842 h.
1572 2825 1596 2842 v.
1615 2814 1636 2848 5.
1658 2815 1680 2840 1.
1718 2813 1753 2840 111
1782 2815 1846 2842 οη.
1865 2811 2024 2838 Permutare.

1983 2854 2024 2880 thl
