<?xml version="1.0" encoding="UTF-8"?>
<!DOCTYPE html PUBLIC "-//W3C//DTD XHTML 1.0 Transitional//EN"
    "http://www.w3.org/TR/xhtml1/DTD/xhtml1-transitional.dtd">
<html xmlns="http://www.w3.org/1999/xhtml" xml:lang="en" lang="en">
 <head>
  <title>
</title>
<meta http-equiv="Content-Type" content="text/html;charset=utf-8" />
  <meta name='ocr-system' content='tesseract 3.04.00' />
  <meta name='ocr-capabilities' content='ocr_page ocr_carea ocr_par ocr_line ocrx_word'/>
</head>
<body>
  <div class='ocr_page' id='page_1' title='image "./manualelatinitat00dirk_0571.png"; bbox 0 0 2197 3121; ppageno 0'>
   <div class='ocr_carea' id='block_1_1' title="bbox 952 155 1219 188">
    <p class='ocr_par' dir='ltr' id='par_1_1' title="bbox 952 155 1219 188">
     <span class='ocr_line' id='line_1_1' title="bbox 952 155 1219 188; baseline 0.004 -2"><span class='ocrx_word' id='word_1_1' title='bbox 952 155 1045 188; x_wconf 82' lang='lat' dir='ltr'>MAG</span> <span class='ocrx_word' id='word_1_2' title='bbox 1060 175 1098 180; x_wconf 93' lang='lat'>—</span> <span class='ocrx_word' id='word_1_3' title='bbox 1113 156 1219 187; x_wconf 80' lang='lat' dir='ltr'>MAG.</span> 
     </span>
    </p>
   </div>
   <div class='ocr_carea' id='block_1_2' title="bbox 218 238 1056 278">
    <p class='ocr_par' dir='ltr' id='par_1_2' title="bbox 218 238 1056 278">
     <span class='ocr_line' id='line_1_2' title="bbox 218 238 1056 278; baseline -0.007 -8"><span class='ocrx_word' id='word_1_4' title='bbox 218 242 261 269; x_wconf 86' lang='lat' dir='ltr'>III.</span> <span class='ocrx_word' id='word_1_5' title='bbox 275 243 341 270; x_wconf 71' lang='lat' dir='ltr'>Gn.</span> <span class='ocrx_word' id='word_1_6' title='bbox 364 241 392 268; x_wconf 88' lang='lat' dir='ltr'>Si</span> <span class='ocrx_word' id='word_1_7' title='bbox 412 252 505 269; x_wconf 89' lang='lat' dir='ltr'>servus</span> <span class='ocrx_word' id='word_1_8' title='bbox 524 240 652 278; x_wconf 84' lang='lat' dir='ltr'>lapidario</span> <span class='ocrx_word' id='word_1_9' title='bbox 672 238 851 266; x_wconf 82' lang='lat' dir='ltr'>commodatus</span> <span class='ocrx_word' id='word_1_10' title='bbox 871 238 920 265; x_wconf 89' lang='lat' dir='ltr'>sub</span> <span class='ocrx_word' id='word_1_11' title='bbox 939 238 1056 265; x_wconf 86' lang='lat' dir='ltr'>machina</span> 
     </span>
    </p>
   </div>
   <div class='ocr_carea' id='block_1_3' title="bbox 216 281 1057 406">
    <p class='ocr_par' dir='ltr' id='par_1_3' title="bbox 216 281 1057 406">
     <span class='ocr_line' id='line_1_3' title="bbox 218 281 1057 323; baseline -0.006 -11"><span class='ocrx_word' id='word_1_12' title='bbox 218 286 333 323; x_wconf 86' lang='lat' dir='ltr'>perierit.</span> <span class='ocrx_word' id='word_1_13' title='bbox 357 285 387 312; x_wconf 86' lang='lat' dir='ltr'>sr.</span> <span class='ocrx_word' id='word_1_14' title='bbox 407 287 430 311; x_wconf 86' lang='lat'>5.</span> <span class='ocrx_word' id='word_1_15' title='bbox 450 285 472 319; x_wconf 91' lang='lat'>9.</span> <span class='ocrx_word' id='word_1_16' title='bbox 493 286 515 311; x_wconf 88' lang='lat'>7.</span> <span class='ocrx_word' id='word_1_17' title='bbox 537 282 664 311; x_wconf 90' lang='lat' dir='ltr'>commod.</span> <span class='ocrx_word' id='word_1_18' title='bbox 685 284 724 308; x_wconf 91' lang='lat'>13.</span> <span class='ocrx_word' id='word_1_19' title='bbox 745 283 768 308; x_wconf 84' lang='grc'>6.</span> <span class='ocrx_word' id='word_1_20' title='bbox 790 281 820 308; x_wconf 86' lang='lat' dir='ltr'>cf.</span> <span class='ocrx_word' id='word_1_21' title='bbox 845 281 875 308; x_wconf 86' lang='lat' dir='ltr'>sr.</span> <span class='ocrx_word' id='word_1_22' title='bbox 897 284 919 308; x_wconf 84' lang='lat' dir='ltr'>l.</span> <span class='ocrx_word' id='word_1_23' title='bbox 939 282 960 315; x_wconf 86' lang='lat'>9.</span> <span class='ocrx_word' id='word_1_24' title='bbox 981 283 1005 308; x_wconf 81' lang='grc'>8.</span> <span class='ocrx_word' id='word_1_25' title='bbox 1025 281 1057 308; x_wconf 89' lang='lat' dir='ltr'>de</span> 
     </span>
     <span class='ocr_line' id='line_1_4' title="bbox 216 325 1056 354; baseline -0.005 0"><span class='ocrx_word' id='word_1_26' title='bbox 216 333 320 354; x_wconf 87' lang='lat' dir='ltr'>mortuo</span> <span class='ocrx_word' id='word_1_27' title='bbox 340 328 414 354; x_wconf 77' lang='lat' dir='ltr'>infer.</span> <span class='ocrx_word' id='word_1_28' title='bbox 436 330 475 354; x_wconf 91' lang='lat' dir='ltr'>ll.</span> <span class='ocrx_word' id='word_1_29' title='bbox 495 328 520 353; x_wconf 88' lang='grc'>8.</span> <span class='ocrx_word' id='word_1_30' title='bbox 557 327 586 353; x_wconf 92' lang='lat' dir='ltr'>Si</span> <span class='ocrx_word' id='word_1_31' title='bbox 605 336 709 352; x_wconf 83' lang='lat' dir='ltr'>servum</span> <span class='ocrx_word' id='word_1_32' title='bbox 729 325 776 351; x_wconf 89' lang='lat' dir='ltr'>tibi</span> <span class='ocrx_word' id='word_1_33' title='bbox 797 330 923 351; x_wconf 84' lang='lat' dir='ltr'>tectorem</span> <span class='ocrx_word' id='word_1_34' title='bbox 943 334 1056 350; x_wconf 87' lang='lat' dir='ltr'>commo-</span> 
     </span>
     <span class='ocr_line' id='line_1_5' title="bbox 216 366 1055 406; baseline -0.005 -9"><span class='ocrx_word' id='word_1_35' title='bbox 216 371 323 402; x_wconf 80' lang='lat' dir='ltr'>davero,</span> <span class='ocrx_word' id='word_1_36' title='bbox 343 376 371 397; x_wconf 88' lang='lat' dir='ltr'>ut</span> <span class='ocrx_word' id='word_1_37' title='bbox 390 372 416 397; x_wconf 87' lang='lat' dir='ltr'>in</span> <span class='ocrx_word' id='word_1_38' title='bbox 435 370 551 397; x_wconf 88' lang='lat' dir='ltr'>machina</span> <span class='ocrx_word' id='word_1_39' title='bbox 571 373 732 406; x_wconf 73' lang='lat' dir='ltr'>operaretur.</span> <span class='ocrx_word' id='word_1_40' title='bbox 753 384 784 387; x_wconf 97' lang='lat'><strong>—</strong></span> <span class='ocrx_word' id='word_1_41' title='bbox 810 367 852 400; x_wconf 83' lang='lat' dir='ltr'>Si,</span> <span class='ocrx_word' id='word_1_42' title='bbox 877 371 906 393; x_wconf 87' lang='lat' dir='ltr'>ut</span> <span class='ocrx_word' id='word_1_43' title='bbox 925 366 957 393; x_wconf 88' lang='lat' dir='ltr'>de</span> <span class='ocrx_word' id='word_1_44' title='bbox 976 367 1055 404; x_wconf 83' lang='lat' dir='ltr'>plano</span> 
     </span>
    </p>
   </div>
   <div class='ocr_carea' id='block_1_4' title="bbox 201 409 1056 2754">
    <p class='ocr_par' dir='ltr' id='par_1_4' title="bbox 213 409 1056 739">
     <span class='ocr_line' id='line_1_6' title="bbox 216 409 1055 451; baseline -0.007 -10"><span class='ocrx_word' id='word_1_45' title='bbox 216 423 283 451; x_wconf 83' lang='lat' dir='ltr'>opus</span> <span class='ocrx_word' id='word_1_46' title='bbox 304 413 409 440; x_wconf 83' lang='lat' dir='ltr'>faceret.</span> <span class='ocrx_word' id='word_1_47' title='bbox 429 413 459 439; x_wconf 85' lang='lat' dir='ltr'>fr.</span> <span class='ocrx_word' id='word_1_48' title='bbox 470 415 493 439; x_wconf 90' lang='lat'>5.</span> <span class='ocrx_word' id='word_1_49' title='bbox 514 413 536 446; x_wconf 83' lang='lat'>9.</span> <span class='ocrx_word' id='word_1_50' title='bbox 557 413 580 438; x_wconf 93' lang='lat'>7.</span> <span class='ocrx_word' id='word_1_51' title='bbox 600 411 615 437; x_wconf 94' lang='lat' dir='ltr'>l.</span> <span class='ocrx_word' id='word_1_52' title='bbox 637 412 677 437; x_wconf 88' lang='lat'>13.</span> <span class='ocrx_word' id='word_1_53' title='bbox 697 412 720 436; x_wconf 89' lang='grc'>6.</span> <span class='ocrx_word' id='word_1_54' title='bbox 757 410 850 442; x_wconf 79' lang='lat' dir='ltr'>Motae,</span> <span class='ocrx_word' id='word_1_55' title='bbox 869 414 895 436; x_wconf 85' lang='lat' dir='ltr'>et</span> <span class='ocrx_word' id='word_1_56' title='bbox 913 409 1055 440; x_wconf 77' lang='lat' dir='ltr'>machinae,</span> 
     </span>
     <span class='ocr_line' id='line_1_7' title="bbox 216 452 1056 493; baseline -0.006 -10"><span class='ocrx_word' id='word_1_57' title='bbox 216 455 329 488; x_wconf 82' lang='lat' dir='ltr'>foenum,</span> <span class='ocrx_word' id='word_1_58' title='bbox 349 455 475 493; x_wconf 85' lang='lat' dir='ltr'>stipulae,</span> <span class='ocrx_word' id='word_1_59' title='bbox 495 456 583 481; x_wconf 84' lang='lat' dir='ltr'>asinus</span> <span class='ocrx_word' id='word_1_60' title='bbox 603 453 789 485; x_wconf 81' lang='lat' dir='ltr'>machinarius,</span> <span class='ocrx_word' id='word_1_61' title='bbox 809 452 926 479; x_wconf 85' lang='lat' dir='ltr'>machina</span> <span class='ocrx_word' id='word_1_62' title='bbox 944 452 1056 478; x_wconf 83' lang='lat' dir='ltr'>frumen-</span> 
     </span>
     <span class='ocr_line' id='line_1_8' title="bbox 215 494 1053 533; baseline -0.006 -8"><span class='ocrx_word' id='word_1_63' title='bbox 215 500 280 525; x_wconf 83' lang='lat' dir='ltr'>taria</span> <span class='ocrx_word' id='word_1_64' title='bbox 300 504 348 525; x_wconf 85' lang='lat' dir='ltr'>etc.</span> <span class='ocrx_word' id='word_1_65' title='bbox 369 498 400 525; x_wconf 90' lang='lat' dir='ltr'>fr.</span> <span class='ocrx_word' id='word_1_66' title='bbox 421 500 460 524; x_wconf 73' lang='lat'>12.</span> <span class='ocrx_word' id='word_1_67' title='bbox 481 498 563 532; x_wconf 74' lang='lat'>910.</span> <span class='ocrx_word' id='word_1_68' title='bbox 588 496 621 523; x_wconf 88' lang='lat' dir='ltr'>de</span> <span class='ocrx_word' id='word_1_69' title='bbox 645 498 719 523; x_wconf 85' lang='lat' dir='ltr'>instr.</span> <span class='ocrx_word' id='word_1_70' title='bbox 744 496 793 533; x_wconf 82' lang='lat' dir='ltr'>leg.</span> <span class='ocrx_word' id='word_1_71' title='bbox 815 497 857 522; x_wconf 79' lang='lat'>33.</span> <span class='ocrx_word' id='word_1_72' title='bbox 877 497 900 521; x_wconf 91' lang='grc'>7.</span> <span class='ocrx_word' id='word_1_73' title='bbox 920 494 950 521; x_wconf 67' lang='lat' dir='ltr'>ct.</span> <span class='ocrx_word' id='word_1_74' title='bbox 980 494 1053 521; x_wconf 82' lang='lat' dir='ltr'><strong>Paul.</strong></span> 
     </span>
     <span class='ocr_line' id='line_1_9' title="bbox 215 537 1053 576; baseline -0.006 -8"><span class='ocrx_word' id='word_1_75' title='bbox 215 541 404 576; x_wconf 74' lang='lat'>111.6.§.64.</span> <span class='ocrx_word' id='word_1_76' title='bbox 425 557 457 561; x_wconf 83' lang='lat'>-—</span> <span class='ocrx_word' id='word_1_77' title='bbox 476 541 507 575; x_wconf 57' lang='grc' dir='ltr'>ᾖ.</span> <span class='ocrx_word' id='word_1_78' title='bbox 527 542 562 567; x_wconf 69' lang='lat'>2.</span> <span class='ocrx_word' id='word_1_79' title='bbox 585 541 805 570; x_wconf 78' lang='grc' dir='ltr'>Μαι-Ιιίιιαιίο,</span> <span class='ocrx_word' id='word_1_80' title='bbox 825 540 980 565; x_wconf 76' lang='lat' dir='ltr'>Insidiae.</span> <span class='ocrx_word' id='word_1_81' title='bbox 1012 537 1053 564; x_wconf 90' lang='grc'><strong>111.</strong></span> 
     </span>
     <span class='ocr_line' id='line_1_10' title="bbox 215 580 1054 616; baseline -0.007 -4"><span class='ocrx_word' id='word_1_82' title='bbox 215 586 282 612; x_wconf 73' lang='lat' dir='ltr'>Cn.</span> <span class='ocrx_word' id='word_1_83' title='bbox 302 584 413 611; x_wconf 84' lang='lat' dir='ltr'>Cunctis</span> <span class='ocrx_word' id='word_1_84' title='bbox 432 583 593 610; x_wconf 89' lang='lat' dir='ltr'>motionibus</span> <span class='ocrx_word' id='word_1_85' title='bbox 614 582 657 616; x_wconf 88' lang='lat' dir='ltr'>[al.</span> <span class='ocrx_word' id='word_1_86' title='bbox 671 581 863 614; x_wconf 84' lang='lat' dir='ltr'>molitionibus]</span> <span class='ocrx_word' id='word_1_87' title='bbox 883 585 909 607; x_wconf 83' lang='lat' dir='ltr'>et</span> <span class='ocrx_word' id='word_1_88' title='bbox 927 580 1054 607; x_wconf 87' lang='lat' dir='ltr'>machinis</span> 
     </span>
     <span class='ocr_line' id='line_1_11' title="bbox 215 622 1054 665; baseline -0.006 -11"><span class='ocrx_word' id='word_1_89' title='bbox 215 627 362 665; x_wconf 68' lang='lat' dir='ltr'>amputatis</span> <span class='ocrx_word' id='word_1_90' title='bbox 382 626 431 653; x_wconf 91' lang='lat' dir='ltr'>Th.</span> <span class='ocrx_word' id='word_1_91' title='bbox 447 625 477 652; x_wconf 90' lang='lat' dir='ltr'>C.</span> <span class='ocrx_word' id='word_1_92' title='bbox 492 625 522 652; x_wconf 92' lang='lat' dir='ltr'>ll.</span> <span class='ocrx_word' id='word_1_93' title='bbox 536 626 577 651; x_wconf 78' lang='lat'>26.</span> <span class='ocrx_word' id='word_1_94' title='bbox 598 635 619 651; x_wconf 89' lang='lat' dir='ltr'>c.</span> <span class='ocrx_word' id='word_1_95' title='bbox 634 628 657 651; x_wconf 95' lang='lat'>5.</span> <span class='ocrx_word' id='word_1_96' title='bbox 678 624 781 658; x_wconf 78' lang='lat' dir='ltr'>(ch.)</span> <span class='ocrx_word' id='word_1_97' title='bbox 800 624 844 650; x_wconf 87' lang='lat' dir='ltr'>fin.</span> <span class='ocrx_word' id='word_1_98' title='bbox 864 623 971 660; x_wconf 83' lang='lat' dir='ltr'>regund.</span> <span class='ocrx_word' id='word_1_99' title='bbox 994 622 1054 649; x_wconf 77' lang='lat' dir='ltr'>Non</span> 
     </span>
     <span class='ocr_line' id='line_1_12' title="bbox 214 665 1053 705; baseline -0.005 -9"><span class='ocrx_word' id='word_1_100' title='bbox 214 671 267 696; x_wconf 85' lang='lat' dir='ltr'>vita</span> <span class='ocrx_word' id='word_1_101' title='bbox 296 671 462 705; x_wconf 78' lang='lat' dir='ltr'>cuiusquam,</span> <span class='ocrx_word' id='word_1_102' title='bbox 491 678 544 694; x_wconf 88' lang='lat' dir='ltr'>non</span> <span class='ocrx_word' id='word_1_103' title='bbox 569 668 681 704; x_wconf 74' lang='lat' dir='ltr'>dignitas</span> <span class='ocrx_word' id='word_1_104' title='bbox 706 677 833 694; x_wconf 87' lang='lat' dir='ltr'>concussa</span> <span class='ocrx_word' id='word_1_105' title='bbox 857 666 898 692; x_wconf 91' lang='lat' dir='ltr'>his</span> <span class='ocrx_word' id='word_1_106' title='bbox 927 665 1053 692; x_wconf 87' lang='lat' dir='ltr'>machinis</span> 
     </span>
     <span class='ocr_line' id='line_1_13' title="bbox 213 708 888 739; baseline -0.004 -1"><span class='ocrx_word' id='word_1_107' title='bbox 213 711 355 739; x_wconf 77' lang='lat' dir='ltr'>vacillabit.</span> <span class='ocrx_word' id='word_1_108' title='bbox 376 711 412 737; x_wconf 93' lang='lat' dir='ltr'>lb.</span> <span class='ocrx_word' id='word_1_109' title='bbox 432 711 477 738; x_wconf 82' lang='lat' dir='ltr'>IX.</span> <span class='ocrx_word' id='word_1_110' title='bbox 496 712 538 737; x_wconf 81' lang='lat'>34.</span> <span class='ocrx_word' id='word_1_111' title='bbox 559 722 580 737; x_wconf 89' lang='lat' dir='ltr'>c.</span> <span class='ocrx_word' id='word_1_112' title='bbox 601 713 624 738; x_wconf 97' lang='lat'>5.</span> <span class='ocrx_word' id='word_1_113' title='bbox 645 711 677 738; x_wconf 88' lang='lat' dir='ltr'>de</span> <span class='ocrx_word' id='word_1_114' title='bbox 696 710 786 736; x_wconf 80' lang='lat' dir='ltr'>samoS.</span> <span class='ocrx_word' id='word_1_115' title='bbox 806 708 888 735; x_wconf 80' lang='lat' dir='ltr'>libell.</span> 
     </span>
    </p>

    <p class='ocr_par' dir='ltr' id='par_1_5' title="bbox 212 751 1054 909">
     <span class='ocr_line' id='line_1_14' title="bbox 247 751 1054 781; baseline -0.002 0"><span class='ocrx_word' id='word_1_116' title='bbox 247 754 611 781; x_wconf 78' lang='lat' dir='ltr'>Machinamentum.</span> <span class='ocrx_word' id='word_1_117' title='bbox 654 754 873 780; x_wconf 73' lang='lat' dir='ltr'>machinatio.</span> <span class='ocrx_word' id='word_1_118' title='bbox 919 751 962 778; x_wconf 90' lang='lat'>111.</span> <span class='ocrx_word' id='word_1_119' title='bbox 988 753 1054 780; x_wconf 80' lang='lat' dir='ltr'>Gn.</span> 
     </span>
     <span class='ocr_line' id='line_1_15' title="bbox 213 794 1054 829; baseline -0.002 -6"><span class='ocrx_word' id='word_1_120' title='bbox 213 796 315 823; x_wconf 78' lang='lat' dir='ltr'>Callida</span> <span class='ocrx_word' id='word_1_121' title='bbox 335 796 539 823; x_wconf 86' lang='lat' dir='ltr'>machinamenta</span> <span class='ocrx_word' id='word_1_122' title='bbox 564 797 776 829; x_wconf 76' lang='lat' dir='ltr'>commeantium,</span> <span class='ocrx_word' id='word_1_123' title='bbox 801 805 830 821; x_wconf 87' lang='lat' dir='ltr'>ac</span> <span class='ocrx_word' id='word_1_124' title='bbox 854 794 990 821; x_wconf 71' lang='lat' dir='ltr'>simulatae</span> <span class='ocrx_word' id='word_1_125' title='bbox 1009 795 1054 821; x_wconf 87' lang='lat' dir='ltr'>ob-</span> 
     </span>
     <span class='ocr_line' id='line_1_16' title="bbox 212 837 1052 876; baseline -0.001 -11"><span class='ocrx_word' id='word_1_126' title='bbox 212 840 369 866; x_wconf 82' lang='lat' dir='ltr'>servationis</span> <span class='ocrx_word' id='word_1_127' title='bbox 389 840 490 876; x_wconf 83' lang='lat' dir='ltr'>ingenia</span> <span class='ocrx_word' id='word_1_128' title='bbox 510 844 536 866; x_wconf 88' lang='lat' dir='ltr'>et</span> <span class='ocrx_word' id='word_1_129' title='bbox 555 839 658 866; x_wconf 78' lang='lat' dir='ltr'><strong>fraudes</strong></span> <span class='ocrx_word' id='word_1_130' title='bbox 683 838 861 876; x_wconf 75' lang='lat' dir='ltr'>(depellant.)</span> <span class='ocrx_word' id='word_1_131' title='bbox 889 838 926 865; x_wconf 89' lang='lat' dir='ltr'>Ib.</span> <span class='ocrx_word' id='word_1_132' title='bbox 946 837 991 865; x_wconf 81' lang='lat' dir='ltr'>VI.</span> <span class='ocrx_word' id='word_1_133' title='bbox 1010 840 1052 865; x_wconf 75' lang='lat'>29.</span> 
     </span>
     <span class='ocr_line' id='line_1_17' title="bbox 213 882 446 909; baseline 0 -1"><span class='ocrx_word' id='word_1_134' title='bbox 213 892 233 909; x_wconf 84' lang='lat' dir='ltr'>c.</span> <span class='ocrx_word' id='word_1_135' title='bbox 254 883 277 909; x_wconf 86' lang='lat'>6.</span> <span class='ocrx_word' id='word_1_136' title='bbox 298 882 330 908; x_wconf 83' lang='lat' dir='ltr'>de</span> <span class='ocrx_word' id='word_1_137' title='bbox 350 883 446 909; x_wconf 88' lang='lat' dir='ltr'>curios.</span> 
     </span>
    </p>

    <p class='ocr_par' dir='ltr' id='par_1_6' title="bbox 209 925 1052 1122">
     <span class='ocr_line' id='line_1_18' title="bbox 249 925 1052 960; baseline -0.001 -9"><span class='ocrx_word' id='word_1_138' title='bbox 249 925 477 952; x_wconf 77' lang='lat' dir='ltr'>Machinari.</span> <span class='ocrx_word' id='word_1_139' title='bbox 514 925 691 956; x_wconf 65' lang='lat' dir='ltr'>Insidiari,</span> <span class='ocrx_word' id='word_1_140' title='bbox 711 925 922 951; x_wconf 73' lang='lat' dir='ltr'>Comminisci</span> <span class='ocrx_word' id='word_1_141' title='bbox 943 925 1052 960; x_wconf 81' lang='lat' dir='ltr'>(frau-</span> 
     </span>
     <span class='ocr_line' id='line_1_19' title="bbox 210 966 1051 1003; baseline -0.001 -9"><span class='ocrx_word' id='word_1_142' title='bbox 210 970 285 998; x_wconf 85' lang='lat' dir='ltr'>des.)</span> <span class='ocrx_word' id='word_1_143' title='bbox 325 967 367 994; x_wconf 92' lang='lat' dir='ltr'>III.</span> <span class='ocrx_word' id='word_1_144' title='bbox 391 970 457 996; x_wconf 79' lang='lat' dir='ltr'>Cn.</span> <span class='ocrx_word' id='word_1_145' title='bbox 488 967 517 994; x_wconf 87' lang='lat' dir='ltr'>Si</span> <span class='ocrx_word' id='word_1_146' title='bbox 541 967 667 993; x_wconf 81' lang='lat' dir='ltr'>adversus</span> <span class='ocrx_word' id='word_1_147' title='bbox 687 966 790 993; x_wconf 81' lang='lat' dir='ltr'>hostem</span> <span class='ocrx_word' id='word_1_148' title='bbox 810 966 973 993; x_wconf 85' lang='lat' dir='ltr'>latronemve</span> <span class='ocrx_word' id='word_1_149' title='bbox 993 967 1051 1003; x_wconf 88' lang='lat' dir='ltr'>quis</span> 
     </span>
     <span class='ocr_line' id='line_1_20' title="bbox 209 1009 1052 1043; baseline -0.002 -6"><span class='ocrx_word' id='word_1_150' title='bbox 209 1010 380 1037; x_wconf 74' lang='lat' dir='ltr'>machinetur.</span> <span class='ocrx_word' id='word_1_151' title='bbox 404 1010 435 1037; x_wconf 78' lang='lat' dir='ltr'>fr.</span> <span class='ocrx_word' id='word_1_152' title='bbox 457 1012 478 1037; x_wconf 92' lang='lat' dir='ltr'>l.</span> <span class='ocrx_word' id='word_1_153' title='bbox 503 1010 524 1043; x_wconf 85' lang='lat'>9.</span> <span class='ocrx_word' id='word_1_154' title='bbox 544 1011 568 1036; x_wconf 88' lang='lat'>3.</span> <span class='ocrx_word' id='word_1_155' title='bbox 595 1009 628 1036; x_wconf 87' lang='lat' dir='ltr'>de</span> <span class='ocrx_word' id='word_1_156' title='bbox 647 1009 671 1036; x_wconf 90' lang='lat' dir='ltr'>d.</span> <span class='ocrx_word' id='word_1_157' title='bbox 691 1019 724 1036; x_wconf 86' lang='lat' dir='ltr'>m.</span> <span class='ocrx_word' id='word_1_158' title='bbox 744 1013 768 1036; x_wconf 71' lang='lat'>4.</span> <span class='ocrx_word' id='word_1_159' title='bbox 787 1012 810 1036; x_wconf 96' lang='lat'>3.</span> <span class='ocrx_word' id='word_1_160' title='bbox 848 1009 1004 1041; x_wconf 80' lang='lat' dir='ltr'>Machinari,</span> <span class='ocrx_word' id='word_1_161' title='bbox 1024 1014 1052 1035; x_wconf 91' lang='lat' dir='ltr'>ut</span> 
     </span>
     <span class='ocr_line' id='line_1_21' title="bbox 209 1052 1050 1079; baseline 0 0"><span class='ocrx_word' id='word_1_162' title='bbox 209 1067 244 1072; x_wconf 89' lang='lat'>—</span> <span class='ocrx_word' id='word_1_163' title='bbox 268 1053 403 1079; x_wconf 85' lang='lat' dir='ltr'>curialium</span> <span class='ocrx_word' id='word_1_164' title='bbox 429 1053 620 1079; x_wconf 79' lang='lat' dir='ltr'>nominationes</span> <span class='ocrx_word' id='word_1_165' title='bbox 645 1052 785 1079; x_wconf 84' lang='lat' dir='ltr'>declinent.</span> <span class='ocrx_word' id='word_1_166' title='bbox 817 1052 866 1079; x_wconf 84' lang='lat' dir='ltr'>Th.</span> <span class='ocrx_word' id='word_1_167' title='bbox 891 1052 922 1079; x_wconf 89' lang='lat' dir='ltr'>C.</span> <span class='ocrx_word' id='word_1_168' title='bbox 945 1052 1001 1079; x_wconf 82' lang='lat' dir='ltr'>XII.</span> <span class='ocrx_word' id='word_1_169' title='bbox 1028 1054 1050 1079; x_wconf 95' lang='lat' dir='ltr'>l.</span> 
     </span>
     <span class='ocr_line' id='line_1_22' title="bbox 211 1095 498 1122; baseline -0.003 -1"><span class='ocrx_word' id='word_1_170' title='bbox 211 1105 232 1122; x_wconf 88' lang='lat' dir='ltr'>c.</span> <span class='ocrx_word' id='word_1_171' title='bbox 251 1097 292 1122; x_wconf 87' lang='lat'>33.</span> <span class='ocrx_word' id='word_1_172' title='bbox 313 1095 345 1121; x_wconf 85' lang='lat' dir='ltr'>de</span> <span class='ocrx_word' id='word_1_173' title='bbox 365 1095 498 1122; x_wconf 69' lang='lat' dir='ltr'>docui-ion.</span> 
     </span>
    </p>

    <p class='ocr_par' dir='ltr' id='par_1_7' title="bbox 205 1137 1050 1517">
     <span class='ocr_line' id='line_1_23' title="bbox 244 1137 1050 1172; baseline 0 -7"><span class='ocrx_word' id='word_1_174' title='bbox 244 1137 516 1165; x_wconf 68' lang='lat' dir='ltr'>machinarius.</span> <span class='ocrx_word' id='word_1_175' title='bbox 536 1138 667 1171; x_wconf 79' lang='lat' dir='ltr'>(Adiect.)</span> <span class='ocrx_word' id='word_1_176' title='bbox 704 1139 735 1172; x_wconf 63' lang='grc' dir='ltr'><strong>ξ.</strong></span> <span class='ocrx_word' id='word_1_177' title='bbox 749 1139 783 1165; x_wconf 89' lang='grc'>1.</span> <span class='ocrx_word' id='word_1_178' title='bbox 804 1141 851 1165; x_wconf 77' lang='lat' dir='ltr'>Ad</span> <span class='ocrx_word' id='word_1_179' title='bbox 868 1140 1050 1165; x_wconf 77' lang='lat' dir='ltr'>machinam</span> 
     </span>
     <span class='ocr_line' id='line_1_24' title="bbox 209 1181 1050 1213; baseline 0.001 -7"><span class='ocrx_word' id='word_1_180' title='bbox 209 1182 398 1207; x_wconf 75' lang='lat' dir='ltr'>trahendam</span> <span class='ocrx_word' id='word_1_181' title='bbox 417 1182 533 1207; x_wconf 73' lang='lat' dir='ltr'>idonea</span> <span class='ocrx_word' id='word_1_182' title='bbox 542 1192 563 1207; x_wconf 79' lang='lat' dir='ltr'>s.</span> <span class='ocrx_word' id='word_1_183' title='bbox 601 1181 643 1207; x_wconf 86' lang='grc'><strong>111.</strong></span> <span class='ocrx_word' id='word_1_184' title='bbox 664 1182 730 1208; x_wconf 75' lang='lat' dir='ltr'>Gn.</span> <span class='ocrx_word' id='word_1_185' title='bbox 749 1181 842 1212; x_wconf 77' lang='lat' dir='ltr'>Mulae,</span> <span class='ocrx_word' id='word_1_186' title='bbox 863 1185 888 1207; x_wconf 88' lang='lat' dir='ltr'>et</span> <span class='ocrx_word' id='word_1_187' title='bbox 907 1181 1050 1213; x_wconf 74' lang='lat' dir='ltr'>machinae,</span> 
     </span>
     <span class='ocr_line' id='line_1_25' title="bbox 208 1222 1049 1255; baseline 0.002 -7"><span class='ocrx_word' id='word_1_188' title='bbox 208 1239 240 1244; x_wconf 90' lang='lat'>—</span> <span class='ocrx_word' id='word_1_189' title='bbox 259 1224 349 1249; x_wconf 84' lang='lat' dir='ltr'>asinus</span> <span class='ocrx_word' id='word_1_190' title='bbox 368 1222 552 1255; x_wconf 76' lang='lat' dir='ltr'>machinarius,</span> <span class='ocrx_word' id='word_1_191' title='bbox 574 1224 690 1250; x_wconf 87' lang='lat' dir='ltr'>machina</span> <span class='ocrx_word' id='word_1_192' title='bbox 710 1224 876 1250; x_wconf 76' lang='lat' dir='ltr'>frumentaria</span> <span class='ocrx_word' id='word_1_193' title='bbox 896 1229 944 1251; x_wconf 85' lang='lat' dir='ltr'>etc.</span> <span class='ocrx_word' id='word_1_194' title='bbox 964 1224 994 1251; x_wconf 77' lang='lat' dir='ltr'>fr.</span> <span class='ocrx_word' id='word_1_195' title='bbox 1010 1226 1049 1250; x_wconf 74' lang='lat'>12.</span> 
     </span>
     <span class='ocr_line' id='line_1_26' title="bbox 207 1265 1048 1303; baseline 0.001 -11"><span class='ocrx_word' id='word_1_196' title='bbox 207 1266 290 1300; x_wconf 81' lang='lat'>§.10.</span> <span class='ocrx_word' id='word_1_197' title='bbox 315 1265 348 1292; x_wconf 83' lang='lat' dir='ltr'>de</span> <span class='ocrx_word' id='word_1_198' title='bbox 371 1266 446 1292; x_wconf 84' lang='lat' dir='ltr'>instr.</span> <span class='ocrx_word' id='word_1_199' title='bbox 470 1265 519 1301; x_wconf 84' lang='lat' dir='ltr'>leg.</span> <span class='ocrx_word' id='word_1_200' title='bbox 538 1268 580 1293; x_wconf 86' lang='lat'>33.</span> <span class='ocrx_word' id='word_1_201' title='bbox 600 1268 622 1293; x_wconf 97' lang='lat'>7.</span> <span class='ocrx_word' id='word_1_202' title='bbox 648 1266 677 1293; x_wconf 86' lang='lat' dir='ltr'>fr.</span> <span class='ocrx_word' id='word_1_203' title='bbox 697 1268 738 1293; x_wconf 86' lang='grc'>60.</span> <span class='ocrx_word' id='word_1_204' title='bbox 763 1267 784 1301; x_wconf 87' lang='lat'>9.</span> <span class='ocrx_word' id='word_1_205' title='bbox 804 1269 829 1293; x_wconf 80' lang='lat'>3.</span> <span class='ocrx_word' id='word_1_206' title='bbox 855 1266 887 1293; x_wconf 89' lang='lat' dir='ltr'>de</span> <span class='ocrx_word' id='word_1_207' title='bbox 910 1266 986 1303; x_wconf 80' lang='lat' dir='ltr'>legat.</span> <span class='ocrx_word' id='word_1_208' title='bbox 1006 1266 1048 1293; x_wconf 92' lang='lat' dir='ltr'>III.</span> 
     </span>
     <span class='ocr_line' id='line_1_27' title="bbox 208 1309 1048 1344; baseline 0.002 -10"><span class='ocrx_word' id='word_1_209' title='bbox 208 1309 276 1342; x_wconf 83' lang='lat'>(32.)</span> <span class='ocrx_word' id='word_1_210' title='bbox 297 1324 323 1327; x_wconf 81' lang='lat'>—</span> <span class='ocrx_word' id='word_1_211' title='bbox 349 1309 378 1341; x_wconf 82' lang='lat'>§.</span> <span class='ocrx_word' id='word_1_212' title='bbox 398 1310 433 1334; x_wconf 73' lang='lat'>2.</span> <span class='ocrx_word' id='word_1_213' title='bbox 456 1310 637 1336; x_wconf 78' lang='lat' dir='ltr'>Modiorum</span> <span class='ocrx_word' id='word_1_214' title='bbox 654 1312 914 1342; x_wconf 77' lang='lat' dir='ltr'>exercendorum,</span> <span class='ocrx_word' id='word_1_215' title='bbox 931 1312 1048 1344; x_wconf 77' lang='lat' dir='ltr'>ponde-</span> 
     </span>
     <span class='ocr_line' id='line_1_28' title="bbox 207 1352 1048 1387; baseline 0.002 -10"><span class='ocrx_word' id='word_1_216' title='bbox 207 1353 298 1378; x_wconf 78' lang='lat' dir='ltr'>ribus</span> <span class='ocrx_word' id='word_1_217' title='bbox 334 1353 493 1378; x_wconf 75' lang='lat' dir='ltr'>adhibitis</span> <span class='ocrx_word' id='word_1_218' title='bbox 521 1358 549 1378; x_wconf 86' lang='lat' dir='ltr'>et</span> <span class='ocrx_word' id='word_1_219' title='bbox 577 1354 741 1384; x_wconf 80' lang='lat' dir='ltr'>machina,</span> <span class='ocrx_word' id='word_1_220' title='bbox 768 1355 906 1386; x_wconf 74' lang='lat' dir='ltr'>peritus.</span> <span class='ocrx_word' id='word_1_221' title='bbox 948 1352 967 1379; x_wconf 94' lang='lat' dir='ltr'>I.</span> <span class='ocrx_word' id='word_1_222' title='bbox 987 1353 1048 1387; x_wconf 78' lang='lat' dir='ltr'>Sy.</span> 
     </span>
     <span class='ocr_line' id='line_1_29' title="bbox 206 1393 1047 1431; baseline 0.001 -11"><span class='ocrx_word' id='word_1_223' title='bbox 206 1394 314 1420; x_wconf 83' lang='lat' dir='ltr'>Mensor</span> <span class='ocrx_word' id='word_1_224' title='bbox 333 1394 515 1420; x_wconf 62' lang='lat' dir='ltr'>machinarius</span> <span class='ocrx_word' id='word_1_225' title='bbox 548 1393 580 1420; x_wconf 84' lang='grc' dir='ltr'>Μ.</span> <span class='ocrx_word' id='word_1_226' title='bbox 601 1396 645 1431; x_wconf 91' lang='lat' dir='ltr'>qui</span> <span class='ocrx_word' id='word_1_227' title='bbox 665 1394 792 1421; x_wconf 74' lang='lat' dir='ltr'>frumenta</span> <span class='ocrx_word' id='word_1_228' title='bbox 811 1395 899 1422; x_wconf 85' lang='lat' dir='ltr'>modio</span> <span class='ocrx_word' id='word_1_229' title='bbox 919 1396 1047 1422; x_wconf 88' lang='lat' dir='ltr'>metiatur.</span> 
     </span>
     <span class='ocr_line' id='line_1_30' title="bbox 205 1436 1048 1471; baseline 0.002 -8"><span class='ocrx_word' id='word_1_230' title='bbox 205 1436 236 1463; x_wconf 85' lang='lat' dir='ltr'>fr.</span> <span class='ocrx_word' id='word_1_231' title='bbox 258 1439 280 1463; x_wconf 92' lang='lat'>7.</span> <span class='ocrx_word' id='word_1_232' title='bbox 305 1437 327 1471; x_wconf 86' lang='lat'>9.</span> <span class='ocrx_word' id='word_1_233' title='bbox 349 1438 371 1463; x_wconf 93' lang='grc' dir='ltr'>Ι.</span> <span class='ocrx_word' id='word_1_234' title='bbox 391 1438 413 1463; x_wconf 90' lang='lat' dir='ltr'>si</span> <span class='ocrx_word' id='word_1_235' title='bbox 432 1446 546 1463; x_wconf 79' lang='lat' dir='ltr'>mensor.</span> <span class='ocrx_word' id='word_1_236' title='bbox 567 1439 606 1463; x_wconf 89' lang='lat' dir='ltr'>ll.</span> <span class='ocrx_word' id='word_1_237' title='bbox 627 1439 650 1464; x_wconf 85' lang='lat'>6.</span> <span class='ocrx_word' id='word_1_238' title='bbox 681 1437 730 1464; x_wconf 92' lang='lat' dir='ltr'>Th.</span> <span class='ocrx_word' id='word_1_239' title='bbox 751 1437 782 1464; x_wconf 88' lang='lat' dir='ltr'>C.</span> <span class='ocrx_word' id='word_1_240' title='bbox 801 1438 847 1465; x_wconf 84' lang='lat' dir='ltr'>XI.</span> <span class='ocrx_word' id='word_1_241' title='bbox 867 1440 906 1464; x_wconf 87' lang='lat'>14.</span> <span class='ocrx_word' id='word_1_242' title='bbox 932 1449 952 1465; x_wconf 86' lang='lat' dir='ltr'>c.</span> <span class='ocrx_word' id='word_1_243' title='bbox 973 1440 995 1465; x_wconf 89' lang='lat' dir='ltr'>l.</span> <span class='ocrx_word' id='word_1_244' title='bbox 1016 1438 1048 1465; x_wconf 90' lang='lat' dir='ltr'>de</span> 
     </span>
     <span class='ocr_line' id='line_1_31' title="bbox 206 1479 500 1517; baseline -0.003 -11"><span class='ocrx_word' id='word_1_245' title='bbox 206 1479 282 1506; x_wconf 86' lang='lat' dir='ltr'>cond.</span> <span class='ocrx_word' id='word_1_246' title='bbox 302 1481 329 1506; x_wconf 91' lang='lat' dir='ltr'>in</span> <span class='ocrx_word' id='word_1_247' title='bbox 348 1479 409 1517; x_wconf 90' lang='lat' dir='ltr'>pub.</span> <span class='ocrx_word' id='word_1_248' title='bbox 430 1479 500 1506; x_wconf 83' lang='lat' dir='ltr'>horr.</span> 
     </span>
    </p>

    <p class='ocr_par' dir='ltr' id='par_1_8' title="bbox 204 1522 1047 1647">
     <span class='ocr_line' id='line_1_32' title="bbox 239 1522 1046 1559; baseline 0.004 -10"><span class='ocrx_word' id='word_1_249' title='bbox 239 1523 512 1549; x_wconf 75' lang='lat' dir='ltr'>MachinariuS·</span> <span class='ocrx_word' id='word_1_250' title='bbox 533 1522 649 1556; x_wconf 82' lang='lat' dir='ltr'>(Subst.)</span> <span class='ocrx_word' id='word_1_251' title='bbox 677 1525 739 1556; x_wconf 78' lang='lat' dir='ltr'>Qui</span> <span class='ocrx_word' id='word_1_252' title='bbox 758 1525 789 1550; x_wconf 84' lang='lat' dir='ltr'>in</span> <span class='ocrx_word' id='word_1_253' title='bbox 808 1526 957 1551; x_wconf 76' lang='lat' dir='ltr'>machina</span> <span class='ocrx_word' id='word_1_254' title='bbox 977 1535 1046 1559; x_wconf 86' lang='lat' dir='ltr'>ope-</span> 
     </span>
     <span class='ocr_line' id='line_1_33' title="bbox 204 1564 1047 1602; baseline 0.001 -10"><span class='ocrx_word' id='word_1_255' title='bbox 204 1572 311 1592; x_wconf 81' lang='lat' dir='ltr'>ratur.</span> <span class='ocrx_word' id='word_1_256' title='bbox 349 1565 391 1591; x_wconf 91' lang='lat' dir='ltr'>lll.</span> <span class='ocrx_word' id='word_1_257' title='bbox 412 1567 478 1593; x_wconf 71' lang='grc' dir='ltr'><strong>(7η.</strong></span> <span class='ocrx_word' id='word_1_258' title='bbox 499 1564 528 1591; x_wconf 93' lang='lat' dir='ltr'>Si</span> <span class='ocrx_word' id='word_1_259' title='bbox 547 1570 665 1602; x_wconf 84' lang='lat' dir='ltr'>putator‚</span> <span class='ocrx_word' id='word_1_260' title='bbox 685 1582 717 1585; x_wconf 98' lang='lat'><strong>—</strong></span> <span class='ocrx_word' id='word_1_261' title='bbox 737 1566 779 1593; x_wconf 80' lang='lat' dir='ltr'>vel</span> <span class='ocrx_word' id='word_1_262' title='bbox 797 1567 980 1599; x_wconf 77' lang='lat' dir='ltr'>machinarius⁷</span> <span class='ocrx_word' id='word_1_263' title='bbox 1000 1567 1047 1593; x_wconf 90' lang='lat' dir='ltr'>ho-</span> 
     </span>
     <span class='ocr_line' id='line_1_34' title="bbox 204 1608 1024 1647; baseline 0.004 -13"><span class='ocrx_word' id='word_1_264' title='bbox 204 1609 299 1634; x_wconf 87' lang='lat' dir='ltr'>minem</span> <span class='ocrx_word' id='word_1_265' title='bbox 318 1613 527 1645; x_wconf 73' lang='lat' dir='ltr'>praetereuntem</span> <span class='ocrx_word' id='word_1_266' title='bbox 546 1608 650 1635; x_wconf 86' lang='lat' dir='ltr'>occidit.</span> <span class='ocrx_word' id='word_1_267' title='bbox 671 1608 701 1635; x_wconf 77' lang='lat' dir='ltr'>fr.</span> <span class='ocrx_word' id='word_1_268' title='bbox 715 1610 757 1635; x_wconf 87' lang='lat'>31.</span> <span class='ocrx_word' id='word_1_269' title='bbox 777 1609 809 1635; x_wconf 90' lang='lat' dir='ltr'>ad</span> <span class='ocrx_word' id='word_1_270' title='bbox 828 1609 857 1636; x_wconf 92' lang='lat' dir='ltr'>L.</span> <span class='ocrx_word' id='word_1_271' title='bbox 878 1610 947 1647; x_wconf 89' lang='lat' dir='ltr'>Aqu.</span> <span class='ocrx_word' id='word_1_272' title='bbox 962 1612 984 1637; x_wconf 92' lang='lat'>9.</span> <span class='ocrx_word' id='word_1_273' title='bbox 999 1613 1024 1636; x_wconf 76' lang='lat'>2.</span> 
     </span>
    </p>

    <p class='ocr_par' dir='ltr' id='par_1_9' title="bbox 202 1651 1045 2061">
     <span class='ocr_line' id='line_1_35' title="bbox 240 1651 1044 1687; baseline 0.002 -10"><span class='ocrx_word' id='word_1_274' title='bbox 240 1651 485 1678; x_wconf 76' lang='lat' dir='ltr'>Machinatio.</span> <span class='ocrx_word' id='word_1_275' title='bbox 522 1653 629 1678; x_wconf 76' lang='lat' dir='ltr'>Fraus</span> <span class='ocrx_word' id='word_1_276' title='bbox 653 1654 863 1687; x_wconf 71' lang='lat' dir='ltr'>excogitata,</span> <span class='ocrx_word' id='word_1_277' title='bbox 888 1655 1044 1680; x_wconf 64' lang='lat' dir='ltr'>Insidiae.</span> 
     </span>
     <span class='ocr_line' id='line_1_36' title="bbox 204 1693 1044 1728; baseline 0.005 -9"><span class='ocrx_word' id='word_1_278' title='bbox 204 1693 222 1719; x_wconf 90' lang='grc' dir='ltr'>Ι.</span> <span class='ocrx_word' id='word_1_279' title='bbox 240 1694 301 1728; x_wconf 74' lang='lat' dir='ltr'>Sy.</span> <span class='ocrx_word' id='word_1_280' title='bbox 324 1693 411 1720; x_wconf 67' lang='lat' dir='ltr'>Artes</span> <span class='ocrx_word' id='word_1_281' title='bbox 437 1693 478 1720; x_wconf 80' lang='lat' dir='ltr'>Cf.</span> <span class='ocrx_word' id='word_1_282' title='bbox 498 1703 522 1720; x_wconf 87' lang='lat' dir='ltr'>v.</span> <span class='ocrx_word' id='word_1_283' title='bbox 542 1694 602 1720; x_wconf 81' lang='lat' dir='ltr'>Ars.</span> <span class='ocrx_word' id='word_1_284' title='bbox 623 1695 644 1728; x_wconf 83' lang='lat'>9.</span> <span class='ocrx_word' id='word_1_285' title='bbox 665 1696 688 1720; x_wconf 77' lang='lat'>2.</span> <span class='ocrx_word' id='word_1_286' title='bbox 714 1695 809 1722; x_wconf 89' lang='lat' dir='ltr'>Dolus.</span> <span class='ocrx_word' id='word_1_287' title='bbox 835 1695 876 1722; x_wconf 89' lang='lat' dir='ltr'>Cf.</span> <span class='ocrx_word' id='word_1_288' title='bbox 896 1696 921 1722; x_wconf 90' lang='lat' dir='ltr'>h.</span> <span class='ocrx_word' id='word_1_289' title='bbox 942 1706 965 1723; x_wconf 88' lang='lat' dir='ltr'>v.</span> <span class='ocrx_word' id='word_1_290' title='bbox 1002 1695 1044 1722; x_wconf 87' lang='grc'><strong>111.</strong></span> 
     </span>
     <span class='ocr_line' id='line_1_37' title="bbox 205 1736 1045 1776; baseline 0.004 -14"><span class='ocrx_word' id='word_1_291' title='bbox 205 1737 272 1763; x_wconf 73' lang='lat' dir='ltr'>Cn.</span> <span class='ocrx_word' id='word_1_292' title='bbox 303 1736 459 1762; x_wconf 79' lang='lat' dir='ltr'>Machinatio</span> <span class='ocrx_word' id='word_1_293' title='bbox 492 1736 618 1773; x_wconf 78' lang='lat' dir='ltr'>quaedam</span> <span class='ocrx_word' id='word_1_294' title='bbox 646 1736 753 1764; x_wconf 86' lang='lat' dir='ltr'>alterius</span> <span class='ocrx_word' id='word_1_295' title='bbox 781 1738 930 1776; x_wconf 87' lang='lat' dir='ltr'>decipiendi</span> <span class='ocrx_word' id='word_1_296' title='bbox 959 1749 1045 1766; x_wconf 86' lang='lat' dir='ltr'>causa.</span> 
     </span>
     <span class='ocr_line' id='line_1_38' title="bbox 205 1777 1044 1814; baseline 0.004 -10"><span class='ocrx_word' id='word_1_297' title='bbox 205 1788 263 1804; x_wconf 88' lang='lat' dir='ltr'>cum</span> <span class='ocrx_word' id='word_1_298' title='bbox 282 1777 351 1804; x_wconf 85' lang='lat' dir='ltr'>aliud</span> <span class='ocrx_word' id='word_1_299' title='bbox 376 1778 514 1805; x_wconf 87' lang='lat' dir='ltr'>simulatur</span> <span class='ocrx_word' id='word_1_300' title='bbox 533 1784 558 1805; x_wconf 86' lang='lat' dir='ltr'>et</span> <span class='ocrx_word' id='word_1_301' title='bbox 578 1779 648 1806; x_wconf 88' lang='lat' dir='ltr'>aliud</span> <span class='ocrx_word' id='word_1_302' title='bbox 667 1781 758 1814; x_wconf 75' lang='lat' dir='ltr'>agitur.</span> <span class='ocrx_word' id='word_1_303' title='bbox 783 1780 813 1807; x_wconf 88' lang='lat' dir='ltr'>sr.</span> <span class='ocrx_word' id='word_1_304' title='bbox 837 1783 858 1807; x_wconf 89' lang='lat' dir='ltr'>l.</span> <span class='ocrx_word' id='word_1_305' title='bbox 883 1781 905 1814; x_wconf 86' lang='lat'>9.</span> <span class='ocrx_word' id='word_1_306' title='bbox 924 1784 949 1807; x_wconf 81' lang='lat'>2.</span> <span class='ocrx_word' id='word_1_307' title='bbox 969 1781 1001 1807; x_wconf 84' lang='lat' dir='ltr'>de</span> <span class='ocrx_word' id='word_1_308' title='bbox 1020 1781 1044 1807; x_wconf 90' lang='lat' dir='ltr'>d.</span> 
     </span>
     <span class='ocr_line' id='line_1_39' title="bbox 203 1821 1044 1854; baseline 0.004 -8"><span class='ocrx_word' id='word_1_309' title='bbox 203 1830 236 1847; x_wconf 85' lang='lat' dir='ltr'>m.</span> <span class='ocrx_word' id='word_1_310' title='bbox 263 1822 287 1847; x_wconf 78' lang='lat'>4.</span> <span class='ocrx_word' id='word_1_311' title='bbox 311 1822 335 1847; x_wconf 97' lang='lat'>3.</span> <span class='ocrx_word' id='word_1_312' title='bbox 360 1821 390 1847; x_wconf 80' lang='lat' dir='ltr'>fr.</span> <span class='ocrx_word' id='word_1_313' title='bbox 415 1823 456 1848; x_wconf 80' lang='lat'>36.</span> <span class='ocrx_word' id='word_1_314' title='bbox 483 1821 515 1848; x_wconf 79' lang='lat' dir='ltr'>de</span> <span class='ocrx_word' id='word_1_315' title='bbox 539 1821 570 1848; x_wconf 90' lang='lat' dir='ltr'>V.</span> <span class='ocrx_word' id='word_1_316' title='bbox 591 1821 623 1848; x_wconf 92' lang='grc' dir='ltr'>Ο.</span> <span class='ocrx_word' id='word_1_317' title='bbox 649 1824 689 1853; x_wconf 71' lang='lat'>45.</span> <span class='ocrx_word' id='word_1_318' title='bbox 711 1825 733 1849; x_wconf 91' lang='lat' dir='ltr'>l.</span> <span class='ocrx_word' id='word_1_319' title='bbox 775 1823 876 1849; x_wconf 81' lang='lat' dir='ltr'>Similia</span> <span class='ocrx_word' id='word_1_320' title='bbox 899 1823 1044 1854; x_wconf 79' lang='lat' dir='ltr'>admittere.</span> 
     </span>
     <span class='ocr_line' id='line_1_40' title="bbox 203 1864 1043 1901; baseline 0.004 -12"><span class='ocrx_word' id='word_1_321' title='bbox 203 1873 270 1900; x_wconf 84' lang='lat' dir='ltr'>quae</span> <span class='ocrx_word' id='word_1_322' title='bbox 288 1873 340 1889; x_wconf 90' lang='lat' dir='ltr'>non</span> <span class='ocrx_word' id='word_1_323' title='bbox 361 1873 476 1899; x_wconf 78' lang='lat' dir='ltr'>magnam</span> <span class='ocrx_word' id='word_1_324' title='bbox 495 1864 713 1891; x_wconf 79' lang='lat' dir='ltr'>machinationem</span> <span class='ocrx_word' id='word_1_325' title='bbox 733 1866 847 1901; x_wconf 75' lang='lat' dir='ltr'>exigunt.</span> <span class='ocrx_word' id='word_1_326' title='bbox 868 1865 897 1892; x_wconf 84' lang='lat' dir='ltr'>sr.</span> <span class='ocrx_word' id='word_1_327' title='bbox 914 1868 952 1892; x_wconf 86' lang='lat'>14.</span> <span class='ocrx_word' id='word_1_328' title='bbox 973 1866 1005 1892; x_wconf 86' lang='lat' dir='ltr'>de</span> <span class='ocrx_word' id='word_1_329' title='bbox 1019 1866 1043 1892; x_wconf 93' lang='lat' dir='ltr'>d.</span> 
     </span>
     <span class='ocr_line' id='line_1_41' title="bbox 202 1906 1043 1935; baseline 0.004 -3"><span class='ocrx_word' id='word_1_330' title='bbox 202 1916 236 1932; x_wconf 91' lang='lat' dir='ltr'>m.</span> <span class='ocrx_word' id='word_1_331' title='bbox 256 1907 279 1932; x_wconf 82' lang='lat'>4.</span> <span class='ocrx_word' id='word_1_332' title='bbox 299 1908 323 1932; x_wconf 87' lang='grc'>3,</span> <span class='ocrx_word' id='word_1_333' title='bbox 361 1906 462 1932; x_wconf 87' lang='lat' dir='ltr'>Dolosa</span> <span class='ocrx_word' id='word_1_334' title='bbox 481 1917 554 1933; x_wconf 87' lang='lat' dir='ltr'>mens</span> <span class='ocrx_word' id='word_1_335' title='bbox 574 1912 599 1933; x_wconf 83' lang='lat' dir='ltr'>et.</span> <span class='ocrx_word' id='word_1_336' title='bbox 619 1907 771 1934; x_wconf 84' lang='lat' dir='ltr'>abscondita</span> <span class='ocrx_word' id='word_1_337' title='bbox 790 1908 955 1935; x_wconf 83' lang='lat' dir='ltr'>machinatio.</span> <span class='ocrx_word' id='word_1_338' title='bbox 978 1919 1000 1935; x_wconf 92' lang='lat' dir='ltr'>c.</span> <span class='ocrx_word' id='word_1_339' title='bbox 1019 1910 1043 1935; x_wconf 86' lang='grc'>4.</span> 
     </span>
     <span class='ocr_line' id='line_1_42' title="bbox 202 1948 1043 1987; baseline 0.005 -13"><span class='ocrx_word' id='word_1_340' title='bbox 202 1949 225 1983; x_wconf 82' lang='lat'>9.</span> <span class='ocrx_word' id='word_1_341' title='bbox 246 1951 268 1975; x_wconf 92' lang='lat'>1.</span> <span class='ocrx_word' id='word_1_342' title='bbox 289 1949 321 1975; x_wconf 84' lang='lat' dir='ltr'>dc</span> <span class='ocrx_word' id='word_1_343' title='bbox 339 1948 447 1985; x_wconf 76' lang='lat' dir='ltr'>litigios.</span> <span class='ocrx_word' id='word_1_344' title='bbox 462 1950 486 1975; x_wconf 86' lang='lat'>8.</span> <span class='ocrx_word' id='word_1_345' title='bbox 505 1951 546 1976; x_wconf 88' lang='lat'>37.</span> <span class='ocrx_word' id='word_1_346' title='bbox 583 1949 613 1977; x_wconf 92' lang='lat' dir='ltr'>L.</span> <span class='ocrx_word' id='word_1_347' title='bbox 633 1950 712 1987; x_wconf 86' lang='lat' dir='ltr'>Papia</span> <span class='ocrx_word' id='word_1_348' title='bbox 732 1952 771 1977; x_wconf 89' lang='lat' dir='ltr'>ius</span> <span class='ocrx_word' id='word_1_349' title='bbox 791 1951 926 1987; x_wconf 84' lang='lat' dir='ltr'>antiquum</span> <span class='ocrx_word' id='word_1_350' title='bbox 940 1967 970 1971; x_wconf 94' lang='lat'>—-</span> <span class='ocrx_word' id='word_1_351' title='bbox 988 1952 1043 1978; x_wconf 86' lang='lat' dir='ltr'>suis</span> 
     </span>
     <span class='ocr_line' id='line_1_43' title="bbox 202 1991 1042 2031; baseline 0.005 -15"><span class='ocrx_word' id='word_1_352' title='bbox 202 1991 440 2018; x_wconf 82' lang='lat' dir='ltr'>machinationibus</span> <span class='ocrx_word' id='word_1_353' title='bbox 465 1997 489 2018; x_wconf 87' lang='lat' dir='ltr'>et</span> <span class='ocrx_word' id='word_1_354' title='bbox 514 1994 641 2029; x_wconf 85' lang='lat' dir='ltr'>angustiis</span> <span class='ocrx_word' id='word_1_355' title='bbox 665 1993 882 2020; x_wconf 82' lang='lat' dir='ltr'>circumcludens.</span> <span class='ocrx_word' id='word_1_356' title='bbox 907 2004 929 2020; x_wconf 90' lang='lat' dir='ltr'>c.</span> <span class='ocrx_word' id='word_1_357' title='bbox 955 1995 977 2020; x_wconf 93' lang='lat'>1.</span> <span class='ocrx_word' id='word_1_358' title='bbox 1003 2005 1042 2031; x_wconf 89' lang='lat' dir='ltr'>pr.</span> 
     </span>
     <span class='ocr_line' id='line_1_44' title="bbox 203 2033 520 2061; baseline 0.003 -1"><span class='ocrx_word' id='word_1_359' title='bbox 203 2033 235 2060; x_wconf 89' lang='lat' dir='ltr'>de</span> <span class='ocrx_word' id='word_1_360' title='bbox 255 2034 344 2060; x_wconf 89' lang='lat' dir='ltr'>cadnc.</span> <span class='ocrx_word' id='word_1_361' title='bbox 364 2034 421 2060; x_wconf 79' lang='lat' dir='ltr'>toll.</span> <span class='ocrx_word' id='word_1_362' title='bbox 435 2036 458 2061; x_wconf 87' lang='lat'>6.</span> <span class='ocrx_word' id='word_1_363' title='bbox 479 2037 520 2061; x_wconf 85' lang='lat'>51.</span> 
     </span>
    </p>

    <p class='ocr_par' dir='ltr' id='par_1_10' title="bbox 202 2077 1042 2325">
     <span class='ocr_line' id='line_1_45' title="bbox 236 2077 1042 2114; baseline 0.005 -11"><span class='ocrx_word' id='word_1_364' title='bbox 236 2077 486 2105; x_wconf 78' lang='lat' dir='ltr'>Machinator.</span> <span class='ocrx_word' id='word_1_365' title='bbox 530 2079 733 2105; x_wconf 80' lang='lat' dir='ltr'>lnsidiarnm</span> <span class='ocrx_word' id='word_1_366' title='bbox 758 2085 885 2106; x_wconf 77' lang='lat' dir='ltr'>auctor.</span> <span class='ocrx_word' id='word_1_367' title='bbox 921 2079 952 2106; x_wconf 90' lang='grc'>11.</span> <span class='ocrx_word' id='word_1_368' title='bbox 975 2081 1042 2114; x_wconf 71' lang='lat' dir='ltr'>Op.</span> 
     </span>
     <span class='ocr_line' id='line_1_46' title="bbox 202 2117 1041 2158; baseline 0.006 -14"><span class='ocrx_word' id='word_1_369' title='bbox 202 2117 346 2157; x_wconf 80' lang='lat' dir='ltr'>participes</span> <span class='ocrx_word' id='word_1_370' title='bbox 365 2124 391 2146; x_wconf 86' lang='lat' dir='ltr'>et</span> <span class='ocrx_word' id='word_1_371' title='bbox 409 2121 530 2147; x_wconf 87' lang='lat' dir='ltr'>ministri.</span> <span class='ocrx_word' id='word_1_372' title='bbox 549 2135 583 2140; x_wconf 90' lang='lat'>—</span> <span class='ocrx_word' id='word_1_373' title='bbox 601 2121 661 2158; x_wconf 85' lang='lat' dir='ltr'>Ipse</span> <span class='ocrx_word' id='word_1_374' title='bbox 680 2122 848 2149; x_wconf 81' lang='lat' dir='ltr'>machinator.</span> <span class='ocrx_word' id='word_1_375' title='bbox 869 2122 918 2149; x_wconf 94' lang='lat' dir='ltr'>Th.</span> <span class='ocrx_word' id='word_1_376' title='bbox 930 2122 959 2149; x_wconf 89' lang='lat' dir='ltr'>C.</span> <span class='ocrx_word' id='word_1_377' title='bbox 971 2122 1041 2149; x_wconf 65' lang='lat' dir='ltr'>XVI.</span> 
     </span>
     <span class='ocr_line' id='line_1_47' title="bbox 202 2162 1042 2192; baseline 0.006 -5"><span class='ocrx_word' id='word_1_378' title='bbox 202 2163 226 2187; x_wconf 89' lang='lat'>5.</span> <span class='ocrx_word' id='word_1_379' title='bbox 252 2172 272 2188; x_wconf 89' lang='lat' dir='ltr'>c.</span> <span class='ocrx_word' id='word_1_380' title='bbox 291 2164 332 2188; x_wconf 88' lang='lat'>53.</span> <span class='ocrx_word' id='word_1_381' title='bbox 357 2162 389 2189; x_wconf 86' lang='lat' dir='ltr'>de</span> <span class='ocrx_word' id='word_1_382' title='bbox 413 2163 535 2190; x_wconf 80' lang='lat' dir='ltr'>haeretic.</span> <span class='ocrx_word' id='word_1_383' title='bbox 578 2163 620 2191; x_wconf 91' lang='lat' dir='ltr'>III.</span> <span class='ocrx_word' id='word_1_384' title='bbox 645 2166 711 2192; x_wconf 74' lang='lat' dir='ltr'>Gn.</span> <span class='ocrx_word' id='word_1_385' title='bbox 741 2164 885 2191; x_wconf 88' lang='lat' dir='ltr'>Tantorum</span> <span class='ocrx_word' id='word_1_386' title='bbox 913 2165 1042 2192; x_wconf 85' lang='lat' dir='ltr'>scelerum</span> 
     </span>
     <span class='ocr_line' id='line_1_48' title="bbox 202 2203 1042 2241; baseline 0.007 -12"><span class='ocrx_word' id='word_1_387' title='bbox 202 2203 400 2232; x_wconf 84' lang='lat' dir='ltr'>machinatores.</span> <span class='ocrx_word' id='word_1_388' title='bbox 420 2206 457 2232; x_wconf 88' lang='lat' dir='ltr'>lb.</span> <span class='ocrx_word' id='word_1_389' title='bbox 477 2206 532 2233; x_wconf 85' lang='lat' dir='ltr'>Vll.</span> <span class='ocrx_word' id='word_1_390' title='bbox 554 2208 592 2233; x_wconf 96' lang='lat' dir='ltr'>l9.</span> <span class='ocrx_word' id='word_1_391' title='bbox 614 2217 635 2233; x_wconf 84' lang='lat' dir='ltr'>c.</span> <span class='ocrx_word' id='word_1_392' title='bbox 657 2209 678 2233; x_wconf 93' lang='lat'>1.</span> <span class='ocrx_word' id='word_1_393' title='bbox 699 2208 720 2241; x_wconf 86' lang='lat'>9.</span> <span class='ocrx_word' id='word_1_394' title='bbox 739 2210 763 2234; x_wconf 80' lang='lat'>2.</span> <span class='ocrx_word' id='word_1_395' title='bbox 784 2207 816 2234; x_wconf 87' lang='lat' dir='ltr'>de</span> <span class='ocrx_word' id='word_1_396' title='bbox 835 2207 964 2235; x_wconf 85' lang='lat' dir='ltr'>Saturian.</span> <span class='ocrx_word' id='word_1_397' title='bbox 992 2208 1042 2235; x_wconf 84' lang='lat' dir='ltr'>Ha-</span> 
     </span>
     <span class='ocr_line' id='line_1_49' title="bbox 203 2246 1038 2286; baseline 0.007 -14"><span class='ocrx_word' id='word_1_398' title='bbox 203 2256 260 2272; x_wconf 85' lang='lat' dir='ltr'>rum</span> <span class='ocrx_word' id='word_1_399' title='bbox 283 2246 471 2275; x_wconf 79' lang='lat' dir='ltr'>machinatores</span> <span class='ocrx_word' id='word_1_400' title='bbox 496 2249 658 2286; x_wconf 77' lang='lat' dir='ltr'>praedarum.</span> <span class='ocrx_word' id='word_1_401' title='bbox 691 2249 728 2276; x_wconf 94' lang='lat' dir='ltr'>Ib.</span> <span class='ocrx_word' id='word_1_402' title='bbox 747 2250 780 2276; x_wconf 82' lang='lat' dir='ltr'>X.</span> <span class='ocrx_word' id='word_1_403' title='bbox 803 2253 846 2277; x_wconf 69' lang='lat'>24.</span> <span class='ocrx_word' id='word_1_404' title='bbox 871 2261 892 2277; x_wconf 94' lang='lat' dir='ltr'>c.</span> <span class='ocrx_word' id='word_1_405' title='bbox 911 2253 935 2278; x_wconf 90' lang='lat'>3.</span> <span class='ocrx_word' id='word_1_406' title='bbox 963 2251 995 2278; x_wconf 88' lang='lat' dir='ltr'>de</span> <span class='ocrx_word' id='word_1_407' title='bbox 1014 2251 1038 2278; x_wconf 92' lang='lat' dir='ltr'>h.</span> 
     </span>
     <span class='ocr_line' id='line_1_50' title="bbox 203 2288 376 2325; baseline -0.006 -10"><span class='ocrx_word' id='word_1_408' title='bbox 203 2299 247 2325; x_wconf 86' lang='lat' dir='ltr'>qu.</span> <span class='ocrx_word' id='word_1_409' title='bbox 268 2299 288 2315; x_wconf 90' lang='lat' dir='ltr'>c.</span> <span class='ocrx_word' id='word_1_410' title='bbox 309 2288 376 2325; x_wconf 84' lang='lat' dir='ltr'>disp.</span> 
     </span>
    </p>

    <p class='ocr_par' dir='ltr' id='par_1_11' title="bbox 202 2331 1041 2454">
     <span class='ocr_line' id='line_1_51' title="bbox 237 2331 1041 2368; baseline 0.007 -12"><span class='ocrx_word' id='word_1_411' title='bbox 237 2331 391 2358; x_wconf 67' lang='lat' dir='ltr'>macie..</span> <span class='ocrx_word' id='word_1_412' title='bbox 429 2335 585 2368; x_wconf 73' lang='lat' dir='ltr'>Corporis</span> <span class='ocrx_word' id='word_1_413' title='bbox 604 2337 803 2361; x_wconf 74' lang='lat' dir='ltr'>extenuatio.</span> <span class='ocrx_word' id='word_1_414' title='bbox 841 2335 883 2362; x_wconf 85' lang='lat' dir='ltr'>III.</span> <span class='ocrx_word' id='word_1_415' title='bbox 904 2337 970 2364; x_wconf 71' lang='lat' dir='ltr'>Cn.</span> <span class='ocrx_word' id='word_1_416' title='bbox 995 2336 1041 2362; x_wconf 84' lang='lat' dir='ltr'>Mi-</span> 
     </span>
     <span class='ocr_line' id='line_1_52' title="bbox 203 2374 1039 2415; baseline 0.007 -16"><span class='ocrx_word' id='word_1_417' title='bbox 203 2374 311 2400; x_wconf 75' lang='lat' dir='ltr'>seranda</span> <span class='ocrx_word' id='word_1_418' title='bbox 331 2375 435 2407; x_wconf 82' lang='lat' dir='ltr'>macies,</span> <span class='ocrx_word' id='word_1_419' title='bbox 455 2382 479 2402; x_wconf 83' lang='lat' dir='ltr'>et</span> <span class='ocrx_word' id='word_1_420' title='bbox 493 2377 597 2404; x_wconf 80' lang='lat' dir='ltr'>lethalis</span> <span class='ocrx_word' id='word_1_421' title='bbox 611 2379 774 2415; x_wconf 87' lang='lat' dir='ltr'>pereuntium</span> <span class='ocrx_word' id='word_1_422' title='bbox 788 2378 881 2415; x_wconf 85' lang='lat' dir='ltr'>pallor.</span> <span class='ocrx_word' id='word_1_423' title='bbox 901 2378 967 2405; x_wconf 75' lang='lat' dir='ltr'>Nov.</span> <span class='ocrx_word' id='word_1_424' title='bbox 982 2379 1039 2406; x_wconf 66' lang='lat' dir='ltr'>val.</span> 
     </span>
     <span class='ocr_line' id='line_1_53' title="bbox 202 2417 730 2454; baseline 0.008 -11"><span class='ocrx_word' id='word_1_425' title='bbox 202 2417 245 2443; x_wconf 85' lang='lat' dir='ltr'>III.</span> <span class='ocrx_word' id='word_1_426' title='bbox 265 2417 297 2443; x_wconf 88' lang='lat' dir='ltr'>de</span> <span class='ocrx_word' id='word_1_427' title='bbox 316 2421 415 2453; x_wconf 85' lang='lat' dir='ltr'>parent.</span> <span class='ocrx_word' id='word_1_428' title='bbox 437 2428 478 2454; x_wconf 90' lang='lat' dir='ltr'>qu.</span> <span class='ocrx_word' id='word_1_429' title='bbox 498 2419 534 2446; x_wconf 90' lang='lat' dir='ltr'>fil.</span> <span class='ocrx_word' id='word_1_430' title='bbox 554 2420 583 2446; x_wconf 89' lang='grc'>11.</span> <span class='ocrx_word' id='word_1_431' title='bbox 603 2422 644 2447; x_wconf 81' lang='lat'>33.</span> <span class='ocrx_word' id='word_1_432' title='bbox 666 2431 686 2447; x_wconf 83' lang='lat' dir='ltr'>c.</span> <span class='ocrx_word' id='word_1_433' title='bbox 708 2423 730 2447; x_wconf 93' lang='lat' dir='ltr'>l.</span> 
     </span>
    </p>

    <p class='ocr_par' dir='ltr' id='par_1_12' title="bbox 202 2461 1039 2617">
     <span class='ocr_line' id='line_1_54' title="bbox 236 2461 1039 2501; baseline 0.007 -16"><span class='ocrx_word' id='word_1_434' title='bbox 236 2461 418 2486; x_wconf 66' lang='lat' dir='ltr'>Mactare.</span> <span class='ocrx_word' id='word_1_435' title='bbox 456 2463 577 2489; x_wconf 79' lang='lat' dir='ltr'>Ferire.</span> <span class='ocrx_word' id='word_1_436' title='bbox 614 2463 656 2490; x_wconf 90' lang='grc'><strong>111.</strong></span> <span class='ocrx_word' id='word_1_437' title='bbox 675 2465 740 2491; x_wconf 77' lang='lat' dir='ltr'>Cn.</span> <span class='ocrx_word' id='word_1_438' title='bbox 760 2463 863 2501; x_wconf 83' lang='lat' dir='ltr'>Capitis</span> <span class='ocrx_word' id='word_1_439' title='bbox 882 2474 965 2500; x_wconf 86' lang='lat' dir='ltr'>poena</span> <span class='ocrx_word' id='word_1_440' title='bbox 986 2464 1039 2501; x_wconf 83' lang='lat' dir='ltr'>ple-</span> 
     </span>
     <span class='ocr_line' id='line_1_55' title="bbox 202 2502 1036 2541; baseline 0.006 -13"><span class='ocrx_word' id='word_1_441' title='bbox 202 2503 250 2533; x_wconf 82' lang='lat' dir='ltr'>cti.</span> <span class='ocrx_word' id='word_1_442' title='bbox 275 2507 318 2528; x_wconf 87' lang='lat' dir='ltr'>aut</span> <span class='ocrx_word' id='word_1_443' title='bbox 342 2502 433 2528; x_wconf 88' lang='lat' dir='ltr'>ultimo</span> <span class='ocrx_word' id='word_1_444' title='bbox 459 2503 589 2540; x_wconf 88' lang='lat' dir='ltr'>supplicio</span> <span class='ocrx_word' id='word_1_445' title='bbox 616 2508 731 2533; x_wconf 89' lang='lat' dir='ltr'>mactari.</span> <span class='ocrx_word' id='word_1_446' title='bbox 761 2506 791 2533; x_wconf 78' lang='lat' dir='ltr'>fr.</span> <span class='ocrx_word' id='word_1_447' title='bbox 811 2508 834 2533; x_wconf 84' lang='lat'>9.</span> <span class='ocrx_word' id='word_1_448' title='bbox 863 2507 884 2541; x_wconf 83' lang='lat'>9.</span> <span class='ocrx_word' id='word_1_449' title='bbox 910 2509 932 2533; x_wconf 96' lang='lat' dir='ltr'>l.</span> <span class='ocrx_word' id='word_1_450' title='bbox 957 2507 989 2533; x_wconf 88' lang='lat' dir='ltr'>de</span> <span class='ocrx_word' id='word_1_451' title='bbox 1007 2507 1036 2534; x_wconf 94' lang='lat' dir='ltr'>L.</span> 
     </span>
     <span class='ocr_line' id='line_1_56' title="bbox 202 2544 1037 2582; baseline 0.006 -11"><span class='ocrx_word' id='word_1_452' title='bbox 202 2545 292 2582; x_wconf 87' lang='lat' dir='ltr'>Pomp.</span> <span class='ocrx_word' id='word_1_453' title='bbox 306 2548 347 2571; x_wconf 69' lang='lat'>48.</span> <span class='ocrx_word' id='word_1_454' title='bbox 364 2546 387 2571; x_wconf 91' lang='lat'>9.</span> <span class='ocrx_word' id='word_1_455' title='bbox 426 2544 593 2582; x_wconf 83' lang='lat' dir='ltr'>Competenti</span> <span class='ocrx_word' id='word_1_456' title='bbox 612 2550 836 2576; x_wconf 79' lang='lat' dir='ltr'>animadversione</span> <span class='ocrx_word' id='word_1_457' title='bbox 854 2551 967 2576; x_wconf 87' lang='lat' dir='ltr'>mactari.</span> <span class='ocrx_word' id='word_1_458' title='bbox 988 2549 1037 2577; x_wconf 85' lang='lat' dir='ltr'>Th.</span> 
     </span>
     <span class='ocr_line' id='line_1_57' title="bbox 202 2587 623 2617; baseline 0.007 -3"><span class='ocrx_word' id='word_1_459' title='bbox 202 2587 232 2614; x_wconf 88' lang='lat' dir='ltr'>C.</span> <span class='ocrx_word' id='word_1_460' title='bbox 252 2587 297 2614; x_wconf 77' lang='lat' dir='ltr'>IX.</span> <span class='ocrx_word' id='word_1_461' title='bbox 320 2589 358 2613; x_wconf 85' lang='grc'>16.</span> <span class='ocrx_word' id='word_1_462' title='bbox 379 2598 400 2613; x_wconf 87' lang='lat' dir='ltr'>c.</span> <span class='ocrx_word' id='word_1_463' title='bbox 420 2589 442 2614; x_wconf 91' lang='lat'>7.</span> <span class='ocrx_word' id='word_1_464' title='bbox 463 2588 495 2614; x_wconf 86' lang='lat' dir='ltr'>dc</span> <span class='ocrx_word' id='word_1_465' title='bbox 514 2589 623 2617; x_wconf 83' lang='lat' dir='ltr'>malefic.</span> 
     </span>
    </p>

    <p class='ocr_par' dir='ltr' id='par_1_13' title="bbox 201 2631 1038 2754">
     <span class='ocr_line' id='line_1_58' title="bbox 236 2631 1038 2673; baseline 0.007 -17"><span class='ocrx_word' id='word_1_466' title='bbox 236 2632 399 2657; x_wconf 73' lang='lat' dir='ltr'>Macula..</span> <span class='ocrx_word' id='word_1_467' title='bbox 436 2631 467 2664; x_wconf 82' lang='lat'>§.</span> <span class='ocrx_word' id='word_1_468' title='bbox 488 2632 522 2658; x_wconf 90' lang='lat'>1.</span> <span class='ocrx_word' id='word_1_469' title='bbox 543 2634 676 2667; x_wconf 71' lang='lat' dir='ltr'>Stigma.</span> <span class='ocrx_word' id='word_1_470' title='bbox 705 2635 746 2662; x_wconf 90' lang='lat'>111.</span> <span class='ocrx_word' id='word_1_471' title='bbox 762 2637 828 2663; x_wconf 67' lang='lat'>(1¹11.</span> <span class='ocrx_word' id='word_1_472' title='bbox 846 2635 958 2662; x_wconf 83' lang='lat' dir='ltr'>Maiores</span> <span class='ocrx_word' id='word_1_473' title='bbox 977 2646 1038 2673; x_wconf 89' lang='lat' dir='ltr'>poe-</span> 
     </span>
     <span class='ocr_line' id='line_1_59' title="bbox 201 2673 1035 2716; baseline 0.008 -17"><span class='ocrx_word' id='word_1_474' title='bbox 201 2683 247 2700; x_wconf 88' lang='lat' dir='ltr'>nas</span> <span class='ocrx_word' id='word_1_475' title='bbox 267 2678 292 2699; x_wconf 88' lang='lat' dir='ltr'>et</span> <span class='ocrx_word' id='word_1_476' title='bbox 312 2673 461 2710; x_wconf 83' lang='lat' dir='ltr'>corporales</span> <span class='ocrx_word' id='word_1_477' title='bbox 475 2674 589 2700; x_wconf 83' lang='lat' dir='ltr'>maculas</span> <span class='ocrx_word' id='word_1_478' title='bbox 604 2678 802 2705; x_wconf 79' lang='lat' dir='ltr'>exsecutoribus</span> <span class='ocrx_word' id='word_1_479' title='bbox 815 2680 957 2716; x_wconf 79' lang='lat' dir='ltr'>imponere.</span> <span class='ocrx_word' id='word_1_480' title='bbox 978 2690 998 2705; x_wconf 93' lang='lat' dir='ltr'>c.</span> <span class='ocrx_word' id='word_1_481' title='bbox 1012 2681 1035 2705; x_wconf 86' lang='lat'>3.</span> 
     </span>
     <span class='ocr_line' id='line_1_60' title="bbox 201 2716 1037 2754; baseline 0.01 -13"><span class='ocrx_word' id='word_1_482' title='bbox 201 2716 233 2742; x_wconf 86' lang='lat' dir='ltr'>de</span> <span class='ocrx_word' id='word_1_483' title='bbox 257 2716 368 2754; x_wconf 74' lang='lat' dir='ltr'>spot-tul.</span> <span class='ocrx_word' id='word_1_484' title='bbox 393 2721 419 2742; x_wconf 86' lang='lat' dir='ltr'>et</span> <span class='ocrx_word' id='word_1_485' title='bbox 443 2722 520 2743; x_wconf 88' lang='lat' dir='ltr'>sumt.</span> <span class='ocrx_word' id='word_1_486' title='bbox 539 2720 563 2744; x_wconf 98' lang='lat'>3</span> <span class='ocrx_word' id='word_1_487' title='bbox 583 2719 605 2743; x_wconf 73' lang='lat'>2.</span> <span class='ocrx_word' id='word_1_488' title='bbox 633 2734 664 2737; x_wconf 97' lang='lat'><strong>—</strong></span> <span class='ocrx_word' id='word_1_489' title='bbox 690 2719 720 2751; x_wconf 64' lang='grc' dir='ltr'>ξ.</span> <span class='ocrx_word' id='word_1_490' title='bbox 740 2722 774 2747; x_wconf 74' lang='lat'>2.</span> <span class='ocrx_word' id='word_1_491' title='bbox 798 2723 912 2754; x_wconf 74' lang='lat' dir='ltr'>Lubes,</span> <span class='ocrx_word' id='word_1_492' title='bbox 937 2723 1037 2748; x_wconf 85' lang='lat' dir='ltr'>Dede-</span> 
     </span>
    </p>
   </div>
   <div class='ocr_carea' id='block_1_5' title="bbox 201 2758 1206 2802">
    <p class='ocr_par' dir='ltr' id='par_1_14' title="bbox 201 2758 1206 2802">
     <span class='ocr_line' id='line_1_61' title="bbox 201 2758 1206 2802; baseline 0.007 -17"><span class='ocrx_word' id='word_1_493' title='bbox 201 2769 262 2785; x_wconf 71' lang='lat' dir='ltr'>cus.</span> <span class='ocrx_word' id='word_1_494' title='bbox 300 2758 340 2784; x_wconf 89' lang='lat' dir='ltr'>Ill.</span> <span class='ocrx_word' id='word_1_495' title='bbox 357 2760 421 2786; x_wconf 80' lang='lat' dir='ltr'>Cn.</span> <span class='ocrx_word' id='word_1_496' title='bbox 441 2758 572 2786; x_wconf 70' lang='lat' dir='ltr'>Nasceudi</span> <span class='ocrx_word' id='word_1_497' title='bbox 592 2760 699 2787; x_wconf 83' lang='lat' dir='ltr'>decolor</span> <span class='ocrx_word' id='word_1_498' title='bbox 717 2763 823 2795; x_wconf 76' lang='lat' dir='ltr'>macula.</span> <span class='ocrx_word' id='word_1_499' title='bbox 844 2769 887 2790; x_wconf 88' lang='lat' dir='ltr'>aut</span> <span class='ocrx_word' id='word_1_500' title='bbox 906 2766 958 2791; x_wconf 87' lang='lat' dir='ltr'>vita</span> <span class='ocrx_word' id='word_1_501' title='bbox 977 2775 1036 2802; x_wconf 87' lang='lat' dir='ltr'>pro·</span> <span class='ocrx_word' id='word_1_502' title='bbox 1056 2759 1058 2782; x_wconf 57' lang='lat' dir='ltr'>l</span> <span class='ocrx_word' id='word_1_503' title='bbox 1080 2768 1121 2792; x_wconf 76' lang='lat'>42.</span> <span class='ocrx_word' id='word_1_504' title='bbox 1142 2776 1163 2792; x_wconf 91' lang='lat' dir='ltr'>c.</span> <span class='ocrx_word' id='word_1_505' title='bbox 1182 2768 1206 2792; x_wconf 75' lang='lat'>2.</span> 
     </span>
    </p>
   </div>
   <div class='ocr_carea' id='block_1_6' title="bbox 202 2800 1035 2841">
    <p class='ocr_par' dir='ltr' id='par_1_15' title="bbox 202 2800 1035 2841">
     <span class='ocr_line' id='line_1_62' title="bbox 202 2800 1035 2841; baseline 0.011 -14"><span class='ocrx_word' id='word_1_506' title='bbox 202 2800 288 2828; x_wconf 82' lang='lat' dir='ltr'>brosis</span> <span class='ocrx_word' id='word_1_507' title='bbox 308 2801 460 2838; x_wconf 83' lang='lat' dir='ltr'>quaestibus</span> <span class='ocrx_word' id='word_1_508' title='bbox 480 2802 574 2841; x_wconf 84' lang='lat' dir='ltr'>dedita.</span> <span class='ocrx_word' id='word_1_509' title='bbox 594 2803 660 2830; x_wconf 63' lang='lat' dir='ltr'>Nov.</span> <span class='ocrx_word' id='word_1_510' title='bbox 675 2804 795 2832; x_wconf 71' lang='lat' dir='ltr'>Mai-elan.</span> <span class='ocrx_word' id='word_1_511' title='bbox 816 2806 847 2833; x_wconf 86' lang='lat' dir='ltr'>de</span> <span class='ocrx_word' id='word_1_512' title='bbox 866 2809 975 2835; x_wconf 85' lang='lat' dir='ltr'>matrim.</span> <span class='ocrx_word' id='word_1_513' title='bbox 990 2808 1035 2835; x_wconf 88' lang='lat' dir='ltr'>Se-</span> 
     </span>
    </p>
   </div>
   <div class='ocr_carea' id='block_1_7' title="bbox 1057 248 1083 2873">
    <p class='ocr_par' dir='ltr' id='par_1_16' title="bbox 1057 248 1083 2873">
     <span class='ocr_line' id='line_1_63' title="bbox 1057 248 1083 2873; baseline 0 0"><span class='ocrx_word' id='word_1_514' title='bbox 1057 248 1083 2873; x_wconf 95' lang='lat' dir='ltr'> </span> 
     </span>
    </p>
   </div>
   <div class='ocr_carea' id='block_1_8' title="bbox 1879 157 1941 187">
    <p class='ocr_par' dir='ltr' id='par_1_17' title="bbox 1879 157 1941 187">
     <span class='ocr_line' id='line_1_64' title="bbox 1879 157 1941 187; baseline 0.016 -1"><span class='ocrx_word' id='word_1_515' title='bbox 1879 157 1941 187; x_wconf 76' lang='lat'>007</span> 
     </span>
    </p>
   </div>
   <div class='ocr_carea' id='block_1_9' title="bbox 1083 237 1941 2453">
    <p class='ocr_par' dir='ltr' id='par_1_18' title="bbox 1098 237 1941 651">
     <span class='ocr_line' id='line_1_65' title="bbox 1101 237 1941 276; baseline -0.001 -12"><span class='ocrx_word' id='word_1_516' title='bbox 1101 243 1183 276; x_wconf 77' lang='lat' dir='ltr'>nator.</span> <span class='ocrx_word' id='word_1_517' title='bbox 1204 238 1235 265; x_wconf 79' lang='lat' dir='ltr'>cf.</span> <span class='ocrx_word' id='word_1_518' title='bbox 1256 237 1286 265; x_wconf 91' lang='lat' dir='ltr'>sr.</span> <span class='ocrx_word' id='word_1_519' title='bbox 1300 240 1323 264; x_wconf 85' lang='lat'>5.</span> <span class='ocrx_word' id='word_1_520' title='bbox 1343 239 1365 272; x_wconf 83' lang='lat'>9.</span> <span class='ocrx_word' id='word_1_521' title='bbox 1382 240 1403 265; x_wconf 96' lang='lat' dir='ltr'>l.</span> <span class='ocrx_word' id='word_1_522' title='bbox 1424 238 1456 264; x_wconf 90' lang='lat' dir='ltr'>de</span> <span class='ocrx_word' id='word_1_523' title='bbox 1475 237 1552 264; x_wconf 88' lang='lat' dir='ltr'>natal.</span> <span class='ocrx_word' id='word_1_524' title='bbox 1573 242 1634 264; x_wconf 86' lang='lat' dir='ltr'>rest.</span> <span class='ocrx_word' id='word_1_525' title='bbox 1652 239 1694 264; x_wconf 73' lang='lat'>40.</span> <span class='ocrx_word' id='word_1_526' title='bbox 1716 239 1756 264; x_wconf 88' lang='grc'>11.</span> <span class='ocrx_word' id='word_1_527' title='bbox 1794 237 1941 263; x_wconf 84' lang='lat' dir='ltr'>Clericatus</span> 
     </span>
     <span class='ocr_line' id='line_1_66' title="bbox 1101 279 1940 317; baseline -0.004 -9"><span class='ocrx_word' id='word_1_528' title='bbox 1101 282 1228 308; x_wconf 87' lang='lat' dir='ltr'>velamine</span> <span class='ocrx_word' id='word_1_529' title='bbox 1252 281 1372 316; x_wconf 75' lang='lat' dir='ltr'>religioni</span> <span class='ocrx_word' id='word_1_530' title='bbox 1396 280 1521 307; x_wconf 89' lang='lat' dir='ltr'>maculam</span> <span class='ocrx_word' id='word_1_531' title='bbox 1547 280 1673 317; x_wconf 85' lang='lat' dir='ltr'>infligere.</span> <span class='ocrx_word' id='word_1_532' title='bbox 1705 279 1754 306; x_wconf 89' lang='lat' dir='ltr'>Th.</span> <span class='ocrx_word' id='word_1_533' title='bbox 1776 279 1806 306; x_wconf 90' lang='lat' dir='ltr'>C.</span> <span class='ocrx_word' id='word_1_534' title='bbox 1826 279 1896 306; x_wconf 84' lang='lat' dir='ltr'>XVI.</span> <span class='ocrx_word' id='word_1_535' title='bbox 1916 282 1940 306; x_wconf 97' lang='lat'>5.</span> 
     </span>
     <span class='ocr_line' id='line_1_67' title="bbox 1101 323 1941 361; baseline -0.004 -10"><span class='ocrx_word' id='word_1_536' title='bbox 1101 335 1122 351; x_wconf 87' lang='lat' dir='ltr'>c.</span> <span class='ocrx_word' id='word_1_537' title='bbox 1144 326 1183 351; x_wconf 88' lang='lat'>19.</span> <span class='ocrx_word' id='word_1_538' title='bbox 1213 323 1245 350; x_wconf 92' lang='lat' dir='ltr'>de</span> <span class='ocrx_word' id='word_1_539' title='bbox 1268 323 1365 350; x_wconf 80' lang='lat' dir='ltr'>haeret.</span> <span class='ocrx_word' id='word_1_540' title='bbox 1402 323 1511 360; x_wconf 76' lang='lat' dir='ltr'>Aliquid</span> <span class='ocrx_word' id='word_1_541' title='bbox 1535 323 1653 361; x_wconf 79' lang='lat' dir='ltr'>improbe</span> <span class='ocrx_word' id='word_1_542' title='bbox 1681 323 1846 359; x_wconf 71' lang='lat' dir='ltr'>turpiterque</span> <span class='ocrx_word' id='word_1_543' title='bbox 1873 332 1941 348; x_wconf 85' lang='lat' dir='ltr'>com-</span> 
     </span>
     <span class='ocr_line' id='line_1_68' title="bbox 1100 365 1939 403; baseline -0.002 -10"><span class='ocrx_word' id='word_1_544' title='bbox 1100 368 1216 399; x_wconf 80' lang='lat' dir='ltr'>mittere,</span> <span class='ocrx_word' id='word_1_545' title='bbox 1236 371 1280 393; x_wconf 82' lang='lat' dir='ltr'>aut</span> <span class='ocrx_word' id='word_1_546' title='bbox 1298 366 1416 393; x_wconf 86' lang='lat' dir='ltr'>libidinis</span> <span class='ocrx_word' id='word_1_547' title='bbox 1436 367 1536 393; x_wconf 83' lang='lat' dir='ltr'>macula</span> <span class='ocrx_word' id='word_1_548' title='bbox 1554 367 1621 393; x_wconf 83' lang='lat' dir='ltr'>sorte</span> <span class='ocrx_word' id='word_1_549' title='bbox 1640 365 1759 403; x_wconf 83' lang='lat' dir='ltr'>polluere</span> <span class='ocrx_word' id='word_1_550' title='bbox 1779 365 1939 403; x_wconf 82' lang='lat' dir='ltr'>pudicitiam.</span> 
     </span>
     <span class='ocr_line' id='line_1_69' title="bbox 1100 408 1940 440; baseline -0.002 -4"><span class='ocrx_word' id='word_1_551' title='bbox 1100 410 1136 436; x_wconf 93' lang='lat' dir='ltr'>lb.</span> <span class='ocrx_word' id='word_1_552' title='bbox 1156 410 1185 437; x_wconf 89' lang='grc'>11.</span> <span class='ocrx_word' id='word_1_553' title='bbox 1202 412 1224 436; x_wconf 95' lang='lat'>1.</span> <span class='ocrx_word' id='word_1_554' title='bbox 1245 420 1266 437; x_wconf 90' lang='lat' dir='ltr'>c.</span> <span class='ocrx_word' id='word_1_555' title='bbox 1285 411 1309 436; x_wconf 85' lang='lat'>3.</span> <span class='ocrx_word' id='word_1_556' title='bbox 1330 409 1362 435; x_wconf 75' lang='lat' dir='ltr'>de</span> <span class='ocrx_word' id='word_1_557' title='bbox 1381 409 1472 436; x_wconf 89' lang='lat' dir='ltr'>iurisd.</span> <span class='ocrx_word' id='word_1_558' title='bbox 1510 409 1601 435; x_wconf 85' lang='lat' dir='ltr'>Potius</span> <span class='ocrx_word' id='word_1_559' title='bbox 1621 408 1803 435; x_wconf 83' lang='lat' dir='ltr'>verecundiam</span> <span class='ocrx_word' id='word_1_560' title='bbox 1823 418 1940 440; x_wconf 84' lang='lat' dir='ltr'>onerare,</span> 
     </span>
     <span class='ocr_line' id='line_1_70' title="bbox 1100 451 1939 489; baseline -0.002 -10"><span class='ocrx_word' id='word_1_561' title='bbox 1100 463 1176 489; x_wconf 89' lang='lat' dir='ltr'>quam</span> <span class='ocrx_word' id='word_1_562' title='bbox 1195 452 1274 479; x_wconf 82' lang='lat' dir='ltr'>ullam</span> <span class='ocrx_word' id='word_1_563' title='bbox 1295 453 1497 479; x_wconf 82' lang='lat' dir='ltr'>existimationis</span> <span class='ocrx_word' id='word_1_564' title='bbox 1516 451 1642 478; x_wconf 86' lang='lat' dir='ltr'>maculam</span> <span class='ocrx_word' id='word_1_565' title='bbox 1656 452 1760 478; x_wconf 85' lang='lat' dir='ltr'>videtur</span> <span class='ocrx_word' id='word_1_566' title='bbox 1773 451 1939 488; x_wconf 74' lang='lat' dir='ltr'>adspergere.</span> 
     </span>
     <span class='ocr_line' id='line_1_71' title="bbox 1099 493 1940 531; baseline -0.002 -9"><span class='ocrx_word' id='word_1_567' title='bbox 1099 506 1120 522; x_wconf 92' lang='lat' dir='ltr'>c.</span> <span class='ocrx_word' id='word_1_568' title='bbox 1137 498 1175 522; x_wconf 93' lang='lat'>17.</span> <span class='ocrx_word' id='word_1_569' title='bbox 1196 506 1217 522; x_wconf 92' lang='lat' dir='ltr'>c.</span> <span class='ocrx_word' id='word_1_570' title='bbox 1231 498 1273 522; x_wconf 78' lang='lat'>20.</span> <span class='ocrx_word' id='word_1_571' title='bbox 1293 506 1324 522; x_wconf 80' lang='lat' dir='ltr'>ex</span> <span class='ocrx_word' id='word_1_572' title='bbox 1345 505 1386 531; x_wconf 88' lang='lat' dir='ltr'>qn.</span> <span class='ocrx_word' id='word_1_573' title='bbox 1408 505 1428 521; x_wconf 87' lang='lat' dir='ltr'>c.</span> <span class='ocrx_word' id='word_1_574' title='bbox 1450 494 1574 521; x_wconf 72' lang='lat' dir='ltr'>infan1.‘2.</span> <span class='ocrx_word' id='word_1_575' title='bbox 1596 497 1634 521; x_wconf 74' lang='lat'>12.</span> <span class='ocrx_word' id='word_1_576' title='bbox 1671 494 1806 527; x_wconf 77' lang='lat' dir='ltr'>lnsamiae,</span> <span class='ocrx_word' id='word_1_577' title='bbox 1826 493 1868 520; x_wconf 81' lang='lat' dir='ltr'>vel</span> <span class='ocrx_word' id='word_1_578' title='bbox 1887 498 1940 520; x_wconf 87' lang='lat' dir='ltr'>tur-</span> 
     </span>
     <span class='ocr_line' id='line_1_72' title="bbox 1098 536 1939 576; baseline -0.002 -12"><span class='ocrx_word' id='word_1_579' title='bbox 1098 538 1239 576; x_wconf 76' lang='lat' dir='ltr'>pitudinis,</span> <span class='ocrx_word' id='word_1_580' title='bbox 1267 538 1310 565; x_wconf 89' lang='lat' dir='ltr'>vel</span> <span class='ocrx_word' id='word_1_581' title='bbox 1335 537 1401 564; x_wconf 88' lang='lat' dir='ltr'>levis</span> <span class='ocrx_word' id='word_1_582' title='bbox 1425 542 1503 563; x_wconf 85' lang='lat' dir='ltr'>notae</span> <span class='ocrx_word' id='word_1_583' title='bbox 1526 537 1626 563; x_wconf 88' lang='lat' dir='ltr'>macula</span> <span class='ocrx_word' id='word_1_584' title='bbox 1648 537 1777 574; x_wconf 79' lang='lat' dir='ltr'>adspergi.</span> <span class='ocrx_word' id='word_1_585' title='bbox 1804 547 1825 563; x_wconf 92' lang='lat' dir='ltr'>c.</span> <span class='ocrx_word' id='word_1_586' title='bbox 1845 538 1886 563; x_wconf 70' lang='lat'>27.</span> <span class='ocrx_word' id='word_1_587' title='bbox 1907 536 1939 562; x_wconf 89' lang='lat' dir='ltr'>de</span> 
     </span>
     <span class='ocr_line' id='line_1_73' title="bbox 1099 579 1939 614; baseline -0.002 -6"><span class='ocrx_word' id='word_1_588' title='bbox 1099 582 1171 608; x_wconf 79' lang='lat' dir='ltr'>inoff.</span> <span class='ocrx_word' id='word_1_589' title='bbox 1191 586 1292 607; x_wconf 84' lang='lat' dir='ltr'>testam.</span> <span class='ocrx_word' id='word_1_590' title='bbox 1311 582 1335 607; x_wconf 84' lang='lat'>3.</span> <span class='ocrx_word' id='word_1_591' title='bbox 1354 581 1396 607; x_wconf 81' lang='lat'>28.</span> <span class='ocrx_word' id='word_1_592' title='bbox 1416 580 1448 607; x_wconf 81' lang='lat' dir='ltr'>cf.</span> <span class='ocrx_word' id='word_1_593' title='bbox 1468 579 1518 606; x_wconf 89' lang='lat' dir='ltr'>Th.</span> <span class='ocrx_word' id='word_1_594' title='bbox 1534 580 1565 607; x_wconf 87' lang='lat' dir='ltr'>C.</span> <span class='ocrx_word' id='word_1_595' title='bbox 1585 579 1628 607; x_wconf 90' lang='lat' dir='ltr'>IV.</span> <span class='ocrx_word' id='word_1_596' title='bbox 1649 582 1672 607; x_wconf 86' lang='lat'>6.</span> <span class='ocrx_word' id='word_1_597' title='bbox 1693 591 1714 607; x_wconf 93' lang='lat' dir='ltr'>c.</span> <span class='ocrx_word' id='word_1_598' title='bbox 1734 582 1758 607; x_wconf 90' lang='lat'>3.</span> <span class='ocrx_word' id='word_1_599' title='bbox 1781 579 1885 614; x_wconf 83' lang='lat' dir='ltr'>(ch.)</span> <span class='ocrx_word' id='word_1_600' title='bbox 1906 579 1939 606; x_wconf 83' lang='lat' dir='ltr'>de</span> 
     </span>
     <span class='ocr_line' id='line_1_74' title="bbox 1099 624 1240 651; baseline -0.007 0"><span class='ocrx_word' id='word_1_601' title='bbox 1099 629 1184 651; x_wconf 91' lang='lat' dir='ltr'>natur.</span> <span class='ocrx_word' id='word_1_602' title='bbox 1204 624 1240 650; x_wconf 84' lang='lat' dir='ltr'>fil.</span> 
     </span>
    </p>

    <p class='ocr_par' dir='ltr' id='par_1_19' title="bbox 1097 664 1938 1003">
     <span class='ocr_line' id='line_1_75' title="bbox 1133 664 1938 701; baseline -0.004 -7"><span class='ocrx_word' id='word_1_603' title='bbox 1133 668 1340 694; x_wconf 72' lang='lat' dir='ltr'>maculare.</span> <span class='ocrx_word' id='word_1_604' title='bbox 1378 666 1408 699; x_wconf 65' lang='grc' dir='ltr'>ξ.</span> <span class='ocrx_word' id='word_1_605' title='bbox 1423 667 1458 693; x_wconf 86' lang='lat' dir='ltr'>l.</span> <span class='ocrx_word' id='word_1_606' title='bbox 1478 667 1515 693; x_wconf 82' lang='lat' dir='ltr'>In</span> <span class='ocrx_word' id='word_1_607' title='bbox 1526 668 1669 700; x_wconf 82' lang='lat' dir='ltr'>quinare.</span> <span class='ocrx_word' id='word_1_608' title='bbox 1704 666 1722 692; x_wconf 90' lang='lat' dir='ltr'>I.</span> <span class='ocrx_word' id='word_1_609' title='bbox 1743 667 1805 700; x_wconf 76' lang='lat' dir='ltr'>Sy.</span> <span class='ocrx_word' id='word_1_610' title='bbox 1825 664 1938 701; x_wconf 80' lang='lat' dir='ltr'>Tingere</span> 
     </span>
     <span class='ocr_line' id='line_1_76' title="bbox 1098 708 1938 745; baseline -0.002 -9"><span class='ocrx_word' id='word_1_611' title='bbox 1098 720 1202 737; x_wconf 84' lang='lat' dir='ltr'>manum</span> <span class='ocrx_word' id='word_1_612' title='bbox 1226 710 1380 745; x_wconf 74' lang='lat' dir='ltr'>(sanguine.</span> <span class='ocrx_word' id='word_1_613' title='bbox 1400 719 1424 735; x_wconf 91' lang='lat' dir='ltr'>v.</span> <span class='ocrx_word' id='word_1_614' title='bbox 1445 708 1550 740; x_wconf 79' lang='lat' dir='ltr'>caede.)</span> <span class='ocrx_word' id='word_1_615' title='bbox 1578 708 1614 735; x_wconf 89' lang='lat' dir='ltr'>lb.</span> <span class='ocrx_word' id='word_1_616' title='bbox 1634 709 1679 736; x_wconf 82' lang='lat' dir='ltr'>IX.</span> <span class='ocrx_word' id='word_1_617' title='bbox 1697 711 1739 736; x_wconf 74' lang='lat'>38.</span> <span class='ocrx_word' id='word_1_618' title='bbox 1765 720 1785 735; x_wconf 86' lang='lat' dir='ltr'>c.</span> <span class='ocrx_word' id='word_1_619' title='bbox 1805 710 1829 735; x_wconf 86' lang='lat'>6.</span> <span class='ocrx_word' id='word_1_620' title='bbox 1850 708 1882 734; x_wconf 87' lang='lat' dir='ltr'>de</span> <span class='ocrx_word' id='word_1_621' title='bbox 1901 708 1938 734; x_wconf 89' lang='lat' dir='ltr'>in-</span> 
     </span>
     <span class='ocr_line' id='line_1_77' title="bbox 1099 753 1937 789; baseline -0.004 -10"><span class='ocrx_word' id='word_1_622' title='bbox 1099 753 1168 789; x_wconf 63' lang='lat' dir='ltr'>dulg.</span> <span class='ocrx_word' id='word_1_623' title='bbox 1190 754 1262 779; x_wconf 81' lang='lat' dir='ltr'>criiu.</span> <span class='ocrx_word' id='word_1_624' title='bbox 1284 768 1314 772; x_wconf 88' lang='lat'>——</span> <span class='ocrx_word' id='word_1_625' title='bbox 1340 753 1370 785; x_wconf 80' lang='lat'>§·</span> <span class='ocrx_word' id='word_1_626' title='bbox 1386 753 1420 778; x_wconf 72' lang='lat'>2.</span> <span class='ocrx_word' id='word_1_627' title='bbox 1441 753 1687 784; x_wconf 80' lang='lat' dir='ltr'>Contaminare,</span> <span class='ocrx_word' id='word_1_628' title='bbox 1710 753 1937 778; x_wconf 78' lang='lat' dir='ltr'>Deltonestare.</span> 
     </span>
     <span class='ocr_line' id='line_1_78' title="bbox 1097 794 1936 832; baseline -0.004 -10"><span class='ocrx_word' id='word_1_629' title='bbox 1097 796 1141 822; x_wconf 91' lang='lat' dir='ltr'>III.</span> <span class='ocrx_word' id='word_1_630' title='bbox 1162 797 1228 824; x_wconf 78' lang='lat' dir='ltr'>Gn.</span> <span class='ocrx_word' id='word_1_631' title='bbox 1252 794 1292 822; x_wconf 77' lang='lat' dir='ltr'>&#39;Ne</span> <span class='ocrx_word' id='word_1_632' title='bbox 1316 796 1398 832; x_wconf 87' lang='lat' dir='ltr'>patris</span> <span class='ocrx_word' id='word_1_633' title='bbox 1423 799 1483 821; x_wconf 79' lang='lat' dir='ltr'>nota</span> <span class='ocrx_word' id='word_1_634' title='bbox 1503 794 1574 821; x_wconf 83' lang='lat' dir='ltr'>filius</span> <span class='ocrx_word' id='word_1_635' title='bbox 1598 795 1749 821; x_wconf 88' lang='lat' dir='ltr'>maculetur.</span> <span class='ocrx_word' id='word_1_636' title='bbox 1774 794 1804 820; x_wconf 85' lang='lat' dir='ltr'>sr.</span> <span class='ocrx_word' id='word_1_637' title='bbox 1823 796 1847 820; x_wconf 73' lang='lat'>2.</span> <span class='ocrx_word' id='word_1_638' title='bbox 1872 794 1893 827; x_wconf 84' lang='lat'>9.</span> <span class='ocrx_word' id='word_1_639' title='bbox 1912 795 1936 819; x_wconf 76' lang='lat'>2.</span> 
     </span>
     <span class='ocr_line' id='line_1_79' title="bbox 1098 835 1938 865; baseline -0.004 0"><span class='ocrx_word' id='word_1_640' title='bbox 1098 839 1130 865; x_wconf 89' lang='lat' dir='ltr'>de</span> <span class='ocrx_word' id='word_1_641' title='bbox 1154 839 1289 865; x_wconf 84' lang='lat' dir='ltr'>decurion.</span> <span class='ocrx_word' id='word_1_642' title='bbox 1309 840 1350 864; x_wconf 82' lang='lat'>50.</span> <span class='ocrx_word' id='word_1_643' title='bbox 1370 839 1395 863; x_wconf 75' lang='lat'>2.</span> <span class='ocrx_word' id='word_1_644' title='bbox 1416 837 1447 864; x_wconf 84' lang='lat' dir='ltr'>cf.</span> <span class='ocrx_word' id='word_1_645' title='bbox 1474 848 1495 864; x_wconf 86' lang='lat' dir='ltr'>c.</span> <span class='ocrx_word' id='word_1_646' title='bbox 1515 838 1539 864; x_wconf 88' lang='lat'>3.</span> <span class='ocrx_word' id='word_1_647' title='bbox 1564 837 1596 864; x_wconf 86' lang='lat' dir='ltr'>de</span> <span class='ocrx_word' id='word_1_648' title='bbox 1618 839 1695 865; x_wconf 86' lang='lat' dir='ltr'>iniur.</span> <span class='ocrx_word' id='word_1_649' title='bbox 1719 839 1743 865; x_wconf 83' lang='lat'>9.</span> <span class='ocrx_word' id='word_1_650' title='bbox 1762 839 1804 864; x_wconf 87' lang='lat'>35.</span> <span class='ocrx_word' id='word_1_651' title='bbox 1841 835 1938 862; x_wconf 87' lang='lat' dir='ltr'>Servili</span> 
     </span>
     <span class='ocr_line' id='line_1_80' title="bbox 1098 879 1937 918; baseline -0.004 -10"><span class='ocrx_word' id='word_1_652' title='bbox 1098 882 1250 908; x_wconf 86' lang='lat' dir='ltr'>conditione</span> <span class='ocrx_word' id='word_1_653' title='bbox 1269 880 1421 907; x_wconf 84' lang='lat' dir='ltr'>maculatus.</span> <span class='ocrx_word' id='word_1_654' title='bbox 1448 891 1468 906; x_wconf 92' lang='lat' dir='ltr'>c.</span> <span class='ocrx_word' id='word_1_655' title='bbox 1488 882 1529 906; x_wconf 75' lang='lat'>24.</span> <span class='ocrx_word' id='word_1_656' title='bbox 1550 880 1582 907; x_wconf 84' lang='lat' dir='ltr'>tle</span> <span class='ocrx_word' id='word_1_657' title='bbox 1601 882 1681 918; x_wconf 87' lang='lat' dir='ltr'>episc.</span> <span class='ocrx_word' id='word_1_658' title='bbox 1702 880 1760 907; x_wconf 70' lang='lat' dir='ltr'>aud.</span> <span class='ocrx_word' id='word_1_659' title='bbox 1780 882 1802 906; x_wconf 94' lang='lat' dir='ltr'>l.</span> <span class='ocrx_word' id='word_1_660' title='bbox 1823 881 1848 906; x_wconf 84' lang='lat'>4.</span> <span class='ocrx_word' id='word_1_661' title='bbox 1883 879 1937 914; x_wconf 77' lang='lat' dir='ltr'>Qui</span> 
     </span>
     <span class='ocr_line' id='line_1_81' title="bbox 1098 921 1935 951; baseline -0.002 -1"><span class='ocrx_word' id='word_1_662' title='bbox 1098 935 1126 951; x_wconf 86' lang='lat' dir='ltr'>se</span> <span class='ocrx_word' id='word_1_663' title='bbox 1146 925 1221 951; x_wconf 82' lang='lat' dir='ltr'>furtis</span> <span class='ocrx_word' id='word_1_664' title='bbox 1241 928 1267 949; x_wconf 87' lang='lat' dir='ltr'>et</span> <span class='ocrx_word' id='word_1_665' title='bbox 1285 923 1430 949; x_wconf 82' lang='lat' dir='ltr'>sceleribus</span> <span class='ocrx_word' id='word_1_666' title='bbox 1454 923 1551 950; x_wconf 87' lang='lat' dir='ltr'>fuerint</span> <span class='ocrx_word' id='word_1_667' title='bbox 1574 923 1720 950; x_wconf 84' lang='lat' dir='ltr'>maculasse</span> <span class='ocrx_word' id='word_1_668' title='bbox 1739 923 1861 949; x_wconf 87' lang='lat' dir='ltr'>convicti.</span> <span class='ocrx_word' id='word_1_669' title='bbox 1886 921 1935 948; x_wconf 92' lang='lat' dir='ltr'>Th.</span> 
     </span>
     <span class='ocr_line' id='line_1_82' title="bbox 1098 965 1608 1003; baseline -0.004 -9"><span class='ocrx_word' id='word_1_670' title='bbox 1098 967 1128 994; x_wconf 91' lang='lat' dir='ltr'>C.</span> <span class='ocrx_word' id='word_1_671' title='bbox 1148 967 1193 994; x_wconf 78' lang='lat' dir='ltr'>IX.</span> <span class='ocrx_word' id='word_1_672' title='bbox 1213 968 1255 993; x_wconf 81' lang='lat'>27.</span> <span class='ocrx_word' id='word_1_673' title='bbox 1276 977 1296 993; x_wconf 92' lang='lat' dir='ltr'>c.</span> <span class='ocrx_word' id='word_1_674' title='bbox 1318 968 1340 992; x_wconf 97' lang='lat'>1.</span> <span class='ocrx_word' id='word_1_675' title='bbox 1360 966 1392 992; x_wconf 86' lang='lat' dir='ltr'>ad</span> <span class='ocrx_word' id='word_1_676' title='bbox 1410 965 1438 992; x_wconf 88' lang='lat' dir='ltr'>L.</span> <span class='ocrx_word' id='word_1_677' title='bbox 1459 965 1507 992; x_wconf 88' lang='lat' dir='ltr'>Iul.</span> <span class='ocrx_word' id='word_1_678' title='bbox 1526 971 1608 1003; x_wconf 87' lang='lat' dir='ltr'>repet.</span> 
     </span>
    </p>

    <p class='ocr_par' dir='ltr' id='par_1_20' title="bbox 1095 1007 1935 1122">
     <span class='ocr_line' id='line_1_83' title="bbox 1132 1007 1934 1045; baseline -0.005 -8"><span class='ocrx_word' id='word_1_679' title='bbox 1132 1011 1358 1037; x_wconf 76' lang='lat' dir='ltr'>Maculosus.</span> <span class='ocrx_word' id='word_1_680' title='bbox 1379 1008 1507 1042; x_wconf 83' lang='lat' dir='ltr'>(Adiect.)</span> <span class='ocrx_word' id='word_1_681' title='bbox 1531 1011 1665 1043; x_wconf 75' lang='lat' dir='ltr'>Turpis,</span> <span class='ocrx_word' id='word_1_682' title='bbox 1687 1011 1866 1045; x_wconf 78' lang='lat' dir='ltr'>Infamans.</span> <span class='ocrx_word' id='word_1_683' title='bbox 1892 1007 1934 1034; x_wconf 87' lang='lat' dir='ltr'>Ill.</span> 
     </span>
     <span class='ocr_line' id='line_1_84' title="bbox 1097 1051 1935 1089; baseline -0.002 -9"><span class='ocrx_word' id='word_1_684' title='bbox 1097 1055 1163 1081; x_wconf 75' lang='grc' dir='ltr'>οη.</span> <span class='ocrx_word' id='word_1_685' title='bbox 1183 1052 1391 1079; x_wconf 79' lang='lat' dir='ltr'>Interversorum</span> <span class='ocrx_word' id='word_1_686' title='bbox 1410 1051 1551 1078; x_wconf 86' lang='lat' dir='ltr'>maculosis</span> <span class='ocrx_word' id='word_1_687' title='bbox 1571 1061 1630 1078; x_wconf 80' lang='lat' dir='ltr'>sese</span> <span class='ocrx_word' id='word_1_688' title='bbox 1643 1051 1778 1078; x_wconf 70' lang='lat' dir='ltr'>fraudibus</span> <span class='ocrx_word' id='word_1_689' title='bbox 1793 1051 1935 1089; x_wconf 78' lang='lat' dir='ltr'>implicare.</span> 
     </span>
     <span class='ocr_line' id='line_1_85' title="bbox 1095 1094 1539 1122; baseline -0.005 0"><span class='ocrx_word' id='word_1_690' title='bbox 1095 1096 1133 1122; x_wconf 88' lang='lat' dir='ltr'>lb.</span> <span class='ocrx_word' id='word_1_691' title='bbox 1152 1096 1185 1122; x_wconf 84' lang='lat' dir='ltr'>X.</span> <span class='ocrx_word' id='word_1_692' title='bbox 1208 1097 1229 1122; x_wconf 97' lang='lat' dir='ltr'>l.</span> <span class='ocrx_word' id='word_1_693' title='bbox 1251 1105 1272 1121; x_wconf 89' lang='lat' dir='ltr'>c.</span> <span class='ocrx_word' id='word_1_694' title='bbox 1288 1096 1332 1121; x_wconf 74' lang='lat'>10.</span> <span class='ocrx_word' id='word_1_695' title='bbox 1347 1094 1379 1120; x_wconf 87' lang='lat' dir='ltr'>de</span> <span class='ocrx_word' id='word_1_696' title='bbox 1398 1095 1454 1120; x_wconf 89' lang='lat' dir='ltr'>iure</span> <span class='ocrx_word' id='word_1_697' title='bbox 1473 1094 1539 1120; x_wconf 83' lang='lat' dir='ltr'>fisci.</span> 
     </span>
    </p>

    <p class='ocr_par' dir='ltr' id='par_1_21' title="bbox 1094 1136 1934 1337">
     <span class='ocr_line' id='line_1_86' title="bbox 1130 1136 1934 1173; baseline -0.002 -8"><span class='ocrx_word' id='word_1_698' title='bbox 1130 1139 1381 1165; x_wconf 73' lang='lat' dir='ltr'>madefactus.</span> <span class='ocrx_word' id='word_1_699' title='bbox 1402 1136 1522 1170; x_wconf 84' lang='lat' dir='ltr'>(Partic.)</span> <span class='ocrx_word' id='word_1_700' title='bbox 1561 1139 1857 1173; x_wconf 75' lang='lat' dir='ltr'>Madidusfactus‚</span> <span class='ocrx_word' id='word_1_701' title='bbox 1878 1138 1934 1163; x_wconf 72' lang='lat' dir='ltr'>Aa·</span> 
     </span>
     <span class='ocr_line' id='line_1_87' title="bbox 1094 1179 1934 1217; baseline -0.004 -9"><span class='ocrx_word' id='word_1_702' title='bbox 1094 1191 1235 1216; x_wconf 63' lang='lat' dir='ltr'>sperans.</span> <span class='ocrx_word' id='word_1_703' title='bbox 1276 1180 1320 1206; x_wconf 90' lang='lat' dir='ltr'>III.</span> <span class='ocrx_word' id='word_1_704' title='bbox 1340 1181 1406 1207; x_wconf 79' lang='lat' dir='ltr'>Gn.</span> <span class='ocrx_word' id='word_1_705' title='bbox 1433 1179 1515 1206; x_wconf 85' lang='lat' dir='ltr'>Terra</span> <span class='ocrx_word' id='word_1_706' title='bbox 1539 1179 1657 1207; x_wconf 88' lang='lat' dir='ltr'>adsiduis</span> <span class='ocrx_word' id='word_1_707' title='bbox 1680 1180 1778 1217; x_wconf 87' lang='lat' dir='ltr'>pluviis</span> <span class='ocrx_word' id='word_1_708' title='bbox 1801 1179 1934 1210; x_wconf 76' lang='lat' dir='ltr'>inundata.</span> 
     </span>
     <span class='ocr_line' id='line_1_88' title="bbox 1094 1222 1934 1262; baseline -0.001 -12"><span class='ocrx_word' id='word_1_709' title='bbox 1094 1225 1190 1262; x_wconf 88' lang='lat' dir='ltr'>parieti</span> <span class='ocrx_word' id='word_1_710' title='bbox 1210 1224 1274 1255; x_wconf 79' lang='lat' dir='ltr'>eius⁷</span> <span class='ocrx_word' id='word_1_711' title='bbox 1295 1224 1339 1260; x_wconf 92' lang='lat' dir='ltr'>qui</span> <span class='ocrx_word' id='word_1_712' title='bbox 1353 1222 1493 1255; x_wconf 72' lang='lat' dir='ltr'>locaverat.</span> <span class='ocrx_word' id='word_1_713' title='bbox 1512 1222 1621 1249; x_wconf 86' lang='lat' dir='ltr'>humore</span> <span class='ocrx_word' id='word_1_714' title='bbox 1634 1224 1790 1260; x_wconf 85' lang='lat' dir='ltr'>praestituto</span> <span class='ocrx_word' id='word_1_715' title='bbox 1805 1222 1848 1256; x_wconf 87' lang='lat' dir='ltr'>[al.</span> <span class='ocrx_word' id='word_1_716' title='bbox 1862 1232 1934 1259; x_wconf 83' lang='lat' dir='ltr'>prae-</span> 
     </span>
     <span class='ocr_line' id='line_1_89' title="bbox 1094 1265 1933 1301; baseline -0.004 -8"><span class='ocrx_word' id='word_1_717' title='bbox 1094 1268 1174 1301; x_wconf 86' lang='lat' dir='ltr'>stito]</span> <span class='ocrx_word' id='word_1_718' title='bbox 1203 1266 1367 1299; x_wconf 77' lang='lat' dir='ltr'>madefacto,</span> <span class='ocrx_word' id='word_1_719' title='bbox 1395 1265 1512 1292; x_wconf 77' lang='lat' dir='ltr'>aedificia</span> <span class='ocrx_word' id='word_1_720' title='bbox 1542 1271 1704 1293; x_wconf 86' lang='lat' dir='ltr'>corruerunt.</span> <span class='ocrx_word' id='word_1_721' title='bbox 1732 1266 1762 1293; x_wconf 76' lang='lat' dir='ltr'>fr.</span> <span class='ocrx_word' id='word_1_722' title='bbox 1786 1268 1828 1294; x_wconf 82' lang='lat'>57.</span> <span class='ocrx_word' id='word_1_723' title='bbox 1856 1265 1933 1292; x_wconf 83' lang='lat' dir='ltr'>locat.</span> 
     </span>
     <span class='ocr_line' id='line_1_90' title="bbox 1095 1312 1178 1337; baseline -0.012 0"><span class='ocrx_word' id='word_1_724' title='bbox 1095 1312 1134 1337; x_wconf 87' lang='lat'>19.</span> <span class='ocrx_word' id='word_1_725' title='bbox 1153 1312 1178 1336; x_wconf 80' lang='lat'>2.</span> 
     </span>
    </p>

    <p class='ocr_par' dir='ltr' id='par_1_22' title="bbox 1092 1350 1934 1473">
     <span class='ocr_line' id='line_1_91' title="bbox 1128 1350 1933 1389; baseline -0.002 -11"><span class='ocrx_word' id='word_1_726' title='bbox 1128 1353 1299 1379; x_wconf 76' lang='lat' dir='ltr'>Madens.</span> <span class='ocrx_word' id='word_1_727' title='bbox 1331 1351 1463 1385; x_wconf 85' lang='lat' dir='ltr'>(Partic.)</span> <span class='ocrx_word' id='word_1_728' title='bbox 1502 1354 1667 1383; x_wconf 77' lang='lat' dir='ltr'>Madidus,</span> <span class='ocrx_word' id='word_1_729' title='bbox 1686 1354 1854 1389; x_wconf 78' lang='lat' dir='ltr'>Perfusus.</span> <span class='ocrx_word' id='word_1_730' title='bbox 1891 1350 1933 1377; x_wconf 91' lang='lat' dir='ltr'>III.</span> 
     </span>
     <span class='ocr_line' id='line_1_92' title="bbox 1093 1394 1934 1429; baseline -0.005 -5"><span class='ocrx_word' id='word_1_731' title='bbox 1093 1397 1160 1424; x_wconf 75' lang='lat' dir='ltr'>Gn.</span> <span class='ocrx_word' id='word_1_732' title='bbox 1180 1395 1301 1421; x_wconf 68' lang='lat' dir='ltr'>madente</span> <span class='ocrx_word' id='word_1_733' title='bbox 1321 1394 1365 1428; x_wconf 86' lang='lat' dir='ltr'>[al.</span> <span class='ocrx_word' id='word_1_734' title='bbox 1384 1394 1505 1429; x_wconf 74' lang='lat' dir='ltr'>madens]</span> <span class='ocrx_word' id='word_1_735' title='bbox 1525 1395 1609 1422; x_wconf 84' lang='lat' dir='ltr'>adhuc</span> <span class='ocrx_word' id='word_1_736' title='bbox 1628 1395 1698 1422; x_wconf 86' lang='lat' dir='ltr'>filiae</span> <span class='ocrx_word' id='word_1_737' title='bbox 1717 1405 1822 1427; x_wconf 78' lang='lat' dir='ltr'>cruore,</span> <span class='ocrx_word' id='word_1_738' title='bbox 1842 1404 1934 1421; x_wconf 85' lang='lat' dir='ltr'>recens</span> 
     </span>
     <span class='ocr_line' id='line_1_93' title="bbox 1092 1438 1845 1473; baseline -0.001 -8"><span class='ocrx_word' id='word_1_739' title='bbox 1092 1450 1106 1465; x_wconf 81' lang='lat' dir='ltr'>a</span> <span class='ocrx_word' id='word_1_740' title='bbox 1125 1438 1212 1469; x_wconf 75' lang='lat' dir='ltr'>caede,</span> <span class='ocrx_word' id='word_1_741' title='bbox 1233 1438 1350 1473; x_wconf 77' lang='lat' dir='ltr'>confugit</span> <span class='ocrx_word' id='word_1_742' title='bbox 1369 1443 1416 1464; x_wconf 85' lang='lat' dir='ltr'>etc.</span> <span class='ocrx_word' id='word_1_743' title='bbox 1439 1438 1468 1464; x_wconf 88' lang='lat' dir='ltr'>sr.</span> <span class='ocrx_word' id='word_1_744' title='bbox 1488 1440 1511 1464; x_wconf 79' lang='grc'>’2.</span> <span class='ocrx_word' id='word_1_745' title='bbox 1532 1438 1554 1472; x_wconf 83' lang='lat'>9.</span> <span class='ocrx_word' id='word_1_746' title='bbox 1574 1441 1615 1465; x_wconf 77' lang='lat'>24.</span> <span class='ocrx_word' id='word_1_747' title='bbox 1636 1438 1668 1465; x_wconf 85' lang='lat' dir='ltr'>de</span> <span class='ocrx_word' id='word_1_748' title='bbox 1688 1438 1719 1465; x_wconf 86' lang='lat' dir='ltr'>O.</span> <span class='ocrx_word' id='word_1_749' title='bbox 1740 1438 1758 1465; x_wconf 87' lang='lat' dir='ltr'>I.</span> <span class='ocrx_word' id='word_1_750' title='bbox 1780 1441 1801 1464; x_wconf 94' lang='lat'>1.</span> <span class='ocrx_word' id='word_1_751' title='bbox 1821 1440 1845 1464; x_wconf 79' lang='lat'>2.</span> 
     </span>
    </p>

    <p class='ocr_par' dir='ltr' id='par_1_23' title="bbox 1089 1480 1933 1596">
     <span class='ocr_line' id='line_1_94' title="bbox 1127 1480 1933 1517; baseline -0.001 -9"><span class='ocrx_word' id='word_1_752' title='bbox 1127 1482 1361 1508; x_wconf 74' lang='lat' dir='ltr'>Madescere.</span> <span class='ocrx_word' id='word_1_753' title='bbox 1400 1483 1565 1508; x_wconf 74' lang='lat' dir='ltr'>Madidum</span> <span class='ocrx_word' id='word_1_754' title='bbox 1583 1484 1680 1517; x_wconf 84' lang='lat' dir='ltr'>fieri.</span> <span class='ocrx_word' id='word_1_755' title='bbox 1718 1481 1760 1508; x_wconf 89' lang='lat'>111.</span> <span class='ocrx_word' id='word_1_756' title='bbox 1776 1483 1842 1509; x_wconf 80' lang='lat' dir='ltr'>Cn.</span> <span class='ocrx_word' id='word_1_757' title='bbox 1862 1480 1933 1507; x_wconf 83' lang='lat' dir='ltr'>Ster-</span> 
     </span>
     <span class='ocr_line' id='line_1_95' title="bbox 1092 1523 1931 1561; baseline 0 -11"><span class='ocrx_word' id='word_1_758' title='bbox 1092 1524 1207 1551; x_wconf 88' lang='lat' dir='ltr'>culinnm</span> <span class='ocrx_word' id='word_1_759' title='bbox 1227 1523 1332 1555; x_wconf 72' lang='lat' dir='ltr'>fecerat,</span> <span class='ocrx_word' id='word_1_760' title='bbox 1351 1534 1383 1550; x_wconf 81' lang='lat' dir='ltr'>ex</span> <span class='ocrx_word' id='word_1_761' title='bbox 1403 1534 1455 1560; x_wconf 91' lang='lat' dir='ltr'>quo</span> <span class='ocrx_word' id='word_1_762' title='bbox 1468 1525 1555 1561; x_wconf 86' lang='lat' dir='ltr'>paries</span> <span class='ocrx_word' id='word_1_763' title='bbox 1572 1524 1747 1550; x_wconf 85' lang='lat' dir='ltr'>madescebat.</span> <span class='ocrx_word' id='word_1_764' title='bbox 1766 1524 1796 1550; x_wconf 88' lang='lat' dir='ltr'>fr.</span> <span class='ocrx_word' id='word_1_765' title='bbox 1813 1526 1852 1550; x_wconf 91' lang='lat'>17.</span> <span class='ocrx_word' id='word_1_766' title='bbox 1872 1524 1893 1558; x_wconf 92' lang='lat'>9.</span> <span class='ocrx_word' id='word_1_767' title='bbox 1908 1526 1931 1550; x_wconf 74' lang='lat'>2.</span> 
     </span>
     <span class='ocr_line' id='line_1_96' title="bbox 1089 1567 1312 1596; baseline -0.004 -3"><span class='ocrx_word' id='word_1_768' title='bbox 1089 1569 1115 1596; x_wconf 76' lang='lat' dir='ltr'>,si</span> <span class='ocrx_word' id='word_1_769' title='bbox 1134 1568 1224 1593; x_wconf 84' lang='lat' dir='ltr'>servit.</span> <span class='ocrx_word' id='word_1_770' title='bbox 1244 1567 1268 1592; x_wconf 86' lang='grc'>8.</span> <span class='ocrx_word' id='word_1_771' title='bbox 1288 1569 1312 1592; x_wconf 87' lang='lat'>5.</span> 
     </span>
    </p>

    <p class='ocr_par' dir='ltr' id='par_1_24' title="bbox 1090 1609 1931 1765">
     <span class='ocr_line' id='line_1_97' title="bbox 1126 1609 1931 1645; baseline -0.001 -8"><span class='ocrx_word' id='word_1_772' title='bbox 1126 1611 1395 1637; x_wconf 77' lang='lat' dir='ltr'>Maenaenum.</span> <span class='ocrx_word' id='word_1_773' title='bbox 1433 1609 1572 1642; x_wconf 84' lang='lat' dir='ltr'>(Adiect.)</span> <span class='ocrx_word' id='word_1_774' title='bbox 1614 1611 1661 1637; x_wconf 82' lang='lat' dir='ltr'>Ad</span> <span class='ocrx_word' id='word_1_775' title='bbox 1687 1612 1853 1645; x_wconf 73' lang='lat' dir='ltr'>singulum</span> <span class='ocrx_word' id='word_1_776' title='bbox 1880 1619 1931 1636; x_wconf 81' lang='lat' dir='ltr'>ca-</span> 
     </span>
     <span class='ocr_line' id='line_1_98' title="bbox 1091 1653 1931 1687; baseline -0.002 -7"><span class='ocrx_word' id='word_1_777' title='bbox 1091 1660 1192 1680; x_wconf 81' lang='lat' dir='ltr'>strum</span> <span class='ocrx_word' id='word_1_778' title='bbox 1211 1659 1376 1687; x_wconf 63' lang='lat' dir='ltr'>rpeclana,</span> <span class='ocrx_word' id='word_1_779' title='bbox 1391 1653 1470 1685; x_wconf 88' lang='lat' dir='ltr'>(intra</span> <span class='ocrx_word' id='word_1_780' title='bbox 1482 1653 1644 1679; x_wconf 85' lang='lat' dir='ltr'>Palaestinae</span> <span class='ocrx_word' id='word_1_781' title='bbox 1656 1653 1722 1679; x_wconf 83' lang='lat' dir='ltr'>fines</span> <span class='ocrx_word' id='word_1_782' title='bbox 1737 1653 1931 1685; x_wconf 84' lang='lat' dir='ltr'>constitutum.)</span> 
     </span>
     <span class='ocr_line' id='line_1_99' title="bbox 1090 1695 1929 1724; baseline -0.001 -2"><span class='ocrx_word' id='word_1_783' title='bbox 1090 1696 1133 1723; x_wconf 88' lang='lat' dir='ltr'>III.</span> <span class='ocrx_word' id='word_1_784' title='bbox 1159 1697 1225 1724; x_wconf 76' lang='lat' dir='ltr'>Gn.</span> <span class='ocrx_word' id='word_1_785' title='bbox 1252 1695 1308 1721; x_wconf 81' lang='lat' dir='ltr'>Sub</span> <span class='ocrx_word' id='word_1_786' title='bbox 1332 1695 1471 1722; x_wconf 85' lang='lat' dir='ltr'>Bersabini</span> <span class='ocrx_word' id='word_1_787' title='bbox 1499 1701 1525 1722; x_wconf 89' lang='lat' dir='ltr'>et</span> <span class='ocrx_word' id='word_1_788' title='bbox 1548 1695 1682 1722; x_wconf 83' lang='lat' dir='ltr'>Maenacni</span> <span class='ocrx_word' id='word_1_789' title='bbox 1711 1697 1790 1722; x_wconf 85' lang='lat' dir='ltr'>castri</span> <span class='ocrx_word' id='word_1_790' title='bbox 1817 1696 1929 1721; x_wconf 84' lang='lat' dir='ltr'>nomine.</span> 
     </span>
     <span class='ocr_line' id='line_1_100' title="bbox 1091 1738 1366 1765; baseline -0.007 0"><span class='ocrx_word' id='word_1_791' title='bbox 1091 1739 1132 1765; x_wconf 86' lang='lat' dir='ltr'>Cf.</span> <span class='ocrx_word' id='word_1_792' title='bbox 1152 1749 1176 1765; x_wconf 94' lang='lat' dir='ltr'>v.</span> <span class='ocrx_word' id='word_1_793' title='bbox 1197 1738 1366 1764; x_wconf 63' lang='lat' dir='ltr'>Bersabinus.</span> 
     </span>
    </p>

    <p class='ocr_par' dir='ltr' id='par_1_25' title="bbox 1087 1781 1930 2161">
     <span class='ocr_line' id='line_1_101' title="bbox 1124 1781 1929 1815; baseline -0.002 -7"><span class='ocrx_word' id='word_1_794' title='bbox 1124 1781 1384 1808; x_wconf 78' lang='lat' dir='ltr'>Maeuianum.</span> <span class='ocrx_word' id='word_1_795' title='bbox 1429 1782 1625 1807; x_wconf 78' lang='lat' dir='ltr'>Tabulatum</span> <span class='ocrx_word' id='word_1_796' title='bbox 1652 1787 1747 1808; x_wconf 78' lang='lat' dir='ltr'>extra</span> <span class='ocrx_word' id='word_1_797' title='bbox 1769 1783 1929 1815; x_wconf 77' lang='lat' dir='ltr'>parietem</span> 
     </span>
     <span class='ocr_line' id='line_1_102' title="bbox 1087 1823 1930 1861; baseline 0 -11"><span class='ocrx_word' id='word_1_798' title='bbox 1087 1826 1281 1858; x_wconf 74' lang='lat' dir='ltr'>proiectum,</span> <span class='ocrx_word' id='word_1_799' title='bbox 1296 1823 1340 1856; x_wconf 86' lang='lat' dir='ltr'>(ad</span> <span class='ocrx_word' id='word_1_800' title='bbox 1354 1823 1568 1860; x_wconf 84' lang='lat' dir='ltr'>prospiciendum</span> <span class='ocrx_word' id='word_1_801' title='bbox 1582 1824 1692 1861; x_wconf 87' lang='lat' dir='ltr'>aptum.)</span> <span class='ocrx_word' id='word_1_802' title='bbox 1711 1823 1754 1850; x_wconf 89' lang='lat' dir='ltr'>III.</span> <span class='ocrx_word' id='word_1_803' title='bbox 1764 1825 1830 1851; x_wconf 77' lang='lat' dir='ltr'>Gn.</span> <span class='ocrx_word' id='word_1_804' title='bbox 1849 1823 1930 1855; x_wconf 72' lang='lat' dir='ltr'>..Pro-</span> 
     </span>
     <span class='ocr_line' id='line_1_103' title="bbox 1090 1865 1930 1903; baseline 0.001 -11"><span class='ocrx_word' id='word_1_805' title='bbox 1090 1868 1207 1893; x_wconf 72' lang='lat' dir='ltr'>iectum‘*</span> <span class='ocrx_word' id='word_1_806' title='bbox 1233 1875 1292 1892; x_wconf 87' lang='lat' dir='ltr'>esse</span> <span class='ocrx_word' id='word_1_807' title='bbox 1316 1865 1355 1897; x_wconf 82' lang='lat' dir='ltr'>id,</span> <span class='ocrx_word' id='word_1_808' title='bbox 1384 1865 1455 1902; x_wconf 88' lang='lat' dir='ltr'>quod</span> <span class='ocrx_word' id='word_1_809' title='bbox 1478 1867 1512 1892; x_wconf 88' lang='lat' dir='ltr'>ita</span> <span class='ocrx_word' id='word_1_810' title='bbox 1536 1866 1727 1903; x_wconf 84' lang='lat' dir='ltr'>proveheretur</span> <span class='ocrx_word' id='word_1_811' title='bbox 1749 1872 1778 1893; x_wconf 85' lang='lat' dir='ltr'>ut</span> <span class='ocrx_word' id='word_1_812' title='bbox 1801 1877 1930 1903; x_wconf 87' lang='lat' dir='ltr'>nusquam</span> 
     </span>
     <span class='ocr_line' id='line_1_104' title="bbox 1088 1908 1928 1945; baseline 0.001 -10"><span class='ocrx_word' id='word_1_813' title='bbox 1088 1910 1274 1945; x_wconf 74' lang='lat' dir='ltr'>requiesceret.</span> <span class='ocrx_word' id='word_1_814' title='bbox 1295 1908 1380 1945; x_wconf 83' lang='lat' dir='ltr'>qualia</span> <span class='ocrx_word' id='word_1_815' title='bbox 1393 1910 1526 1935; x_wconf 83' lang='lat' dir='ltr'>maeniana</span> <span class='ocrx_word' id='word_1_816' title='bbox 1543 1909 1586 1942; x_wconf 86' lang='lat' dir='ltr'>[al.</span> <span class='ocrx_word' id='word_1_817' title='bbox 1602 1911 1727 1941; x_wconf 79' lang='lat' dir='ltr'>meniana.</span> <span class='ocrx_word' id='word_1_818' title='bbox 1747 1920 1767 1936; x_wconf 91' lang='lat' dir='ltr'>s.</span> <span class='ocrx_word' id='word_1_819' title='bbox 1781 1910 1928 1943; x_wconf 77' lang='lat' dir='ltr'>maeniana]</span> 
     </span>
     <span class='ocr_line' id='line_1_105' title="bbox 1089 1951 1926 1988; baseline 0.002 -11"><span class='ocrx_word' id='word_1_820' title='bbox 1089 1957 1114 1978; x_wconf 85' lang='lat' dir='ltr'>et</span> <span class='ocrx_word' id='word_1_821' title='bbox 1138 1951 1286 1988; x_wconf 76' lang='lat' dir='ltr'>suggrunda</span> <span class='ocrx_word' id='word_1_822' title='bbox 1311 1956 1408 1977; x_wconf 81' lang='lat' dir='ltr'>essent.</span> <span class='ocrx_word' id='word_1_823' title='bbox 1435 1951 1464 1978; x_wconf 83' lang='lat' dir='ltr'>fr.</span> <span class='ocrx_word' id='word_1_824' title='bbox 1488 1954 1547 1978; x_wconf 72' lang='lat'>242.</span> <span class='ocrx_word' id='word_1_825' title='bbox 1571 1953 1592 1986; x_wconf 87' lang='lat'>9.</span> <span class='ocrx_word' id='word_1_826' title='bbox 1618 1954 1640 1978; x_wconf 94' lang='lat' dir='ltr'>l.</span> <span class='ocrx_word' id='word_1_827' title='bbox 1666 1952 1698 1979; x_wconf 84' lang='lat' dir='ltr'>de</span> <span class='ocrx_word' id='word_1_828' title='bbox 1718 1952 1749 1979; x_wconf 90' lang='lat' dir='ltr'>V.</span> <span class='ocrx_word' id='word_1_829' title='bbox 1769 1953 1797 1979; x_wconf 91' lang='lat' dir='ltr'>S.</span> <span class='ocrx_word' id='word_1_830' title='bbox 1821 1955 1861 1979; x_wconf 87' lang='lat'>50.</span> <span class='ocrx_word' id='word_1_831' title='bbox 1888 1954 1926 1979; x_wconf 86' lang='lat'>16.</span> 
     </span>
     <span class='ocr_line' id='line_1_106' title="bbox 1089 1993 1926 2033; baseline 0.001 -12"><span class='ocrx_word' id='word_1_832' title='bbox 1089 1995 1118 2021; x_wconf 87' lang='lat' dir='ltr'>sr.</span> <span class='ocrx_word' id='word_1_833' title='bbox 1138 1997 1180 2021; x_wconf 74' lang='lat'>⁶20.</span> <span class='ocrx_word' id='word_1_834' title='bbox 1200 2004 1238 2031; x_wconf 90' lang='lat' dir='ltr'>pr.</span> <span class='ocrx_word' id='word_1_835' title='bbox 1259 1994 1292 2021; x_wconf 87' lang='lat' dir='ltr'>de</span> <span class='ocrx_word' id='word_1_836' title='bbox 1311 1994 1338 2020; x_wconf 91' lang='lat' dir='ltr'>S.</span> <span class='ocrx_word' id='word_1_837' title='bbox 1359 1993 1386 2020; x_wconf 89' lang='lat' dir='ltr'>P.</span> <span class='ocrx_word' id='word_1_838' title='bbox 1407 1994 1440 2020; x_wconf 87' lang='lat' dir='ltr'>U.</span> <span class='ocrx_word' id='word_1_839' title='bbox 1460 1996 1483 2020; x_wconf 75' lang='lat'>8.</span> <span class='ocrx_word' id='word_1_840' title='bbox 1503 1996 1527 2021; x_wconf 72' lang='lat'>2.</span> <span class='ocrx_word' id='word_1_841' title='bbox 1548 1995 1580 2021; x_wconf 80' lang='lat' dir='ltr'>cf.</span> <span class='ocrx_word' id='word_1_842' title='bbox 1600 2006 1621 2022; x_wconf 93' lang='lat' dir='ltr'>c.</span> <span class='ocrx_word' id='word_1_843' title='bbox 1643 1997 1682 2022; x_wconf 93' lang='lat' dir='ltr'>ll.</span> <span class='ocrx_word' id='word_1_844' title='bbox 1708 1995 1740 2022; x_wconf 87' lang='lat' dir='ltr'>de</span> <span class='ocrx_word' id='word_1_845' title='bbox 1765 1995 1841 2022; x_wconf 80' lang='lat' dir='ltr'>aedis.</span> <span class='ocrx_word' id='word_1_846' title='bbox 1860 1996 1926 2033; x_wconf 90' lang='lat' dir='ltr'>priv.</span> 
     </span>
     <span class='ocr_line' id='line_1_107' title="bbox 1087 2036 1927 2073; baseline 0 -9"><span class='ocrx_word' id='word_1_847' title='bbox 1087 2039 1111 2065; x_wconf 77' lang='lat'>8.</span> <span class='ocrx_word' id='word_1_848' title='bbox 1133 2040 1173 2064; x_wconf 87' lang='lat'>10.</span> <span class='ocrx_word' id='word_1_849' title='bbox 1210 2037 1277 2064; x_wconf 91' lang='lat' dir='ltr'>Cum</span> <span class='ocrx_word' id='word_1_850' title='bbox 1297 2036 1401 2073; x_wconf 85' lang='lat' dir='ltr'>quidam</span> <span class='ocrx_word' id='word_1_851' title='bbox 1421 2036 1508 2063; x_wconf 88' lang='lat' dir='ltr'>velum</span> <span class='ocrx_word' id='word_1_852' title='bbox 1527 2039 1554 2064; x_wconf 91' lang='lat' dir='ltr'>in</span> <span class='ocrx_word' id='word_1_853' title='bbox 1572 2040 1707 2065; x_wconf 83' lang='lat' dir='ltr'>maeniano</span> <span class='ocrx_word' id='word_1_854' title='bbox 1727 2040 1871 2065; x_wconf 86' lang='lat' dir='ltr'>immissum</span> <span class='ocrx_word' id='word_1_855' title='bbox 1885 2038 1927 2064; x_wconf 92' lang='lat' dir='ltr'>ha-</span> 
     </span>
     <span class='ocr_line' id='line_1_108' title="bbox 1088 2079 1927 2117; baseline 0 -10"><span class='ocrx_word' id='word_1_856' title='bbox 1088 2081 1175 2111; x_wconf 81' lang='lat' dir='ltr'>beret,</span> <span class='ocrx_word' id='word_1_857' title='bbox 1200 2081 1245 2117; x_wconf 90' lang='lat' dir='ltr'>qui</span> <span class='ocrx_word' id='word_1_858' title='bbox 1269 2080 1348 2106; x_wconf 90' lang='lat' dir='ltr'>vicini</span> <span class='ocrx_word' id='word_1_859' title='bbox 1372 2079 1515 2107; x_wconf 88' lang='lat' dir='ltr'>luminibus</span> <span class='ocrx_word' id='word_1_860' title='bbox 1539 2081 1679 2108; x_wconf 77' lang='lat' dir='ltr'>officiebat.</span> <span class='ocrx_word' id='word_1_861' title='bbox 1707 2082 1738 2108; x_wconf 81' lang='lat' dir='ltr'>fr.</span> <span class='ocrx_word' id='word_1_862' title='bbox 1757 2084 1781 2108; x_wconf 72' lang='lat'>2.</span> <span class='ocrx_word' id='word_1_863' title='bbox 1810 2082 1831 2115; x_wconf 95' lang='lat'>9.</span> <span class='ocrx_word' id='word_1_864' title='bbox 1851 2082 1874 2108; x_wconf 88' lang='lat'>6.</span> <span class='ocrx_word' id='word_1_865' title='bbox 1895 2091 1927 2107; x_wconf 88' lang='lat' dir='ltr'>ne</span> 
     </span>
     <span class='ocr_line' id='line_1_109' title="bbox 1088 2122 1430 2161; baseline -0.006 -11"><span class='ocrx_word' id='word_1_866' title='bbox 1088 2134 1130 2161; x_wconf 90' lang='lat' dir='ltr'>qu.</span> <span class='ocrx_word' id='word_1_867' title='bbox 1151 2125 1177 2150; x_wconf 91' lang='lat' dir='ltr'>in</span> <span class='ocrx_word' id='word_1_868' title='bbox 1197 2123 1256 2149; x_wconf 85' lang='lat' dir='ltr'>loco</span> <span class='ocrx_word' id='word_1_869' title='bbox 1275 2122 1337 2160; x_wconf 88' lang='lat' dir='ltr'>pub.</span> <span class='ocrx_word' id='word_1_870' title='bbox 1351 2123 1392 2148; x_wconf 86' lang='lat'>43.</span> <span class='ocrx_word' id='word_1_871' title='bbox 1406 2124 1430 2148; x_wconf 78' lang='lat'>8.</span> 
     </span>
    </p>

    <p class='ocr_par' dir='ltr' id='par_1_26' title="bbox 1085 2165 1930 2329">
     <span class='ocr_line' id='line_1_110' title="bbox 1122 2165 1925 2201; baseline 0.001 -8"><span class='ocrx_word' id='word_1_872' title='bbox 1122 2167 1359 2194; x_wconf 75' lang='lat' dir='ltr'>Maevianus.</span> <span class='ocrx_word' id='word_1_873' title='bbox 1393 2165 1521 2199; x_wconf 59' lang='lat' dir='ltr'>(Autem.)</span> <span class='ocrx_word' id='word_1_874' title='bbox 1559 2169 1607 2194; x_wconf 53' lang='lat' dir='ltr'>..ld</span> <span class='ocrx_word' id='word_1_875' title='bbox 1634 2168 1795 2194; x_wconf 67' lang='lat' dir='ltr'>Maeuium</span> <span class='ocrx_word' id='word_1_876' title='bbox 1820 2169 1925 2201; x_wconf 79' lang='lat' dir='ltr'>perti-</span> 
     </span>
     <span class='ocr_line' id='line_1_111' title="bbox 1086 2208 1923 2243; baseline 0 -7"><span class='ocrx_word' id='word_1_877' title='bbox 1086 2220 1168 2236; x_wconf 79' lang='lat' dir='ltr'>nens.</span> <span class='ocrx_word' id='word_1_878' title='bbox 1205 2209 1223 2235; x_wconf 91' lang='grc'>1.</span> <span class='ocrx_word' id='word_1_879' title='bbox 1244 2210 1305 2243; x_wconf 77' lang='lat' dir='ltr'>Sy.</span> <span class='ocrx_word' id='word_1_880' title='bbox 1328 2208 1356 2235; x_wconf 86' lang='lat' dir='ltr'>P.</span> <span class='ocrx_word' id='word_1_881' title='bbox 1376 2208 1483 2241; x_wconf 72' lang='lat' dir='ltr'>Naevii,</span> <span class='ocrx_word' id='word_1_882' title='bbox 1502 2209 1634 2236; x_wconf 77' lang='lat' dir='ltr'>Maeviana</span> <span class='ocrx_word' id='word_1_883' title='bbox 1654 2209 1831 2243; x_wconf 72' lang='lat' dir='ltr'>(hereditas.)</span> <span class='ocrx_word' id='word_1_884' title='bbox 1851 2209 1880 2236; x_wconf 82' lang='lat' dir='ltr'>fr.</span> <span class='ocrx_word' id='word_1_885' title='bbox 1900 2211 1923 2235; x_wconf 73' lang='lat'>2.</span> 
     </span>
     <span class='ocr_line' id='line_1_112' title="bbox 1086 2252 1922 2288; baseline -0.001 -9"><span class='ocrx_word' id='word_1_886' title='bbox 1086 2254 1107 2287; x_wconf 97' lang='lat'>9.</span> <span class='ocrx_word' id='word_1_887' title='bbox 1128 2255 1168 2279; x_wconf 87' lang='lat'>15.</span> <span class='ocrx_word' id='word_1_888' title='bbox 1189 2252 1221 2279; x_wconf 87' lang='lat' dir='ltr'>de</span> <span class='ocrx_word' id='word_1_889' title='bbox 1240 2252 1328 2278; x_wconf 87' lang='lat' dir='ltr'>hered.</span> <span class='ocrx_word' id='word_1_890' title='bbox 1349 2262 1373 2278; x_wconf 87' lang='lat' dir='ltr'>v.</span> <span class='ocrx_word' id='word_1_891' title='bbox 1393 2256 1441 2278; x_wconf 84' lang='lat' dir='ltr'>act.</span> <span class='ocrx_word' id='word_1_892' title='bbox 1461 2252 1537 2278; x_wconf 88' lang='lat' dir='ltr'>vend.</span> <span class='ocrx_word' id='word_1_893' title='bbox 1561 2254 1599 2278; x_wconf 75' lang='grc'>18.</span> <span class='ocrx_word' id='word_1_894' title='bbox 1619 2254 1642 2279; x_wconf 80' lang='lat'>4.</span> <span class='ocrx_word' id='word_1_895' title='bbox 1663 2252 1693 2279; x_wconf 87' lang='lat' dir='ltr'>fr.</span> <span class='ocrx_word' id='word_1_896' title='bbox 1712 2254 1753 2279; x_wconf 80' lang='lat'>27.</span> <span class='ocrx_word' id='word_1_897' title='bbox 1773 2253 1810 2287; x_wconf 88' lang='lat'>99.</span> <span class='ocrx_word' id='word_1_898' title='bbox 1824 2254 1847 2279; x_wconf 92' lang='lat'>9.</span> <span class='ocrx_word' id='word_1_899' title='bbox 1865 2262 1922 2288; x_wconf 86' lang='lat' dir='ltr'>sqq.</span> 
     </span>
     <span class='ocr_line' id='line_1_113' title="bbox 1085 2294 1930 2329; baseline -0.004 -7"><span class='ocrx_word' id='word_1_900' title='bbox 1085 2296 1117 2322; x_wconf 87' lang='lat' dir='ltr'>fr.</span> <span class='ocrx_word' id='word_1_901' title='bbox 1136 2298 1177 2322; x_wconf 85' lang='lat'>55.</span> <span class='ocrx_word' id='word_1_902' title='bbox 1198 2296 1219 2329; x_wconf 86' lang='lat'>9.</span> <span class='ocrx_word' id='word_1_903' title='bbox 1239 2297 1263 2321; x_wconf 90' lang='lat'>4.</span> <span class='ocrx_word' id='word_1_904' title='bbox 1283 2295 1315 2321; x_wconf 89' lang='lat' dir='ltr'>ad</span> <span class='ocrx_word' id='word_1_905' title='bbox 1335 2294 1400 2321; x_wconf 86' lang='lat' dir='ltr'>S.C.</span> <span class='ocrx_word' id='word_1_906' title='bbox 1421 2294 1498 2320; x_wconf 71' lang='lat' dir='ltr'>Treb.</span> <span class='ocrx_word' id='word_1_907' title='bbox 1519 2296 1560 2321; x_wconf 80' lang='lat'>36.</span> <span class='ocrx_word' id='word_1_908' title='bbox 1582 2297 1604 2321; x_wconf 88' lang='lat' dir='ltr'>l.</span> <span class='ocrx_word' id='word_1_909' title='bbox 1927 2327 1930 2328; x_wconf 61' lang='lat'>.</span> 
     </span>
    </p>

    <p class='ocr_par' dir='ltr' id='par_1_27' title="bbox 1083 2337 1923 2453">
     <span class='ocr_line' id='line_1_114' title="bbox 1120 2337 1922 2374; baseline -0.001 -9"><span class='ocrx_word' id='word_1_910' title='bbox 1120 2338 1304 2365; x_wconf 59' lang='lat' dir='ltr'>Mavvius.</span> <span class='ocrx_word' id='word_1_911' title='bbox 1336 2339 1451 2364; x_wconf 76' lang='lat' dir='ltr'>Nomen</span> <span class='ocrx_word' id='word_1_912' title='bbox 1468 2340 1755 2374; x_wconf 77' lang='lat' dir='ltr'>personaefictae.</span> <span class='ocrx_word' id='word_1_913' title='bbox 1793 2337 1834 2364; x_wconf 89' lang='lat' dir='ltr'>III.</span> <span class='ocrx_word' id='word_1_914' title='bbox 1856 2338 1922 2364; x_wconf 75' lang='lat'>011.</span> 
     </span>
     <span class='ocr_line' id='line_1_115' title="bbox 1083 2380 1923 2417; baseline -0.001 -10"><span class='ocrx_word' id='word_1_915' title='bbox 1083 2381 1113 2407; x_wconf 94' lang='lat' dir='ltr'>L.</span> <span class='ocrx_word' id='word_1_916' title='bbox 1135 2381 1221 2407; x_wconf 87' lang='lat' dir='ltr'>Titius</span> <span class='ocrx_word' id='word_1_917' title='bbox 1242 2380 1318 2406; x_wconf 86' lang='lat' dir='ltr'>heres</span> <span class='ocrx_word' id='word_1_918' title='bbox 1339 2385 1408 2409; x_wconf 78' lang='lat' dir='ltr'>esto.</span> <span class='ocrx_word' id='word_1_919' title='bbox 1429 2381 1596 2417; x_wconf 70' lang='lat' dir='ltr'>cernitoque!</span> <span class='ocrx_word' id='word_1_920' title='bbox 1620 2397 1652 2400; x_wconf 87' lang='lat'>—</span> <span class='ocrx_word' id='word_1_921' title='bbox 1680 2381 1787 2417; x_wconf 80' lang='lat' dir='ltr'>Quodni</span> <span class='ocrx_word' id='word_1_922' title='bbox 1812 2382 1845 2406; x_wconf 79' lang='lat' dir='ltr'>ita</span> <span class='ocrx_word' id='word_1_923' title='bbox 1869 2390 1923 2406; x_wconf 86' lang='lat' dir='ltr'>cre-</span> 
     </span>
     <span class='ocr_line' id='line_1_116' title="bbox 1083 2422 1920 2453; baseline -0.001 -3"><span class='ocrx_word' id='word_1_924' title='bbox 1083 2425 1162 2453; x_wconf 82' lang='lat' dir='ltr'>veris.</span> <span class='ocrx_word' id='word_1_925' title='bbox 1182 2424 1292 2450; x_wconf 79' lang='lat' dir='ltr'>exheres</span> <span class='ocrx_word' id='word_1_926' title='bbox 1313 2427 1385 2453; x_wconf 72' lang='lat' dir='ltr'>esto3</span> <span class='ocrx_word' id='word_1_927' title='bbox 1416 2427 1470 2448; x_wconf 86' lang='lat' dir='ltr'>tum</span> <span class='ocrx_word' id='word_1_928' title='bbox 1489 2422 1606 2450; x_wconf 83' lang='lat' dir='ltr'>Maevius</span> <span class='ocrx_word' id='word_1_929' title='bbox 1626 2424 1701 2450; x_wconf 83' lang='lat' dir='ltr'>heres</span> <span class='ocrx_word' id='word_1_930' title='bbox 1722 2425 1790 2450; x_wconf 81' lang='lat' dir='ltr'>esto!</span> <span class='ocrx_word' id='word_1_931' title='bbox 1815 2423 1871 2449; x_wconf 88' lang='lat' dir='ltr'>Gai.</span> <span class='ocrx_word' id='word_1_932' title='bbox 1890 2423 1920 2450; x_wconf 92' lang='lat' dir='ltr'>II.</span> 
     </span>
    </p>
   </div>
   <div class='ocr_carea' id='block_1_10' title="bbox 1086 2465 1921 2504">
    <p class='ocr_par' dir='ltr' id='par_1_28' title="bbox 1086 2465 1921 2504">
     <span class='ocr_line' id='line_1_117' title="bbox 1086 2465 1921 2504; baseline 0 -11"><span class='ocrx_word' id='word_1_933' title='bbox 1086 2469 1141 2493; x_wconf 73' lang='lat'>174.</span> <span class='ocrx_word' id='word_1_934' title='bbox 1162 2466 1223 2504; x_wconf 86' lang='lat' dir='ltr'>le.</span> <span class='ocrx_word' id='word_1_935' title='bbox 1237 2465 1320 2492; x_wconf 69' lang='lat' dir='ltr'>XXII.</span> <span class='ocrx_word' id='word_1_936' title='bbox 1334 2466 1376 2490; x_wconf 72' lang='lat'>28.</span> <span class='ocrx_word' id='word_1_937' title='bbox 1395 2466 1436 2490; x_wconf 89' lang='lat'>33.</span> <span class='ocrx_word' id='word_1_938' title='bbox 1457 2475 1496 2501; x_wconf 89' lang='lat' dir='ltr'>sq.</span> <span class='ocrx_word' id='word_1_939' title='bbox 1532 2465 1644 2502; x_wconf 79' lang='lat' dir='ltr'>Rogavit</span> <span class='ocrx_word' id='word_1_940' title='bbox 1663 2466 1758 2498; x_wconf 77' lang='lat' dir='ltr'>Titius,</span> <span class='ocrx_word' id='word_1_941' title='bbox 1777 2466 1921 2503; x_wconf 88' lang='lat' dir='ltr'>spopondit</span> 
     </span>
    </p>
   </div>
   <div class='ocr_carea' id='block_1_11' title="bbox 1060 2507 1920 2545">
    <p class='ocr_par' dir='ltr' id='par_1_29' title="bbox 1060 2507 1920 2545">
     <span class='ocr_line' id='line_1_118' title="bbox 1060 2507 1920 2545; baseline 0 -9"><span class='ocrx_word' id='word_1_942' title='bbox 1060 2529 1061 2532; x_wconf 73' lang='lat'>.</span> <span class='ocrx_word' id='word_1_943' title='bbox 1083 2510 1207 2536; x_wconf 83' lang='lat' dir='ltr'>Maevius.</span> <span class='ocrx_word' id='word_1_944' title='bbox 1233 2509 1262 2535; x_wconf 92' lang='lat' dir='ltr'>sr.</span> <span class='ocrx_word' id='word_1_945' title='bbox 1283 2510 1305 2534; x_wconf 82' lang='lat'>7.</span> <span class='ocrx_word' id='word_1_946' title='bbox 1334 2508 1355 2541; x_wconf 90' lang='lat'>9</span> <span class='ocrx_word' id='word_1_947' title='bbox 1376 2509 1416 2533; x_wconf 82' lang='lat'>12.</span> <span class='ocrx_word' id='word_1_948' title='bbox 1441 2507 1474 2534; x_wconf 88' lang='lat' dir='ltr'>de</span> <span class='ocrx_word' id='word_1_949' title='bbox 1492 2514 1559 2545; x_wconf 83' lang='lat' dir='ltr'>pact.</span> <span class='ocrx_word' id='word_1_950' title='bbox 1579 2512 1602 2535; x_wconf 76' lang='lat'>2.</span> <span class='ocrx_word' id='word_1_951' title='bbox 1624 2511 1663 2535; x_wconf 90' lang='lat'>14.</span> <span class='ocrx_word' id='word_1_952' title='bbox 1684 2508 1714 2535; x_wconf 77' lang='lat' dir='ltr'>cs.</span> <span class='ocrx_word' id='word_1_953' title='bbox 1739 2508 1769 2535; x_wconf 85' lang='lat' dir='ltr'>fr.</span> <span class='ocrx_word' id='word_1_954' title='bbox 1789 2511 1813 2535; x_wconf 90' lang='lat'>3.</span> <span class='ocrx_word' id='word_1_955' title='bbox 1839 2510 1876 2543; x_wconf 85' lang='lat'>99.</span> <span class='ocrx_word' id='word_1_956' title='bbox 1895 2512 1920 2536; x_wconf 82' lang='lat'>2.</span> 
     </span>
    </p>
   </div>
   <div class='ocr_carea' id='block_1_12' title="bbox 1080 2550 1920 2800">
    <p class='ocr_par' dir='ltr' id='par_1_30' title="bbox 1082 2550 1920 2674">
     <span class='ocr_line' id='line_1_119' title="bbox 1082 2550 1920 2589; baseline 0.001 -11"><span class='ocrx_word' id='word_1_957' title='bbox 1082 2563 1114 2589; x_wconf 89' lang='lat' dir='ltr'>sq</span> <span class='ocrx_word' id='word_1_958' title='bbox 1143 2552 1175 2579; x_wconf 86' lang='lat' dir='ltr'>de</span> <span class='ocrx_word' id='word_1_959' title='bbox 1200 2562 1230 2578; x_wconf 88' lang='lat' dir='ltr'>eo</span> <span class='ocrx_word' id='word_1_960' title='bbox 1250 2562 1274 2588; x_wconf 90' lang='lat' dir='ltr'>p.</span> <span class='ocrx_word' id='word_1_961' title='bbox 1300 2561 1344 2587; x_wconf 92' lang='lat' dir='ltr'>qu.</span> <span class='ocrx_word' id='word_1_962' title='bbox 1368 2550 1425 2577; x_wconf 78' lang='lat' dir='ltr'>fact.</span> <span class='ocrx_word' id='word_1_963' title='bbox 1450 2553 1474 2577; x_wconf 79' lang='lat'>2.</span> <span class='ocrx_word' id='word_1_964' title='bbox 1496 2553 1535 2577; x_wconf 83' lang='lat'>10.</span> <span class='ocrx_word' id='word_1_965' title='bbox 1573 2551 1676 2579; x_wconf 77' lang='lat' dir='ltr'>Titius.</span> <span class='ocrx_word' id='word_1_966' title='bbox 1701 2556 1726 2577; x_wconf 81' lang='lat' dir='ltr'>et</span> <span class='ocrx_word' id='word_1_967' title='bbox 1745 2551 1875 2584; x_wconf 81' lang='lat' dir='ltr'>Maevius,</span> <span class='ocrx_word' id='word_1_968' title='bbox 1895 2558 1920 2579; x_wconf 85' lang='lat' dir='ltr'>et</span> 
     </span>
     <span class='ocr_line' id='line_1_120' title="bbox 1082 2593 1918 2629; baseline 0.001 -8"><span class='ocrx_word' id='word_1_969' title='bbox 1082 2594 1142 2621; x_wconf 83' lang='lat' dir='ltr'>Seia</span> <span class='ocrx_word' id='word_1_970' title='bbox 1162 2596 1338 2627; x_wconf 81' lang='lat' dir='ltr'>(communem</span> <span class='ocrx_word' id='word_1_971' title='bbox 1351 2593 1521 2620; x_wconf 85' lang='lat' dir='ltr'>hereditatem</span> <span class='ocrx_word' id='word_1_972' title='bbox 1534 2595 1602 2620; x_wconf 83' lang='lat' dir='ltr'>inter</span> <span class='ocrx_word' id='word_1_973' title='bbox 1615 2604 1643 2619; x_wconf 88' lang='lat' dir='ltr'>se</span> <span class='ocrx_word' id='word_1_974' title='bbox 1654 2593 1820 2629; x_wconf 83' lang='lat' dir='ltr'>diviserunt.)</span> <span class='ocrx_word' id='word_1_975' title='bbox 1839 2595 1918 2622; x_wconf 85' lang='lat' dir='ltr'>fr.35.</span> 
     </span>
     <span class='ocr_line' id='line_1_121' title="bbox 1082 2637 1304 2674; baseline 0 -10"><span class='ocrx_word' id='word_1_976' title='bbox 1082 2637 1114 2664; x_wconf 79' lang='lat' dir='ltr'>de</span> <span class='ocrx_word' id='word_1_977' title='bbox 1133 2642 1200 2674; x_wconf 83' lang='lat' dir='ltr'>pact.</span> <span class='ocrx_word' id='word_1_978' title='bbox 1220 2639 1243 2663; x_wconf 69' lang='lat'>⁵2.</span> <span class='ocrx_word' id='word_1_979' title='bbox 1265 2638 1304 2664; x_wconf 84' lang='lat'>14.</span> 
     </span>
    </p>

    <p class='ocr_par' dir='ltr' id='par_1_31' title="bbox 1080 2679 1918 2800">
     <span class='ocr_line' id='line_1_122' title="bbox 1116 2679 1918 2715; baseline 0.002 -9"><span class='ocrx_word' id='word_1_980' title='bbox 1116 2680 1277 2714; x_wconf 71' lang='lat' dir='ltr'>Magica.</span> <span class='ocrx_word' id='word_1_981' title='bbox 1316 2681 1488 2715; x_wconf 79' lang='lat' dir='ltr'>Magorum</span> <span class='ocrx_word' id='word_1_982' title='bbox 1511 2681 1682 2714; x_wconf 76' lang='lat' dir='ltr'>professio.</span> <span class='ocrx_word' id='word_1_983' title='bbox 1719 2679 1843 2708; x_wconf 60' lang='lat' dir='ltr'>IIIC&#39;n.</span> <span class='ocrx_word' id='word_1_984' title='bbox 1867 2681 1918 2707; x_wconf 89' lang='lat' dir='ltr'>Da-</span> 
     </span>
     <span class='ocr_line' id='line_1_123' title="bbox 1080 2722 1915 2758; baseline 0.002 -9"><span class='ocrx_word' id='word_1_985' title='bbox 1080 2724 1159 2749; x_wconf 74' lang='lat' dir='ltr'>innati</span> <span class='ocrx_word' id='word_1_986' title='bbox 1180 2733 1211 2749; x_wconf 78' lang='lat' dir='ltr'>ex</span> <span class='ocrx_word' id='word_1_987' title='bbox 1231 2724 1338 2750; x_wconf 83' lang='lat' dir='ltr'>crimine</span> <span class='ocrx_word' id='word_1_988' title='bbox 1357 2722 1512 2753; x_wconf 75' lang='lat' dir='ltr'>maiestatis.</span> <span class='ocrx_word' id='word_1_989' title='bbox 1537 2726 1580 2747; x_wconf 84' lang='lat' dir='ltr'>aut</span> <span class='ocrx_word' id='word_1_990' title='bbox 1599 2723 1720 2758; x_wconf 81' lang='lat' dir='ltr'>magicae.</span> <span class='ocrx_word' id='word_1_991' title='bbox 1752 2722 1802 2750; x_wconf 89' lang='lat' dir='ltr'>Th.</span> <span class='ocrx_word' id='word_1_992' title='bbox 1822 2724 1852 2750; x_wconf 88' lang='lat' dir='ltr'>C.</span> <span class='ocrx_word' id='word_1_993' title='bbox 1872 2724 1915 2750; x_wconf 74' lang='lat' dir='ltr'>IX.</span> 
     </span>
     <span class='ocr_line' id='line_1_124' title="bbox 1228 2765 1544 2800; baseline -0.006 -8"><span class='ocrx_word' id='word_1_994' title='bbox 1228 2776 1247 2792; x_wconf 90' lang='lat' dir='ltr'>c.</span> <span class='ocrx_word' id='word_1_995' title='bbox 1268 2767 1292 2792; x_wconf 82' lang='lat'>4.</span> <span class='ocrx_word' id='word_1_996' title='bbox 1313 2765 1344 2791; x_wconf 86' lang='lat' dir='ltr'>de</span> <span class='ocrx_word' id='word_1_997' title='bbox 1364 2765 1423 2790; x_wconf 89' lang='lat' dir='ltr'>bon.</span> <span class='ocrx_word' id='word_1_998' title='bbox 1444 2774 1544 2800; x_wconf 89' lang='lat' dir='ltr'>proscr.</span> 
     </span>
    </p>
   </div>
   <div class='ocr_carea' id='block_1_13' title="bbox 1114 2807 1911 2844">
    <p class='ocr_par' dir='ltr' id='par_1_32' title="bbox 1114 2807 1911 2844">
     <span class='ocr_line' id='line_1_125' title="bbox 1114 2807 1911 2844; baseline -0.001 -9"><span class='ocrx_word' id='word_1_999' title='bbox 1114 2809 1294 2843; x_wconf 75' lang='lat' dir='ltr'>Magicus.</span> <span class='ocrx_word' id='word_1_1000' title='bbox 1338 2807 1475 2840; x_wconf 72' lang='lat' dir='ltr'>(Adiect.)</span> <span class='ocrx_word' id='word_1_1001' title='bbox 1517 2808 1564 2833; x_wconf 72' lang='lat' dir='ltr'>Aa</span> <span class='ocrx_word' id='word_1_1002' title='bbox 1589 2810 1729 2844; x_wconf 83' lang='lat' dir='ltr'>magiam</span> <span class='ocrx_word' id='word_1_1003' title='bbox 1756 2816 1911 2844; x_wconf 76' lang='lat' dir='ltr'>spectans.</span> 
     </span>
    </p>
   </div>
  </div>
 </body>
</html>
