2197 3121
996 153 1081 183 IUR.

184 256 215 260 —
235 241 293 276 quis
313 241 412 272 iurare,
432 244 458 265 et
477 238 603 264 adversus
623 245 699 272 quem
718 236 812 272 possit.
835 234 866 261 sr.
885 236 909 261 4.
929 245 968 271 pr.
989 233 1021 260 de
1042 234 1043 241 ¹

183 285 210 309 in
229 282 267 308 lit.
287 283 334 308 iur.
357 284 395 308 12.
415 283 439 308 3.
459 280 491 307 cs.
511 280 541 307 l'r.
560 281 584 306 3.
603 280 624 313 ξ,
644 280 668 305 3.
694 277 725 304 de
745 278 848 304 iureiur.
871 279 911 303 12.
930 280 954 303 2.
992 276 1021 303 Si

183 325 250 352 alius
269 325 392 351 detulerit
411 322 598 353 iusiurandum,
618 320 660 347 vel
681 331 733 347 non
748 321 834 347 delato
848 320 959 346 iuratum
979 320 1022 345 sit.

184 367 215 394 fr.
235 369 258 393 4.
283 368 304 401 ᾖ.
326 369 348 393 1.
374 367 406 393 de
430 368 455 393 in
479 365 517 392 lit.
541 366 589 391 iur.
615 365 654 390 12.
674 364 698 389 3.
745 362 904 389 Conditione
928 361 1021 393 delata,

184 411 277 437 iurare.
303 410 332 436 l'r.
352 412 376 436 3.
401 420 439 447 pr.
460 408 492 435 de
512 408 618 434 iureiur.
640 408 679 432 12.
698 408 723 432 2.
760 404 902 431 Deferente
926 404 1022 441 aliquo,

184 463 208 479 v.
228 452 396 479 Iure-iurando
416 451 511 482 delato,
531 451 624 476 iurare.
645 448 675 475 fr.
689 452 713 475 Β.
733 448 753 481 ξ
771 449 792 474 1.
813 447 844 474 de
864 448 890 473 in
909 448 949 474 ius
965 458 1022 473 voc.
1044 459 1045 485 3

183 497 208 522 2.
228 497 250 522 4.
271 495 301 522 fr.
321 497 345 521 6.
365 495 386 527 ξ.
403 497 426 521 4,
447 494 478 520 dc
498 493 522 520 h.
543 503 587 529 qu.
608 496 660 518 not.
682 491 766 518 inl'am.
785 491 810 516 3.
829 492 853 516 2.
885 488 963 515 Nolle
976 500 1023 515 nec

185 539 278 569 iurare,
299 548 346 564 nec
365 535 544 564 iusiurandum
564 534 669 562 referre.
695 533 724 560 l'r.
743 534 784 559 38.
805 531 836 558 de
855 533 961 558 iureiur.
982 534 1022 558 12.
1044 544 1046 568 ἰ

184 582 209 606 2.
237 579 408 611 Iuriiurandn,
428 578 498 616 quod
518 579 624 615 propria
643 576 831 614 superstitione
851 576 961 601 iuratum
974 580 1023 607 est,

185 622 314 649 standum.
342 622 371 648 fr.
392 624 415 648 5.
439 622 461 655 ὃ.
484 623 504 647 1.
530 621 563 647 ib.
586 623 626 647 12.
645 622 669 661 2..
706 619 792 645 lui-are
810 628 858 654 per
877 618 979 651 (deum,
998 629 1022 644 v.

185 666 288 701 genium
307 666 367 696 etc.)
388 664 417 690 sr.
437 666 460 690 3.
481 665 502 697 ξ.
523 666 546 690 4.
567 663 597 689 fr.
617 664 640 688 4.
660 672 700 698 sq.
725 661 755 687 fr.
777 663 816 687 13.
843 661 864 694 9.
884 662 908 687 6.
928 662 962 687 ib.
983 663 1023 687 12.

185 710 210 734 2.
247 707 333 734 lurare
352 706 385 733 de
404 706 544 739 (calumnia
564 706 625 738 etc.)
651 704 680 731 fr.
700 705 723 730 3.
743 704 764 737 ξ.
784 705 808 729 2.
823 713 863 739 sq.
883 703 914 730 fr.
936 705 972 730 16.
993 703 1023 730 fr.

204 752 226 776 7.
247 751 280 777 ib.
304 753 341 776 12.
361 751 386 775 2.
423 749 473 775 Iur.
494 750 520 775 in
540 748 645 781 (litem.)
670 747 700 773 fr.
719 748 744 773 2.
764 746 785 780 ᾖ.
807 747 829 772 1.
849 746 879 772 fr.
898 748 921 772 5.
942 747 979 780 §§.
998 748 1022 772 3.

185 802 225 829 sq.
246 792 276 819 fr.
297 794 319 818 6.
341 802 399 828 sqq.
420 791 449 818 fr.
472 793 511 817 10.
531 801 571 827 sq.
591 790 624 816 de
642 789 667 815 in
686 788 724 815 lit.
744 790 792 815 iur.
813 791 853 815 12.
872 790 896 814 3.
925 789 1023 824 Quanti

186 839 259 861 actor
277 836 414 863 iuraverit.
440 844 492 860 non
512 833 654 860 calumniae
674 841 750 857 causa
770 836 818 858 etc.
839 830 950 857 Gai.1V.
967 833 1022 857 186.

186 877 352 914 Perindeque.
372 877 475 908 haberi,
496 875 566 913 quod
584 876 695 901 iuratum
716 879 769 905 est,
794 879 872 910 atque
890 875 913 900 si
931 874 1023 911 proba-

185 926 239 947 tum
260 925 338 947 esset.
358 921 387 947 fr.
411 922 449 946 11.
469 920 491 953 §.
510 920 534 945 3.
554 917 586 944 de
605 918 710 944 iureiur.
732 919 770 943 12.
790 920 814 944 2.

222 965 368 990 Iurato.
404 962 524 995 (Advb.)
561 962 784 987 Iureiurando
814 962 1023 994 interposito.

186 1005 228 1032 111.
250 1007 315 1033 Cn.
349 1005 402 1040 Qui
426 1006 508 1031 iurato
528 1004 650 1040 promisit
673 1003 793 1035 ¹‚iudicio
812 1004 902 1029 sisti.“
933 1002 962 1029 sr.
984 1004 1023 1029 16.

187 1049 239 1084 Qu.
260 1048 351 1074 satisd.
372 1057 426 1083 cog.
446 1050 470 1073 2.
489 1047 512 1073 8.

222 1090 447 1118 luratorius.
479 1088 617 1121 (Adieet.)
650 1090 870 1115 Iureiurantlo
898 1090 1024 1124 confir-

186 1140 298 1160 matus.
335 1132 352 1158 1.
373 1134 434 1166 Sy.
454 1131 598 1158 Prnmissio
619 1141 676 1158 cum
696 1130 870 1157 iureiurando.
897 1130 1025 1158 Insertum

187 1176 300 1202 cautioni
324 1179 521 1201 sacramentum.
564 1174 689 1200 Iuratoria
709 1175 802 1200 cautio.
828 1184 849 1200 c.
871 1175 910 1200 17.
929 1184 968 1210 pr.
994 1173 1025 1200 de

187 1217 276 1254 dignit.
298 1219 337 1244 12.
359 1220 381 1244 1.
405 1218 427 1251 ς’.
447 1219 471 1244 2.
491 1217 509 1243 1.
529 1216 562 1243 de
581 1217 700 1243 satisdat.
720 1218 744 1242 4.
766 1219 804 1243 11.
842 1216 872 1243 ΙΙ.
893 1218 960 1250 (tp.
985 1215 1025 1242 Fi-

187 1261 351 1288 deiussorem
374 1260 444 1287 dare.
468 1276 500 1279 —
529 1259 670 1286 Iuratoriae
695 1265 794 1286 tantum
821 1261 935 1286 cautioni
958 1269 1025 1286 com-

186 1305 261 1330 mitti.
287 1314 307 1330 c.
330 1305 350 1329 l⁴
370 1314 410 1340 pr.
436 1308 464 1329 ut
483 1312 551 1329 omn.
571 1302 623 1329 iud.
646 1305 667 1329 1.
687 1304 728 1329 49.
758 1312 778 1328 c.
801 1304 822 1328 l.
847 1303 868 1336 ξ.
887 1304 912 1328 2.
932 1302 964 1328 de
983 1302 1025 1328 ad-

185 1351 248 1373 sert.
268 1346 323 1372 toll.
345 1348 368 1372 7.
386 1348 425 1372 17.
446 1357 467 1372 c.
488 1348 527 1372 12.
548 1356 586 1382 pr.
604 1345 637 1372 de
656 1356 730 1383 prox.
751 1345 778 1372 S.
798 1346 876 1371 scrin.
898 1347 937 1371 12.
957 1347 980 1372 9.

221 1391 389 1416 Iuratus.
409 1388 529 1421 (Panic.)
566 1389 596 1421 ξ.
618 1390 652 1415 l.
673 1390 717 1420 Is,
738 1390 795 1422 qui
813 1390 950 1415 iuravit.
982 1388 1024 1414 lll.

186 1433 253 1460 Cn·
282 1432 381 1458 Eorum
406 1433 509 1457 nomina
529 1447 561 1451 -
582 1442 613 1458 ex
638 1430 747 1458 formula
772 1441 866 1457 census
888 1448 917 1451 —-
942 1431 973 1457 ab
993 1432 1025 1457 iis

186 1476 278 1501 iuratis
297 1476 416 1511 accipito.
454 1474 518 1500 Tah.
539 1474 640 1501 Heracl.
660 1474 705 1501 lin.
725 1476 766 1500 72.
786 1484 837 1500 aer.
857 1473 939 1511 Neap.
958 1474 1026 1500 lura·

186 1522 229 1544 tus
249 1519 357 1555 scripsit
376 1522 424 1544 etc.
449 1517 480 1543 fr.
502 1519 540 1543 14.
561 1517 593 1543 de
612 1517 673 1543 dote
692 1516 803 1554 praelcg.
822 1519 864 1543 33.
884 1519 907 1543 4.
938 1516 969 1543 V.
990 1522 1026 1543 te-

187 1561 266 1587 stium
285 1561 427 1587 iuratorum
447 1559 635 1597 depositiones.
672 1559 738 1586 Nov.
760 1559 853 1586 Th.11.
874 1560 906 1587 de
924 1565 1024 1586 testam.

188 1603 207 1629 1.
229 1605 268 1630 16.
293 1614 314 1630 c.
336 1605 358 1629 1.
382 1603 403 1636 §
426 1605 448 1628 7.
469 1603 499 1628 cl'.
524 1602 571 1629 Iul.
592 1613 631 1640 ep.
652 1613 711 1629 nOV.
732 1614 752 1629 c.
771 1604 813 1629 66.
832 1603 869 1637 ἐξ.
888 1605 946 1630 230.
965 1605 1024 1630 234.

189 1660 222 1665 —
242 1647 272 1679 §.
298 1648 333 1672 2.
371 1647 591 1672 lureiurando
619 1648 850 1682 confirmatus.
890 1645 933 1672 111.
959 1648 1024 1674 Gn.

189 1688 362 1715 Cuutionibus
382 1689 464 1714 iurata
482 1688 535 1714 fide
551 1688 669 1725 prolatis.
689 1688 755 1715 Νῦν.
776 1688 825 1715 Th.
840 1688 870 1715 11.
891 1688 923 1715 de
943 1689 967 1715 h.
981 1699 1024 1726 qu.

190 1741 230 1768 sp.
250 1741 319 1757 mun.
339 1731 356 1757 l.
375 1733 417 1757 22.
438 1741 458 1757 c.
471 1733 495 1757 2.
516 1730 537 1764 ξ.
558 1732 582 1757 6.

228 1775 400 1807 Iurgare.
438 1774 647 1807 Disceptare,
666 1776 830 1809 Litigare.
867 1774 885 1801 I.
904 1776 966 1809 sy.
985 1774 1027 1800 Li-

190 1817 326 1851 tigntoreS‚
346 1815 489 1851 Litigantes
502 1836 508 1845 ,
529 1816 676 1852 iurgantes,
697 1816 794 1843 Partes.
833 1816 882 1843 Th.
902 1816 933 1843 C.
953 1816 983 1843 II.
1003 1819 1026 1843 5.

190 1869 211 1885 c.
234 1861 254 1884 1.
279 1858 312 1885 de
332 1858 426 1884 domin.
451 1859 495 1884 rei.
520 1858 563 1884 lv.
586 1860 624 1885 16.
649 1870 669 1885 c.
689 1861 713 1884 2.
738 1859 770 1885 de
795 1869 823 1885 re
847 1859 899 1885 iud.
919 1859 964 1886 XI.
984 1862 1025 1886 30.

191 1912 211 1927 c.
233 1903 271 1927 11.
297 1902 319 1934 ξ.
341 1903 362 1927 l.
389 1912 409 1927 c.
429 1902 470 1926 24.
496 1911 516 1927 c.
535 1902 576 1927 30.
602 1912 623 1928 c.
642 1903 684 1928 37.
711 1902 742 1928 de
762 1913 820 1939 app.
841 1907 866 1928 εἰ
885 1912 961 1939 poen.
980 1902 1025 1928 XI.

188 1946 230 1971 33.
250 1954 271 1970 c.
284 1946 305 1969 l.
325 1944 358 1970 de
377 1943 448 1969 dilat.
469 1949 494 1969 et
510 1953 582 1970 cons.
610 1944 653 1970 111.
672 1946 737 1972 Gn.
758 1945 786 1971 Si
806 1946 914 1981 iurgant.
934 1945 963 1971 L.
978 1945 1026 1971 ΧΠ

191 1986 274 2013 Tabb.
294 1986 348 2013 VH.
368 1989 391 2012 5.
419 1987 595 2023 Experiantur
614 1987 730 2023 iurgandi
744 1988 879 2014 fortunam.
901 1987 949 2014 Th.
964 1988 994 2014 C.
1008 1988 1026 2014 I.

192 2032 231 2056 10.
256 2040 277 2056 c.
297 2031 321 2055 3Δ
347 2029 379 2055 de
399 2029 442 2055 off.
466 2029 518 2055 iud.
538 2039 606 2055 omn.
644 2032 697 2065 Qui
721 2041 773 2056 non
796 2036 855 2057 ante
874 2032 899 2057 in
918 2032 1026 2068 proprio

191 2072 247 2099 forn
266 2073 431 2108 iurgaverint.
461 2071 496 2098 lb.
511 2071 540 2098 ll.
558 2074 579 2098 1.
600 2082 620 2099 c.
640 2074 664 2099 6.
684 2073 716 2099 de
735 2073 825 2100 iurisd.
862 2073 898 2099 vt
916 2075 1028 2110 iurgatu-

194 2124 236 2141 rus
256 2114 427 2141 conveniendi
447 2125 492 2141 eos
507 2131 538 2134 —
555 2115 703 2142 facultatem
717 2117 854 2153 impetrare
868 2126 919 2142 non
932 2118 1026 2154 possit.

194 2156 229 2182 lb.
248 2157 267 2183 1.
288 2159 327 2184 16.
347 2168 368 2184 c.
388 2160 411 2183 6.
432 2157 534 2190 (ch.)
555 2158 587 2184 de
606 2158 649 2185 off.
669 2158 743 2184 Rect.
763 2158 803 2185 Pr.

230 2201 412 2234 Iurgium.
451 2201 481 2233 ξ.
501 2203 534 2227 1.
554 2203 657 2230 Rima.
679 2203 878 2228 Convicium.
904 2202 946 2228 111.
961 2204 1026 2230 οη.

194 2241 299 2277 Quodsi
317 2252 369 2268 non
388 2243 536 2274 divortium,
557 2243 604 2270 sed
623 2245 732 2280 iurgium
746 2244 802 2270 suit.
822 2244 852 2271 fr.
866 2247 907 2271 31.
927 2245 959 2271 de
972 2247 1027 2272 iure

196 2283 249 2309 dot.
268 2285 310 2309 23.
328 2286 351 2309 3.
365 2285 397 2311 cf.
418 2286 447 2312 sr.
460 2288 502 2313 27.
521 2286 553 2312 de
571 2291 638 2323 pact.
659 2287 712 2313 dot.
731 2288 772 2313 23.
792 2290 815 2313 4.
853 2288 959 2314 Dictum
978 2289 1028 2314 iur-

195 2327 236 2361 gio
256 2327 282 2352 in
301 2325 475 2354 adversarium
493 2329 675 2356 immodestius
697 2331 825 2356 iactatum.
864 2330 913 2357 Th.
933 2330 964 2357 C.
983 2330 1026 2357 IV.

196 2372 219 2394 ὅ.
245 2378 265 2394 c.
287 2370 309 2394 1.
334 2369 355 2402 ξ.
374 2371 398 2395 4.
423 2370 454 2397 de
476 2371 577 2398 liberali
598 2383 618 2399 c.
648 2389 679 2392 -
716 2374 747 2406 ἓ.
771 2375 805 2399 2.
844 2374 1027 2406 Dissensio,

199 2413 364 2444 Quaestio.
404 2411 446 2438 111.
471 2415 534 2441 Cn.
566 2414 602 2441 Vt
628 2425 681 2441 non
709 2416 846 2442 erubescat
868 2416 920 2442 tale
943 2416 1027 2452 legum

197 2455 313 2489 iurgium.
339 2464 359 2480 c.
378 2457 402 2480 2.
430 2465 468 2491 pr.
492 2456 524 2482 de
547 2463 631 2484 const.
655 2469 746 2495 pecuu.
771 2461 794 2485 4.
816 2460 855 2485 18.
898 2460 1027 2485 Auctores

197 2498 260 2523 iuris
280 2497 343 2522 satis
363 2502 389 2522 et
406 2498 432 2522 in
451 2497 499 2523 hae
517 2501 604 2535 specie
623 2506 711 2527 contra
731 2512 759 2527 se
778 2503 888 2538 iurgium
907 2512 1028 2528 exercue-

197 2544 264 2566 runt.
291 2550 312 2565 c.
331 2541 372 2565 22.
397 2540 418 2572 ς.
438 2541 461 2565 4.
482 2540 514 2566 de
533 2541 591 2568 furt.
609 2546 633 2569 6.
651 2546 675 2570 2.
697 2544 727 2570 cf.
753 2555 774 2570 c.
793 2547 835 2571 35.
855 2546 876 2579 ς’.
899 2547 920 2571 l.
940 2545 972 2571 de
991 2546 1028 2571 in-

197 2582 241 2608 off.
261 2587 361 2607 testam.
379 2583 402 2607 3.
422 2583 463 2608 28.
483 2599 515 2602 —
535 2584 566 2616 δ.
586 2586 622 2612 3.
641 2588 710 2619 Lis,
731 2589 902 2615 Iudicium.
927 2588 945 2614 1.
966 2589 1027 2623 Sy.

199 2625 251 2656 Lis,
271 2624 401 2660 Litigium‚
421 2624 617 2658 Controversia,
635 2627 727 2656 Causa.
757 2630 806 2656 Th.
819 2630 849 2657 C.
869 2631 899 2657 11.
921 2632 942 2657 1.
963 2641 984 2657 c.
1003 2633 1027 2657 2.

199 2678 257 2704 sqq.
283 2667 314 2693 de
333 2666 423 2693 iurisd.
446 2667 475 2694 ΙΙ.
498 2670 539 2695 26,
565 2679 585 2695 c.
607 2672 628 2695 1.
647 2680 706 2708 sqq.
726 2673 838 2707 (ch.)
857 2674 901 2700 fin.
920 2674 1027 2710 regund.

199 2710 242 2736 IX.
264 2712 302 2737 19.
323 2721 343 2736 c.
357 2712 380 2735 2.
395 2720 433 2747 pr.
454 2711 476 2744 §.
491 2714 513 2738 1.
533 2712 565 2738 ad
584 2711 613 2738 L.
628 2712 707 2739 Corn.
727 2714 758 2741 de
776 2716 833 2743 fals.
847 2717 879 2743 X.
895 2718 927 2742 10
955 2727 976 2743 c.
986 2718 1027 2743 29.

199 2753 235 2786 ἐξ.
255 2755 279 2779 2.
299 2763 339 2789 sq.
359 2752 391 2779 de
409 2754 483 2790 petit.
503 2759 529 2780 et
547 2755 615 2781 ultro
629 2755 680 2781 dat.
707 2756 749 2783 ΠΙ.
764 2759 828 2785 Gn.
846 2758 921 2786 Licet
933 2759 1030 2786 arbiter

202 2796 367 2827 sententiam,
391 2797 473 2832 iurgio
497 2803 627 2833 peremto,
652 2808 703 2824 non
728 2798 829 2827 dixerit.
852 2801 882 2827 fr.
905 2804 947 2828 57.
971 2802 1028 2828 sam.

1842 153 1904 182 515

1066 235 1156 260 ercisc.
1177 235 1217 260 10.
1236 235 1260 259 2.
1297 233 1395 259 Finalis
1416 234 1506 269 iurgii,
1531 232 1573 259 vel
1592 232 1720 261 lot-orum.
1746 232 1827 259 libera
1847 244 1903 270 per-

1066 282 1155 313 agatur
1173 277 1291 303 intentio.
1323 276 1372 302 Th.
1387 275 1418 302 C.
1433 276 1461 302 11.
1481 278 1523 302 26.
1544 286 1564 302 c.
1584 276 1607 302 4.
1628 274 1644 300 l.
1664 274 1812 302 Inchoatam
1831 275 1903 303 litem

1066 321 1229 356 iurgiumque
1248 318 1329 345 finire.
1355 319 1391 345 lb.
1411 319 1441 345 11.
1464 320 1503 345 12.
1524 329 1544 345 c.
1566 320 1588 344 l.
1609 317 1640 344 tle
1660 319 1785 353 cognitor.
1823 318 1903 345 Civili

1066 363 1149 398 iurgio
1168 362 1314 392 terminato,
1333 361 1446 388 secunda
1467 361 1525 387 salsi
1545 362 1613 387 actio
1627 360 1791 387 subderetur.
1811 361 1902 388 lb.lX.

1043 409 1045 416 '
1068 406 1107 431 19.
1127 415 1148 431 c.
1167 407 1191 431 2.
1212 414 1250 441 pr.
1270 403 1286 430 l.
1306 403 1399 440 Iurgiis
1419 403 1585 430 contendere.
1622 402 1705 430 Vatic.
1725 404 1746 437 §.
1766 406 1824 430 294.

1102 447 1305 474 Iuridicus.
1325 446 1441 480 (Subst.)
1479 448 1509 480 §.
1532 448 1567 473 1.
1595 448 1660 479 Qui
1678 448 1748 473 iuri
1766 449 1903 474 dicundo

1064 492 1256 525 praefectus
1279 496 1337 521 est,
1365 491 1397 516 iu
1421 491 1558 524 singula
1581 491 1727 515 civitate.
1768 489 1811 516 111.
1835 491 1900 517 Gn.

1068 531 1198 559 Heredum
1214 532 1275 559 fidei
1292 533 1429 562 commisit.
1449 533 1486 558 uti
1500 547 1529 552 —
1543 531 1661 558 ancillam
1676 531 1752 558 Seiae
1766 542 1824 559 eum
1840 533 1903 560 liliis

1068 576 1123 601 eius
1143 575 1301 602 redimerent
1320 579 1345 601 et
1363 575 1582 604 manumitterent.
1602 578 1627 599 et
1644 574 1769 601 iuridicus
1783 591 1814 594 —
1828 577 1905 602 aesti-

1068 619 1147 644 mavit
1167 623 1214 644 etc.
1240 618 1271 644 l'r.
1290 619 1332 644 41.
1358 618 1379 651 ξ,
1400 620 1424 644 5.
1449 617 1481 643 de
1500 616 1586 643 fideic.
1610 616 1673 643 libb.
1693 620 1733 644 40.
1754 620 1776 644 5.
1813 617 1904 645 Iuridi-

1068 670 1122 692 cuS‚
1143 662 1187 697 qui
1206 660 1381 688 Alexandriae
1400 661 1464 697 agit,
1484 669 1505 686 s.
1525 659 1717 686 Alexandrinae
1736 661 1849 687 civitatis
1868 663 1895 688 iu

1067 703 1116 730 rid.
1146 704 1176 730 l'r.
1195 707 1219 730 2.
1248 703 1281 730 de
1305 704 1348 730 off.
1373 702 1449 729 iurid.
1475 705 1497 730 1.
1516 705 1558 729 20.
1587 713 1608 729 c.
1629 704 1651 729 1.
1681 702 1737 728 eod.
1763 705 1784 728 l.
1808 706 1852 730 57.
1872 720 1903 724 —-

1068 747 1098 780 §.
1119 748 1154 773 2.
1185 748 1428 783 Magistratus,
1457 748 1608 781 singulae
1631 747 1761 780 regioni
1780 748 1905 774 ltaliae

1066 791 1266 825 praefectus.
1304 788 1334 815 ΙΙ.
1356 790 1423 823 Op.
1450 788 1595 824 Regiones,
1614 798 1679 824 quae
1699 793 1759 814 suut
1778 789 1826 815 sub
1845 790 1905 816 iuri-

1068 831 1147 862 diciS,
1172 842 1193 858 S.
1214 842 1278 868 quas
1298 831 1424 858 iuridicus
1444 831 1614 858 administrat.
1636 847 1664 851 —-
1691 830 1769 857 Vrbs.
1789 847 1820 850 —
1844 831 1905 858 Pro-

1068 875 1160 900 vincia.
1181 873 1266 900 Vatie.
1282 875 1319 908 ᾗῇ.
1334 876 1393 900 232.
1406 875 1465 900 241.
1481 890 1512 893 —
1533 874 1563 907 §.
1576 875 1613 900 3.
1634 875 1904 902 Iurisconsultus.

1068 917 1110 943 111.
1126 918 1191 945 Cn.
1211 916 1361 943 Secundum
1381 918 1536 943 sententiam
1555 916 1639 943 Paulli
1652 915 1763 942 iuridici.
1783 916 1905 944 Consult.

1068 965 1119 986 vet.
1139 959 1217 986 I.Cti.
1237 970 1258 986 c.
1279 962 1302 986 7.

1104 1003 1308 1030 Iuridicus.
1328 1001 1456 1034 (Adiect.)
1493 1004 1539 1028 Ad
1558 1004 1821 1029 iurisdictionem
1839 1013 1905 1037 epe-

1069 1052 1168 1073 ctaus.
1197 1045 1216 1072 I.
1237 1046 1298 1079 Sy.
1326 1044 1473 1075 ludimus,
1497 1044 1608 1071 Iuridicn
1628 1046 1785 1076 (sententia,
1805 1054 1826 1070 s.
1846 1055 1906 1082 pro-

1070 1089 1226 1121 nunciatio.)
1248 1087 1297 1114 TI..
1312 1087 1342 1114 C.
1357 1087 1401 1113 lV.
1422 1089 1461 1112 16.
1482 1097 1502 1113 c.
1526 1089 1546 1113 Ι.
1567 1087 1599 1113 de
1618 1098 1646 1113 re
1664 1086 1825 1114 iud.lv.18.
1847 1098 1867 1114 e.
1881 1090 1905 1114 2.

1070 1131 1102 1158 de
1121 1131 1196 1158 fruct.
1221 1135 1247 1157 et
1269 1131 1308 1158 lit.
1333 1140 1393 1167 exp.
1432 1129 1463 1155 11.
1490 1131 1556 1163 Op.
1584 1129 1702 1158 Iuridici.
1722 1146 1754 1149 —
1774 1129 1906 1157 Feriarum

1070 1174 1161 1207 (dies.)
1181 1173 1218 1200 Ib.
1239 1173 1269 1200 11.
1288 1176 1312 1200 8.
1333 1184 1353 1199 c.
1373 1175 1396 1199 2.
1417 1183 1456 1209 pr.
1476 1172 1498 1205 ξ,
1517 1176 1541 1198 2.
1562 1171 1593 1198 de
1612 1172 1691 1199 seriis.

1104 1217 1412 1244 Iurisconsultor.
1448 1214 1490 1241 (ΣΥ.
1510 1225 1533 1241 ν.
1555 1214 1708 1242 Consultus.
1729 1216 1749 1249 ξ.
1769 1217 1793 1242 3.

1105 1259 1414 1287 Iurisconsultus.
1448 1259 1680 1291 Iurisperitus.
1718 1257 1736 1284 Ι.
1756 1259 1817 1292 Sy.
1838 1258 1907 1285 Con-

1069 1302 1169 1333 sunus,
1194 1301 1338 1332 Conditor,
1362 1300 1489 1327 Prudens.
1520 1300 1613 1327 Coust.
1634 1299 1684 1327 Th.
1704 1299 1734 1326 ΙΙ.
1755 1300 1786 1327 de
1806 1301 1854 1328 Th.
1875 1302 1906 1329 C.

1070 1350 1135 1372 auct.
1155 1346 1191 1379 §§.
1213 1347 1234 1371 1.
1254 1346 1279 1370 3.
1310 1344 1486 1381 Iurisperitus.
1508 1342 1537 1370 fr.
1555 1345 1593 1369 17.
1614 1343 1635 1376 §.
1651 1345 1672 1369 1.
1693 1344 1715 1369 si
1734 1345 1823 1370 servit.
1843 1345 1866 1371 8.
1882 1347 1906 1371 5.

1070 1389 1100 1415 l'r.
1119 1390 1160 1414 30.
1181 1398 1219 1424 pr.
1240 1387 1272 1414 de
1292 1392 1418 1414 excusatt.
1438 1388 1479 1413 27.
1501 1388 1523 1413 1.
1560 1385 1602 1412 111.
1625 1387 1690 1413 Gn.
1714 1385 1850 1413 I.Ctorum
1870 1387 1907 1414 di-

1070 1432 1241 1457 sertissimus.
1265 1430 1295 1456 fr.
1319 1432 1343 1457 2.
1367 1430 1388 1464 §.
1413 1431 1454 1455 40.
1479 1428 1511 1455 de
1535 1428 1568 1455 Ο.
1592 1428 1611 1455 1.
1633 1431 1654 1455 1.
1673 1431 1697 1456 2.
1735 1428 1795 1456 Non
1821 1435 1907 1457 conte-

1070 1474 1197 1500 mnendae
1216 1473 1378 1499 auctoritatis
1398 1471 1498 1498 I.Ctus.
1519 1482 1540 1498 c.
1552 1474 1575 1497 5.
1596 1471 1627 1497 ad
1647 1471 1733 1498 exhib.
1746 1473 1769 1498 3.
1781 1474 1822 1499 42.
1841 1473 1908 1500 I.Cti

1070 1522 1096 1543 et
1123 1517 1327 1543 constitutiones
1352 1514 1450 1548 (locuti
1474 1514 1561 1547 sunt.)
1598 1513 1644 1541 lul.
1669 1524 1709 1551 ep.
1734 1524 1793 1541 nov.
1819 1525 1840 1542 c.
1866 1517 1906 1543 82.

1069 1560 1091 1594 §.
1110 1561 1169 1586 309.

1105 1601 1338 1630 lurisdictio.
1375 1601 1406 1633 δ.
1424 1601 1458 1626 l.
1479 1602 1578 1626 Actus
1597 1601 1682 1626 iuris
1701 1602 1844 1628 dicundi.
1864 1601 1907 1628 III.

1070 1647 1136 1673 Cn.
1168 1643 1227 1670 Non
1247 1645 1326 1671 iuris.
1354 1643 1400 1669 sed
1426 1642 1615 1669 iurisdictionis
1640 1652 1705 1668 esse.
1742 1642 1782 1669 Ex
1806 1643 1908 1670 iurisdi-

1070 1690 1158 1715 ctione
1177 1687 1299 1724 pendere.
1321 1686 1350 1712 l'r.
1368 1686 1410 1711 36.
1431 1685 1463 1711 de
1481 1684 1547 1710 adm.
1568 1689 1593 1710 et
1612 1685 1691 1721 peric.
1712 1687 1753 1711 26.
1774 1687 1796 1712 7.
1817 1686 1847 1713 fr.
1866 1688 1907 1713 88.

1070 1731 1102 1757 de
1126 1730 1205 1756 solut.
1229 1731 1271 1755 46.
1296 1730 1320 1754 3.
1357 1727 1482 1764 Snppleri
1507 1726 1697 1754 iuriSdictione.
1735 1727 1863 1755 Converti
1882 1730 1908 1756 in

1070 1772 1206 1800 adsiduam
1225 1770 1440 1797 iurisdictionem.
1470 1769 1500 1796 fr.
1522 1771 1560 1796 13.
1582 1769 1614 1796 de
1631 1769 1684 1796 LL.
1705 1772 1727 1797 1.
1746 1772 1770 1797 3.
1798 1771 1820 1805 §
1842 1774 1864 1798 l.
1887 1772 1906 1798 I.

1071 1816 1103 1842 de
1123 1815 1208 1841 lideic.
1228 1813 1337 1839 heredit.
1357 1815 1380 1839 2.
1400 1815 1441 1839 23,
1478 1812 1517 1843 Is,
1538 1814 1582 1848 qui
1601 1813 1775 1839 iurisdictioui
1795 1820 1906 1851 praeest.

1047 1848 1049 1859 Ι
1071 1859 1101 1886 sr.
1123 1860 1162 1884 12.
1183 1856 1216 1883 de
1234 1856 1287 1883 LL.
1308 1858 1330 1882 1.
1344 1857 1368 1882 3.
1389 1856 1419 1882 [ι’.
1433 1857 1473 1881 81.
1494 1855 1526 1882 de
1545 1855 1622 1882 indic.
1641 1858 1666 1882 5.
1686 1857 1708 1882 l.
1746 1855 1855 1883 Praetor
1872 1859 1909 1884 iu-

1071 1902 1225 1929 risdictione
1244 1910 1290 1926 sua
1310 1898 1337 1925 id
1355 1908 1430 1935 agere
1450 1897 1541 1929 debet,
1569 1903 1597 1924 ut
1621 1898 1690 1925 idem
1714 1904 1834 1926 servetur
1856 1905 1907 1927 etc.

1070 1946 1100 1972 fr.
1119 1947 1161 1971 29.
1182 1944 1215 1970 de
1233 1952 1283 1969 usu
1302 1947 1327 1968 et
1346 1941 1427 1968 usul'r.
1447 1940 1496 1977 leg.
1515 1944 1557 1968 33.
1576 1943 1601 1967 2.
1622 1940 1652 1967 cf.
1679 1940 1708 1967 fr.
1730 1943 1769 1968 13.
1789 1942 1811 1975 §.
1830 1944 1855 1969 3.
1875 1943 1907 1970 de

1071 1988 1151 2014 usufr.
1172 1989 1194 2013 7.
1216 1988 1238 2012 l.
1264 1996 1284 2011 c.
1304 1987 1328 2011 2.
1355 1984 1387 2011 dc
1406 1985 1506 2020 pignor.
1531 1989 1557 2010 et
1576 1984 1637 2020 hyp.
1657 1985 1681 2010 8.
1703 1986 1741 2010 14.
1780 1984 1821 2017 Si,
1847 1985 1907 2012 dum

1071 2031 1178 2057 decreto
1192 2029 1323 2055 Praetoris
1337 2037 1389 2053 non
1409 2026 1581 2064 obtemperat,
1601 2026 1808 2054 iurisdictionem
1828 2029 1850 2054 ei
1865 2028 1908 2054 cie-

1072 2074 1212 2110 negaverit.
1237 2072 1266 2098 l'r.
1286 2072 1327 2096 26.
1352 2071 1374 2104 ξ.
1392 2071 1414 2096 6.
1437 2080 1467 2095 ex
1486 2080 1527 2106 qu,
1552 2080 1572 2095 c.
1592 2070 1650 2095 mai.
1670 2071 1693 2095 4.
1713 2071 1736 2095 6.
1761 2086 1792 2089 —-
1820 2072 1851 2105 ξ.
1871 2073 1907 2098 2.

1071 2119 1222 2144 Potestas
1242 2116 1327 2140 iuris
1346 2114 1487 2139 dicundi.
1525 2111 1567 2138 III.
1585 2113 1650 2139 Gn.
1671 2112 1745 2147 Quae
1764 2114 1845 2149 magis
1863 2115 1908 2140 im-

1071 2160 1137 2196 perii
1157 2163 1226 2189 sunt,
1246 2167 1322 2194 quam
1342 2155 1540 2182 iurisdictionis.
1565 2154 1596 2180 fr.
1616 2156 1640 2181 3.
1665 2164 1704 2190 sq.
1725 2154 1757 2181 de
1773 2156 1863 2182 iurisd.
1883 2159 1898 2182 2

1073 2204 1095 2228 l.
1120 2201 1150 2228 fr.
1169 2202 1193 2227 6.
1217 2201 1239 2234 §.
1259 2202 1283 2226 2.
1308 2199 1340 2226 de
1359 2198 1432 2225 tutel.
1452 2199 1493 2224 26.
1514 2200 1536 2223 l.
1561 2196 1590 2223 fr.
1610 2198 1650 2223 26.
1671 2207 1709 2234 pr.
1734 2197 1766 2224 ad
1785 2200 1906 2235 municip.

1071 2247 1112 2271 50.
1134 2246 1155 2270 1.
1193 2243 1345 2281 Imperium,
1366 2243 1406 2268 cui
1426 2242 1502 2267 etiam
1522 2239 1668 2266 iurisdictio
1686 2241 1761 2267 inest.
1782 2240 1811 2267 fr.
1830 2244 1853 2267 3.
1875 2241 1906 2267 de

1072 2286 1162 2313 iurisd.
1183 2288 1207 2312 2.
1228 2288 1249 2312 1.
1291 2286 1325 2312 Et
1349 2285 1524 2320 cognitionem
1548 2287 1573 2308 et
1596 2282 1802 2309 iurisdictionem
1827 2284 1906 2315 (acci-

1072 2340 1133 2367 pere
1152 2339 1293 2366 possumus
1313 2327 1518 2357 ..notionem.*⁵)
1547 2324 1576 2351 sr.
1597 2326 1637 2352 99.
1657 2336 1695 2362 pr.
1716 2325 1747 2351 de
1767 2324 1797 2351 V.
1818 2324 1844 2351 S.
1863 2327 1904 2351 50.

1073 2375 1112 2400 16.
1133 2373 1164 2399 cl'.
1189 2372 1219 2398 sr.
1239 2374 1262 2398 5.
1283 2381 1322 2407 pr.
1347 2370 1379 2396 de
1403 2379 1430 2395 re
1454 2368 1505 2395 iud.
1524 2370 1565 2394 42.
1587 2370 1607 2394 l.
1646 2367 1723 2398 Cos..
1743 2367 1796 2398 Pr..
1817 2366 1905 2400 Cens.‚

1072 2417 1265 2452 queiquomque
1285 2414 1341 2444 erit,
1361 2412 1393 2438 de
1413 2422 1440 2438 ea
1460 2422 1488 2437 re
1506 2410 1661 2441 iurisdictio,
1681 2410 1781 2440 iudicii.
1802 2409 1904 2443 iudicis,

1072 2462 1284 2495 recuperatorum
1304 2455 1374 2482 datio
1394 2460 1450 2481 esto
1470 2459 1518 2480 etc.
1547 2453 1589 2480 Fr.
1608 2453 1636 2481 L.
1652 2452 1787 2478 Theoriae.
1808 2451 1848 2479 Cf.
1862 2452 1904 2479 Fr.

1071 2501 1100 2528 L.
1120 2500 1216 2528 Mamil.
1237 2509 1258 2525 c.
1277 2501 1299 2524 5.
1339 2498 1458 2533 Quorum
1482 2497 1534 2530 (sc.
1559 2496 1668 2522 duorum
1687 2494 1855 2528 Praetorum)
1878 2496 1904 2522 in

1071 2544 1214 2581 provinciis
1228 2541 1435 2568 iurisdietionem
1445 2538 1582 2566 Praesides
1596 2547 1681 2563 earum
1695 2536 1798 2563 habent.
1819 2536 1874 2564 Gai.
1884 2538 1902 2564 1.

1071 2588 1095 2613 6.
1133 2585 1216 2612 Cuius
1236 2595 1278 2616 ea,
1297 2594 1320 2610 v.
1340 2583 1372 2610 de
1391 2594 1418 2610 ea
1437 2593 1479 2614 re,
1506 2592 1528 2607 v.
1550 2591 1579 2607 eo
1598 2580 1671 2611 loco,
1690 2580 1837 2606 iurisdictio
1856 2586 1903 2607 est.

1073 2630 1102 2656 fr.
1122 2630 1145 2655 3.
1166 2638 1204 2665 pr.
1225 2627 1257 2653 de
1275 2626 1372 2664 postul.
1392 2628 1415 2652 3.
1438 2628 1459 2651 l.
1486 2624 1514 2650 sr.
1536 2625 1557 2649 7.
1582 2633 1620 2659 pr.
1645 2622 1677 2648 de
1696 2622 1780 2649 damn.
1800 2622 1844 2649 ins.
1863 2624 1903 2650 39.

1072 2675 1096 2699 2.
1117 2671 1146 2698 fr.
1166 2673 1189 2697 5.
1209 2680 1247 2707 pr.
1272 2669 1304 2696 de
1323 2680 1351 2696 re
1369 2668 1421 2695 iud.
1440 2669 1480 2694 42.
1502 2668 1523 2692 1.
1548 2667 1578 2692 lr.
1599 2667 1621 2691 1.
1641 2675 1679 2702 pr.
1699 2675 1730 2692 ne
1749 2666 1789 2691 vis
1807 2665 1853 2691 fiat
1872 2667 1903 2692 ei.

1072 2717 1113 2741 43.
1133 2716 1157 2740 4.
1194 2712 1264 2740 Coll.
1278 2712 1331 2739 LL.
1351 2711 1384 2738 M.
1403 2710 1447 2737 IV.
1466 2711 1490 2735 3.
1519 2708 1571 2744 Qui
1591 2707 1714 2734 tribunali
1733 2713 1845 2745 praeest.
1862 2707 1902 2734 vel

1075 2758 1150 2784 aliam
1169 2755 1374 2783 iurisdictionem
1393 2753 1478 2779 habet.
1499 2751 1529 2777 fr.
1545 2753 1566 2778 1.
1587 2751 1618 2778 de
1637 2750 1714 2778 iudic.
1728 2753 1751 2777 5.
1773 2753 1793 2777 l.
1830 2749 1904 2776 Prae-

1075 2802 1156 2828 toriae
1176 2801 1224 2826 erit
1243 2796 1439 2825 iurisdictionis.
1459 2793 1489 2821 fr.
1511 2796 1533 2820 1.
1553 2795 1574 2828 §.
1595 2796 1634 2820 10.
1654 2793 1686 2820 de
1704 2793 1793 2830 stipul.
1813 2791 1900 2818 Pmo-

1328 2844 1333 2847 “
1407 2838 1463 2863 65*
