<?xml version="1.0" encoding="UTF-8"?>
<!DOCTYPE html PUBLIC "-//W3C//DTD XHTML 1.0 Transitional//EN"
    "http://www.w3.org/TR/xhtml1/DTD/xhtml1-transitional.dtd">
<html xmlns="http://www.w3.org/1999/xhtml" xml:lang="en" lang="en">
 <head>
  <title>
</title>
<meta http-equiv="Content-Type" content="text/html;charset=utf-8" />
  <meta name='ocr-system' content='tesseract 3.04.00' />
  <meta name='ocr-capabilities' content='ocr_page ocr_carea ocr_par ocr_line ocrx_word'/>
</head>
<body>
  <div class='ocr_page' id='page_1' title='image "./manualelatinitat00dirk_0989.png"; bbox 0 0 2197 3121; ppageno 0'>
   <div class='ocr_carea' id='block_1_1' title="bbox 952 153 1204 185">
    <p class='ocr_par' dir='ltr' id='par_1_1' title="bbox 952 153 1204 185">
     <span class='ocr_line' id='line_1_1' title="bbox 952 153 1204 185; baseline 0 -1"><span class='ocrx_word' id='word_1_1' title='bbox 952 153 1044 184; x_wconf 90' lang='lat' dir='ltr'><strong>TUN</strong></span> <span class='ocrx_word' id='word_1_2' title='bbox 1055 171 1093 177; x_wconf 87' lang='lat'>-</span> <span class='ocrx_word' id='word_1_3' title='bbox 1106 154 1204 185; x_wconf 87' lang='lat' dir='ltr'><strong>TUR.</strong></span> 
     </span>
    </p>
   </div>
   <div class='ocr_carea' id='block_1_2' title="bbox 202 233 1067 1808">
    <p class='ocr_par' dir='ltr' id='par_1_2' title="bbox 205 233 1050 1340">
     <span class='ocr_line' id='line_1_2' title="bbox 247 233 1050 269; baseline 0 -7"><span class='ocrx_word' id='word_1_4' title='bbox 247 236 366 262; x_wconf 74' lang='lat' dir='ltr'><strong>Tunc.</strong></span> <span class='ocrx_word' id='word_1_5' title='bbox 386 234 497 269; x_wconf 85' lang='lat' dir='ltr'><strong>(Advb.)</strong></span> <span class='ocrx_word' id='word_1_6' title='bbox 517 235 548 269; x_wconf 83' lang='lat'><strong>§.</strong></span> <span class='ocrx_word' id='word_1_7' title='bbox 562 236 597 262; x_wconf 86' lang='grc'><strong>1.</strong></span> <span class='ocrx_word' id='word_1_8' title='bbox 616 236 661 261; x_wconf 84' lang='grc' dir='ltr'><strong>Εο</strong></span> <span class='ocrx_word' id='word_1_9' title='bbox 680 240 826 268; x_wconf 81' lang='lat' dir='ltr'><strong>tempore.</strong></span> <span class='ocrx_word' id='word_1_10' title='bbox 862 233 904 260; x_wconf 87' lang='grc'>111.</span> <span class='ocrx_word' id='word_1_11' title='bbox 920 235 986 262; x_wconf 76' lang='lat' dir='ltr'><strong>Cn.</strong></span> <span class='ocrx_word' id='word_1_12' title='bbox 1000 234 1050 262; x_wconf 85' lang='lat' dir='ltr'><strong>Ve-</strong></span> 
     </span>
     <span class='ocr_line' id='line_1_3' title="bbox 211 276 1047 314; baseline 0.001 -10"><span class='ocrx_word' id='word_1_13' title='bbox 211 283 290 309; x_wconf 77' lang='lat' dir='ltr'><strong>teres,</strong></span> <span class='ocrx_word' id='word_1_14' title='bbox 309 279 353 314; x_wconf 88' lang='lat' dir='ltr'><strong>qui</strong></span> <span class='ocrx_word' id='word_1_15' title='bbox 374 283 435 305; x_wconf 89' lang='lat' dir='ltr'><strong>tunc</strong></span> <span class='ocrx_word' id='word_1_16' title='bbox 454 279 508 304; x_wconf 83' lang='lat' dir='ltr'><strong>iura</strong></span> <span class='ocrx_word' id='word_1_17' title='bbox 528 276 709 304; x_wconf 84' lang='lat' dir='ltr'><strong>condiderunt.</strong></span> <span class='ocrx_word' id='word_1_18' title='bbox 723 276 780 303; x_wconf 83' lang='lat' dir='ltr'><strong>Gai.</strong></span> <span class='ocrx_word' id='word_1_19' title='bbox 795 276 837 303; x_wconf 89' lang='lat' dir='ltr'><strong>IV.</strong></span> <span class='ocrx_word' id='word_1_20' title='bbox 850 278 891 303; x_wconf 88' lang='grc'><strong>30.</strong></span> <span class='ocrx_word' id='word_1_21' title='bbox 913 276 985 304; x_wconf 89' lang='lat' dir='ltr'>Olim</span> <span class='ocrx_word' id='word_1_22' title='bbox 998 283 1047 305; x_wconf 88' lang='lat' dir='ltr'><strong>etc.</strong></span> 
     </span>
     <span class='ocr_line' id='line_1_4' title="bbox 211 319 1049 357; baseline 0 -10"><span class='ocrx_word' id='word_1_23' title='bbox 211 326 324 347; x_wconf 86' lang='lat' dir='ltr'><strong>-tunc</strong></span> <span class='ocrx_word' id='word_1_24' title='bbox 352 322 419 347; x_wconf 89' lang='lat' dir='ltr'><strong>enim</strong></span> <span class='ocrx_word' id='word_1_25' title='bbox 443 326 491 348; x_wconf 90' lang='lat' dir='ltr'><strong>etc.</strong></span> <span class='ocrx_word' id='word_1_26' title='bbox 520 320 556 347; x_wconf 82' lang='lat' dir='ltr'><strong>ld.</strong></span> <span class='ocrx_word' id='word_1_27' title='bbox 574 319 593 346; x_wconf 88' lang='grc' dir='ltr'><strong>Ι.</strong></span> <span class='ocrx_word' id='word_1_28' title='bbox 616 321 691 346; x_wconf 65' lang='lat'><strong>1152.</strong></span> <span class='ocrx_word' id='word_1_29' title='bbox 728 320 816 351; x_wconf 88' lang='lat' dir='ltr'><strong>Tunc,</strong></span> <span class='ocrx_word' id='word_1_30' title='bbox 845 329 902 346; x_wconf 88' lang='lat' dir='ltr'><strong>cum</strong></span> <span class='ocrx_word' id='word_1_31' title='bbox 929 322 1049 357; x_wconf 89' lang='lat' dir='ltr'><strong>primum.</strong></span> 
     </span>
     <span class='ocr_line' id='line_1_5' title="bbox 211 361 1048 400; baseline 0 -10"><span class='ocrx_word' id='word_1_32' title='bbox 211 362 287 390; x_wconf 88' lang='lat' dir='ltr'><strong>Tunc</strong></span> <span class='ocrx_word' id='word_1_33' title='bbox 309 364 434 400; x_wconf 84' lang='lat' dir='ltr'><strong>primum,</strong></span> <span class='ocrx_word' id='word_1_34' title='bbox 461 373 519 390; x_wconf 87' lang='lat' dir='ltr'><strong>cum</strong></span> <span class='ocrx_word' id='word_1_35' title='bbox 543 367 592 390; x_wconf 87' lang='lat' dir='ltr'><strong>etc.</strong></span> <span class='ocrx_word' id='word_1_36' title='bbox 620 362 650 389; x_wconf 77' lang='lat' dir='ltr'><strong>fr.</strong></span> <span class='ocrx_word' id='word_1_37' title='bbox 672 364 710 389; x_wconf 84' lang='lat'><strong>19.</strong></span> <span class='ocrx_word' id='word_1_38' title='bbox 739 363 761 397; x_wconf 87' lang='lat'><strong>9.</strong></span> <span class='ocrx_word' id='word_1_39' title='bbox 783 364 804 389; x_wconf 94' lang='lat' dir='ltr'><strong>l.</strong></span> <span class='ocrx_word' id='word_1_40' title='bbox 828 361 860 388; x_wconf 90' lang='lat' dir='ltr'><strong>de</strong></span> <span class='ocrx_word' id='word_1_41' title='bbox 880 361 911 388; x_wconf 81' lang='lat' dir='ltr'><strong>N.</strong></span> <span class='ocrx_word' id='word_1_42' title='bbox 931 362 961 390; x_wconf 90' lang='lat' dir='ltr'><strong>G.</strong></span> <span class='ocrx_word' id='word_1_43' title='bbox 981 365 1005 390; x_wconf 83' lang='lat'><strong>3.</strong></span> <span class='ocrx_word' id='word_1_44' title='bbox 1025 365 1048 390; x_wconf 86' lang='lat'><strong>5.</strong></span> 
     </span>
     <span class='ocr_line' id='line_1_6' title="bbox 211 405 1048 441; baseline 0.001 -9"><span class='ocrx_word' id='word_1_45' title='bbox 211 405 240 432; x_wconf 91' lang='lat' dir='ltr'><strong>fr.</strong></span> <span class='ocrx_word' id='word_1_46' title='bbox 260 408 301 432; x_wconf 80' lang='grc'><strong>68.</strong></span> <span class='ocrx_word' id='word_1_47' title='bbox 324 406 356 433; x_wconf 88' lang='lat' dir='ltr'><strong>de</strong></span> <span class='ocrx_word' id='word_1_48' title='bbox 381 407 436 432; x_wconf 88' lang='lat' dir='ltr'><strong>iure</strong></span> <span class='ocrx_word' id='word_1_49' title='bbox 459 405 512 432; x_wconf 85' lang='lat' dir='ltr'><strong>dot.</strong></span> <span class='ocrx_word' id='word_1_50' title='bbox 536 407 578 432; x_wconf 82' lang='grc'><strong>23.</strong></span> <span class='ocrx_word' id='word_1_51' title='bbox 597 407 621 432; x_wconf 89' lang='lat'><strong>3.</strong></span> <span class='ocrx_word' id='word_1_52' title='bbox 661 406 732 441; x_wconf 81' lang='lat' dir='ltr'><strong>Quas</strong></span> <span class='ocrx_word' id='word_1_53' title='bbox 757 406 810 439; x_wconf 89' lang='lat' dir='ltr'><strong>(sc.</strong></span> <span class='ocrx_word' id='word_1_54' title='bbox 831 406 964 439; x_wconf 84' lang='lat' dir='ltr'><strong>actiones)</strong></span> <span class='ocrx_word' id='word_1_55' title='bbox 986 411 1048 433; x_wconf 88' lang='lat' dir='ltr'><strong>tunc</strong></span> 
     </span>
     <span class='ocr_line' id='line_1_7' title="bbox 209 447 1048 486; baseline 0.002 -12"><span class='ocrx_word' id='word_1_56' title='bbox 209 447 309 481; x_wconf 85' lang='lat' dir='ltr'><strong>habuit,</strong></span> <span class='ocrx_word' id='word_1_57' title='bbox 328 459 385 476; x_wconf 86' lang='lat' dir='ltr'><strong>cum</strong></span> <span class='ocrx_word' id='word_1_58' title='bbox 398 447 526 475; x_wconf 82' lang='lat' dir='ltr'>incideret</span> <span class='ocrx_word' id='word_1_59' title='bbox 544 449 570 474; x_wconf 89' lang='lat' dir='ltr'><strong>in</strong></span> <span class='ocrx_word' id='word_1_60' title='bbox 584 448 704 475; x_wconf 89' lang='lat' dir='ltr'><strong>edictum.</strong></span> <span class='ocrx_word' id='word_1_61' title='bbox 725 448 755 475; x_wconf 88' lang='lat' dir='ltr'><strong>fr.</strong></span> <span class='ocrx_word' id='word_1_62' title='bbox 769 450 792 474; x_wconf 85' lang='lat'><strong>3.</strong></span> <span class='ocrx_word' id='word_1_63' title='bbox 811 448 832 481; x_wconf 80' lang='grc'><strong>9.</strong></span> <span class='ocrx_word' id='word_1_64' title='bbox 847 449 871 474; x_wconf 85' lang='grc'><strong>6.</strong></span> <span class='ocrx_word' id='word_1_65' title='bbox 892 449 942 484; x_wconf 77' lang='lat' dir='ltr'><strong>Qu.</strong></span> <span class='ocrx_word' id='word_1_66' title='bbox 962 450 1048 486; x_wconf 85' lang='lat' dir='ltr'><strong>quisq.</strong></span> 
     </span>
     <span class='ocr_line' id='line_1_8' title="bbox 209 490 1048 524; baseline 0.001 -7"><span class='ocrx_word' id='word_1_67' title='bbox 209 491 258 517; x_wconf 87' lang='lat' dir='ltr'><strong>inr.</strong></span> <span class='ocrx_word' id='word_1_68' title='bbox 276 493 300 517; x_wconf 85' lang='lat'><strong>2.</strong></span> <span class='ocrx_word' id='word_1_69' title='bbox 320 493 343 517; x_wconf 79' lang='lat'><strong>2.</strong></span> <span class='ocrx_word' id='word_1_70' title='bbox 364 490 420 518; x_wconf 94' lang='lat' dir='ltr'><strong>Gai.</strong></span> <span class='ocrx_word' id='word_1_71' title='bbox 439 491 481 518; x_wconf 91' lang='grc'>111.</span> <span class='ocrx_word' id='word_1_72' title='bbox 503 492 558 517; x_wconf 87' lang='lat'><strong>124.</strong></span> <span class='ocrx_word' id='word_1_73' title='bbox 579 490 609 517; x_wconf 81' lang='lat' dir='ltr'><strong>fr.</strong></span> <span class='ocrx_word' id='word_1_74' title='bbox 622 493 663 518; x_wconf 85' lang='lat'><strong>35.</strong></span> <span class='ocrx_word' id='word_1_75' title='bbox 683 491 716 517; x_wconf 86' lang='lat' dir='ltr'><strong>de</strong></span> <span class='ocrx_word' id='word_1_76' title='bbox 735 491 851 517; x_wconf 77' lang='lat' dir='ltr'><strong>fideiuss.</strong></span> <span class='ocrx_word' id='word_1_77' title='bbox 864 493 906 517; x_wconf 82' lang='lat'><strong>46.</strong></span> <span class='ocrx_word' id='word_1_78' title='bbox 922 493 942 518; x_wconf 93' lang='lat'><strong>1.</strong></span> <span class='ocrx_word' id='word_1_79' title='bbox 963 491 1048 524; x_wconf 87' lang='lat' dir='ltr'><strong>Tunc,</strong></span> 
     </span>
     <span class='ocr_line' id='line_1_9' title="bbox 209 532 1048 571; baseline 0.002 -12"><span class='ocrx_word' id='word_1_80' title='bbox 209 532 293 560; x_wconf 74' lang='lat' dir='ltr'><strong>donec</strong></span> <span class='ocrx_word' id='word_1_81' title='bbox 312 538 359 559; x_wconf 87' lang='lat' dir='ltr'><strong>etc.</strong></span> <span class='ocrx_word' id='word_1_82' title='bbox 384 533 413 560; x_wconf 83' lang='lat' dir='ltr'><strong>fr.</strong></span> <span class='ocrx_word' id='word_1_83' title='bbox 436 535 456 560; x_wconf 96' lang='grc'><strong>1.</strong></span> <span class='ocrx_word' id='word_1_84' title='bbox 481 544 520 571; x_wconf 91' lang='lat' dir='ltr'><strong>pr.</strong></span> <span class='ocrx_word' id='word_1_85' title='bbox 544 534 566 560; x_wconf 89' lang='lat' dir='ltr'><strong>si</strong></span> <span class='ocrx_word' id='word_1_86' title='bbox 591 544 623 561; x_wconf 82' lang='lat' dir='ltr'><strong>ex</strong></span> <span class='ocrx_word' id='word_1_87' title='bbox 642 544 702 561; x_wconf 86' lang='lat' dir='ltr'><strong>nox.</strong></span> <span class='ocrx_word' id='word_1_88' title='bbox 723 544 744 560; x_wconf 92' lang='lat' dir='ltr'><strong>c.</strong></span> <span class='ocrx_word' id='word_1_89' title='bbox 764 536 788 560; x_wconf 86' lang='grc'><strong>2.</strong></span> <span class='ocrx_word' id='word_1_90' title='bbox 807 534 831 559; x_wconf 89' lang='grc'>9.</span> <span class='ocrx_word' id='word_1_91' title='bbox 868 532 960 561; x_wconf 84' lang='lat' dir='ltr'><strong>Iubere</strong></span> <span class='ocrx_word' id='word_1_92' title='bbox 984 534 1048 561; x_wconf 87' lang='lat' dir='ltr'><strong>libe-</strong></span> 
     </span>
     <span class='ocr_line' id='line_1_10' title="bbox 209 577 1048 611; baseline 0.002 -9"><span class='ocrx_word' id='word_1_93' title='bbox 209 586 266 603; x_wconf 84' lang='lat' dir='ltr'><strong>rum</strong></span> <span class='ocrx_word' id='word_1_94' title='bbox 284 586 355 608; x_wconf 83' lang='lat' dir='ltr'><strong>esse,</strong></span> <span class='ocrx_word' id='word_1_95' title='bbox 375 586 433 602; x_wconf 90' lang='lat' dir='ltr'><strong>cum</strong></span> <span class='ocrx_word' id='word_1_96' title='bbox 451 586 577 603; x_wconf 91' lang='lat' dir='ltr'><strong>annorum</strong></span> <span class='ocrx_word' id='word_1_97' title='bbox 596 577 674 603; x_wconf 81' lang='lat' dir='ltr'><strong>XXX</strong></span> <span class='ocrx_word' id='word_1_98' title='bbox 693 578 741 607; x_wconf 82' lang='lat' dir='ltr'><strong>sit,</strong></span> <span class='ocrx_word' id='word_1_99' title='bbox 761 581 786 602; x_wconf 83' lang='lat' dir='ltr'><strong>et</strong></span> <span class='ocrx_word' id='word_1_100' title='bbox 806 585 908 611; x_wconf 80' lang='lat' dir='ltr'><strong>rogare,</strong></span> <span class='ocrx_word' id='word_1_101' title='bbox 934 582 962 604; x_wconf 91' lang='lat' dir='ltr'><strong>ut</strong></span> <span class='ocrx_word' id='word_1_102' title='bbox 987 582 1048 604; x_wconf 89' lang='lat' dir='ltr'><strong>tunc</strong></span> 
     </span>
     <span class='ocr_line' id='line_1_11' title="bbox 209 618 1048 651; baseline 0.002 -6"><span class='ocrx_word' id='word_1_103' title='bbox 209 623 256 645; x_wconf 83' lang='lat' dir='ltr'><strong>etc.</strong></span> <span class='ocrx_word' id='word_1_104' title='bbox 278 618 334 645; x_wconf 91' lang='lat' dir='ltr'><strong>Gai.</strong></span> <span class='ocrx_word' id='word_1_105' title='bbox 354 618 383 645; x_wconf 93' lang='lat' dir='ltr'><strong>ll.</strong></span> <span class='ocrx_word' id='word_1_106' title='bbox 402 620 461 645; x_wconf 94' lang='lat'><strong>276.</strong></span> <span class='ocrx_word' id='word_1_107' title='bbox 481 618 511 645; x_wconf 86' lang='lat' dir='ltr'><strong>Si</strong></span> <span class='ocrx_word' id='word_1_108' title='bbox 531 618 617 646; x_wconf 85' lang='lat' dir='ltr'><strong>Titius</strong></span> <span class='ocrx_word' id='word_1_109' title='bbox 638 619 699 646; x_wconf 90' lang='lat' dir='ltr'><strong>Cos.</strong></span> <span class='ocrx_word' id='word_1_110' title='bbox 720 619 802 646; x_wconf 78' lang='lat' dir='ltr'><strong>sactus</strong></span> <span class='ocrx_word' id='word_1_111' title='bbox 823 618 913 651; x_wconf 74' lang='lat' dir='ltr'><strong>suerit,</strong></span> <span class='ocrx_word' id='word_1_112' title='bbox 934 625 995 646; x_wconf 90' lang='lat' dir='ltr'><strong>tunc</strong></span> <span class='ocrx_word' id='word_1_113' title='bbox 1016 630 1048 647; x_wconf 82' lang='lat' dir='ltr'><strong>ex</strong></span> 
     </span>
     <span class='ocr_line' id='line_1_12' title="bbox 209 661 1047 699; baseline 0.001 -11"><span class='ocrx_word' id='word_1_114' title='bbox 209 661 256 687; x_wconf 86' lang='lat' dir='ltr'><strong>hac</strong></span> <span class='ocrx_word' id='word_1_115' title='bbox 275 661 317 688; x_wconf 87' lang='lat' dir='ltr'><strong>die</strong></span> <span class='ocrx_word' id='word_1_116' title='bbox 336 666 384 688; x_wconf 84' lang='lat' dir='ltr'><strong>etc.</strong></span> <span class='ocrx_word' id='word_1_117' title='bbox 404 661 434 688; x_wconf 80' lang='lat' dir='ltr'><strong>fr.</strong></span> <span class='ocrx_word' id='word_1_118' title='bbox 456 663 512 688; x_wconf 85' lang='lat'><strong>126.</strong></span> <span class='ocrx_word' id='word_1_119' title='bbox 533 672 571 699; x_wconf 87' lang='lat' dir='ltr'><strong>pr.</strong></span> <span class='ocrx_word' id='word_1_120' title='bbox 592 661 624 688; x_wconf 89' lang='lat' dir='ltr'><strong>de</strong></span> <span class='ocrx_word' id='word_1_121' title='bbox 643 661 674 688; x_wconf 90' lang='lat' dir='ltr'><strong>V.</strong></span> <span class='ocrx_word' id='word_1_122' title='bbox 694 662 727 688; x_wconf 92' lang='grc' dir='ltr'><strong>Ο.</strong></span> <span class='ocrx_word' id='word_1_123' title='bbox 747 663 787 687; x_wconf 87' lang='grc'><strong>45.</strong></span> <span class='ocrx_word' id='word_1_124' title='bbox 809 663 831 689; x_wconf 95' lang='lat' dir='ltr'><strong>l.</strong></span> <span class='ocrx_word' id='word_1_125' title='bbox 852 677 883 681; x_wconf 90' lang='lat'><strong>-—</strong></span> <span class='ocrx_word' id='word_1_126' title='bbox 903 662 934 695; x_wconf 76' lang='lat'><strong>§0</strong></span> <span class='ocrx_word' id='word_1_127' title='bbox 954 664 989 689; x_wconf 88' lang='grc'><strong>2.</strong></span> <span class='ocrx_word' id='word_1_128' title='bbox 1010 665 1047 690; x_wconf 84' lang='lat' dir='ltr'><strong>In</strong></span> 
     </span>
     <span class='ocr_line' id='line_1_13' title="bbox 208 703 1046 739; baseline 0.002 -8"><span class='ocrx_word' id='word_1_129' title='bbox 208 706 274 731; x_wconf 73' lang='lat' dir='ltr'><strong>ista</strong></span> <span class='ocrx_word' id='word_1_130' title='bbox 292 707 405 739; x_wconf 80' lang='lat' dir='ltr'><strong>specie.</strong></span> <span class='ocrx_word' id='word_1_131' title='bbox 426 706 478 732; x_wconf 86' lang='lat' dir='ltr'><strong>[ta</strong></span> <span class='ocrx_word' id='word_1_132' title='bbox 497 707 623 731; x_wconf 80' lang='lat' dir='ltr'><strong>demum.</strong></span> <span class='ocrx_word' id='word_1_133' title='bbox 657 704 675 731; x_wconf 89' lang='lat'><strong>1.</strong></span> <span class='ocrx_word' id='word_1_134' title='bbox 690 706 750 738; x_wconf 77' lang='lat' dir='ltr'><strong>Sy.</strong></span> <span class='ocrx_word' id='word_1_135' title='bbox 764 703 821 731; x_wconf 84' lang='lat' dir='ltr'><strong>Hoc</strong></span> <span class='ocrx_word' id='word_1_136' title='bbox 834 715 902 732; x_wconf 81' lang='lat' dir='ltr'><strong>casu.</strong></span> <span class='ocrx_word' id='word_1_137' title='bbox 918 705 963 732; x_wconf 90' lang='lat' dir='ltr'><strong>lbi.</strong></span> <span class='ocrx_word' id='word_1_138' title='bbox 978 705 1008 733; x_wconf 83' lang='lat' dir='ltr'><strong>fr.</strong></span> <span class='ocrx_word' id='word_1_139' title='bbox 1025 708 1046 733; x_wconf 94' lang='lat' dir='ltr'><strong>l.</strong></span> 
     </span>
     <span class='ocr_line' id='line_1_14' title="bbox 207 747 1048 784; baseline 0.002 -11"><span class='ocrx_word' id='word_1_140' title='bbox 207 756 266 784; x_wconf 87' lang='lat' dir='ltr'><strong>sqq.</strong></span> <span class='ocrx_word' id='word_1_141' title='bbox 286 748 312 774; x_wconf 90' lang='lat' dir='ltr'><strong>in</strong></span> <span class='ocrx_word' id='word_1_142' title='bbox 331 748 371 774; x_wconf 85' lang='lat' dir='ltr'><strong>ius</strong></span> <span class='ocrx_word' id='word_1_143' title='bbox 390 757 447 774; x_wconf 89' lang='lat' dir='ltr'><strong>voc.</strong></span> <span class='ocrx_word' id='word_1_144' title='bbox 467 752 496 774; x_wconf 91' lang='lat' dir='ltr'><strong>ut</strong></span> <span class='ocrx_word' id='word_1_145' title='bbox 514 752 581 774; x_wconf 83' lang='lat' dir='ltr'><strong>eant.</strong></span> <span class='ocrx_word' id='word_1_146' title='bbox 600 750 624 774; x_wconf 85' lang='lat'><strong>2.</strong></span> <span class='ocrx_word' id='word_1_147' title='bbox 644 749 667 774; x_wconf 83' lang='lat'><strong>6.</strong></span> <span class='ocrx_word' id='word_1_148' title='bbox 693 747 721 773; x_wconf 87' lang='lat' dir='ltr'><strong>l&#39;r.</strong></span> <span class='ocrx_word' id='word_1_149' title='bbox 741 748 765 773; x_wconf 86' lang='lat'><strong>8.</strong></span> <span class='ocrx_word' id='word_1_150' title='bbox 789 747 810 780; x_wconf 87' lang='lat'><strong>9.</strong></span> <span class='ocrx_word' id='word_1_151' title='bbox 831 749 854 774; x_wconf 84' lang='lat'><strong>6.</strong></span> <span class='ocrx_word' id='word_1_152' title='bbox 880 748 933 784; x_wconf 83' lang='lat' dir='ltr'><strong>Qui</strong></span> <span class='ocrx_word' id='word_1_153' title='bbox 956 748 1048 775; x_wconf 83' lang='lat' dir='ltr'><strong>satisd.</strong></span> 
     </span>
     <span class='ocr_line' id='line_1_15' title="bbox 208 789 1046 826; baseline 0.004 -11"><span class='ocrx_word' id='word_1_154' title='bbox 208 799 263 825; x_wconf 85' lang='lat' dir='ltr'><strong>cog.</strong></span> <span class='ocrx_word' id='word_1_155' title='bbox 283 792 306 816; x_wconf 79' lang='lat'><strong>2.</strong></span> <span class='ocrx_word' id='word_1_156' title='bbox 326 791 350 816; x_wconf 85' lang='lat'><strong>8.</strong></span> <span class='ocrx_word' id='word_1_157' title='bbox 387 789 428 816; x_wconf 86' lang='lat' dir='ltr'><strong>III.</strong></span> <span class='ocrx_word' id='word_1_158' title='bbox 449 791 515 817; x_wconf 76' lang='lat' dir='ltr'><strong>Gn.</strong></span> <span class='ocrx_word' id='word_1_159' title='bbox 535 789 618 822; x_wconf 88' lang='lat' dir='ltr'><strong>Tunc,</strong></span> <span class='ocrx_word' id='word_1_160' title='bbox 637 790 740 826; x_wconf 82' lang='lat' dir='ltr'><strong>quoties</strong></span> <span class='ocrx_word' id='word_1_161' title='bbox 761 791 819 826; x_wconf 90' lang='lat' dir='ltr'><strong>quis</strong></span> <span class='ocrx_word' id='word_1_162' title='bbox 840 790 865 817; x_wconf 89' lang='lat' dir='ltr'><strong>id</strong></span> <span class='ocrx_word' id='word_1_163' title='bbox 885 796 933 818; x_wconf 89' lang='lat' dir='ltr'><strong>etc.</strong></span> <span class='ocrx_word' id='word_1_164' title='bbox 955 791 985 818; x_wconf 79' lang='lat' dir='ltr'><strong>fr.</strong></span> <span class='ocrx_word' id='word_1_165' title='bbox 1007 793 1046 818; x_wconf 78' lang='lat'><strong>13.</strong></span> 
     </span>
     <span class='ocr_line' id='line_1_16' title="bbox 208 832 1046 868; baseline 0.001 -9"><span class='ocrx_word' id='word_1_166' title='bbox 208 832 260 868; x_wconf 82' lang='lat' dir='ltr'><strong>Qu.</strong></span> <span class='ocrx_word' id='word_1_167' title='bbox 280 837 339 859; x_wconf 83' lang='lat' dir='ltr'><strong>met.</strong></span> <span class='ocrx_word' id='word_1_168' title='bbox 360 843 381 859; x_wconf 93' lang='lat' dir='ltr'><strong>c.</strong></span> <span class='ocrx_word' id='word_1_169' title='bbox 401 835 424 859; x_wconf 70' lang='lat'><strong>4.</strong></span> <span class='ocrx_word' id='word_1_170' title='bbox 442 834 466 859; x_wconf 88' lang='grc'><strong>2.</strong></span> <span class='ocrx_word' id='word_1_171' title='bbox 504 832 580 859; x_wconf 89' lang='lat' dir='ltr'><strong>Tunc</strong></span> <span class='ocrx_word' id='word_1_172' title='bbox 598 842 686 859; x_wconf 86' lang='lat' dir='ltr'><strong>verum</strong></span> <span class='ocrx_word' id='word_1_173' title='bbox 706 837 754 863; x_wconf 84' lang='lat' dir='ltr'><strong>est,</strong></span> <span class='ocrx_word' id='word_1_174' title='bbox 774 842 832 859; x_wconf 88' lang='lat' dir='ltr'><strong>cum</strong></span> <span class='ocrx_word' id='word_1_175' title='bbox 852 838 901 859; x_wconf 81' lang='lat' dir='ltr'><strong>etc.</strong></span> <span class='ocrx_word' id='word_1_176' title='bbox 921 833 1005 860; x_wconf 87' lang='lat' dir='ltr'><strong>Vatic.</strong></span> <span class='ocrx_word' id='word_1_177' title='bbox 1025 835 1046 868; x_wconf 90' lang='grc'><strong>9</strong></span> 
     </span>
     <span class='ocr_line' id='line_1_17' title="bbox 208 874 1046 913; baseline 0.002 -12"><span class='ocrx_word' id='word_1_178' title='bbox 208 877 265 902; x_wconf 90' lang='grc'>111.</span> <span class='ocrx_word' id='word_1_179' title='bbox 285 875 314 902; x_wconf 86' lang='lat' dir='ltr'><strong>sr.</strong></span> <span class='ocrx_word' id='word_1_180' title='bbox 333 877 357 902; x_wconf 85' lang='lat'><strong>3.</strong></span> <span class='ocrx_word' id='word_1_181' title='bbox 378 875 431 911; x_wconf 84' lang='lat' dir='ltr'><strong>Qu.</strong></span> <span class='ocrx_word' id='word_1_182' title='bbox 450 885 483 902; x_wconf 85' lang='lat' dir='ltr'><strong>ex</strong></span> <span class='ocrx_word' id='word_1_183' title='bbox 501 875 569 902; x_wconf 79' lang='lat' dir='ltr'><strong>facto</strong></span> <span class='ocrx_word' id='word_1_184' title='bbox 588 879 635 901; x_wconf 90' lang='lat' dir='ltr'><strong>tut.</strong></span> <span class='ocrx_word' id='word_1_185' title='bbox 654 876 695 901; x_wconf 83' lang='lat'><strong>26.</strong></span> <span class='ocrx_word' id='word_1_186' title='bbox 709 876 733 901; x_wconf 84' lang='lat'><strong>9.</strong></span> <span class='ocrx_word' id='word_1_187' title='bbox 771 874 846 902; x_wconf 91' lang='lat' dir='ltr'><strong>Tunc</strong></span> <span class='ocrx_word' id='word_1_188' title='bbox 865 877 1008 913; x_wconf 87' lang='lat' dir='ltr'><strong>impetrari,</strong></span> <span class='ocrx_word' id='word_1_189' title='bbox 1022 886 1046 903; x_wconf 92' lang='lat' dir='ltr'><strong>v.</strong></span> 
     </span>
     <span class='ocr_line' id='line_1_18' title="bbox 206 917 1043 955; baseline 0.001 -11"><span class='ocrx_word' id='word_1_190' title='bbox 206 917 307 944; x_wconf 76' lang='lat' dir='ltr'><strong>admitti</strong></span> <span class='ocrx_word' id='word_1_191' title='bbox 326 923 375 944; x_wconf 86' lang='lat' dir='ltr'><strong>etc.</strong></span> <span class='ocrx_word' id='word_1_192' title='bbox 394 928 453 945; x_wconf 85' lang='lat' dir='ltr'><strong>curn</strong></span> <span class='ocrx_word' id='word_1_193' title='bbox 473 923 521 944; x_wconf 89' lang='lat' dir='ltr'><strong>etc.</strong></span> <span class='ocrx_word' id='word_1_194' title='bbox 541 918 570 944; x_wconf 81' lang='lat' dir='ltr'><strong>l&#39;r.</strong></span> <span class='ocrx_word' id='word_1_195' title='bbox 590 918 614 943; x_wconf 87' lang='lat'><strong>8.</strong></span> <span class='ocrx_word' id='word_1_196' title='bbox 634 917 655 950; x_wconf 82' lang='grc'><strong>9.</strong></span> <span class='ocrx_word' id='word_1_197' title='bbox 676 918 699 944; x_wconf 85' lang='grc'><strong>6.</strong></span> <span class='ocrx_word' id='word_1_198' title='bbox 721 918 773 953; x_wconf 84' lang='lat' dir='ltr'><strong>Qui</strong></span> <span class='ocrx_word' id='word_1_199' title='bbox 794 918 884 944; x_wconf 90' lang='lat' dir='ltr'><strong>satisd.</strong></span> <span class='ocrx_word' id='word_1_200' title='bbox 905 928 961 955; x_wconf 78' lang='lat' dir='ltr'><strong>cog.</strong></span> <span class='ocrx_word' id='word_1_201' title='bbox 981 921 1005 945; x_wconf 86' lang='lat'><strong>2.</strong></span> <span class='ocrx_word' id='word_1_202' title='bbox 1019 920 1043 945; x_wconf 88' lang='grc'><strong>8.</strong></span> 
     </span>
     <span class='ocr_line' id='line_1_19' title="bbox 207 959 1046 998; baseline 0.001 -11"><span class='ocrx_word' id='word_1_203' title='bbox 207 959 237 987; x_wconf 79' lang='lat' dir='ltr'><strong>fr.</strong></span> <span class='ocrx_word' id='word_1_204' title='bbox 250 962 274 987; x_wconf 85' lang='lat'><strong>4.</strong></span> <span class='ocrx_word' id='word_1_205' title='bbox 293 961 314 995; x_wconf 91' lang='lat'><strong>9.</strong></span> <span class='ocrx_word' id='word_1_206' title='bbox 328 963 352 988; x_wconf 82' lang='lat'><strong>2.</strong></span> <span class='ocrx_word' id='word_1_207' title='bbox 373 960 402 987; x_wconf 76' lang='lat' dir='ltr'><strong>l&#39;r.</strong></span> <span class='ocrx_word' id='word_1_208' title='bbox 416 964 440 988; x_wconf 75' lang='lat'><strong>8.</strong></span> <span class='ocrx_word' id='word_1_209' title='bbox 460 971 499 998; x_wconf 85' lang='lat' dir='ltr'><strong>pr.</strong></span> <span class='ocrx_word' id='word_1_210' title='bbox 519 960 550 987; x_wconf 86' lang='lat' dir='ltr'><strong>de</strong></span> <span class='ocrx_word' id='word_1_211' title='bbox 569 959 680 986; x_wconf 88' lang='lat' dir='ltr'><strong>edendo.</strong></span> <span class='ocrx_word' id='word_1_212' title='bbox 698 962 723 987; x_wconf 95' lang='grc'><strong>2.</strong></span> <span class='ocrx_word' id='word_1_213' title='bbox 745 962 784 987; x_wconf 89' lang='grc'><strong>13.</strong></span> <span class='ocrx_word' id='word_1_214' title='bbox 822 960 879 987; x_wconf 79' lang='lat' dir='ltr'><strong>Nisi</strong></span> <span class='ocrx_word' id='word_1_215' title='bbox 894 961 943 988; x_wconf 82' lang='lat' dir='ltr'><strong>lloc</strong></span> <span class='ocrx_word' id='word_1_216' title='bbox 961 966 1046 988; x_wconf 85' lang='lat' dir='ltr'><strong>actum</strong></span> 
     </span>
     <span class='ocr_line' id='line_1_20' title="bbox 206 1002 1046 1040; baseline 0.002 -11"><span class='ocrx_word' id='word_1_217' title='bbox 206 1008 255 1034; x_wconf 84' lang='lat' dir='ltr'><strong>est,</strong></span> <span class='ocrx_word' id='word_1_218' title='bbox 275 1019 306 1023; x_wconf 89' lang='lat'>—</span> <span class='ocrx_word' id='word_1_219' title='bbox 325 1008 388 1030; x_wconf 89' lang='lat' dir='ltr'><strong>tunc</strong></span> <span class='ocrx_word' id='word_1_220' title='bbox 407 1005 475 1030; x_wconf 78' lang='lat' dir='ltr'><strong>enim</strong></span> <span class='ocrx_word' id='word_1_221' title='bbox 494 1008 542 1029; x_wconf 88' lang='lat' dir='ltr'><strong>etc.</strong></span> <span class='ocrx_word' id='word_1_222' title='bbox 563 1002 591 1030; x_wconf 72' lang='lat' dir='ltr'><strong>l‘r.</strong></span> <span class='ocrx_word' id='word_1_223' title='bbox 611 1005 652 1029; x_wconf 73' lang='lat'><strong>22.</strong></span> <span class='ocrx_word' id='word_1_224' title='bbox 672 1002 705 1029; x_wconf 87' lang='lat' dir='ltr'><strong>de</strong></span> <span class='ocrx_word' id='word_1_225' title='bbox 724 1008 789 1040; x_wconf 91' lang='lat' dir='ltr'><strong>pact.</strong></span> <span class='ocrx_word' id='word_1_226' title='bbox 811 1006 833 1029; x_wconf 88' lang='lat'><strong>2.</strong></span> <span class='ocrx_word' id='word_1_227' title='bbox 852 1005 891 1030; x_wconf 80' lang='lat'><strong>14.</strong></span> <span class='ocrx_word' id='word_1_228' title='bbox 911 1020 942 1024; x_wconf 96' lang='lat'>—</span> <span class='ocrx_word' id='word_1_229' title='bbox 963 1005 993 1037; x_wconf 85' lang='lat'><strong>§.</strong></span> <span class='ocrx_word' id='word_1_230' title='bbox 1009 1006 1046 1031; x_wconf 74' lang='lat'><strong>3.</strong></span> 
     </span>
     <span class='ocr_line' id='line_1_21' title="bbox 207 1045 1046 1080; baseline 0.001 -8"><span class='ocrx_word' id='word_1_231' title='bbox 207 1047 342 1078; x_wconf 81' lang='lat' dir='ltr'><strong>Deinde,</strong></span> <span class='ocrx_word' id='word_1_232' title='bbox 369 1047 518 1080; x_wconf 84' lang='lat' dir='ltr'><strong>Denique.</strong></span> <span class='ocrx_word' id='word_1_233' title='bbox 560 1045 578 1071; x_wconf 91' lang='grc'><strong>1.</strong></span> <span class='ocrx_word' id='word_1_234' title='bbox 603 1047 664 1080; x_wconf 79' lang='lat' dir='ltr'><strong>Sy.</strong></span> <span class='ocrx_word' id='word_1_235' title='bbox 689 1045 764 1073; x_wconf 92' lang='lat' dir='ltr'><strong>Tum.</strong></span> <span class='ocrx_word' id='word_1_236' title='bbox 790 1046 846 1072; x_wconf 83' lang='lat' dir='ltr'><strong>Gai.</strong></span> <span class='ocrx_word' id='word_1_237' title='bbox 871 1046 913 1073; x_wconf 88' lang='grc'>111.</span> <span class='ocrx_word' id='word_1_238' title='bbox 937 1048 979 1073; x_wconf 83' lang='grc'><strong>63.</strong></span> <span class='ocrx_word' id='word_1_239' title='bbox 1003 1046 1046 1074; x_wconf 90' lang='lat' dir='ltr'><strong>IV.</strong></span> 
     </span>
     <span class='ocr_line' id='line_1_22' title="bbox 206 1088 1046 1126; baseline 0.002 -12"><span class='ocrx_word' id='word_1_240' title='bbox 206 1090 247 1115; x_wconf 86' lang='lat'><strong>60.</strong></span> <span class='ocrx_word' id='word_1_241' title='bbox 293 1088 335 1115; x_wconf 89' lang='grc'>111.</span> <span class='ocrx_word' id='word_1_242' title='bbox 356 1090 421 1116; x_wconf 76' lang='lat' dir='ltr'><strong>Cn.</strong></span> <span class='ocrx_word' id='word_1_243' title='bbox 450 1088 494 1120; x_wconf 87' lang='lat' dir='ltr'><strong>Si,</strong></span> <span class='ocrx_word' id='word_1_244' title='bbox 522 1093 692 1125; x_wconf 76' lang='lat' dir='ltr'><strong>posteaquam</strong></span> <span class='ocrx_word' id='word_1_245' title='bbox 720 1090 811 1115; x_wconf 83' lang='lat' dir='ltr'><strong>armati</strong></span> <span class='ocrx_word' id='word_1_246' title='bbox 839 1090 949 1126; x_wconf 79' lang='lat' dir='ltr'><strong>ingressi</strong></span> <span class='ocrx_word' id='word_1_247' title='bbox 977 1095 1046 1122; x_wconf 79' lang='lat' dir='ltr'><strong>sunt,</strong></span> 
     </span>
     <span class='ocr_line' id='line_1_23' title="bbox 206 1130 1048 1168; baseline 0.002 -11"><span class='ocrx_word' id='word_1_248' title='bbox 206 1136 268 1158; x_wconf 88' lang='lat' dir='ltr'><strong>tunc</strong></span> <span class='ocrx_word' id='word_1_249' title='bbox 287 1131 405 1157; x_wconf 84' lang='lat' dir='ltr'><strong>discessi.</strong></span> <span class='ocrx_word' id='word_1_250' title='bbox 425 1130 454 1157; x_wconf 82' lang='lat' dir='ltr'><strong>sr.</strong></span> <span class='ocrx_word' id='word_1_251' title='bbox 474 1132 498 1157; x_wconf 88' lang='lat'><strong>9.</strong></span> <span class='ocrx_word' id='word_1_252' title='bbox 517 1141 556 1168; x_wconf 87' lang='lat' dir='ltr'><strong>pr.</strong></span> <span class='ocrx_word' id='word_1_253' title='bbox 582 1131 633 1166; x_wconf 82' lang='lat' dir='ltr'><strong>Qu.</strong></span> <span class='ocrx_word' id='word_1_254' title='bbox 658 1136 717 1157; x_wconf 89' lang='lat' dir='ltr'><strong>mct.</strong></span> <span class='ocrx_word' id='word_1_255' title='bbox 737 1142 758 1158; x_wconf 95' lang='lat' dir='ltr'><strong>c.</strong></span> <span class='ocrx_word' id='word_1_256' title='bbox 777 1134 800 1158; x_wconf 76' lang='lat'><strong>4.</strong></span> <span class='ocrx_word' id='word_1_257' title='bbox 819 1133 843 1158; x_wconf 85' lang='grc'><strong>2.</strong></span> <span class='ocrx_word' id='word_1_258' title='bbox 881 1132 950 1159; x_wconf 85' lang='lat' dir='ltr'><strong>Ante</strong></span> <span class='ocrx_word' id='word_1_259' title='bbox 969 1132 1048 1159; x_wconf 89' lang='lat' dir='ltr'><strong>debet</strong></span> 
     </span>
     <span class='ocr_line' id='line_1_24' title="bbox 206 1173 1047 1212; baseline 0.004 -13"><span class='ocrx_word' id='word_1_260' title='bbox 206 1184 259 1200; x_wconf 86' lang='lat' dir='ltr'><strong>rem</strong></span> <span class='ocrx_word' id='word_1_261' title='bbox 278 1173 416 1209; x_wconf 75' lang='lat' dir='ltr'><strong>diligenter</strong></span> <span class='ocrx_word' id='word_1_262' title='bbox 435 1173 587 1210; x_wconf 80' lang='lat' dir='ltr'><strong>explorare,</strong></span> <span class='ocrx_word' id='word_1_263' title='bbox 612 1179 637 1200; x_wconf 87' lang='lat' dir='ltr'><strong>ct</strong></span> <span class='ocrx_word' id='word_1_264' title='bbox 662 1180 723 1200; x_wconf 90' lang='lat' dir='ltr'><strong>tunc</strong></span> <span class='ocrx_word' id='word_1_265' title='bbox 747 1174 779 1200; x_wconf 88' lang='lat' dir='ltr'><strong>ad</strong></span> <span class='ocrx_word' id='word_1_266' title='bbox 804 1174 931 1210; x_wconf 82' lang='lat' dir='ltr'><strong>agendum</strong></span> <span class='ocrx_word' id='word_1_267' title='bbox 956 1185 1047 1212; x_wconf 87' lang='lat' dir='ltr'><strong>procc-</strong></span> 
     </span>
     <span class='ocr_line' id='line_1_25' title="bbox 205 1216 1045 1245; baseline 0.004 -3"><span class='ocrx_word' id='word_1_268' title='bbox 205 1216 274 1243; x_wconf 85' lang='lat' dir='ltr'><strong>dere.</strong></span> <span class='ocrx_word' id='word_1_269' title='bbox 298 1216 328 1242; x_wconf 82' lang='lat' dir='ltr'><strong>l&#39;r.</strong></span> <span class='ocrx_word' id='word_1_270' title='bbox 347 1218 389 1243; x_wconf 78' lang='lat'><strong>42.</strong></span> <span class='ocrx_word' id='word_1_271' title='bbox 413 1216 445 1243; x_wconf 86' lang='lat' dir='ltr'><strong>de</strong></span> <span class='ocrx_word' id='word_1_272' title='bbox 464 1216 495 1242; x_wconf 82' lang='lat' dir='ltr'><strong>R.</strong></span> <span class='ocrx_word' id='word_1_273' title='bbox 515 1216 533 1242; x_wconf 91' lang='grc'><strong>1.</strong></span> <span class='ocrx_word' id='word_1_274' title='bbox 558 1219 600 1243; x_wconf 88' lang='grc'><strong>50.</strong></span> <span class='ocrx_word' id='word_1_275' title='bbox 627 1218 665 1243; x_wconf 93' lang='grc'><strong>17.</strong></span> <span class='ocrx_word' id='word_1_276' title='bbox 702 1216 731 1242; x_wconf 89' lang='lat' dir='ltr'><strong>Si</strong></span> <span class='ocrx_word' id='word_1_277' title='bbox 760 1216 853 1243; x_wconf 81' lang='lat' dir='ltr'><strong>ancilla</strong></span> <span class='ocrx_word' id='word_1_278' title='bbox 883 1228 914 1244; x_wconf 83' lang='lat' dir='ltr'><strong>ex</strong></span> <span class='ocrx_word' id='word_1_279' title='bbox 938 1219 995 1245; x_wconf 81' lang='lat' dir='ltr'><strong>cive</strong></span> <span class='ocrx_word' id='word_1_280' title='bbox 1014 1218 1045 1245; x_wconf 87' lang='lat' dir='ltr'><strong>R.</strong></span> 
     </span>
     <span class='ocr_line' id='line_1_26' title="bbox 205 1258 1047 1296; baseline 0.004 -11"><span class='ocrx_word' id='word_1_281' title='bbox 205 1260 363 1296; x_wconf 78' lang='lat' dir='ltr'><strong>conceperit,</strong></span> <span class='ocrx_word' id='word_1_282' title='bbox 383 1258 478 1285; x_wconf 85' lang='lat' dir='ltr'><strong>deinde</strong></span> <span class='ocrx_word' id='word_1_283' title='bbox 491 1260 649 1286; x_wconf 83' lang='lat' dir='ltr'><strong>manumissa</strong></span> <span class='ocrx_word' id='word_1_284' title='bbox 667 1260 732 1286; x_wconf 91' lang='lat' dir='ltr'><strong>civis</strong></span> <span class='ocrx_word' id='word_1_285' title='bbox 746 1259 776 1286; x_wconf 83' lang='lat' dir='ltr'><strong>R..</strong></span> <span class='ocrx_word' id='word_1_286' title='bbox 796 1260 862 1288; x_wconf 75' lang='lat' dir='ltr'><strong>sacta</strong></span> <span class='ocrx_word' id='word_1_287' title='bbox 876 1262 919 1292; x_wconf 82' lang='lat' dir='ltr'><strong>sit,</strong></span> <span class='ocrx_word' id='word_1_288' title='bbox 940 1266 966 1287; x_wconf 88' lang='lat' dir='ltr'><strong>et</strong></span> <span class='ocrx_word' id='word_1_289' title='bbox 985 1265 1047 1288; x_wconf 84' lang='lat' dir='ltr'><strong>tune</strong></span> 
     </span>
     <span class='ocr_line' id='line_1_27' title="bbox 205 1301 646 1340; baseline 0 -12"><span class='ocrx_word' id='word_1_290' title='bbox 205 1303 295 1340; x_wconf 83' lang='lat' dir='ltr'><strong>pariat.</strong></span> <span class='ocrx_word' id='word_1_291' title='bbox 316 1301 372 1328; x_wconf 90' lang='lat' dir='ltr'><strong>Gai.</strong></span> <span class='ocrx_word' id='word_1_292' title='bbox 393 1301 411 1329; x_wconf 93' lang='grc' dir='ltr'><strong>Ι.</strong></span> <span class='ocrx_word' id='word_1_293' title='bbox 430 1303 472 1329; x_wconf 78' lang='grc'><strong>88.</strong></span> <span class='ocrx_word' id='word_1_294' title='bbox 488 1302 523 1328; x_wconf 80' lang='lat' dir='ltr'><strong>&#39;cf.</strong></span> <span class='ocrx_word' id='word_1_295' title='bbox 545 1303 584 1328; x_wconf 86' lang='lat'><strong>76.</strong></span> <span class='ocrx_word' id='word_1_296' title='bbox 604 1304 646 1329; x_wconf 88' lang='grc'><strong>90.</strong></span> 
     </span>
    </p>

    <p class='ocr_par' dir='ltr' id='par_1_3' title="bbox 202 1345 1047 1724">
     <span class='ocr_line' id='line_1_28' title="bbox 239 1345 1047 1380; baseline 0.001 -8"><span class='ocrx_word' id='word_1_297' title='bbox 239 1345 399 1372; x_wconf 78' lang='lat' dir='ltr'><strong>Tunica.</strong></span> <span class='ocrx_word' id='word_1_298' title='bbox 437 1345 468 1378; x_wconf 76' lang='lat'><strong>§0</strong></span> <span class='ocrx_word' id='word_1_299' title='bbox 487 1345 521 1371; x_wconf 87' lang='grc'><strong>1.</strong></span> <span class='ocrx_word' id='word_1_300' title='bbox 544 1346 649 1372; x_wconf 74' lang='lat' dir='ltr'><strong>Vestis</strong></span> <span class='ocrx_word' id='word_1_301' title='bbox 667 1346 823 1377; x_wconf 84' lang='lat' dir='ltr'><strong>interior,</strong></span> <span class='ocrx_word' id='word_1_302' title='bbox 841 1348 975 1380; x_wconf 74' lang='lat' dir='ltr'><strong>corpori</strong></span> <span class='ocrx_word' id='word_1_303' title='bbox 993 1349 1047 1373; x_wconf 81' lang='lat' dir='ltr'><strong>ad-</strong></span> 
     </span>
     <span class='ocr_line' id='line_1_29' title="bbox 203 1387 1044 1423; baseline 0.002 -9"><span class='ocrx_word' id='word_1_304' title='bbox 203 1389 343 1416; x_wconf 70' lang='lat' dir='ltr'><strong>haerens.</strong></span> <span class='ocrx_word' id='word_1_305' title='bbox 379 1387 410 1413; x_wconf 94' lang='lat' dir='ltr'><strong>II.</strong></span> <span class='ocrx_word' id='word_1_306' title='bbox 425 1388 492 1421; x_wconf 80' lang='lat' dir='ltr'><strong>Op.</strong></span> <span class='ocrx_word' id='word_1_307' title='bbox 512 1387 617 1414; x_wconf 83' lang='lat' dir='ltr'><strong>Penula.</strong></span> <span class='ocrx_word' id='word_1_308' title='bbox 638 1387 718 1423; x_wconf 83' lang='lat' dir='ltr'><strong>Toga.</strong></span> <span class='ocrx_word' id='word_1_309' title='bbox 738 1387 767 1414; x_wconf 81' lang='lat' dir='ltr'><strong>fr.</strong></span> <span class='ocrx_word' id='word_1_310' title='bbox 790 1390 809 1414; x_wconf 93' lang='lat'><strong>1.</strong></span> <span class='ocrx_word' id='word_1_311' title='bbox 830 1389 851 1422; x_wconf 88' lang='lat'><strong>9.</strong></span> <span class='ocrx_word' id='word_1_312' title='bbox 869 1390 889 1414; x_wconf 91' lang='lat'><strong>1.</strong></span> <span class='ocrx_word' id='word_1_313' title='bbox 910 1388 942 1415; x_wconf 81' lang='lat' dir='ltr'><strong>de</strong></span> <span class='ocrx_word' id='word_1_314' title='bbox 962 1394 1044 1417; x_wconf 87' lang='lat' dir='ltr'><strong>contr.</strong></span> 
     </span>
     <span class='ocr_line' id='line_1_30' title="bbox 204 1429 1046 1467; baseline 0.002 -10"><span class='ocrx_word' id='word_1_315' title='bbox 204 1435 263 1457; x_wconf 87' lang='lat' dir='ltr'><strong>emt.</strong></span> <span class='ocrx_word' id='word_1_316' title='bbox 285 1432 324 1456; x_wconf 78' lang='lat'><strong>18.</strong></span> <span class='ocrx_word' id='word_1_317' title='bbox 344 1431 365 1456; x_wconf 97' lang='lat' dir='ltr'><strong>l.</strong></span> <span class='ocrx_word' id='word_1_318' title='bbox 386 1429 416 1456; x_wconf 76' lang='lat' dir='ltr'><strong>fr.</strong></span> <span class='ocrx_word' id='word_1_319' title='bbox 435 1432 477 1456; x_wconf 88' lang='grc'><strong>25.</strong></span> <span class='ocrx_word' id='word_1_320' title='bbox 498 1429 530 1456; x_wconf 85' lang='lat' dir='ltr'><strong>de</strong></span> <span class='ocrx_word' id='word_1_321' title='bbox 548 1440 662 1467; x_wconf 79' lang='lat' dir='ltr'><strong>praescr.</strong></span> <span class='ocrx_word' id='word_1_322' title='bbox 683 1441 724 1457; x_wconf 91' lang='lat' dir='ltr'><strong>vv.</strong></span> <span class='ocrx_word' id='word_1_323' title='bbox 746 1432 784 1458; x_wconf 85' lang='lat'><strong>19.</strong></span> <span class='ocrx_word' id='word_1_324' title='bbox 798 1433 821 1458; x_wconf 91' lang='lat'><strong>5.</strong></span> <span class='ocrx_word' id='word_1_325' title='bbox 859 1431 902 1458; x_wconf 91' lang='lat' dir='ltr'><strong>Ill.</strong></span> <span class='ocrx_word' id='word_1_326' title='bbox 917 1433 982 1459; x_wconf 75' lang='lat' dir='ltr'><strong>Cn.</strong></span> <span class='ocrx_word' id='word_1_327' title='bbox 1002 1432 1046 1459; x_wconf 81' lang='lat' dir='ltr'><strong>Vi-</strong></span> 
     </span>
     <span class='ocr_line' id='line_1_31' title="bbox 204 1473 1044 1510; baseline 0.001 -10"><span class='ocrx_word' id='word_1_328' title='bbox 204 1474 261 1501; x_wconf 90' lang='lat' dir='ltr'><strong>rilia</strong></span> <span class='ocrx_word' id='word_1_329' title='bbox 281 1478 342 1500; x_wconf 89' lang='lat' dir='ltr'><strong>sunt</strong></span> <span class='ocrx_word' id='word_1_330' title='bbox 365 1474 418 1506; x_wconf 89' lang='lat' dir='ltr'><strong>(sc.</strong></span> <span class='ocrx_word' id='word_1_331' title='bbox 439 1474 625 1507; x_wconf 71' lang='lat' dir='ltr'><strong>vestimenta.)</strong></span> <span class='ocrx_word' id='word_1_332' title='bbox 645 1489 677 1493; x_wconf 92' lang='lat'><strong>—</strong></span> <span class='ocrx_word' id='word_1_333' title='bbox 706 1473 788 1500; x_wconf 77' lang='lat' dir='ltr'><strong>veluti</strong></span> <span class='ocrx_word' id='word_1_334' title='bbox 816 1479 905 1510; x_wconf 74' lang='lat' dir='ltr'><strong>togae,</strong></span> <span class='ocrx_word' id='word_1_335' title='bbox 935 1476 1044 1507; x_wconf 76' lang='lat' dir='ltr'><strong>tunicae,</strong></span> 
     </span>
     <span class='ocr_line' id='line_1_32' title="bbox 204 1515 1044 1555; baseline 0.002 -13"><span class='ocrx_word' id='word_1_336' title='bbox 204 1516 309 1553; x_wconf 83' lang='lat' dir='ltr'><strong>palliola</strong></span> <span class='ocrx_word' id='word_1_337' title='bbox 328 1521 377 1542; x_wconf 84' lang='lat' dir='ltr'><strong>etc.</strong></span> <span class='ocrx_word' id='word_1_338' title='bbox 397 1531 429 1535; x_wconf 98' lang='lat'><strong>—</strong></span> <span class='ocrx_word' id='word_1_339' title='bbox 448 1515 585 1543; x_wconf 76' lang='lat' dir='ltr'><strong>Mulie-bria</strong></span> <span class='ocrx_word' id='word_1_340' title='bbox 604 1521 673 1548; x_wconf 83' lang='lat' dir='ltr'><strong>sunt,</strong></span> <span class='ocrx_word' id='word_1_341' title='bbox 694 1532 725 1536; x_wconf 97' lang='lat'>—</span> <span class='ocrx_word' id='word_1_342' title='bbox 745 1516 825 1543; x_wconf 86' lang='lat' dir='ltr'><strong>veluti</strong></span> <span class='ocrx_word' id='word_1_343' title='bbox 845 1517 937 1549; x_wconf 78' lang='lat' dir='ltr'><strong>stolae,</strong></span> <span class='ocrx_word' id='word_1_344' title='bbox 958 1518 1044 1555; x_wconf 83' lang='lat' dir='ltr'><strong>pallia,</strong></span> 
     </span>
     <span class='ocr_line' id='line_1_33' title="bbox 203 1558 1041 1597; baseline 0.002 -11"><span class='ocrx_word' id='word_1_345' title='bbox 203 1560 305 1586; x_wconf 84' lang='lat' dir='ltr'><strong>tunicae</strong></span> <span class='ocrx_word' id='word_1_346' title='bbox 324 1563 372 1585; x_wconf 87' lang='lat' dir='ltr'><strong>etc.</strong></span> <span class='ocrx_word' id='word_1_347' title='bbox 393 1558 422 1585; x_wconf 82' lang='lat' dir='ltr'><strong>fr.</strong></span> <span class='ocrx_word' id='word_1_348' title='bbox 442 1560 484 1586; x_wconf 73' lang='lat'><strong>23.</strong></span> <span class='ocrx_word' id='word_1_349' title='bbox 503 1559 525 1593; x_wconf 86' lang='lat'><strong>9.</strong></span> <span class='ocrx_word' id='word_1_350' title='bbox 544 1561 568 1585; x_wconf 86' lang='lat'><strong>2.</strong></span> <span class='ocrx_word' id='word_1_351' title='bbox 589 1559 620 1586; x_wconf 76' lang='lat' dir='ltr'><strong>cl&#39;.</strong></span> <span class='ocrx_word' id='word_1_352' title='bbox 641 1560 670 1586; x_wconf 86' lang='lat' dir='ltr'><strong>sr.</strong></span> <span class='ocrx_word' id='word_1_353' title='bbox 690 1561 731 1586; x_wconf 83' lang='grc'><strong>38.</strong></span> <span class='ocrx_word' id='word_1_354' title='bbox 752 1560 774 1593; x_wconf 91' lang='lat'><strong>9.</strong></span> <span class='ocrx_word' id='word_1_355' title='bbox 796 1562 817 1587; x_wconf 86' lang='lat'><strong>1.</strong></span> <span class='ocrx_word' id='word_1_356' title='bbox 843 1559 874 1586; x_wconf 84' lang='lat' dir='ltr'><strong>de</strong></span> <span class='ocrx_word' id='word_1_357' title='bbox 899 1571 961 1587; x_wconf 85' lang='lat' dir='ltr'><strong>auro</strong></span> <span class='ocrx_word' id='word_1_358' title='bbox 989 1571 1041 1597; x_wconf 82' lang='lat' dir='ltr'><strong>arg.</strong></span> 
     </span>
     <span class='ocr_line' id='line_1_34' title="bbox 202 1602 1045 1638; baseline 0.004 -10"><span class='ocrx_word' id='word_1_359' title='bbox 202 1604 243 1629; x_wconf 82' lang='grc'><strong>34.</strong></span> <span class='ocrx_word' id='word_1_360' title='bbox 262 1604 286 1628; x_wconf 89' lang='grc'><strong>2.</strong></span> <span class='ocrx_word' id='word_1_361' title='bbox 307 1617 338 1622; x_wconf 89' lang='lat'><strong>-—</strong></span> <span class='ocrx_word' id='word_1_362' title='bbox 367 1602 398 1635; x_wconf 81' lang='lat'><strong>§.</strong></span> <span class='ocrx_word' id='word_1_363' title='bbox 419 1603 454 1628; x_wconf 96' lang='grc'><strong>2.</strong></span> <span class='ocrx_word' id='word_1_364' title='bbox 489 1603 592 1629; x_wconf 74' lang='lat' dir='ltr'><strong>lestis</strong></span> <span class='ocrx_word' id='word_1_365' title='bbox 619 1604 789 1637; x_wconf 80' lang='lat' dir='ltr'><strong>quaelibet.</strong></span> <span class='ocrx_word' id='word_1_366' title='bbox 826 1602 1045 1638; x_wconf 70' lang='lat' dir='ltr'><strong>1.Sy.vesti-</strong></span> 
     </span>
     <span class='ocr_line' id='line_1_35' title="bbox 203 1644 1043 1683; baseline 0.001 -11"><span class='ocrx_word' id='word_1_367' title='bbox 203 1650 325 1676; x_wconf 79' lang='lat' dir='ltr'><strong>mentum,</strong></span> <span class='ocrx_word' id='word_1_368' title='bbox 346 1644 474 1671; x_wconf 80' lang='lat' dir='ltr'><strong>Vestitus.</strong></span> <span class='ocrx_word' id='word_1_369' title='bbox 494 1644 524 1671; x_wconf 80' lang='lat' dir='ltr'><strong>fr.</strong></span> <span class='ocrx_word' id='word_1_370' title='bbox 544 1647 585 1671; x_wconf 85' lang='lat'><strong>25.</strong></span> <span class='ocrx_word' id='word_1_371' title='bbox 606 1645 636 1672; x_wconf 87' lang='lat' dir='ltr'><strong>fr.</strong></span> <span class='ocrx_word' id='word_1_372' title='bbox 655 1648 696 1672; x_wconf 84' lang='grc'><strong>40.</strong></span> <span class='ocrx_word' id='word_1_373' title='bbox 716 1646 738 1679; x_wconf 87' lang='lat'><strong>9.</strong></span> <span class='ocrx_word' id='word_1_374' title='bbox 759 1647 782 1672; x_wconf 90' lang='lat'><strong>1.</strong></span> <span class='ocrx_word' id='word_1_375' title='bbox 802 1645 835 1672; x_wconf 89' lang='lat' dir='ltr'><strong>de</strong></span> <span class='ocrx_word' id='word_1_376' title='bbox 854 1646 1043 1683; x_wconf 83' lang='lat' dir='ltr'><strong>pccul.15.1.</strong></span> 
     </span>
     <span class='ocr_line' id='line_1_36' title="bbox 204 1687 711 1724; baseline 0 -10"><span class='ocrx_word' id='word_1_377' title='bbox 204 1688 234 1714; x_wconf 88' lang='lat' dir='ltr'><strong>lr.</strong></span> <span class='ocrx_word' id='word_1_378' title='bbox 254 1689 295 1714; x_wconf 83' lang='grc'><strong>44.</strong></span> <span class='ocrx_word' id='word_1_379' title='bbox 315 1697 354 1724; x_wconf 90' lang='lat' dir='ltr'><strong>pr.</strong></span> <span class='ocrx_word' id='word_1_380' title='bbox 373 1687 405 1714; x_wconf 83' lang='lat' dir='ltr'><strong>de</strong></span> <span class='ocrx_word' id='word_1_381' title='bbox 424 1687 510 1714; x_wconf 74' lang='lat' dir='ltr'><strong>Aedil.</strong></span> <span class='ocrx_word' id='word_1_382' title='bbox 530 1687 607 1714; x_wconf 79' lang='lat' dir='ltr'><strong>edict.</strong></span> <span class='ocrx_word' id='word_1_383' title='bbox 626 1690 668 1715; x_wconf 85' lang='lat'><strong>21.</strong></span> <span class='ocrx_word' id='word_1_384' title='bbox 691 1690 711 1714; x_wconf 92' lang='grc' dir='ltr'><strong>Ι.</strong></span> 
     </span>
    </p>

    <p class='ocr_par' dir='ltr' id='par_1_4' title="bbox 204 1731 1067 1808">
     <span class='ocr_line' id='line_1_37' title="bbox 239 1731 1067 1766; baseline 0.003 -9"><span class='ocrx_word' id='word_1_385' title='bbox 239 1732 381 1757; x_wconf 78' lang='lat' dir='ltr'><strong>Turba.</strong></span> <span class='ocrx_word' id='word_1_386' title='bbox 417 1731 449 1764; x_wconf 70' lang='lat'><strong>§-</strong></span> <span class='ocrx_word' id='word_1_387' title='bbox 463 1732 498 1757; x_wconf 93' lang='grc'><strong>1.</strong></span> <span class='ocrx_word' id='word_1_388' title='bbox 519 1732 716 1762; x_wconf 72' lang='lat' dir='ltr'><strong>Concursus,</strong></span> <span class='ocrx_word' id='word_1_389' title='bbox 740 1733 920 1758; x_wconf 66' lang='lat' dir='ltr'><strong>Tumultus.</strong></span> <span class='ocrx_word' id='word_1_390' title='bbox 949 1731 967 1758; x_wconf 93' lang='lat' dir='ltr'><strong>I.</strong></span> <span class='ocrx_word' id='word_1_391' title='bbox 982 1733 1067 1766; x_wconf 74' lang='lat' dir='ltr'><strong>Sy.</strong></span> 
     </span>
     <span class='ocr_line' id='line_1_38' title="bbox 204 1772 1043 1808; baseline 0.001 -9"><span class='ocrx_word' id='word_1_392' title='bbox 204 1772 383 1805; x_wconf 76' lang='lat' dir='ltr'><strong>perturbatio,</strong></span> <span class='ocrx_word' id='word_1_393' title='bbox 408 1779 433 1800; x_wconf 82' lang='lat' dir='ltr'><strong>et</strong></span> <span class='ocrx_word' id='word_1_394' title='bbox 458 1778 549 1800; x_wconf 83' lang='lat' dir='ltr'><strong>coetus</strong></span> <span class='ocrx_word' id='word_1_395' title='bbox 569 1773 745 1800; x_wconf 73' lang='lat' dir='ltr'><strong>multitudinis</strong></span> <span class='ocrx_word' id='word_1_396' title='bbox 766 1773 907 1801; x_wconf 86' lang='lat' dir='ltr'><strong>hominum.</strong></span> <span class='ocrx_word' id='word_1_397' title='bbox 929 1774 957 1801; x_wconf 78' lang='lat' dir='ltr'><strong>fr.</strong></span> <span class='ocrx_word' id='word_1_398' title='bbox 978 1776 1000 1801; x_wconf 88' lang='lat'><strong>4</strong></span> <span class='ocrx_word' id='word_1_399' title='bbox 1021 1775 1043 1808; x_wconf 85' lang='lat'><strong>9.</strong></span> 
     </span>
    </p>
   </div>
   <div class='ocr_carea' id='block_1_3' title="bbox 202 1816 1044 1852">
    <p class='ocr_par' dir='ltr' id='par_1_5' title="bbox 202 1816 1044 1852">
     <span class='ocr_line' id='line_1_39' title="bbox 202 1816 1044 1852; baseline 0.004 -11"><span class='ocrx_word' id='word_1_400' title='bbox 202 1818 226 1842; x_wconf 96' lang='lat'><strong>3.</strong></span> <span class='ocrx_word' id='word_1_401' title='bbox 247 1816 272 1841; x_wconf 91' lang='lat' dir='ltr'><strong>vi</strong></span> <span class='ocrx_word' id='word_1_402' title='bbox 292 1816 343 1841; x_wconf 86' lang='lat' dir='ltr'><strong>bon</strong></span> <span class='ocrx_word' id='word_1_403' title='bbox 363 1820 427 1852; x_wconf 87' lang='lat' dir='ltr'><strong>rapt.</strong></span> <span class='ocrx_word' id='word_1_404' title='bbox 447 1818 488 1842; x_wconf 81' lang='grc'><strong>47.</strong></span> <span class='ocrx_word' id='word_1_405' title='bbox 527 1816 587 1842; x_wconf 84' lang='grc'>,11.</span> <span class='ocrx_word' id='word_1_406' title='bbox 603 1818 669 1850; x_wconf 77' lang='lat' dir='ltr'><strong>Op.</strong></span> <span class='ocrx_word' id='word_1_407' title='bbox 689 1816 763 1843; x_wconf 81' lang='lat' dir='ltr'><strong>Rixa.</strong></span> <span class='ocrx_word' id='word_1_408' title='bbox 784 1816 824 1843; x_wconf 89' lang='lat' dir='ltr'><strong>Cl.</strong></span> <span class='ocrx_word' id='word_1_409' title='bbox 839 1817 863 1843; x_wconf 90' lang='lat' dir='ltr'><strong>l1.</strong></span> <span class='ocrx_word' id='word_1_410' title='bbox 878 1827 900 1844; x_wconf 89' lang='lat' dir='ltr'><strong>v.</strong></span> <span class='ocrx_word' id='word_1_411' title='bbox 920 1817 963 1844; x_wconf 90' lang='grc'>111.</span> <span class='ocrx_word' id='word_1_412' title='bbox 979 1819 1044 1845; x_wconf 75' lang='lat' dir='ltr'><strong>Gn.</strong></span> 
     </span>
    </p>
   </div>
   <div class='ocr_carea' id='block_1_4' title="bbox 203 1817 1068 1897">
    <p class='ocr_par' dir='ltr' id='par_1_6' title="bbox 203 1817 1068 1897">
     <span class='ocr_line' id='line_1_40' title="bbox 203 1817 1068 1897; baseline 0.002 -12"><span class='ocrx_word' id='word_1_413' title='bbox 203 1858 324 1889; x_wconf 82' lang='lat' dir='ltr'><strong>Coetum,</strong></span> <span class='ocrx_word' id='word_1_414' title='bbox 344 1817 638 1891; x_wconf 62' lang='lat' dir='ltr'><strong>c‹)ncursu1n‚81urban1.</strong></span> <span class='ocrx_word' id='word_1_415' title='bbox 659 1859 823 1891; x_wconf 82' lang='lat' dir='ltr'><strong>seditionem,</strong></span> <span class='ocrx_word' id='word_1_416' title='bbox 843 1859 992 1886; x_wconf 82' lang='lat' dir='ltr'><strong>incendium</strong></span> <span class='ocrx_word' id='word_1_417' title='bbox 1012 1860 1046 1887; x_wconf 84' lang='lat' dir='ltr'><strong>fa·</strong></span> <span class='ocrx_word' id='word_1_418' title='bbox 1066 1874 1068 1897; x_wconf 55' lang='lat'>3</span> 
     </span>
    </p>
   </div>
   <div class='ocr_carea' id='block_1_5' title="bbox 203 1898 1068 1938">
    <p class='ocr_par' dir='ltr' id='par_1_7' title="bbox 203 1898 1068 1938">
     <span class='ocr_line' id='line_1_41' title="bbox 203 1898 1068 1938; baseline 0.002 -11"><span class='ocrx_word' id='word_1_419' title='bbox 203 1911 270 1928; x_wconf 82' lang='lat' dir='ltr'><strong>cere.</strong></span> <span class='ocrx_word' id='word_1_420' title='bbox 291 1900 363 1927; x_wconf 86' lang='lat' dir='ltr'><strong>Paul.</strong></span> <span class='ocrx_word' id='word_1_421' title='bbox 382 1901 412 1928; x_wconf 89' lang='lat' dir='ltr'><strong>V.</strong></span> <span class='ocrx_word' id='word_1_422' title='bbox 431 1903 473 1928; x_wconf 86' lang='lat'><strong>26.</strong></span> <span class='ocrx_word' id='word_1_423' title='bbox 492 1902 513 1936; x_wconf 90' lang='lat'><strong>9.</strong></span> <span class='ocrx_word' id='word_1_424' title='bbox 532 1904 556 1928; x_wconf 84' lang='lat'><strong>3.</strong></span> <span class='ocrx_word' id='word_1_425' title='bbox 577 1901 609 1928; x_wconf 89' lang='lat' dir='ltr'><strong>V.</strong></span> <span class='ocrx_word' id='word_1_426' title='bbox 627 1902 698 1929; x_wconf 83' lang='lat' dir='ltr'><strong>30A.</strong></span> <span class='ocrx_word' id='word_1_427' title='bbox 719 1903 740 1936; x_wconf 77' lang='grc'><strong>9.</strong></span> <span class='ocrx_word' id='word_1_428' title='bbox 757 1904 779 1929; x_wconf 88' lang='grc'><strong>1.</strong></span> <span class='ocrx_word' id='word_1_429' title='bbox 816 1902 869 1938; x_wconf 81' lang='lat' dir='ltr'><strong>Qui</strong></span> <span class='ocrx_word' id='word_1_430' title='bbox 888 1903 966 1929; x_wconf 75' lang='lat' dir='ltr'><strong>aedes</strong></span> <span class='ocrx_word' id='word_1_431' title='bbox 986 1903 1045 1929; x_wconf 80' lang='lat' dir='ltr'><strong>alie·</strong></span> <span class='ocrx_word' id='word_1_432' title='bbox 1066 1898 1068 1924; x_wconf 59' lang='lat'><strong>¹.</strong></span> 
     </span>
    </p>
   </div>
   <div class='ocr_carea' id='block_1_6' title="bbox 202 1943 1045 2194">
    <p class='ocr_par' dir='ltr' id='par_1_8' title="bbox 202 1943 1045 2194">
     <span class='ocr_line' id='line_1_42' title="bbox 203 1943 1044 1982; baseline 0.002 -12"><span class='ocrx_word' id='word_1_433' title='bbox 203 1954 258 1975; x_wconf 83' lang='lat' dir='ltr'><strong>nas,</strong></span> <span class='ocrx_word' id='word_1_434' title='bbox 278 1943 387 1970; x_wconf 64' lang='lat' dir='ltr'><strong>villasve</strong></span> <span class='ocrx_word' id='word_1_435' title='bbox 405 1944 584 1981; x_wconf 78' lang='lat' dir='ltr'><strong>expilaverint,</strong></span> <span class='ocrx_word' id='word_1_436' title='bbox 604 1945 761 1981; x_wconf 75' lang='lat' dir='ltr'><strong>effregerint,</strong></span> <span class='ocrx_word' id='word_1_437' title='bbox 782 1947 1000 1982; x_wconf 74' lang='lat' dir='ltr'><strong>expugnaverint,</strong></span> <span class='ocrx_word' id='word_1_438' title='bbox 1022 1947 1044 1973; x_wconf 89' lang='lat' dir='ltr'><strong>si</strong></span> 
     </span>
     <span class='ocr_line' id='line_1_43' title="bbox 203 1986 1043 2023; baseline 0.004 -11"><span class='ocrx_word' id='word_1_439' title='bbox 203 1986 308 2023; x_wconf 80' lang='lat' dir='ltr'><strong>quidem</strong></span> <span class='ocrx_word' id='word_1_440' title='bbox 328 1986 354 2013; x_wconf 84' lang='lat' dir='ltr'><strong>id</strong></span> <span class='ocrx_word' id='word_1_441' title='bbox 374 1987 449 2013; x_wconf 88' lang='lat' dir='ltr'><strong>turba</strong></span> <span class='ocrx_word' id='word_1_442' title='bbox 467 1997 524 2014; x_wconf 90' lang='lat' dir='ltr'><strong>cum</strong></span> <span class='ocrx_word' id='word_1_443' title='bbox 538 1987 598 2013; x_wconf 76' lang='lat' dir='ltr'><strong>telis</strong></span> <span class='ocrx_word' id='word_1_444' title='bbox 612 1993 700 2014; x_wconf 85' lang='lat' dir='ltr'><strong>coacta</strong></span> <span class='ocrx_word' id='word_1_445' title='bbox 714 1988 830 2015; x_wconf 81' lang='lat' dir='ltr'><strong>feceriut.</strong></span> <span class='ocrx_word' id='word_1_446' title='bbox 850 1988 887 2015; x_wconf 84' lang='lat' dir='ltr'><strong>ld.</strong></span> <span class='ocrx_word' id='word_1_447' title='bbox 902 1988 932 2016; x_wconf 88' lang='lat' dir='ltr'><strong>V.</strong></span> <span class='ocrx_word' id='word_1_448' title='bbox 946 1991 970 2016; x_wconf 88' lang='lat'><strong>3.</strong></span> <span class='ocrx_word' id='word_1_449' title='bbox 985 1989 1006 2022; x_wconf 91' lang='lat'><strong>9.</strong></span> <span class='ocrx_word' id='word_1_450' title='bbox 1020 1991 1043 2015; x_wconf 93' lang='grc'><strong>3.</strong></span> 
     </span>
     <span class='ocr_line' id='line_1_44' title="bbox 203 2029 1045 2067; baseline 0.001 -10"><span class='ocrx_word' id='word_1_451' title='bbox 203 2030 287 2057; x_wconf 86' lang='lat' dir='ltr'><strong>Cuius</strong></span> <span class='ocrx_word' id='word_1_452' title='bbox 313 2029 375 2055; x_wconf 78' lang='lat' dir='ltr'><strong>dolo</strong></span> <span class='ocrx_word' id='word_1_453' title='bbox 400 2029 467 2056; x_wconf 75' lang='lat' dir='ltr'><strong>malo</strong></span> <span class='ocrx_word' id='word_1_454' title='bbox 493 2031 519 2056; x_wconf 88' lang='lat' dir='ltr'><strong>in</strong></span> <span class='ocrx_word' id='word_1_455' title='bbox 544 2030 618 2056; x_wconf 78' lang='lat' dir='ltr'><strong>turba</strong></span> <span class='ocrx_word' id='word_1_456' title='bbox 642 2030 763 2057; x_wconf 89' lang='lat' dir='ltr'><strong>damnum</strong></span> <span class='ocrx_word' id='word_1_457' title='bbox 787 2031 850 2067; x_wconf 88' lang='lat' dir='ltr'><strong>quid</strong></span> <span class='ocrx_word' id='word_1_458' title='bbox 870 2031 966 2058; x_wconf 80' lang='lat' dir='ltr'><strong>factum</strong></span> <span class='ocrx_word' id='word_1_459' title='bbox 986 2042 1045 2058; x_wconf 82' lang='lat' dir='ltr'><strong>esse</strong></span> 
     </span>
     <span class='ocr_line' id='line_1_45' title="bbox 202 2072 1042 2112; baseline 0.004 -14"><span class='ocrx_word' id='word_1_460' title='bbox 202 2072 311 2099; x_wconf 85' lang='lat' dir='ltr'><strong>dicetur.</strong></span> <span class='ocrx_word' id='word_1_461' title='bbox 337 2072 366 2099; x_wconf 79' lang='lat' dir='ltr'><strong>t&#39;r.</strong></span> <span class='ocrx_word' id='word_1_462' title='bbox 386 2075 409 2099; x_wconf 97' lang='lat'><strong>4.</strong></span> <span class='ocrx_word' id='word_1_463' title='bbox 435 2083 472 2109; x_wconf 88' lang='lat' dir='ltr'><strong>pr.</strong></span> <span class='ocrx_word' id='word_1_464' title='bbox 497 2073 533 2106; x_wconf 86' lang='lat'><strong>99.</strong></span> <span class='ocrx_word' id='word_1_465' title='bbox 556 2075 576 2099; x_wconf 96' lang='lat' dir='ltr'><strong>l.</strong></span> <span class='ocrx_word' id='word_1_466' title='bbox 598 2083 656 2110; x_wconf 85' lang='lat' dir='ltr'><strong>sqq.</strong></span> <span class='ocrx_word' id='word_1_467' title='bbox 682 2075 707 2100; x_wconf 86' lang='lat' dir='ltr'><strong>vi</strong></span> <span class='ocrx_word' id='word_1_468' title='bbox 733 2074 793 2100; x_wconf 91' lang='lat' dir='ltr'><strong>bon.</strong></span> <span class='ocrx_word' id='word_1_469' title='bbox 818 2079 883 2112; x_wconf 90' lang='lat' dir='ltr'><strong>rapt.</strong></span> <span class='ocrx_word' id='word_1_470' title='bbox 904 2076 945 2101; x_wconf 71' lang='lat'><strong>47.</strong></span> <span class='ocrx_word' id='word_1_471' title='bbox 966 2076 990 2101; x_wconf 80' lang='lat'><strong>8.</strong></span> <span class='ocrx_word' id='word_1_472' title='bbox 1011 2091 1042 2094; x_wconf 97' lang='lat'><strong>—</strong></span> 
     </span>
     <span class='ocr_line' id='line_1_46' title="bbox 203 2115 1042 2151; baseline 0.002 -9"><span class='ocrx_word' id='word_1_473' title='bbox 203 2115 234 2148; x_wconf 68' lang='lat'><strong>§0</strong></span> <span class='ocrx_word' id='word_1_474' title='bbox 254 2116 289 2142; x_wconf 87' lang='grc'><strong>2.</strong></span> <span class='ocrx_word' id='word_1_475' title='bbox 311 2116 428 2149; x_wconf 81' lang='lat' dir='ltr'><strong>Copia,</strong></span> <span class='ocrx_word' id='word_1_476' title='bbox 456 2117 638 2143; x_wconf 74' lang='lat' dir='ltr'><strong>Multitudo</strong></span> <span class='ocrx_word' id='word_1_477' title='bbox 658 2119 819 2151; x_wconf 75' lang='lat' dir='ltr'><strong>quaelibet</strong></span> <span class='ocrx_word' id='word_1_478' title='bbox 841 2119 1042 2148; x_wconf 70' lang='lat' dir='ltr'><strong>(hominurn.)</strong></span> 
     </span>
     <span class='ocr_line' id='line_1_47' title="bbox 203 2157 1042 2194; baseline 0.005 -11"><span class='ocrx_word' id='word_1_479' title='bbox 203 2157 245 2183; x_wconf 88' lang='grc'>111.</span> <span class='ocrx_word' id='word_1_480' title='bbox 264 2159 328 2185; x_wconf 80' lang='lat' dir='ltr'><strong>Gn.</strong></span> <span class='ocrx_word' id='word_1_481' title='bbox 348 2157 436 2189; x_wconf 80' lang='lat' dir='ltr'><strong>Multa,</strong></span> <span class='ocrx_word' id='word_1_482' title='bbox 457 2168 477 2184; x_wconf 89' lang='lat' dir='ltr'><strong>s.</strong></span> <span class='ocrx_word' id='word_1_483' title='bbox 498 2157 590 2189; x_wconf 83' lang='lat' dir='ltr'><strong>Tanta,</strong></span> <span class='ocrx_word' id='word_1_484' title='bbox 611 2159 685 2185; x_wconf 85' lang='lat' dir='ltr'><strong>turba</strong></span> <span class='ocrx_word' id='word_1_485' title='bbox 706 2159 847 2186; x_wconf 87' lang='lat' dir='ltr'><strong>bominum.</strong></span> <span class='ocrx_word' id='word_1_486' title='bbox 868 2160 898 2186; x_wconf 73' lang='grc' dir='ltr'>[ι’.</span> <span class='ocrx_word' id='word_1_487' title='bbox 917 2162 939 2187; x_wconf 81' lang='grc'><strong>2.</strong></span> <span class='ocrx_word' id='word_1_488' title='bbox 962 2161 999 2194; x_wconf 89' lang='lat'><strong>99.</strong></span> <span class='ocrx_word' id='word_1_489' title='bbox 1019 2162 1042 2187; x_wconf 83' lang='lat'><strong>9.</strong></span> 
     </span>
    </p>
   </div>
   <div class='ocr_carea' id='block_1_7' title="bbox 203 2200 1066 2239">
    <p class='ocr_par' dir='ltr' id='par_1_9' title="bbox 203 2200 1066 2239">
     <span class='ocr_line' id='line_1_48' title="bbox 203 2200 1066 2239; baseline 0.005 -13"><span class='ocrx_word' id='word_1_490' title='bbox 203 2202 244 2226; x_wconf 67' lang='lat'><strong>28.</strong></span> <span class='ocrx_word' id='word_1_491' title='bbox 264 2200 296 2226; x_wconf 87' lang='lat' dir='ltr'><strong>de</strong></span> <span class='ocrx_word' id='word_1_492' title='bbox 315 2200 347 2227; x_wconf 92' lang='grc' dir='ltr'><strong>Ο.</strong></span> <span class='ocrx_word' id='word_1_493' title='bbox 368 2200 384 2227; x_wconf 90' lang='grc' dir='ltr'><strong>Ι.</strong></span> <span class='ocrx_word' id='word_1_494' title='bbox 408 2203 428 2227; x_wconf 95' lang='lat' dir='ltr'><strong>l.</strong></span> <span class='ocrx_word' id='word_1_495' title='bbox 442 2203 465 2226; x_wconf 88' lang='lat'><strong>2.</strong></span> <span class='ocrx_word' id='word_1_496' title='bbox 503 2200 712 2228; x_wconf 75' lang='lat' dir='ltr'><strong>Manichaeorum</strong></span> <span class='ocrx_word' id='word_1_497' title='bbox 732 2208 887 2235; x_wconf 80' lang='lat' dir='ltr'><strong>conventus,</strong></span> <span class='ocrx_word' id='word_1_498' title='bbox 906 2203 948 2230; x_wconf 82' lang='lat' dir='ltr'><strong>vel</strong></span> <span class='ocrx_word' id='word_1_499' title='bbox 968 2203 1043 2230; x_wconf 85' lang='lat' dir='ltr'><strong>turba</strong></span> <span class='ocrx_word' id='word_1_500' title='bbox 1065 2213 1066 2239; x_wconf 66' lang='lat' dir='ltr'>j</span> 
     </span>
    </p>
   </div>
   <div class='ocr_carea' id='block_1_8' title="bbox 204 2242 1044 2367">
    <p class='ocr_par' dir='ltr' id='par_1_10' title="bbox 204 2242 1044 2367">
     <span class='ocr_line' id='line_1_49' title="bbox 205 2242 1041 2279; baseline 0.006 -11"><span class='ocrx_word' id='word_1_501' title='bbox 205 2242 360 2270; x_wconf 83' lang='lat' dir='ltr'><strong>huiusmodi.</strong></span> <span class='ocrx_word' id='word_1_502' title='bbox 381 2243 430 2270; x_wconf 83' lang='lat' dir='ltr'><strong>Th.</strong></span> <span class='ocrx_word' id='word_1_503' title='bbox 451 2244 480 2270; x_wconf 81' lang='lat' dir='ltr'><strong>C.</strong></span> <span class='ocrx_word' id='word_1_504' title='bbox 500 2243 571 2270; x_wconf 80' lang='lat' dir='ltr'><strong>XVI.</strong></span> <span class='ocrx_word' id='word_1_505' title='bbox 591 2246 615 2270; x_wconf 87' lang='grc'><strong>5.</strong></span> <span class='ocrx_word' id='word_1_506' title='bbox 635 2254 656 2270; x_wconf 91' lang='lat' dir='ltr'><strong>c.</strong></span> <span class='ocrx_word' id='word_1_507' title='bbox 675 2247 700 2271; x_wconf 84' lang='lat'><strong>3.</strong></span> <span class='ocrx_word' id='word_1_508' title='bbox 720 2255 742 2271; x_wconf 91' lang='lat' dir='ltr'><strong>c.</strong></span> <span class='ocrx_word' id='word_1_509' title='bbox 761 2246 785 2271; x_wconf 83' lang='lat'><strong>6.</strong></span> <span class='ocrx_word' id='word_1_510' title='bbox 806 2246 827 2279; x_wconf 92' lang='lat'><strong>9.</strong></span> <span class='ocrx_word' id='word_1_511' title='bbox 850 2247 871 2273; x_wconf 87' lang='lat' dir='ltr'><strong>l.</strong></span> <span class='ocrx_word' id='word_1_512' title='bbox 892 2245 924 2272; x_wconf 77' lang='lat' dir='ltr'><strong>de</strong></span> <span class='ocrx_word' id='word_1_513' title='bbox 943 2246 1041 2273; x_wconf 80' lang='lat' dir='ltr'><strong>haeret.</strong></span> 
     </span>
     <span class='ocr_line' id='line_1_50' title="bbox 239 2287 1042 2322; baseline 0.006 -11"><span class='ocrx_word' id='word_1_514' title='bbox 239 2287 424 2313; x_wconf 73' lang='lat' dir='ltr'><strong>Tun-bare.</strong></span> <span class='ocrx_word' id='word_1_515' title='bbox 462 2287 492 2320; x_wconf 82' lang='lat'><strong>§.</strong></span> <span class='ocrx_word' id='word_1_516' title='bbox 512 2287 546 2313; x_wconf 89' lang='lat' dir='ltr'><strong>l.</strong></span> <span class='ocrx_word' id='word_1_517' title='bbox 567 2289 772 2314; x_wconf 78' lang='lat' dir='ltr'><strong>I’erturbare.</strong></span> <span class='ocrx_word' id='word_1_518' title='bbox 809 2287 828 2314; x_wconf 93' lang='lat' dir='ltr'><strong>l.</strong></span> <span class='ocrx_word' id='word_1_519' title='bbox 847 2289 909 2322; x_wconf 71' lang='lat' dir='ltr'><strong>Sy.</strong></span> <span class='ocrx_word' id='word_1_520' title='bbox 928 2288 1042 2321; x_wconf 75' lang='lat' dir='ltr'><strong>Movere,</strong></span> 
     </span>
     <span class='ocr_line' id='line_1_51' title="bbox 204 2327 1044 2367; baseline 0.004 -12"><span class='ocrx_word' id='word_1_521' title='bbox 204 2328 352 2355; x_wconf 77' lang='lat' dir='ltr'><strong>Concitare.</strong></span> <span class='ocrx_word' id='word_1_522' title='bbox 373 2327 413 2354; x_wconf 76' lang='lat' dir='ltr'><strong>Cf.</strong></span> <span class='ocrx_word' id='word_1_523' title='bbox 433 2339 456 2355; x_wconf 86' lang='lat' dir='ltr'><strong>v.</strong></span> <span class='ocrx_word' id='word_1_524' title='bbox 476 2329 590 2356; x_wconf 78' lang='lat' dir='ltr'><strong>Movere.</strong></span> <span class='ocrx_word' id='word_1_525' title='bbox 610 2330 632 2363; x_wconf 91' lang='lat'><strong>9</strong></span> <span class='ocrx_word' id='word_1_526' title='bbox 651 2332 675 2355; x_wconf 88' lang='lat'><strong>5.</strong></span> <span class='ocrx_word' id='word_1_527' title='bbox 714 2329 755 2356; x_wconf 88' lang='lat' dir='ltr'><strong>Ill.</strong></span> <span class='ocrx_word' id='word_1_528' title='bbox 771 2331 837 2357; x_wconf 77' lang='lat' dir='ltr'><strong>Cn.</strong></span> <span class='ocrx_word' id='word_1_529' title='bbox 857 2330 964 2367; x_wconf 80' lang='lat' dir='ltr'><strong>Magicis</strong></span> <span class='ocrx_word' id='word_1_530' title='bbox 984 2333 1044 2358; x_wconf 86' lang='lat' dir='ltr'><strong>arti-</strong></span> 
     </span>
    </p>
   </div>
   <div class='ocr_carea' id='block_1_9' title="bbox 204 2369 1064 2401">
    <p class='ocr_par' dir='ltr' id='par_1_11' title="bbox 204 2369 1064 2401">
     <span class='ocr_line' id='line_1_52' title="bbox 204 2369 1064 2401; baseline 0.006 -5"><span class='ocrx_word' id='word_1_531' title='bbox 204 2370 253 2397; x_wconf 89' lang='lat' dir='ltr'><strong>bus</strong></span> <span class='ocrx_word' id='word_1_532' title='bbox 273 2371 329 2396; x_wconf 81' lang='lat' dir='ltr'><strong>ausi</strong></span> <span class='ocrx_word' id='word_1_533' title='bbox 348 2369 473 2396; x_wconf 82' lang='lat' dir='ltr'><strong>elementa</strong></span> <span class='ocrx_word' id='word_1_534' title='bbox 494 2372 606 2398; x_wconf 83' lang='lat' dir='ltr'><strong>turbare.</strong></span> <span class='ocrx_word' id='word_1_535' title='bbox 627 2371 675 2398; x_wconf 82' lang='lat' dir='ltr'><strong>Th.</strong></span> <span class='ocrx_word' id='word_1_536' title='bbox 697 2372 727 2398; x_wconf 90' lang='lat' dir='ltr'><strong>C.</strong></span> <span class='ocrx_word' id='word_1_537' title='bbox 743 2371 786 2398; x_wconf 83' lang='lat' dir='ltr'><strong>IX.</strong></span> <span class='ocrx_word' id='word_1_538' title='bbox 803 2374 842 2399; x_wconf 85' lang='lat'><strong>16.</strong></span> <span class='ocrx_word' id='word_1_539' title='bbox 863 2383 883 2400; x_wconf 90' lang='lat' dir='ltr'><strong>c.</strong></span> <span class='ocrx_word' id='word_1_540' title='bbox 898 2376 921 2400; x_wconf 78' lang='lat'><strong>5.</strong></span> <span class='ocrx_word' id='word_1_541' title='bbox 941 2374 973 2400; x_wconf 88' lang='lat' dir='ltr'><strong>de</strong></span> <span class='ocrx_word' id='word_1_542' title='bbox 993 2385 1043 2401; x_wconf 82' lang='lat' dir='ltr'><strong>ma-</strong></span> <span class='ocrx_word' id='word_1_543' title='bbox 1062 2391 1064 2397; x_wconf 76' lang='lat'><strong><em>‹</em></strong></span> 
     </span>
    </p>
   </div>
   <div class='ocr_carea' id='block_1_10' title="bbox 203 2412 1041 2534">
    <p class='ocr_par' dir='ltr' id='par_1_12' title="bbox 203 2412 1041 2534">
     <span class='ocr_line' id='line_1_53' title="bbox 205 2412 1041 2454; baseline 0.004 -14"><span class='ocrx_word' id='word_1_544' title='bbox 205 2413 272 2440; x_wconf 85' lang='lat' dir='ltr'><strong>lelic.</strong></span> <span class='ocrx_word' id='word_1_545' title='bbox 308 2412 432 2444; x_wconf 73' lang='lat' dir='ltr'><strong>Iumenta,</strong></span> <span class='ocrx_word' id='word_1_546' title='bbox 452 2422 516 2448; x_wconf 85' lang='lat' dir='ltr'><strong>quae</strong></span> <span class='ocrx_word' id='word_1_547' title='bbox 530 2416 586 2441; x_wconf 80' lang='lat' dir='ltr'><strong>siue</strong></span> <span class='ocrx_word' id='word_1_548' title='bbox 600 2425 676 2441; x_wconf 84' lang='lat' dir='ltr'><strong>causa</strong></span> <span class='ocrx_word' id='word_1_549' title='bbox 691 2414 836 2447; x_wconf 80' lang='lat' dir='ltr'><strong>turbantur,</strong></span> <span class='ocrx_word' id='word_1_550' title='bbox 857 2421 882 2441; x_wconf 82' lang='lat' dir='ltr'><strong>ct</strong></span> <span class='ocrx_word' id='word_1_551' title='bbox 901 2418 1041 2454; x_wconf 85' lang='lat' dir='ltr'><strong>semetipsa</strong></span> 
     </span>
     <span class='ocr_line' id='line_1_54' title="bbox 205 2456 1041 2493; baseline 0.006 -11"><span class='ocrx_word' id='word_1_552' title='bbox 205 2457 326 2493; x_wconf 86' lang='lat' dir='ltr'><strong>eripiunt.</strong></span> <span class='ocrx_word' id='word_1_553' title='bbox 350 2456 380 2481; x_wconf 76' lang='lat' dir='ltr'><strong>fr.</strong></span> <span class='ocrx_word' id='word_1_554' title='bbox 401 2456 441 2480; x_wconf 72' lang='lat'><strong>453.</strong></span> <span class='ocrx_word' id='word_1_555' title='bbox 466 2465 505 2491; x_wconf 84' lang='lat' dir='ltr'><strong>pr.</strong></span> <span class='ocrx_word' id='word_1_556' title='bbox 529 2456 560 2483; x_wconf 79' lang='lat' dir='ltr'><strong>de</strong></span> <span class='ocrx_word' id='word_1_557' title='bbox 582 2457 669 2484; x_wconf 73' lang='lat' dir='ltr'><strong>Aedil.</strong></span> <span class='ocrx_word' id='word_1_558' title='bbox 690 2457 766 2484; x_wconf 82' lang='lat' dir='ltr'><strong>edict.</strong></span> <span class='ocrx_word' id='word_1_559' title='bbox 786 2460 827 2484; x_wconf 73' lang='lat'><strong>21.</strong></span> <span class='ocrx_word' id='word_1_560' title='bbox 850 2460 870 2484; x_wconf 94' lang='lat'><strong>1.</strong></span> <span class='ocrx_word' id='word_1_561' title='bbox 896 2459 927 2485; x_wconf 82' lang='lat' dir='ltr'><strong>ct&#39;.</strong></span> <span class='ocrx_word' id='word_1_562' title='bbox 951 2459 980 2486; x_wconf 75' lang='lat' dir='ltr'><strong>l&#39;r.</strong></span> <span class='ocrx_word' id='word_1_563' title='bbox 1000 2462 1041 2487; x_wconf 85' lang='lat'><strong>27.</strong></span> 
     </span>
     <span class='ocr_line' id='line_1_55' title="bbox 203 2497 1040 2534; baseline 0.004 -9"><span class='ocrx_word' id='word_1_564' title='bbox 203 2499 224 2532; x_wconf 84' lang='lat'><strong>9.</strong></span> <span class='ocrx_word' id='word_1_565' title='bbox 244 2501 285 2525; x_wconf 81' lang='lat'><strong>34.</strong></span> <span class='ocrx_word' id='word_1_566' title='bbox 305 2498 336 2524; x_wconf 82' lang='lat' dir='ltr'><strong>ad</strong></span> <span class='ocrx_word' id='word_1_567' title='bbox 356 2497 385 2525; x_wconf 90' lang='lat' dir='ltr'><strong>L.</strong></span> <span class='ocrx_word' id='word_1_568' title='bbox 406 2497 464 2533; x_wconf 86' lang='lat' dir='ltr'><strong>Aqu</strong></span> <span class='ocrx_word' id='word_1_569' title='bbox 491 2498 514 2523; x_wconf 83' lang='grc'><strong>9.</strong></span> <span class='ocrx_word' id='word_1_570' title='bbox 534 2500 557 2524; x_wconf 89' lang='grc'><strong>2.</strong></span> <span class='ocrx_word' id='word_1_571' title='bbox 577 2499 606 2526; x_wconf 81' lang='lat' dir='ltr'><strong>fr.</strong></span> <span class='ocrx_word' id='word_1_572' title='bbox 626 2503 650 2527; x_wconf 88' lang='grc'><strong>5.</strong></span> <span class='ocrx_word' id='word_1_573' title='bbox 670 2501 690 2534; x_wconf 88' lang='grc'><strong>9</strong></span> <span class='ocrx_word' id='word_1_574' title='bbox 711 2502 735 2527; x_wconf 89' lang='lat'><strong>6.</strong></span> <span class='ocrx_word' id='word_1_575' title='bbox 756 2500 788 2526; x_wconf 78' lang='lat' dir='ltr'><strong>de</strong></span> <span class='ocrx_word' id='word_1_576' title='bbox 807 2501 838 2527; x_wconf 85' lang='lat' dir='ltr'><strong>A.</strong></span> <span class='ocrx_word' id='word_1_577' title='bbox 858 2501 889 2527; x_wconf 80' lang='lat' dir='ltr'><strong>R.</strong></span> <span class='ocrx_word' id='word_1_578' title='bbox 910 2501 942 2528; x_wconf 86' lang='grc'>1.),</span> <span class='ocrx_word' id='word_1_579' title='bbox 963 2504 1003 2529; x_wconf 75' lang='grc'><strong>41,</strong></span> <span class='ocrx_word' id='word_1_580' title='bbox 1020 2505 1040 2529; x_wconf 95' lang='lat' dir='ltr'><strong>l.</strong></span> 
     </span>
    </p>
   </div>
   <div class='ocr_carea' id='block_1_11' title="bbox 204 2540 1063 2578">
    <p class='ocr_par' dir='ltr' id='par_1_13' title="bbox 204 2540 1063 2578">
     <span class='ocr_line' id='line_1_56' title="bbox 204 2540 1063 2578; baseline 0.006 -12"><span class='ocrx_word' id='word_1_581' title='bbox 204 2542 332 2577; x_wconf 79' lang='lat' dir='ltr'><strong>Quisquis</strong></span> <span class='ocrx_word' id='word_1_582' title='bbox 353 2557 384 2560; x_wconf 91' lang='lat'><em>-</em></span> <span class='ocrx_word' id='word_1_583' title='bbox 404 2550 587 2577; x_wconf 80' lang='lat' dir='ltr'><strong>possessorem</strong></span> <span class='ocrx_word' id='word_1_584' title='bbox 610 2544 726 2578; x_wconf 80' lang='lat' dir='ltr'><strong>quietum</strong></span> <span class='ocrx_word' id='word_1_585' title='bbox 745 2543 860 2569; x_wconf 84' lang='lat' dir='ltr'><strong>dominio</strong></span> <span class='ocrx_word' id='word_1_586' title='bbox 886 2554 934 2570; x_wconf 89' lang='lat' dir='ltr'><strong>suo</strong></span> <span class='ocrx_word' id='word_1_587' title='bbox 954 2544 1041 2572; x_wconf 91' lang='lat' dir='ltr'><strong>huius-</strong></span> <span class='ocrx_word' id='word_1_588' title='bbox 1062 2540 1063 2552; x_wconf 60' lang='lat'>¹</span> 
     </span>
    </p>
   </div>
   <div class='ocr_carea' id='block_1_12' title="bbox 204 2582 1041 2708">
    <p class='ocr_par' dir='ltr' id='par_1_14' title="bbox 204 2582 1041 2708">
     <span class='ocr_line' id='line_1_57' title="bbox 204 2582 1039 2615; baseline 0.005 -5"><span class='ocrx_word' id='word_1_589' title='bbox 204 2584 274 2610; x_wconf 87' lang='lat' dir='ltr'><strong>modi</strong></span> <span class='ocrx_word' id='word_1_590' title='bbox 294 2589 393 2610; x_wconf 83' lang='lat' dir='ltr'><strong>terrore</strong></span> <span class='ocrx_word' id='word_1_591' title='bbox 412 2583 563 2609; x_wconf 77' lang='lat' dir='ltr'><strong>turbaverit.</strong></span> <span class='ocrx_word' id='word_1_592' title='bbox 587 2582 636 2610; x_wconf 83' lang='lat' dir='ltr'><strong>Th.</strong></span> <span class='ocrx_word' id='word_1_593' title='bbox 656 2585 686 2612; x_wconf 93' lang='lat' dir='ltr'><strong>C.</strong></span> <span class='ocrx_word' id='word_1_594' title='bbox 706 2586 750 2612; x_wconf 94' lang='lat' dir='ltr'><strong>IV.</strong></span> <span class='ocrx_word' id='word_1_595' title='bbox 771 2589 812 2612; x_wconf 82' lang='lat'><strong>22.</strong></span> <span class='ocrx_word' id='word_1_596' title='bbox 833 2597 854 2613; x_wconf 90' lang='lat' dir='ltr'><strong>c.</strong></span> <span class='ocrx_word' id='word_1_597' title='bbox 873 2589 897 2613; x_wconf 82' lang='lat'><strong>2.</strong></span> <span class='ocrx_word' id='word_1_598' title='bbox 919 2587 987 2614; x_wconf 81' lang='lat' dir='ltr'><strong>uude</strong></span> <span class='ocrx_word' id='word_1_599' title='bbox 1006 2589 1039 2615; x_wconf 88' lang='lat' dir='ltr'><strong>vi.</strong></span> 
     </span>
     <span class='ocr_line' id='line_1_58' title="bbox 205 2624 1040 2665; baseline 0.006 -13"><span class='ocrx_word' id='word_1_600' title='bbox 205 2626 245 2653; x_wconf 75' lang='lat' dir='ltr'><strong>Cf.</strong></span> <span class='ocrx_word' id='word_1_601' title='bbox 271 2626 300 2652; x_wconf 84' lang='lat' dir='ltr'><strong>sr.</strong></span> <span class='ocrx_word' id='word_1_602' title='bbox 319 2629 342 2652; x_wconf 80' lang='lat'><strong>4.</strong></span> <span class='ocrx_word' id='word_1_603' title='bbox 367 2626 388 2660; x_wconf 87' lang='grc'><strong>9.</strong></span> <span class='ocrx_word' id='word_1_604' title='bbox 408 2627 431 2652; x_wconf 83' lang='grc'><strong>4.</strong></span> <span class='ocrx_word' id='word_1_605' title='bbox 456 2625 488 2652; x_wconf 83' lang='lat' dir='ltr'><strong>de</strong></span> <span class='ocrx_word' id='word_1_606' title='bbox 511 2625 553 2651; x_wconf 77' lang='lat' dir='ltr'><strong>oss.</strong></span> <span class='ocrx_word' id='word_1_607' title='bbox 575 2624 648 2652; x_wconf 85' lang='lat' dir='ltr'><strong>Proc.</strong></span> <span class='ocrx_word' id='word_1_608' title='bbox 668 2632 694 2653; x_wconf 84' lang='lat' dir='ltr'><strong>et</strong></span> <span class='ocrx_word' id='word_1_609' title='bbox 712 2628 772 2665; x_wconf 81' lang='lat' dir='ltr'><strong>Leg.</strong></span> <span class='ocrx_word' id='word_1_610' title='bbox 794 2631 816 2655; x_wconf 94' lang='lat' dir='ltr'><strong>l.</strong></span> <span class='ocrx_word' id='word_1_611' title='bbox 838 2631 877 2655; x_wconf 84' lang='grc'><strong>16.</strong></span> <span class='ocrx_word' id='word_1_612' title='bbox 899 2645 930 2649; x_wconf 87' lang='grc'><strong>--</strong></span> <span class='ocrx_word' id='word_1_613' title='bbox 954 2631 985 2663; x_wconf 64' lang='grc'><strong>9.</strong></span> <span class='ocrx_word' id='word_1_614' title='bbox 1005 2632 1040 2657; x_wconf 82' lang='grc'><strong>2.</strong></span> 
     </span>
     <span class='ocr_line' id='line_1_59' title="bbox 205 2651 1041 2708; baseline -0.001 -13"><span class='ocrx_word' id='word_1_615' title='bbox 205 2651 952 2708; x_wconf 62' lang='lat' dir='ltr'><strong>C011turl1are,Evertere.111.1y11⁰,Qu;1..1bum</strong></span> <span class='ocrx_word' id='word_1_616' title='bbox 972 2683 1041 2699; x_wconf 66' lang='lat' dir='ltr'><strong>mse.</strong></span> 
     </span>
    </p>
   </div>
   <div class='ocr_carea' id='block_1_13' title="bbox 204 2711 1063 2828">
    <p class='ocr_par' dir='ltr' id='par_1_15' title="bbox 204 2711 1063 2828">
     <span class='ocr_line' id='line_1_60' title="bbox 205 2711 1063 2751; baseline 0.004 -15"><span class='ocrx_word' id='word_1_617' title='bbox 205 2713 250 2741; x_wconf 78' lang='grc' dir='ltr'>ι·,ἰῑ</span> <span class='ocrx_word' id='word_1_618' title='bbox 277 2712 436 2747; x_wconf 72' lang='lat' dir='ltr'><strong>corruperit,</strong></span> <span class='ocrx_word' id='word_1_619' title='bbox 462 2725 493 2730; x_wconf 88' lang='lat'>—</span> <span class='ocrx_word' id='word_1_620' title='bbox 519 2711 616 2747; x_wconf 80' lang='lat' dir='ltr'><strong>quidve</strong></span> <span class='ocrx_word' id='word_1_621' title='bbox 639 2711 709 2738; x_wconf 86' lang='lat' dir='ltr'><strong>aliud</strong></span> <span class='ocrx_word' id='word_1_622' title='bbox 732 2716 896 2751; x_wconf 77' lang='lat' dir='ltr'><strong>propositum</strong></span> <span class='ocrx_word' id='word_1_623' title='bbox 921 2714 1063 2742; x_wconf 67' lang='lat' dir='ltr'><strong>edicendi</strong></span> 
     </span>
     <span class='ocr_line' id='line_1_61' title="bbox 204 2753 1041 2790; baseline 0.007 -11"><span class='ocrx_word' id='word_1_624' title='bbox 204 2764 278 2780; x_wconf 82' lang='lat' dir='ltr'><strong>causa</strong></span> <span class='ocrx_word' id='word_1_625' title='bbox 298 2753 450 2780; x_wconf 84' lang='lat' dir='ltr'><strong>turbaverit.</strong></span> <span class='ocrx_word' id='word_1_626' title='bbox 468 2753 540 2780; x_wconf 85' lang='lat' dir='ltr'><strong>Paul.</strong></span> <span class='ocrx_word' id='word_1_627' title='bbox 560 2753 578 2780; x_wconf 91' lang='grc'><strong>1.</strong></span> <span class='ocrx_word' id='word_1_628' title='bbox 602 2753 668 2780; x_wconf 82' lang='grc' dir='ltr'>13Α.</span> <span class='ocrx_word' id='word_1_629' title='bbox 687 2755 710 2788; x_wconf 77' lang='grc'><strong>9.</strong></span> <span class='ocrx_word' id='word_1_630' title='bbox 723 2756 747 2780; x_wconf 98' lang='grc'><strong>3</strong></span> <span class='ocrx_word' id='word_1_631' title='bbox 784 2756 950 2790; x_wconf 75' lang='lat' dir='ltr'><strong>Iutercidere,</strong></span> <span class='ocrx_word' id='word_1_632' title='bbox 970 2758 1041 2784; x_wconf 90' lang='lat' dir='ltr'><strong>adul-</strong></span> 
     </span>
     <span class='ocr_line' id='line_1_62' title="bbox 205 2795 1041 2828; baseline 0.009 -6"><span class='ocrx_word' id='word_1_633' title='bbox 205 2802 287 2823; x_wconf 79' lang='lat' dir='ltr'><strong>terare</strong></span> <span class='ocrx_word' id='word_1_634' title='bbox 306 2797 454 2828; x_wconf 51' lang='lat' dir='ltr'><strong>(rationes)</strong></span> <span class='ocrx_word' id='word_1_635' title='bbox 479 2795 521 2823; x_wconf 88' lang='lat' dir='ltr'><strong>vel</strong></span> <span class='ocrx_word' id='word_1_636' title='bbox 540 2812 571 2816; x_wconf 92' lang='lat'>—</span> <span class='ocrx_word' id='word_1_637' title='bbox 593 2798 718 2824; x_wconf 69' lang='lat' dir='ltr'><strong>nationem</strong></span> <span class='ocrx_word' id='word_1_638' title='bbox 737 2798 788 2824; x_wconf 87' lang='lat' dir='ltr'><strong>sibi</strong></span> <span class='ocrx_word' id='word_1_639' title='bbox 806 2802 971 2828; x_wconf 78' lang='lat' dir='ltr'><strong>commissam</strong></span> <span class='ocrx_word' id='word_1_640' title='bbox 990 2806 1041 2827; x_wconf 80' lang='grc' dir='ltr'><strong>ωι-</strong></span> 
     </span>
    </p>
   </div>
   <div class='ocr_carea' id='block_1_14' title="bbox 1068 1295 1070 1309">
    <p class='ocr_par' dir='ltr' id='par_1_16' title="bbox 1068 1295 1070 1309">
     <span class='ocr_line' id='line_1_63' title="bbox 1068 1295 1070 1309; baseline 0 0"><span class='ocrx_word' id='word_1_641' title='bbox 1068 1295 1070 1309; x_wconf 64' lang='lat' dir='ltr'><strong>l</strong></span> 
     </span>
    </p>
   </div>
   <div class='ocr_carea' id='block_1_15' title="bbox 1064 236 1075 2743">
    <p class='ocr_par' dir='ltr' id='par_1_17' title="bbox 1064 236 1075 2743">
     <span class='ocr_line' id='line_1_64' title="bbox 1064 236 1075 2743; baseline 0 0"><span class='ocrx_word' id='word_1_642' title='bbox 1064 236 1075 2743; x_wconf 95' lang='lat' dir='ltr'><strong> </strong></span> 
     </span>
    </p>
   </div>
   <div class='ocr_carea' id='block_1_16' title="bbox 1870 158 1932 189">
    <p class='ocr_par' dir='ltr' id='par_1_18' title="bbox 1870 158 1932 189">
     <span class='ocr_line' id='line_1_65' title="bbox 1870 158 1932 189; baseline 0.032 -2"><span class='ocrx_word' id='word_1_643' title='bbox 1870 158 1932 189; x_wconf 78' lang='lat'><strong>975</strong></span> 
     </span>
    </p>
   </div>
   <div class='ocr_carea' id='block_1_17' title="bbox 1088 235 1934 1684">
    <p class='ocr_par' dir='ltr' id='par_1_19' title="bbox 1093 235 1931 441">
     <span class='ocr_line' id='line_1_66' title="bbox 1093 235 1930 274; baseline 0.002 -12"><span class='ocrx_word' id='word_1_644' title='bbox 1093 236 1163 263; x_wconf 87' lang='lat' dir='ltr'><strong>bare.</strong></span> <span class='ocrx_word' id='word_1_645' title='bbox 1184 235 1213 262; x_wconf 70' lang='lat' dir='ltr'><strong>l‘r.</strong></span> <span class='ocrx_word' id='word_1_646' title='bbox 1236 237 1255 262; x_wconf 92' lang='lat' dir='ltr'><strong>l.</strong></span> <span class='ocrx_word' id='word_1_647' title='bbox 1276 236 1296 270; x_wconf 93' lang='lat'><strong>9.</strong></span> <span class='ocrx_word' id='word_1_648' title='bbox 1317 238 1340 263; x_wconf 89' lang='lat'><strong>5.</strong></span> <span class='ocrx_word' id='word_1_649' title='bbox 1360 236 1392 264; x_wconf 86' lang='lat' dir='ltr'><strong>de</strong></span> <span class='ocrx_word' id='word_1_650' title='bbox 1416 247 1493 264; x_wconf 83' lang='lat' dir='ltr'><strong>servo</strong></span> <span class='ocrx_word' id='word_1_651' title='bbox 1519 247 1585 264; x_wconf 86' lang='lat' dir='ltr'><strong>corr.</strong></span> <span class='ocrx_word' id='word_1_652' title='bbox 1609 239 1645 264; x_wconf 92' lang='lat' dir='ltr'><strong>ll.</strong></span> <span class='ocrx_word' id='word_1_653' title='bbox 1665 238 1689 264; x_wconf 89' lang='lat'><strong>3.</strong></span> <span class='ocrx_word' id='word_1_654' title='bbox 1727 237 1805 274; x_wconf 82' lang='lat' dir='ltr'><strong>Signa</strong></span> <span class='ocrx_word' id='word_1_655' title='bbox 1829 238 1930 265; x_wconf 81' lang='lat' dir='ltr'><strong>turbata</strong></span> 
     </span>
     <span class='ocr_line' id='line_1_67' title="bbox 1094 278 1930 318; baseline 0.004 -14"><span class='ocrx_word' id='word_1_656' title='bbox 1094 278 1143 312; x_wconf 83' lang='lat' dir='ltr'><strong>(ab</strong></span> <span class='ocrx_word' id='word_1_657' title='bbox 1163 280 1221 316; x_wconf 89' lang='lat' dir='ltr'><strong>ipso</strong></span> <span class='ocrx_word' id='word_1_658' title='bbox 1241 281 1391 310; x_wconf 76' lang='lat' dir='ltr'><strong>testatore.)</strong></span> <span class='ocrx_word' id='word_1_659' title='bbox 1416 280 1445 306; x_wconf 74' lang='lat' dir='ltr'><strong>l&#39;r.</strong></span> <span class='ocrx_word' id='word_1_660' title='bbox 1466 283 1507 307; x_wconf 79' lang='lat'><strong>22.</strong></span> <span class='ocrx_word' id='word_1_661' title='bbox 1536 281 1556 314; x_wconf 89' lang='lat'><strong>9.</strong></span> <span class='ocrx_word' id='word_1_662' title='bbox 1576 282 1600 306; x_wconf 87' lang='grc'><strong>3.</strong></span> <span class='ocrx_word' id='word_1_663' title='bbox 1629 280 1682 316; x_wconf 85' lang='lat' dir='ltr'><strong>Qui</strong></span> <span class='ocrx_word' id='word_1_664' title='bbox 1706 285 1807 307; x_wconf 86' lang='lat' dir='ltr'><strong>testam.</strong></span> <span class='ocrx_word' id='word_1_665' title='bbox 1832 280 1878 307; x_wconf 85' lang='lat' dir='ltr'><strong>sac.</strong></span> <span class='ocrx_word' id='word_1_666' title='bbox 1907 291 1930 318; x_wconf 89' lang='lat' dir='ltr'><strong>p.</strong></span> 
     </span>
     <span class='ocr_line' id='line_1_68' title="bbox 1093 320 1931 357; baseline 0.001 -9"><span class='ocrx_word' id='word_1_667' title='bbox 1093 323 1135 348; x_wconf 81' lang='lat'><strong>28.</strong></span> <span class='ocrx_word' id='word_1_668' title='bbox 1156 323 1177 348; x_wconf 91' lang='lat'><strong>1.</strong></span> <span class='ocrx_word' id='word_1_669' title='bbox 1206 320 1315 348; x_wconf 83' lang='lat' dir='ltr'><strong>Tectum</strong></span> <span class='ocrx_word' id='word_1_670' title='bbox 1339 322 1465 349; x_wconf 86' lang='lat' dir='ltr'><strong>turbatur.</strong></span> <span class='ocrx_word' id='word_1_671' title='bbox 1490 323 1521 350; x_wconf 82' lang='lat' dir='ltr'><strong>fr.</strong></span> <span class='ocrx_word' id='word_1_672' title='bbox 1544 325 1582 349; x_wconf 85' lang='lat'><strong>13.</strong></span> <span class='ocrx_word' id='word_1_673' title='bbox 1606 324 1628 357; x_wconf 87' lang='lat'><strong>9.</strong></span> <span class='ocrx_word' id='word_1_674' title='bbox 1649 325 1671 350; x_wconf 86' lang='lat'><strong>7.</strong></span> <span class='ocrx_word' id='word_1_675' title='bbox 1698 322 1729 350; x_wconf 83' lang='lat' dir='ltr'><strong>de</strong></span> <span class='ocrx_word' id='word_1_676' title='bbox 1753 322 1835 349; x_wconf 79' lang='lat' dir='ltr'><strong>ususr.</strong></span> <span class='ocrx_word' id='word_1_677' title='bbox 1864 325 1886 349; x_wconf 88' lang='grc'><strong>7.</strong></span> <span class='ocrx_word' id='word_1_678' title='bbox 1910 325 1931 350; x_wconf 90' lang='lat' dir='ltr'><strong>l.</strong></span> 
     </span>
     <span class='ocr_line' id='line_1_69' title="bbox 1094 364 1931 393; baseline 0.004 -3"><span class='ocrx_word' id='word_1_679' title='bbox 1094 364 1134 391; x_wconf 81' lang='lat' dir='ltr'><strong>Ne</strong></span> <span class='ocrx_word' id='word_1_680' title='bbox 1157 364 1223 391; x_wconf 88' lang='lat' dir='ltr'><strong>bene</strong></span> <span class='ocrx_word' id='word_1_681' title='bbox 1247 364 1431 391; x_wconf 79' lang='lat' dir='ltr'><strong>concordantia</strong></span> <span class='ocrx_word' id='word_1_682' title='bbox 1455 366 1618 393; x_wconf 87' lang='lat' dir='ltr'><strong>matrimonia</strong></span> <span class='ocrx_word' id='word_1_683' title='bbox 1637 381 1669 385; x_wconf 89' lang='lat'>—</span> <span class='ocrx_word' id='word_1_684' title='bbox 1694 365 1839 393; x_wconf 79' lang='lat' dir='ltr'><strong>turbentur.</strong></span> <span class='ocrx_word' id='word_1_685' title='bbox 1858 365 1890 393; x_wconf 81' lang='lat' dir='ltr'><strong>fr.</strong></span> <span class='ocrx_word' id='word_1_686' title='bbox 1910 368 1931 392; x_wconf 93' lang='grc'><strong>1.</strong></span> 
     </span>
     <span class='ocr_line' id='line_1_70' title="bbox 1094 406 1506 441; baseline 0.002 -8"><span class='ocrx_word' id='word_1_687' title='bbox 1094 408 1116 441; x_wconf 93' lang='grc'><strong>9.</strong></span> <span class='ocrx_word' id='word_1_688' title='bbox 1135 410 1159 434; x_wconf 86' lang='lat'><strong>5.</strong></span> <span class='ocrx_word' id='word_1_689' title='bbox 1180 407 1212 433; x_wconf 74' lang='lat' dir='ltr'><strong>de.</strong></span> <span class='ocrx_word' id='word_1_690' title='bbox 1231 406 1275 434; x_wconf 90' lang='lat' dir='ltr'><strong>lib.</strong></span> <span class='ocrx_word' id='word_1_691' title='bbox 1295 407 1381 434; x_wconf 81' lang='lat' dir='ltr'><strong>exhib.</strong></span> <span class='ocrx_word' id='word_1_692' title='bbox 1403 410 1444 434; x_wconf 83' lang='lat'><strong>43.</strong></span> <span class='ocrx_word' id='word_1_693' title='bbox 1464 410 1506 435; x_wconf 84' lang='grc'><strong>30.</strong></span> 
     </span>
    </p>

    <p class='ocr_par' dir='ltr' id='par_1_20' title="bbox 1092 450 1932 690">
     <span class='ocr_line' id='line_1_71' title="bbox 1128 450 1931 484; baseline 0.001 -8"><span class='ocrx_word' id='word_1_694' title='bbox 1128 450 1324 477; x_wconf 79' lang='lat' dir='ltr'><strong>Turbatio.</strong></span> <span class='ocrx_word' id='word_1_695' title='bbox 1361 451 1392 484; x_wconf 83' lang='lat'><strong>§.</strong></span> <span class='ocrx_word' id='word_1_696' title='bbox 1407 452 1441 477; x_wconf 87' lang='lat' dir='ltr'><strong>l.</strong></span> <span class='ocrx_word' id='word_1_697' title='bbox 1462 453 1684 479; x_wconf 78' lang='lat' dir='ltr'><strong>Perturbatio.</strong></span> <span class='ocrx_word' id='word_1_698' title='bbox 1723 450 1766 478; x_wconf 89' lang='grc'>111.</span> <span class='ocrx_word' id='word_1_699' title='bbox 1781 452 1847 479; x_wconf 77' lang='lat' dir='ltr'><strong>Gn.</strong></span> <span class='ocrx_word' id='word_1_700' title='bbox 1867 450 1931 478; x_wconf 90' lang='lat' dir='ltr'><strong>Tur-</strong></span> 
     </span>
     <span class='ocr_line' id='line_1_72' title="bbox 1093 492 1932 525; baseline 0.004 -7"><span class='ocrx_word' id='word_1_701' title='bbox 1093 492 1163 524; x_wconf 81' lang='lat' dir='ltr'><strong>bam,</strong></span> <span class='ocrx_word' id='word_1_702' title='bbox 1188 492 1362 520; x_wconf 86' lang='lat' dir='ltr'><strong>multitudinis</strong></span> <span class='ocrx_word' id='word_1_703' title='bbox 1382 493 1515 520; x_wconf 87' lang='lat' dir='ltr'><strong>hominum</strong></span> <span class='ocrx_word' id='word_1_704' title='bbox 1535 504 1594 521; x_wconf 84' lang='lat' dir='ltr'><strong>esso</strong></span> <span class='ocrx_word' id='word_1_705' title='bbox 1614 494 1802 525; x_wconf 81' lang='lat' dir='ltr'><strong>turbationem,</strong></span> <span class='ocrx_word' id='word_1_706' title='bbox 1827 499 1852 520; x_wconf 87' lang='lat' dir='ltr'><strong>et</strong></span> <span class='ocrx_word' id='word_1_707' title='bbox 1875 504 1932 521; x_wconf 85' lang='lat' dir='ltr'><strong>coe-</strong></span> 
     </span>
     <span class='ocr_line' id='line_1_73' title="bbox 1093 535 1931 574; baseline 0.002 -13"><span class='ocrx_word' id='word_1_708' title='bbox 1093 540 1154 562; x_wconf 89' lang='lat' dir='ltr'><strong>tum.</strong></span> <span class='ocrx_word' id='word_1_709' title='bbox 1179 535 1208 562; x_wconf 79' lang='lat' dir='ltr'><strong>fr.</strong></span> <span class='ocrx_word' id='word_1_710' title='bbox 1228 538 1252 562; x_wconf 87' lang='grc'><strong>4.</strong></span> <span class='ocrx_word' id='word_1_711' title='bbox 1277 536 1298 569; x_wconf 90' lang='grc'><strong>9.</strong></span> <span class='ocrx_word' id='word_1_712' title='bbox 1318 537 1342 562; x_wconf 84' lang='grc'><strong>3.</strong></span> <span class='ocrx_word' id='word_1_713' title='bbox 1368 537 1394 562; x_wconf 89' lang='lat' dir='ltr'><strong>vi</strong></span> <span class='ocrx_word' id='word_1_714' title='bbox 1418 536 1479 563; x_wconf 88' lang='lat' dir='ltr'><strong>bon.</strong></span> <span class='ocrx_word' id='word_1_715' title='bbox 1499 542 1564 574; x_wconf 84' lang='lat' dir='ltr'><strong>rapt.</strong></span> <span class='ocrx_word' id='word_1_716' title='bbox 1584 539 1625 563; x_wconf 84' lang='lat'><strong>47.</strong></span> <span class='ocrx_word' id='word_1_717' title='bbox 1645 538 1669 563; x_wconf 87' lang='lat'><strong>8.</strong></span> <span class='ocrx_word' id='word_1_718' title='bbox 1690 553 1720 556; x_wconf 97' lang='lat'><strong>—</strong></span> <span class='ocrx_word' id='word_1_719' title='bbox 1746 537 1776 569; x_wconf 66' lang='grc' dir='ltr'><strong>ξ.</strong></span> <span class='ocrx_word' id='word_1_720' title='bbox 1797 538 1832 564; x_wconf 87' lang='grc'><strong>2.</strong></span> <span class='ocrx_word' id='word_1_721' title='bbox 1852 538 1931 563; x_wconf 87' lang='lat' dir='ltr'><strong>Con-</strong></span> 
     </span>
     <span class='ocr_line' id='line_1_74' title="bbox 1092 579 1931 617; baseline 0.001 -12"><span class='ocrx_word' id='word_1_722' title='bbox 1092 580 1251 610; x_wconf 77' lang='lat' dir='ltr'><strong>turbatio,</strong></span> <span class='ocrx_word' id='word_1_723' title='bbox 1273 580 1444 614; x_wconf 73' lang='lat' dir='ltr'><strong>Confusio.</strong></span> <span class='ocrx_word' id='word_1_724' title='bbox 1482 579 1524 606; x_wconf 87' lang='lat' dir='ltr'><strong>III.</strong></span> <span class='ocrx_word' id='word_1_725' title='bbox 1540 581 1606 607; x_wconf 75' lang='lat' dir='ltr'><strong>Gn.</strong></span> <span class='ocrx_word' id='word_1_726' title='bbox 1626 579 1737 617; x_wconf 84' lang='lat' dir='ltr'><strong>Propter</strong></span> <span class='ocrx_word' id='word_1_727' title='bbox 1756 580 1931 606; x_wconf 87' lang='lat' dir='ltr'><strong>turbationem</strong></span> 
     </span>
     <span class='ocr_line' id='line_1_75' title="bbox 1093 620 1932 659; baseline 0.002 -12"><span class='ocrx_word' id='word_1_728' title='bbox 1093 622 1239 656; x_wconf 80' lang='lat' dir='ltr'><strong>sanguinis,</strong></span> <span class='ocrx_word' id='word_1_729' title='bbox 1259 620 1370 657; x_wconf 78' lang='lat' dir='ltr'><strong>(elugeri</strong></span> <span class='ocrx_word' id='word_1_730' title='bbox 1389 623 1493 655; x_wconf 86' lang='lat' dir='ltr'><strong>virum.)</strong></span> <span class='ocrx_word' id='word_1_731' title='bbox 1520 622 1550 648; x_wconf 80' lang='lat' dir='ltr'><strong>fr.</strong></span> <span class='ocrx_word' id='word_1_732' title='bbox 1571 624 1611 649; x_wconf 93' lang='grc'><strong>11.</strong></span> <span class='ocrx_word' id='word_1_733' title='bbox 1635 623 1657 656; x_wconf 91' lang='grc'><strong>9.</strong></span> <span class='ocrx_word' id='word_1_734' title='bbox 1677 624 1699 649; x_wconf 95' lang='grc'><strong>1.</strong></span> <span class='ocrx_word' id='word_1_735' title='bbox 1719 622 1751 649; x_wconf 86' lang='lat' dir='ltr'><strong>de</strong></span> <span class='ocrx_word' id='word_1_736' title='bbox 1771 622 1796 649; x_wconf 83' lang='lat' dir='ltr'><strong>li.</strong></span> <span class='ocrx_word' id='word_1_737' title='bbox 1815 623 1859 659; x_wconf 87' lang='lat' dir='ltr'><strong>qui</strong></span> <span class='ocrx_word' id='word_1_738' title='bbox 1878 627 1932 649; x_wconf 87' lang='lat' dir='ltr'><strong>not.</strong></span> 
     </span>
     <span class='ocr_line' id='line_1_76' title="bbox 1093 663 1224 690; baseline 0 0"><span class='ocrx_word' id='word_1_739' title='bbox 1093 663 1137 690; x_wconf 83' lang='lat' dir='ltr'><strong>inf.</strong></span> <span class='ocrx_word' id='word_1_740' title='bbox 1157 666 1181 690; x_wconf 87' lang='lat'><strong>3.</strong></span> <span class='ocrx_word' id='word_1_741' title='bbox 1201 666 1224 690; x_wconf 88' lang='grc'><strong>2.</strong></span> 
     </span>
    </p>

    <p class='ocr_par' dir='ltr' id='par_1_21' title="bbox 1093 707 1932 786">
     <span class='ocr_line' id='line_1_77' title="bbox 1128 707 1932 742; baseline 0.001 -9"><span class='ocrx_word' id='word_1_742' title='bbox 1128 708 1329 734; x_wconf 74' lang='lat' dir='ltr'><strong>Turbatur.</strong></span> <span class='ocrx_word' id='word_1_743' title='bbox 1351 709 1413 740; x_wconf 74' lang='lat' dir='ltr'><strong>Qui</strong></span> <span class='ocrx_word' id='word_1_744' title='bbox 1430 710 1556 740; x_wconf 79' lang='lat' dir='ltr'><strong>turbat,</strong></span> <span class='ocrx_word' id='word_1_745' title='bbox 1577 718 1598 734; x_wconf 84' lang='lat' dir='ltr'><strong>v.</strong></span> <span class='ocrx_word' id='word_1_746' title='bbox 1619 710 1790 742; x_wconf 81' lang='lat' dir='ltr'><strong>inquietat.</strong></span> <span class='ocrx_word' id='word_1_747' title='bbox 1810 707 1932 736; x_wconf 63' lang='lat' dir='ltr'><strong>HLC&#39;n.</strong></span> 
     </span>
     <span class='ocr_line' id='line_1_78' title="bbox 1093 748 1798 786; baseline 0.001 -11"><span class='ocrx_word' id='word_1_748' title='bbox 1093 748 1225 775; x_wconf 87' lang='lat' dir='ltr'><strong>Turbator</strong></span> <span class='ocrx_word' id='word_1_749' title='bbox 1244 751 1323 786; x_wconf 80' lang='lat' dir='ltr'><strong>pacis.</strong></span> <span class='ocrx_word' id='word_1_750' title='bbox 1343 749 1373 776; x_wconf 79' lang='lat' dir='ltr'><strong>fr.</strong></span> <span class='ocrx_word' id='word_1_751' title='bbox 1396 751 1434 776; x_wconf 88' lang='lat'><strong>16.</strong></span> <span class='ocrx_word' id='word_1_752' title='bbox 1454 750 1475 784; x_wconf 92' lang='grc'><strong>9.</strong></span> <span class='ocrx_word' id='word_1_753' title='bbox 1499 752 1519 776; x_wconf 94' lang='lat'><strong>1.</strong></span> <span class='ocrx_word' id='word_1_754' title='bbox 1540 750 1572 776; x_wconf 86' lang='lat' dir='ltr'><strong>de</strong></span> <span class='ocrx_word' id='word_1_755' title='bbox 1591 750 1622 776; x_wconf 84' lang='lat' dir='ltr'><strong>R.</strong></span> <span class='ocrx_word' id='word_1_756' title='bbox 1643 750 1675 776; x_wconf 82' lang='lat' dir='ltr'><strong>M.</strong></span> <span class='ocrx_word' id='word_1_757' title='bbox 1695 752 1736 777; x_wconf 77' lang='lat'><strong>49.</strong></span> <span class='ocrx_word' id='word_1_758' title='bbox 1759 752 1798 777; x_wconf 90' lang='grc'><strong>16.</strong></span> 
     </span>
    </p>

    <p class='ocr_par' dir='ltr' id='par_1_22' title="bbox 1091 792 1931 915">
     <span class='ocr_line' id='line_1_79' title="bbox 1126 792 1930 826; baseline 0.001 -8"><span class='ocrx_word' id='word_1_759' title='bbox 1126 792 1306 820; x_wconf 74' lang='lat' dir='ltr'><strong>Tun-bide.</strong></span> <span class='ocrx_word' id='word_1_760' title='bbox 1326 793 1447 826; x_wconf 87' lang='lat' dir='ltr'><strong>(Advb.)</strong></span> <span class='ocrx_word' id='word_1_761' title='bbox 1475 794 1688 825; x_wconf 81' lang='lat' dir='ltr'><strong>Turbulente‚</strong></span> <span class='ocrx_word' id='word_1_762' title='bbox 1713 795 1788 820; x_wconf 84' lang='lat' dir='ltr'><strong>Sine</strong></span> <span class='ocrx_word' id='word_1_763' title='bbox 1807 796 1930 821; x_wconf 71' lang='lat' dir='ltr'><strong>ordine.</strong></span> 
     </span>
     <span class='ocr_line' id='line_1_80' title="bbox 1092 833 1931 873; baseline 0.005 -14"><span class='ocrx_word' id='word_1_764' title='bbox 1092 833 1122 860; x_wconf 92' lang='grc' dir='ltr'><strong>ΙΙ.</strong></span> <span class='ocrx_word' id='word_1_765' title='bbox 1140 836 1207 868; x_wconf 81' lang='lat' dir='ltr'><strong>Op.</strong></span> <span class='ocrx_word' id='word_1_766' title='bbox 1227 834 1363 867; x_wconf 78' lang='lat' dir='ltr'><strong>Civiliter,</strong></span> <span class='ocrx_word' id='word_1_767' title='bbox 1389 851 1418 856; x_wconf 90' lang='lat'><strong>-—</strong></span> <span class='ocrx_word' id='word_1_768' title='bbox 1440 835 1558 862; x_wconf 81' lang='lat' dir='ltr'><strong>Turbide</strong></span> <span class='ocrx_word' id='word_1_769' title='bbox 1577 835 1626 869; x_wconf 87' lang='lat' dir='ltr'><strong>[al.</strong></span> <span class='ocrx_word' id='word_1_770' title='bbox 1646 835 1779 873; x_wconf 84' lang='lat' dir='ltr'><strong>Turpide]</strong></span> <span class='ocrx_word' id='word_1_771' title='bbox 1805 846 1847 863; x_wconf 83' lang='lat' dir='ltr'><strong>res</strong></span> <span class='ocrx_word' id='word_1_772' title='bbox 1866 841 1931 863; x_wconf 81' lang='lat' dir='ltr'><strong>acta.</strong></span> 
     </span>
     <span class='ocr_line' id='line_1_81' title="bbox 1091 875 1783 915; baseline 0.003 -13"><span class='ocrx_word' id='word_1_773' title='bbox 1091 875 1140 903; x_wconf 87' lang='lat' dir='ltr'><strong>Th.</strong></span> <span class='ocrx_word' id='word_1_774' title='bbox 1161 876 1191 903; x_wconf 88' lang='lat' dir='ltr'><strong>C.</strong></span> <span class='ocrx_word' id='word_1_775' title='bbox 1212 876 1278 903; x_wconf 75' lang='lat' dir='ltr'><strong>Vlll.</strong></span> <span class='ocrx_word' id='word_1_776' title='bbox 1301 880 1339 904; x_wconf 90' lang='lat'><strong>15.</strong></span> <span class='ocrx_word' id='word_1_777' title='bbox 1359 888 1380 904; x_wconf 88' lang='lat' dir='ltr'><strong>c.</strong></span> <span class='ocrx_word' id='word_1_778' title='bbox 1400 880 1424 905; x_wconf 89' lang='lat'><strong>5.</strong></span> <span class='ocrx_word' id='word_1_779' title='bbox 1445 879 1465 912; x_wconf 89' lang='lat'><strong>9.</strong></span> <span class='ocrx_word' id='word_1_780' title='bbox 1485 880 1509 905; x_wconf 84' lang='grc'><strong>2.</strong></span> <span class='ocrx_word' id='word_1_781' title='bbox 1530 878 1562 904; x_wconf 85' lang='lat' dir='ltr'><strong>dc</strong></span> <span class='ocrx_word' id='word_1_782' title='bbox 1582 878 1605 905; x_wconf 89' lang='lat' dir='ltr'><strong>h.</strong></span> <span class='ocrx_word' id='word_1_783' title='bbox 1626 889 1669 915; x_wconf 90' lang='lat' dir='ltr'><strong>qu.</strong></span> <span class='ocrx_word' id='word_1_784' title='bbox 1689 878 1783 905; x_wconf 83' lang='lat' dir='ltr'><strong>admin.</strong></span> 
     </span>
    </p>

    <p class='ocr_par' dir='ltr' id='par_1_23' title="bbox 1091 920 1932 1031">
     <span class='ocr_line' id='line_1_82' title="bbox 1126 920 1932 956; baseline 0.002 -10"><span class='ocrx_word' id='word_1_785' title='bbox 1126 920 1329 947; x_wconf 75' lang='lat' dir='ltr'><strong>Turbidus.</strong></span> <span class='ocrx_word' id='word_1_786' title='bbox 1349 920 1478 953; x_wconf 86' lang='lat' dir='ltr'><strong>(Adiect.)</strong></span> <span class='ocrx_word' id='word_1_787' title='bbox 1502 923 1679 954; x_wconf 71' lang='lat' dir='ltr'><strong>Turbatus,</strong></span> <span class='ocrx_word' id='word_1_788' title='bbox 1700 923 1858 956; x_wconf 74' lang='lat' dir='ltr'><strong>Impurus.</strong></span> <span class='ocrx_word' id='word_1_789' title='bbox 1890 921 1932 948; x_wconf 92' lang='grc'>111.</span> 
     </span>
     <span class='ocr_line' id='line_1_83' title="bbox 1092 961 1932 1000; baseline 0.004 -12"><span class='ocrx_word' id='word_1_790' title='bbox 1092 962 1158 989; x_wconf 76' lang='lat' dir='ltr'><strong>Gn.</strong></span> <span class='ocrx_word' id='word_1_791' title='bbox 1178 961 1295 989; x_wconf 87' lang='lat' dir='ltr'><strong>Turbido</strong></span> <span class='ocrx_word' id='word_1_792' title='bbox 1315 968 1406 1000; x_wconf 88' lang='lat' dir='ltr'><strong>potum</strong></span> <span class='ocrx_word' id='word_1_793' title='bbox 1425 974 1507 990; x_wconf 85' lang='lat' dir='ltr'><strong>coeno</strong></span> <span class='ocrx_word' id='word_1_794' title='bbox 1531 965 1650 991; x_wconf 83' lang='lat' dir='ltr'><strong>miscere.</strong></span> <span class='ocrx_word' id='word_1_795' title='bbox 1675 964 1711 991; x_wconf 85' lang='lat' dir='ltr'><strong>lb.</strong></span> <span class='ocrx_word' id='word_1_796' title='bbox 1732 964 1786 991; x_wconf 93' lang='lat' dir='ltr'><strong>Vll.</strong></span> <span class='ocrx_word' id='word_1_797' title='bbox 1807 966 1829 991; x_wconf 92' lang='lat'><strong>1.</strong></span> <span class='ocrx_word' id='word_1_798' title='bbox 1850 975 1871 991; x_wconf 92' lang='lat' dir='ltr'><strong>c.</strong></span> <span class='ocrx_word' id='word_1_799' title='bbox 1892 966 1932 991; x_wconf 88' lang='lat'><strong>13.</strong></span> 
     </span>
     <span class='ocr_line' id='line_1_84' title="bbox 1091 1003 1225 1031; baseline 0.007 -1"><span class='ocrx_word' id='word_1_800' title='bbox 1091 1003 1124 1030; x_wconf 87' lang='lat' dir='ltr'><strong>de</strong></span> <span class='ocrx_word' id='word_1_801' title='bbox 1142 1003 1173 1030; x_wconf 87' lang='lat' dir='ltr'><strong>R.</strong></span> <span class='ocrx_word' id='word_1_802' title='bbox 1193 1004 1225 1031; x_wconf 82' lang='grc' dir='ltr'><strong>Μ.</strong></span> 
     </span>
    </p>

    <p class='ocr_par' dir='ltr' id='par_1_24' title="bbox 1092 1048 1932 1159">
     <span class='ocr_line' id='line_1_85' title="bbox 1126 1048 1932 1085; baseline 0.004 -12"><span class='ocrx_word' id='word_1_803' title='bbox 1126 1048 1265 1075; x_wconf 79' lang='lat' dir='ltr'><strong>Turbo.</strong></span> <span class='ocrx_word' id='word_1_804' title='bbox 1306 1050 1425 1076; x_wconf 72' lang='lat' dir='ltr'><strong>Ventus</strong></span> <span class='ocrx_word' id='word_1_805' title='bbox 1444 1052 1637 1078; x_wconf 72' lang='lat' dir='ltr'><strong>vorticosus.</strong></span> <span class='ocrx_word' id='word_1_806' title='bbox 1674 1050 1693 1077; x_wconf 88' lang='lat' dir='ltr'><strong>I.</strong></span> <span class='ocrx_word' id='word_1_807' title='bbox 1714 1051 1775 1085; x_wconf 77' lang='lat' dir='ltr'><strong>Sy.</strong></span> <span class='ocrx_word' id='word_1_808' title='bbox 1803 1049 1851 1076; x_wconf 91' lang='lat' dir='ltr'><strong>Vis</strong></span> <span class='ocrx_word' id='word_1_809' title='bbox 1871 1060 1932 1076; x_wconf 88' lang='lat' dir='ltr'><strong>ven-</strong></span> 
     </span>
     <span class='ocr_line' id='line_1_86' title="bbox 1092 1090 1930 1128; baseline 0.005 -13"><span class='ocrx_word' id='word_1_810' title='bbox 1092 1093 1185 1116; x_wconf 82' lang='lat' dir='ltr'><strong>torum.</strong></span> <span class='ocrx_word' id='word_1_811' title='bbox 1205 1090 1234 1116; x_wconf 82' lang='lat' dir='ltr'><strong>fr.</strong></span> <span class='ocrx_word' id='word_1_812' title='bbox 1255 1092 1295 1118; x_wconf 88' lang='grc'><strong>12.</strong></span> <span class='ocrx_word' id='word_1_813' title='bbox 1314 1101 1353 1128; x_wconf 85' lang='lat' dir='ltr'><strong>pr.</strong></span> <span class='ocrx_word' id='word_1_814' title='bbox 1373 1091 1405 1118; x_wconf 80' lang='lat' dir='ltr'><strong>de</strong></span> <span class='ocrx_word' id='word_1_815' title='bbox 1424 1092 1503 1119; x_wconf 70' lang='lat' dir='ltr'><strong>usul&#39;r.</strong></span> <span class='ocrx_word' id='word_1_816' title='bbox 1525 1095 1547 1119; x_wconf 89' lang='lat'><strong>7.</strong></span> <span class='ocrx_word' id='word_1_817' title='bbox 1564 1095 1585 1119; x_wconf 98' lang='lat' dir='ltr'><strong>l.</strong></span> <span class='ocrx_word' id='word_1_818' title='bbox 1606 1094 1627 1127; x_wconf 90' lang='lat'><strong>9.</strong></span> <span class='ocrx_word' id='word_1_819' title='bbox 1640 1094 1665 1119; x_wconf 87' lang='lat'><strong>3.</strong></span> <span class='ocrx_word' id='word_1_820' title='bbox 1686 1093 1703 1119; x_wconf 94' lang='grc' dir='ltr'><strong>Ι.</strong></span> <span class='ocrx_word' id='word_1_821' title='bbox 1723 1093 1756 1120; x_wconf 89' lang='lat' dir='ltr'><strong>de</strong></span> <span class='ocrx_word' id='word_1_822' title='bbox 1776 1098 1835 1120; x_wconf 84' lang='lat' dir='ltr'><strong>emt.</strong></span> <span class='ocrx_word' id='word_1_823' title='bbox 1854 1092 1930 1119; x_wconf 81' lang='lat' dir='ltr'><strong>vend.</strong></span> 
     </span>
     <span class='ocr_line' id='line_1_87' title="bbox 1092 1134 1178 1159; baseline 0 0"><span class='ocrx_word' id='word_1_824' title='bbox 1092 1134 1117 1159; x_wconf 87' lang='lat'><strong>3.</strong></span> <span class='ocrx_word' id='word_1_825' title='bbox 1136 1134 1178 1159; x_wconf 83' lang='lat'><strong>24.</strong></span> 
     </span>
    </p>

    <p class='ocr_par' dir='ltr' id='par_1_25' title="bbox 1127 1176 1768 1213">
     <span class='ocr_line' id='line_1_88' title="bbox 1127 1176 1768 1213; baseline 0.005 -11"><span class='ocrx_word' id='word_1_826' title='bbox 1127 1177 1353 1203; x_wconf 74' lang='lat' dir='ltr'><strong>&#39;run-buleus.</strong></span> <span class='ocrx_word' id='word_1_827' title='bbox 1390 1176 1432 1203; x_wconf 61' lang='lat' dir='ltr'><strong>Cl‘.</strong></span> <span class='ocrx_word' id='word_1_828' title='bbox 1452 1187 1474 1203; x_wconf 95' lang='lat' dir='ltr'><strong>v.</strong></span> <span class='ocrx_word' id='word_1_829' title='bbox 1496 1177 1684 1205; x_wconf 82' lang='lat' dir='ltr'><strong>Turbulentus.</strong></span> <span class='ocrx_word' id='word_1_830' title='bbox 1703 1179 1725 1213; x_wconf 71' lang='lat'><strong>9.</strong></span> <span class='ocrx_word' id='word_1_831' title='bbox 1745 1181 1768 1205; x_wconf 81' lang='lat'><strong>2.</strong></span> 
     </span>
    </p>

    <p class='ocr_par' dir='ltr' id='par_1_26' title="bbox 1091 1219 1931 1331">
     <span class='ocr_line' id='line_1_89' title="bbox 1127 1219 1931 1253; baseline 0.002 -7"><span class='ocrx_word' id='word_1_832' title='bbox 1127 1220 1374 1246; x_wconf 71' lang='lat' dir='ltr'><strong>Tul-bulento.</strong></span> <span class='ocrx_word' id='word_1_833' title='bbox 1398 1219 1521 1253; x_wconf 79' lang='lat' dir='ltr'><strong>(Advb.)</strong></span> <span class='ocrx_word' id='word_1_834' title='bbox 1550 1223 1636 1248; x_wconf 82' lang='lat' dir='ltr'><strong>More</strong></span> <span class='ocrx_word' id='word_1_835' title='bbox 1659 1224 1851 1248; x_wconf 68' lang='lat' dir='ltr'><strong>turbatoris.</strong></span> <span class='ocrx_word' id='word_1_836' title='bbox 1889 1221 1931 1248; x_wconf 90' lang='grc'>111.</span> 
     </span>
     <span class='ocr_line' id='line_1_90' title="bbox 1092 1261 1931 1302; baseline 0.002 -13"><span class='ocrx_word' id='word_1_837' title='bbox 1092 1262 1158 1289; x_wconf 73' lang='lat' dir='ltr'><strong>Gn.</strong></span> <span class='ocrx_word' id='word_1_838' title='bbox 1178 1261 1311 1289; x_wconf 77' lang='lat' dir='ltr'><strong>seditiose</strong></span> <span class='ocrx_word' id='word_1_839' title='bbox 1330 1266 1356 1288; x_wconf 81' lang='lat' dir='ltr'><strong>et</strong></span> <span class='ocrx_word' id='word_1_840' title='bbox 1370 1262 1437 1289; x_wconf 86' lang='lat' dir='ltr'><strong>turb.</strong></span> <span class='ocrx_word' id='word_1_841' title='bbox 1457 1273 1486 1289; x_wconf 85' lang='lat' dir='ltr'><strong>se</strong></span> <span class='ocrx_word' id='word_1_842' title='bbox 1499 1273 1597 1299; x_wconf 68' lang='lat' dir='ltr'><strong>gerere.</strong></span> <span class='ocrx_word' id='word_1_843' title='bbox 1618 1264 1647 1291; x_wconf 84' lang='lat' dir='ltr'><strong>fr.</strong></span> <span class='ocrx_word' id='word_1_844' title='bbox 1661 1266 1702 1291; x_wconf 81' lang='lat'><strong>28.</strong></span> <span class='ocrx_word' id='word_1_845' title='bbox 1723 1265 1745 1298; x_wconf 90' lang='grc'><strong>9.</strong></span> <span class='ocrx_word' id='word_1_846' title='bbox 1757 1267 1782 1291; x_wconf 74' lang='grc'><strong>3.</strong></span> <span class='ocrx_word' id='word_1_847' title='bbox 1803 1264 1835 1291; x_wconf 83' lang='lat' dir='ltr'><strong>de</strong></span> <span class='ocrx_word' id='word_1_848' title='bbox 1854 1274 1931 1302; x_wconf 83' lang='lat' dir='ltr'><strong>poen.</strong></span> 
     </span>
     <span class='ocr_line' id='line_1_91' title="bbox 1091 1306 1194 1331; baseline 0.01 -2"><span class='ocrx_word' id='word_1_849' title='bbox 1091 1306 1132 1331; x_wconf 79' lang='grc'><strong>48.</strong></span> <span class='ocrx_word' id='word_1_850' title='bbox 1155 1306 1194 1330; x_wconf 88' lang='grc'><strong>19.</strong></span> 
     </span>
    </p>

    <p class='ocr_par' dir='ltr' id='par_1_27' title="bbox 1088 1347 1934 1684">
     <span class='ocr_line' id='line_1_92' title="bbox 1126 1347 1932 1382; baseline 0.005 -9"><span class='ocrx_word' id='word_1_851' title='bbox 1126 1347 1395 1374; x_wconf 78' lang='lat' dir='ltr'><strong>Turbulentus.</strong></span> <span class='ocrx_word' id='word_1_852' title='bbox 1420 1347 1558 1381; x_wconf 85' lang='lat' dir='ltr'><strong>(Adiect.)</strong></span> <span class='ocrx_word' id='word_1_853' title='bbox 1583 1349 1614 1382; x_wconf 81' lang='lat'><strong>§.</strong></span> <span class='ocrx_word' id='word_1_854' title='bbox 1634 1351 1668 1376; x_wconf 85' lang='lat' dir='ltr'><strong>l.</strong></span> <span class='ocrx_word' id='word_1_855' title='bbox 1694 1351 1932 1382; x_wconf 83' lang='lat' dir='ltr'><strong>Conturbatus,</strong></span> 
     </span>
     <span class='ocr_line' id='line_1_93' title="bbox 1092 1389 1934 1426; baseline 0.004 -10"><span class='ocrx_word' id='word_1_856' title='bbox 1092 1391 1265 1426; x_wconf 74' lang='lat' dir='ltr'><strong>Confusus.</strong></span> <span class='ocrx_word' id='word_1_857' title='bbox 1302 1389 1332 1416; x_wconf 92' lang='lat' dir='ltr'><strong>ll.</strong></span> <span class='ocrx_word' id='word_1_858' title='bbox 1354 1391 1421 1424; x_wconf 78' lang='lat' dir='ltr'><strong>Op.</strong></span> <span class='ocrx_word' id='word_1_859' title='bbox 1445 1391 1484 1417; x_wconf 86' lang='lat' dir='ltr'><strong>Ex</strong></span> <span class='ocrx_word' id='word_1_860' title='bbox 1509 1391 1593 1426; x_wconf 75' lang='lat' dir='ltr'><strong>legum</strong></span> <span class='ocrx_word' id='word_1_861' title='bbox 1613 1392 1705 1418; x_wconf 88' lang='lat' dir='ltr'><strong>ordine</strong></span> <span class='ocrx_word' id='word_1_862' title='bbox 1724 1392 1837 1425; x_wconf 77' lang='lat' dir='ltr'><strong>(inferre</strong></span> <span class='ocrx_word' id='word_1_863' title='bbox 1856 1394 1934 1419; x_wconf 86' lang='lat' dir='ltr'><strong>actio-</strong></span> 
     </span>
     <span class='ocr_line' id='line_1_94' title="bbox 1091 1432 1933 1463; baseline 0.005 -5"><span class='ocrx_word' id='word_1_864' title='bbox 1091 1436 1173 1463; x_wconf 88' lang='lat' dir='ltr'><strong>nem.)</strong></span> <span class='ocrx_word' id='word_1_865' title='bbox 1193 1448 1224 1452; x_wconf 97' lang='lat'><strong>—</strong></span> <span class='ocrx_word' id='word_1_866' title='bbox 1250 1432 1442 1460; x_wconf 88' lang='lat' dir='ltr'><strong>Turbulentum</strong></span> <span class='ocrx_word' id='word_1_867' title='bbox 1462 1435 1635 1461; x_wconf 86' lang='lat' dir='ltr'><strong>ministerium</strong></span> <span class='ocrx_word' id='word_1_868' title='bbox 1654 1435 1860 1462; x_wconf 84' lang='lat' dir='ltr'><strong>accommodare.</strong></span> <span class='ocrx_word' id='word_1_869' title='bbox 1882 1435 1933 1462; x_wconf 86' lang='lat' dir='ltr'><strong>Tb.</strong></span> 
     </span>
     <span class='ocr_line' id='line_1_95' title="bbox 1090 1475 1932 1514; baseline 0.005 -13"><span class='ocrx_word' id='word_1_870' title='bbox 1090 1475 1120 1501; x_wconf 90' lang='lat' dir='ltr'><strong>C.</strong></span> <span class='ocrx_word' id='word_1_871' title='bbox 1139 1475 1172 1502; x_wconf 87' lang='lat' dir='ltr'><strong>X.</strong></span> <span class='ocrx_word' id='word_1_872' title='bbox 1190 1476 1231 1502; x_wconf 89' lang='lat'><strong>26.</strong></span> <span class='ocrx_word' id='word_1_873' title='bbox 1251 1485 1272 1501; x_wconf 87' lang='lat' dir='ltr'><strong>e.</strong></span> <span class='ocrx_word' id='word_1_874' title='bbox 1293 1477 1314 1502; x_wconf 86' lang='lat' dir='ltr'><strong>l.</strong></span> <span class='ocrx_word' id='word_1_875' title='bbox 1335 1475 1367 1502; x_wconf 85' lang='lat' dir='ltr'><strong>de</strong></span> <span class='ocrx_word' id='word_1_876' title='bbox 1387 1476 1461 1502; x_wconf 88' lang='lat' dir='ltr'><strong>cond.</strong></span> <span class='ocrx_word' id='word_1_877' title='bbox 1483 1482 1509 1503; x_wconf 78' lang='lat' dir='ltr'><strong>et</strong></span> <span class='ocrx_word' id='word_1_878' title='bbox 1528 1477 1596 1503; x_wconf 87' lang='lat' dir='ltr'><strong>bom.</strong></span> <span class='ocrx_word' id='word_1_879' title='bbox 1617 1477 1685 1504; x_wconf 90' lang='lat' dir='ltr'><strong>dom.</strong></span> <span class='ocrx_word' id='word_1_880' title='bbox 1706 1478 1772 1514; x_wconf 84' lang='lat' dir='ltr'><strong>Aug.</strong></span> <span class='ocrx_word' id='word_1_881' title='bbox 1794 1494 1825 1498; x_wconf 94' lang='lat'><strong>—-</strong></span> <span class='ocrx_word' id='word_1_882' title='bbox 1845 1479 1876 1513; x_wconf 75' lang='lat'><strong>§0</strong></span> <span class='ocrx_word' id='word_1_883' title='bbox 1897 1480 1932 1505; x_wconf 88' lang='grc'><strong>2.</strong></span> 
     </span>
     <span class='ocr_line' id='line_1_96' title="bbox 1094 1518 1932 1557; baseline 0.004 -13"><span class='ocrx_word' id='word_1_884' title='bbox 1094 1520 1215 1545; x_wconf 74' lang='lat' dir='ltr'><strong>Turbas</strong></span> <span class='ocrx_word' id='word_1_885' title='bbox 1234 1520 1387 1545; x_wconf 63' lang='lat' dir='ltr'><strong>excitans.</strong></span> <span class='ocrx_word' id='word_1_886' title='bbox 1424 1518 1467 1545; x_wconf 88' lang='lat' dir='ltr'><strong>Ill.</strong></span> <span class='ocrx_word' id='word_1_887' title='bbox 1489 1520 1554 1547; x_wconf 77' lang='lat' dir='ltr'><strong>Gn.</strong></span> <span class='ocrx_word' id='word_1_888' title='bbox 1579 1519 1607 1546; x_wconf 92' lang='lat' dir='ltr'><strong>In</strong></span> <span class='ocrx_word' id='word_1_889' title='bbox 1627 1521 1715 1556; x_wconf 84' lang='lat' dir='ltr'><strong>quiete</strong></span> <span class='ocrx_word' id='word_1_890' title='bbox 1735 1520 1873 1557; x_wconf 79' lang='lat' dir='ltr'><strong>degentes,</strong></span> <span class='ocrx_word' id='word_1_891' title='bbox 1895 1522 1932 1547; x_wconf 91' lang='lat' dir='ltr'><strong>ui-</strong></span> 
     </span>
     <span class='ocr_line' id='line_1_97' title="bbox 1089 1560 1929 1600; baseline 0.004 -13"><span class='ocrx_word' id='word_1_892' title='bbox 1089 1560 1178 1598; x_wconf 85' lang='lat' dir='ltr'><strong>hilque</strong></span> <span class='ocrx_word' id='word_1_893' title='bbox 1208 1565 1338 1587; x_wconf 85' lang='lat' dir='ltr'><strong>tentantes</strong></span> <span class='ocrx_word' id='word_1_894' title='bbox 1367 1561 1547 1589; x_wconf 76' lang='lat' dir='ltr'><strong>turbulentum</strong></span> <span class='ocrx_word' id='word_1_895' title='bbox 1576 1562 1729 1600; x_wconf 76' lang='lat' dir='ltr'><strong>legibusque</strong></span> <span class='ocrx_word' id='word_1_896' title='bbox 1758 1565 1929 1590; x_wconf 83' lang='lat' dir='ltr'><strong>contrarium.</strong></span> 
     </span>
     <span class='ocr_line' id='line_1_98' title="bbox 1088 1603 1931 1642; baseline 0.004 -12"><span class='ocrx_word' id='word_1_897' title='bbox 1088 1603 1215 1630; x_wconf 79' lang='lat' dir='ltr'><strong>1b.XV1.</strong></span> <span class='ocrx_word' id='word_1_898' title='bbox 1238 1606 1276 1630; x_wconf 89' lang='lat'><strong>10.</strong></span> <span class='ocrx_word' id='word_1_899' title='bbox 1297 1615 1318 1630; x_wconf 92' lang='lat' dir='ltr'><strong>c.</strong></span> <span class='ocrx_word' id='word_1_900' title='bbox 1337 1606 1378 1631; x_wconf 81' lang='lat'><strong>24.</strong></span> <span class='ocrx_word' id='word_1_901' title='bbox 1403 1604 1416 1637; x_wconf 85' lang='lat'><strong>9</strong></span> <span class='ocrx_word' id='word_1_902' title='bbox 1447 1606 1468 1631; x_wconf 93' lang='grc'><strong>1,</strong></span> <span class='ocrx_word' id='word_1_903' title='bbox 1488 1605 1520 1631; x_wconf 79' lang='lat' dir='ltr'><strong>de</strong></span> <span class='ocrx_word' id='word_1_904' title='bbox 1539 1615 1628 1642; x_wconf 78' lang='lat' dir='ltr'><strong>pagan.</strong></span> <span class='ocrx_word' id='word_1_905' title='bbox 1654 1606 1694 1633; x_wconf 76' lang='lat' dir='ltr'><strong>Cf.</strong></span> <span class='ocrx_word' id='word_1_906' title='bbox 1717 1606 1759 1633; x_wconf 84' lang='lat' dir='ltr'><strong>IX.</strong></span> <span class='ocrx_word' id='word_1_907' title='bbox 1780 1609 1802 1633; x_wconf 88' lang='lat'><strong>4.</strong></span> <span class='ocrx_word' id='word_1_908' title='bbox 1824 1617 1845 1633; x_wconf 91' lang='lat' dir='ltr'><strong>c.</strong></span> <span class='ocrx_word' id='word_1_909' title='bbox 1868 1609 1888 1633; x_wconf 90' lang='lat'><strong>1.</strong></span> <span class='ocrx_word' id='word_1_910' title='bbox 1909 1608 1931 1633; x_wconf 86' lang='lat' dir='ltr'><strong>si</strong></span> 
     </span>
     <span class='ocr_line' id='line_1_99' title="bbox 1089 1646 1932 1684; baseline 0.004 -11"><span class='ocrx_word' id='word_1_911' title='bbox 1089 1657 1131 1683; x_wconf 88' lang='lat' dir='ltr'><strong>qu.</strong></span> <span class='ocrx_word' id='word_1_912' title='bbox 1151 1646 1214 1684; x_wconf 89' lang='lat' dir='ltr'><strong>Imp.</strong></span> <span class='ocrx_word' id='word_1_913' title='bbox 1233 1646 1324 1674; x_wconf 80' lang='lat' dir='ltr'><strong>maled.</strong></span> <span class='ocrx_word' id='word_1_914' title='bbox 1351 1646 1523 1674; x_wconf 79' lang='lat' dir='ltr'><strong>Tui-bulentis</strong></span> <span class='ocrx_word' id='word_1_915' title='bbox 1545 1648 1591 1682; x_wconf 86' lang='lat' dir='ltr'><strong>[al.</strong></span> <span class='ocrx_word' id='word_1_916' title='bbox 1612 1649 1824 1684; x_wconf 83' lang='lat' dir='ltr'><strong>turbulentibus]</strong></span> <span class='ocrx_word' id='word_1_917' title='bbox 1845 1660 1873 1675; x_wconf 85' lang='lat' dir='ltr'><strong>se</strong></span> <span class='ocrx_word' id='word_1_918' title='bbox 1893 1659 1932 1675; x_wconf 90' lang='lat' dir='ltr'><strong>ac-</strong></span> 
     </span>
    </p>
   </div>
   <div class='ocr_carea' id='block_1_18' title="bbox 1065 1689 1932 1727">
    <p class='ocr_par' dir='ltr' id='par_1_28' title="bbox 1065 1689 1932 1727">
     <span class='ocr_line' id='line_1_100' title="bbox 1065 1689 1932 1727; baseline 0.003 -12"><span class='ocrx_word' id='word_1_919' title='bbox 1065 1699 1067 1715; x_wconf 67' lang='lat'><strong>³.</strong></span> <span class='ocrx_word' id='word_1_920' title='bbox 1088 1689 1287 1716; x_wconf 83' lang='lat' dir='ltr'><strong>clamationibus</strong></span> <span class='ocrx_word' id='word_1_921' title='bbox 1306 1690 1471 1727; x_wconf 86' lang='lat' dir='ltr'><strong>popularium</strong></span> <span class='ocrx_word' id='word_1_922' title='bbox 1490 1692 1694 1718; x_wconf 88' lang='lat' dir='ltr'><strong>accommodare.</strong></span> <span class='ocrx_word' id='word_1_923' title='bbox 1715 1692 1745 1719; x_wconf 77' lang='lat' dir='ltr'><strong>l&#39;r.</strong></span> <span class='ocrx_word' id='word_1_924' title='bbox 1759 1693 1800 1719; x_wconf 73' lang='lat'><strong>28.</strong></span> <span class='ocrx_word' id='word_1_925' title='bbox 1820 1692 1841 1725; x_wconf 90' lang='lat'><strong>9.</strong></span> <span class='ocrx_word' id='word_1_926' title='bbox 1855 1694 1879 1718; x_wconf 82' lang='lat'><strong>3.</strong></span> <span class='ocrx_word' id='word_1_927' title='bbox 1899 1692 1932 1718; x_wconf 82' lang='lat' dir='ltr'><strong>de</strong></span> 
     </span>
    </p>
   </div>
   <div class='ocr_carea' id='block_1_19' title="bbox 1065 1734 1932 1941">
    <p class='ocr_par' dir='ltr' id='par_1_29' title="bbox 1065 1734 1286 1778">
     <span class='ocr_line' id='line_1_101' title="bbox 1065 1734 1286 1778; baseline 0.005 -20.116"><span class='ocrx_word' id='word_1_928' title='bbox 1065 1734 1165 1778; x_wconf 45' lang='lat' dir='ltr'><strong>{poe-n.</strong></span> <span class='ocrx_word' id='word_1_929' title='bbox 1185 1735 1226 1759; x_wconf 69' lang='lat'><strong>45.</strong></span> <span class='ocrx_word' id='word_1_930' title='bbox 1248 1735 1286 1759; x_wconf 84' lang='lat'><strong>19.</strong></span> 
     </span>
    </p>

    <p class='ocr_par' dir='ltr' id='par_1_30' title="bbox 1124 1775 1608 1812">
     <span class='ocr_line' id='line_1_102' title="bbox 1124 1775 1608 1812; baseline 0.002 -10"><span class='ocrx_word' id='word_1_931' title='bbox 1124 1776 1327 1802; x_wconf 78' lang='lat' dir='ltr'><strong>Turianus.</strong></span> <span class='ocrx_word' id='word_1_932' title='bbox 1364 1775 1405 1803; x_wconf 76' lang='lat' dir='ltr'><strong>Cf.</strong></span> <span class='ocrx_word' id='word_1_933' title='bbox 1426 1786 1449 1802; x_wconf 88' lang='lat' dir='ltr'><strong>v.</strong></span> <span class='ocrx_word' id='word_1_934' title='bbox 1469 1776 1608 1812; x_wconf 62' lang='lat' dir='ltr'><strong>&#39;syrianus</strong></span> 
     </span>
    </p>

    <p class='ocr_par' dir='ltr' id='par_1_31' title="bbox 1090 1819 1932 1941">
     <span class='ocr_line' id='line_1_103' title="bbox 1125 1819 1929 1853; baseline 0.002 -8"><span class='ocrx_word' id='word_1_935' title='bbox 1125 1819 1349 1846; x_wconf 77' lang='lat' dir='ltr'><strong>Turifieare.</strong></span> <span class='ocrx_word' id='word_1_936' title='bbox 1391 1820 1476 1846; x_wconf 84' lang='lat' dir='ltr'><strong>Tura</strong></span> <span class='ocrx_word' id='word_1_937' title='bbox 1498 1821 1677 1852; x_wconf 81' lang='lat' dir='ltr'><strong>incendere,</strong></span> <span class='ocrx_word' id='word_1_938' title='bbox 1698 1820 1748 1853; x_wconf 82' lang='lat' dir='ltr'><strong>(rei</strong></span> <span class='ocrx_word' id='word_1_939' title='bbox 1761 1831 1850 1847; x_wconf 84' lang='lat' dir='ltr'><strong>sacrae</strong></span> <span class='ocrx_word' id='word_1_940' title='bbox 1870 1820 1929 1847; x_wconf 81' lang='lat' dir='ltr'><strong>saci-</strong></span> 
     </span>
     <span class='ocr_line' id='line_1_104' title="bbox 1090 1861 1932 1898; baseline 0.004 -12"><span class='ocrx_word' id='word_1_941' title='bbox 1090 1861 1171 1887; x_wconf 83' lang='lat' dir='ltr'><strong>endae</strong></span> <span class='ocrx_word' id='word_1_942' title='bbox 1189 1862 1290 1897; x_wconf 79' lang='lat' dir='ltr'><strong>gratia)</strong></span> <span class='ocrx_word' id='word_1_943' title='bbox 1326 1861 1369 1888; x_wconf 88' lang='lat' dir='ltr'><strong>Ill.</strong></span> <span class='ocrx_word' id='word_1_944' title='bbox 1384 1864 1450 1890; x_wconf 77' lang='lat' dir='ltr'><strong>Cn.</strong></span> <span class='ocrx_word' id='word_1_945' title='bbox 1471 1863 1545 1898; x_wconf 77' lang='lat' dir='ltr'><strong>Quae</strong></span> <span class='ocrx_word' id='word_1_946' title='bbox 1564 1865 1612 1895; x_wconf 80' lang='lat' dir='ltr'><strong>(sc.</strong></span> <span class='ocrx_word' id='word_1_947' title='bbox 1633 1862 1702 1896; x_wconf 87' lang='lat' dir='ltr'><strong>loca)</strong></span> <span class='ocrx_word' id='word_1_948' title='bbox 1723 1865 1789 1890; x_wconf 88' lang='lat' dir='ltr'><strong>turis</strong></span> <span class='ocrx_word' id='word_1_949' title='bbox 1808 1864 1932 1890; x_wconf 84' lang='lat' dir='ltr'><strong>constite-</strong></span> 
     </span>
     <span class='ocr_line' id='line_1_105' title="bbox 1090 1904 1932 1941; baseline 0.005 -12"><span class='ocrx_word' id='word_1_950' title='bbox 1090 1905 1123 1930; x_wconf 90' lang='lat' dir='ltr'><strong>rit</strong></span> <span class='ocrx_word' id='word_1_951' title='bbox 1141 1914 1238 1941; x_wconf 85' lang='lat' dir='ltr'><strong>vapore</strong></span> <span class='ocrx_word' id='word_1_952' title='bbox 1257 1904 1382 1937; x_wconf 79' lang='lat' dir='ltr'><strong>fumasse,</strong></span> <span class='ocrx_word' id='word_1_953' title='bbox 1407 1906 1429 1931; x_wconf 92' lang='lat' dir='ltr'><strong>si</strong></span> <span class='ocrx_word' id='word_1_954' title='bbox 1454 1910 1538 1932; x_wconf 86' lang='lat' dir='ltr'><strong>tamen</strong></span> <span class='ocrx_word' id='word_1_955' title='bbox 1563 1916 1592 1932; x_wconf 87' lang='lat' dir='ltr'><strong>ea</strong></span> <span class='ocrx_word' id='word_1_956' title='bbox 1616 1907 1642 1932; x_wconf 92' lang='lat' dir='ltr'><strong>in</strong></span> <span class='ocrx_word' id='word_1_957' title='bbox 1667 1907 1723 1932; x_wconf 81' lang='lat' dir='ltr'><strong>iure</strong></span> <span class='ocrx_word' id='word_1_958' title='bbox 1748 1906 1830 1933; x_wconf 85' lang='lat' dir='ltr'><strong>fuisse</strong></span> <span class='ocrx_word' id='word_1_959' title='bbox 1849 1906 1932 1933; x_wconf 83' lang='lat' dir='ltr'><strong>turifi-</strong></span> 
     </span>
    </p>
   </div>
   <div class='ocr_carea' id='block_1_20' title="bbox 1087 1947 1930 2283">
    <p class='ocr_par' dir='ltr' id='par_1_32' title="bbox 1089 1947 1929 2026">
     <span class='ocr_line' id='line_1_106' title="bbox 1090 1947 1929 1984; baseline 0.004 -12"><span class='ocrx_word' id='word_1_960' title='bbox 1090 1947 1202 1973; x_wconf 88' lang='lat' dir='ltr'><strong>cantium</strong></span> <span class='ocrx_word' id='word_1_961' title='bbox 1222 1947 1408 1984; x_wconf 82' lang='lat' dir='ltr'><strong>probabuntur.</strong></span> <span class='ocrx_word' id='word_1_962' title='bbox 1433 1948 1482 1974; x_wconf 85' lang='lat' dir='ltr'><strong>Th.</strong></span> <span class='ocrx_word' id='word_1_963' title='bbox 1503 1948 1534 1975; x_wconf 86' lang='lat' dir='ltr'><strong>C.</strong></span> <span class='ocrx_word' id='word_1_964' title='bbox 1553 1947 1623 1975; x_wconf 84' lang='lat' dir='ltr'><strong>XVI.</strong></span> <span class='ocrx_word' id='word_1_965' title='bbox 1645 1950 1684 1975; x_wconf 91' lang='grc'><strong>10.</strong></span> <span class='ocrx_word' id='word_1_966' title='bbox 1710 1959 1730 1975; x_wconf 90' lang='lat' dir='ltr'><strong>c.</strong></span> <span class='ocrx_word' id='word_1_967' title='bbox 1753 1951 1791 1976; x_wconf 88' lang='grc'><strong>12.</strong></span> <span class='ocrx_word' id='word_1_968' title='bbox 1812 1949 1833 1983; x_wconf 90' lang='grc'><strong>9.</strong></span> <span class='ocrx_word' id='word_1_969' title='bbox 1853 1951 1876 1975; x_wconf 92' lang='grc'><strong>2.</strong></span> <span class='ocrx_word' id='word_1_970' title='bbox 1897 1948 1929 1975; x_wconf 86' lang='lat' dir='ltr'><strong>de</strong></span> 
     </span>
     <span class='ocr_line' id='line_1_107' title="bbox 1089 1999 1179 2026; baseline 0.011 -12"><span class='ocrx_word' id='word_1_971' title='bbox 1089 1999 1179 2026; x_wconf 80' lang='lat' dir='ltr'><strong>pagan.</strong></span> 
     </span>
    </p>

    <p class='ocr_par' dir='ltr' id='par_1_33' title="bbox 1089 2034 1929 2144">
     <span class='ocr_line' id='line_1_108' title="bbox 1125 2034 1929 2071; baseline 0.004 -13"><span class='ocrx_word' id='word_1_972' title='bbox 1125 2034 1279 2060; x_wconf 80' lang='lat' dir='ltr'><strong>Turma.</strong></span> <span class='ocrx_word' id='word_1_973' title='bbox 1316 2035 1472 2067; x_wconf 81' lang='lat' dir='ltr'><strong>Equitum</strong></span> <span class='ocrx_word' id='word_1_974' title='bbox 1496 2044 1615 2069; x_wconf 81' lang='lat' dir='ltr'><strong>agmen.</strong></span> <span class='ocrx_word' id='word_1_975' title='bbox 1653 2034 1695 2061; x_wconf 87' lang='grc'>111.</span> <span class='ocrx_word' id='word_1_976' title='bbox 1717 2036 1782 2062; x_wconf 73' lang='lat' dir='ltr'><strong>Cn.</strong></span> <span class='ocrx_word' id='word_1_977' title='bbox 1807 2034 1929 2071; x_wconf 87' lang='lat' dir='ltr'><strong>Optimae</strong></span> 
     </span>
     <span class='ocr_line' id='line_1_109' title="bbox 1089 2074 1929 2103; baseline 0.002 -2"><span class='ocrx_word' id='word_1_978' title='bbox 1089 2074 1292 2102; x_wconf 85' lang='lat' dir='ltr'><strong>lectissimorum</strong></span> <span class='ocrx_word' id='word_1_979' title='bbox 1320 2076 1431 2103; x_wconf 89' lang='lat' dir='ltr'><strong>militum</strong></span> <span class='ocrx_word' id='word_1_980' title='bbox 1460 2082 1565 2103; x_wconf 88' lang='lat' dir='ltr'><strong>turmae.</strong></span> <span class='ocrx_word' id='word_1_981' title='bbox 1595 2076 1631 2103; x_wconf 88' lang='lat' dir='ltr'><strong>lb.</strong></span> <span class='ocrx_word' id='word_1_982' title='bbox 1659 2076 1711 2103; x_wconf 89' lang='lat' dir='ltr'><strong>Vll.</strong></span> <span class='ocrx_word' id='word_1_983' title='bbox 1738 2078 1777 2103; x_wconf 79' lang='lat'><strong>13.</strong></span> <span class='ocrx_word' id='word_1_984' title='bbox 1802 2087 1822 2103; x_wconf 88' lang='lat' dir='ltr'><strong>c.</strong></span> <span class='ocrx_word' id='word_1_985' title='bbox 1847 2078 1870 2103; x_wconf 88' lang='lat'><strong>8.</strong></span> <span class='ocrx_word' id='word_1_986' title='bbox 1896 2076 1929 2103; x_wconf 90' lang='lat' dir='ltr'><strong>de</strong></span> 
     </span>
     <span class='ocr_line' id='line_1_110' title="bbox 1090 2119 1168 2144; baseline 0.013 -1"><span class='ocrx_word' id='word_1_987' title='bbox 1090 2119 1168 2144; x_wconf 85' lang='lat' dir='ltr'><strong>tiron.</strong></span> 
     </span>
    </p>

    <p class='ocr_par' dir='ltr' id='par_1_34' title="bbox 1087 2161 1930 2283">
     <span class='ocr_line' id='line_1_111' title="bbox 1124 2161 1929 2194; baseline 0.002 -7"><span class='ocrx_word' id='word_1_988' title='bbox 1124 2161 1359 2188; x_wconf 76' lang='lat' dir='ltr'><strong>Turmarius.</strong></span> <span class='ocrx_word' id='word_1_989' title='bbox 1375 2161 1491 2193; x_wconf 86' lang='lat' dir='ltr'><strong>(Subst.)</strong></span> <span class='ocrx_word' id='word_1_990' title='bbox 1508 2164 1570 2194; x_wconf 81' lang='lat' dir='ltr'><strong>Qui</strong></span> <span class='ocrx_word' id='word_1_991' title='bbox 1583 2164 1704 2188; x_wconf 73' lang='lat' dir='ltr'><strong>tirones</strong></span> <span class='ocrx_word' id='word_1_992' title='bbox 1718 2164 1759 2188; x_wconf 80' lang='lat' dir='ltr'><strong>acl</strong></span> <span class='ocrx_word' id='word_1_993' title='bbox 1771 2164 1929 2189; x_wconf 80' lang='lat' dir='ltr'><strong>militiam</strong></span> 
     </span>
     <span class='ocr_line' id='line_1_112' title="bbox 1088 2203 1930 2236; baseline 0.002 -7"><span class='ocrx_word' id='word_1_994' title='bbox 1088 2205 1217 2230; x_wconf 70' lang='lat' dir='ltr'><strong>idoneos</strong></span> <span class='ocrx_word' id='word_1_995' title='bbox 1235 2206 1408 2231; x_wconf 73' lang='lat' dir='ltr'><strong>examinat.</strong></span> <span class='ocrx_word' id='word_1_996' title='bbox 1446 2204 1489 2230; x_wconf 91' lang='lat' dir='ltr'><strong>Ill.</strong></span> <span class='ocrx_word' id='word_1_997' title='bbox 1504 2206 1569 2231; x_wconf 78' lang='lat' dir='ltr'><strong>Cn.</strong></span> <span class='ocrx_word' id='word_1_998' title='bbox 1589 2203 1627 2230; x_wconf 67' lang='lat' dir='ltr'><strong>Nu</strong></span> <span class='ocrx_word' id='word_1_999' title='bbox 1642 2209 1800 2236; x_wconf 71' lang='lat' dir='ltr'><strong>exactorum,</strong></span> <span class='ocrx_word' id='word_1_1000' title='bbox 1821 2204 1862 2231; x_wconf 82' lang='lat' dir='ltr'><strong>vel</strong></span> <span class='ocrx_word' id='word_1_1001' title='bbox 1878 2210 1930 2231; x_wconf 86' lang='lat' dir='ltr'><strong>tur·</strong></span> 
     </span>
     <span class='ocr_line' id='line_1_113' title="bbox 1087 2246 1928 2283; baseline 0.001 -11"><span class='ocrx_word' id='word_1_1002' title='bbox 1087 2247 1238 2277; x_wconf 76' lang='lat' dir='ltr'><strong>mai-iorum,</strong></span> <span class='ocrx_word' id='word_1_1003' title='bbox 1270 2256 1336 2282; x_wconf 89' lang='lat' dir='ltr'><strong>quos</strong></span> <span class='ocrx_word' id='word_1_1004' title='bbox 1363 2246 1530 2283; x_wconf 85' lang='lat' dir='ltr'><strong>capitularios</strong></span> <span class='ocrx_word' id='word_1_1005' title='bbox 1555 2252 1662 2277; x_wconf 76' lang='lat' dir='ltr'><strong>vocant,</strong></span> <span class='ocrx_word' id='word_1_1006' title='bbox 1693 2257 1780 2273; x_wconf 85' lang='lat' dir='ltr'><strong>curam</strong></span> <span class='ocrx_word' id='word_1_1007' title='bbox 1809 2247 1928 2279; x_wconf 86' lang='lat' dir='ltr'><strong>subeant,</strong></span> 
     </span>
    </p>
   </div>
   <div class='ocr_carea' id='block_1_21' title="bbox 1063 2288 1925 2331">
    <p class='ocr_par' dir='ltr' id='par_1_35' title="bbox 1063 2288 1925 2331">
     <span class='ocr_line' id='line_1_114' title="bbox 1063 2288 1925 2331; baseline 0.002 -17"><span class='ocrx_word' id='word_1_1008' title='bbox 1063 2298 1065 2331; x_wconf 52' lang='grc' dir='ltr'>ἱ</span> <span class='ocrx_word' id='word_1_1009' title='bbox 1087 2288 1129 2315; x_wconf 82' lang='lat' dir='ltr'><strong>vel</strong></span> <span class='ocrx_word' id='word_1_1010' title='bbox 1152 2289 1305 2325; x_wconf 84' lang='lat' dir='ltr'><strong>obsequium</strong></span> <span class='ocrx_word' id='word_1_1011' title='bbox 1327 2290 1541 2321; x_wconf 78' lang='lat' dir='ltr'><strong>temonariorum,</strong></span> <span class='ocrx_word' id='word_1_1012' title='bbox 1562 2289 1604 2315; x_wconf 82' lang='lat' dir='ltr'><strong>vel</strong></span> <span class='ocrx_word' id='word_1_1013' title='bbox 1623 2291 1800 2326; x_wconf 67' lang='lat' dir='ltr'><strong>prototypiae.</strong></span> <span class='ocrx_word' id='word_1_1014' title='bbox 1825 2288 1873 2316; x_wconf 84' lang='lat' dir='ltr'><strong>Th.</strong></span> <span class='ocrx_word' id='word_1_1015' title='bbox 1895 2289 1925 2316; x_wconf 90' lang='lat' dir='ltr'><strong>C.</strong></span> 
     </span>
    </p>
   </div>
   <div class='ocr_carea' id='block_1_22' title="bbox 1085 2331 1928 2751">
    <p class='ocr_par' dir='ltr' id='par_1_36' title="bbox 1086 2331 1774 2369">
     <span class='ocr_line' id='line_1_115' title="bbox 1086 2331 1774 2369; baseline 0 -11"><span class='ocrx_word' id='word_1_1016' title='bbox 1086 2331 1129 2358; x_wconf 90' lang='lat' dir='ltr'><strong>Vl.</strong></span> <span class='ocrx_word' id='word_1_1017' title='bbox 1148 2333 1189 2357; x_wconf 83' lang='grc'><strong>35.</strong></span> <span class='ocrx_word' id='word_1_1018' title='bbox 1211 2342 1231 2357; x_wconf 90' lang='lat' dir='ltr'><strong>c.</strong></span> <span class='ocrx_word' id='word_1_1019' title='bbox 1250 2333 1274 2357; x_wconf 97' lang='lat'><strong>3.</strong></span> <span class='ocrx_word' id='word_1_1020' title='bbox 1294 2342 1331 2369; x_wconf 84' lang='lat' dir='ltr'><strong>pr.</strong></span> <span class='ocrx_word' id='word_1_1021' title='bbox 1353 2332 1385 2358; x_wconf 78' lang='lat' dir='ltr'><strong>dc</strong></span> <span class='ocrx_word' id='word_1_1022' title='bbox 1406 2333 1471 2368; x_wconf 88' lang='lat' dir='ltr'><strong>priv.</strong></span> <span class='ocrx_word' id='word_1_1023' title='bbox 1492 2342 1544 2358; x_wconf 75' lang='lat' dir='ltr'><strong>eor.</strong></span> <span class='ocrx_word' id='word_1_1024' title='bbox 1566 2333 1609 2368; x_wconf 90' lang='lat' dir='ltr'><strong>qui</strong></span> <span class='ocrx_word' id='word_1_1025' title='bbox 1630 2333 1655 2358; x_wconf 89' lang='lat' dir='ltr'><strong>in</strong></span> <span class='ocrx_word' id='word_1_1026' title='bbox 1676 2332 1703 2358; x_wconf 92' lang='lat' dir='ltr'><strong>S.</strong></span> <span class='ocrx_word' id='word_1_1027' title='bbox 1724 2332 1774 2369; x_wconf 88' lang='lat' dir='ltr'><strong>pal.</strong></span> 
     </span>
    </p>

    <p class='ocr_par' dir='ltr' id='par_1_37' title="bbox 1086 2375 1928 2528">
     <span class='ocr_line' id='line_1_116' title="bbox 1121 2375 1927 2411; baseline 0.002 -11"><span class='ocrx_word' id='word_1_1028' title='bbox 1121 2376 1306 2407; x_wconf 74' lang='lat' dir='ltr'><strong>Tul-pare.</strong></span> <span class='ocrx_word' id='word_1_1029' title='bbox 1358 2376 1578 2409; x_wconf 77' lang='lat' dir='ltr'><strong>Turpitndine</strong></span> <span class='ocrx_word' id='word_1_1030' title='bbox 1600 2377 1753 2411; x_wconf 80' lang='lat' dir='ltr'><strong>adficere.</strong></span> <span class='ocrx_word' id='word_1_1031' title='bbox 1798 2375 1840 2401; x_wconf 91' lang='grc'>111.</span> <span class='ocrx_word' id='word_1_1032' title='bbox 1862 2376 1927 2403; x_wconf 56' lang='grc' dir='ltr'><strong>(ψή.</strong></span> 
     </span>
     <span class='ocr_line' id='line_1_117' title="bbox 1086 2416 1928 2455; baseline 0.001 -12"><span class='ocrx_word' id='word_1_1033' title='bbox 1086 2416 1123 2448; x_wconf 79' lang='lat' dir='ltr'><strong>Si,</strong></span> <span class='ocrx_word' id='word_1_1034' title='bbox 1144 2427 1200 2443; x_wconf 89' lang='lat' dir='ltr'><strong>cum</strong></span> <span class='ocrx_word' id='word_1_1035' title='bbox 1219 2417 1244 2442; x_wconf 91' lang='lat' dir='ltr'><strong>in</strong></span> <span class='ocrx_word' id='word_1_1036' title='bbox 1258 2416 1353 2442; x_wconf 77' lang='lat' dir='ltr'><strong>officiis</strong></span> <span class='ocrx_word' id='word_1_1037' title='bbox 1368 2423 1456 2443; x_wconf 82' lang='lat' dir='ltr'><strong>essent</strong></span> <span class='ocrx_word' id='word_1_1038' title='bbox 1470 2417 1615 2447; x_wconf 80' lang='lat' dir='ltr'><strong>vilioribus,</strong></span> <span class='ocrx_word' id='word_1_1039' title='bbox 1635 2417 1705 2443; x_wconf 87' lang='lat' dir='ltr'><strong>nulla</strong></span> <span class='ocrx_word' id='word_1_1040' title='bbox 1724 2427 1768 2443; x_wconf 90' lang='lat' dir='ltr'><strong>eos</strong></span> <span class='ocrx_word' id='word_1_1041' title='bbox 1783 2418 1928 2455; x_wconf 87' lang='lat' dir='ltr'><strong>supplicio-</strong></span> 
     </span>
     <span class='ocr_line' id='line_1_118' title="bbox 1086 2458 1927 2496; baseline 0.001 -10"><span class='ocrx_word' id='word_1_1042' title='bbox 1086 2470 1142 2486; x_wconf 85' lang='lat' dir='ltr'><strong>rum</strong></span> <span class='ocrx_word' id='word_1_1043' title='bbox 1166 2458 1263 2485; x_wconf 82' lang='lat' dir='ltr'><strong>macula</strong></span> <span class='ocrx_word' id='word_1_1044' title='bbox 1288 2461 1440 2496; x_wconf 87' lang='lat' dir='ltr'><strong>turpaverit.</strong></span> <span class='ocrx_word' id='word_1_1045' title='bbox 1468 2459 1517 2486; x_wconf 69' lang='lat' dir='ltr'><strong>le.</strong></span> <span class='ocrx_word' id='word_1_1046' title='bbox 1544 2459 1575 2486; x_wconf 92' lang='lat' dir='ltr'><strong>C.</strong></span> <span class='ocrx_word' id='word_1_1047' title='bbox 1596 2459 1661 2486; x_wconf 91' lang='lat' dir='ltr'><strong>VllI.</strong></span> <span class='ocrx_word' id='word_1_1048' title='bbox 1682 2462 1706 2486; x_wconf 77' lang='grc'><strong>4.</strong></span> <span class='ocrx_word' id='word_1_1049' title='bbox 1726 2470 1747 2486; x_wconf 91' lang='lat' dir='ltr'><strong>c.</strong></span> <span class='ocrx_word' id='word_1_1050' title='bbox 1767 2464 1789 2486; x_wconf 69' lang='grc' dir='ltr'><strong>δ’.</strong></span> <span class='ocrx_word' id='word_1_1051' title='bbox 1810 2461 1831 2494; x_wconf 91' lang='grc'><strong>9.</strong></span> <span class='ocrx_word' id='word_1_1052' title='bbox 1854 2463 1874 2487; x_wconf 94' lang='lat' dir='ltr'><strong>l.</strong></span> <span class='ocrx_word' id='word_1_1053' title='bbox 1895 2461 1927 2487; x_wconf 75' lang='lat' dir='ltr'><strong>‹h›</strong></span> 
     </span>
     <span class='ocr_line' id='line_1_119' title="bbox 1086 2501 1211 2528; baseline -0.016 0"><span class='ocrx_word' id='word_1_1054' title='bbox 1086 2501 1211 2528; x_wconf 82' lang='lat' dir='ltr'><strong>cohortal.</strong></span> 
     </span>
    </p>

    <p class='ocr_par' dir='ltr' id='par_1_38' title="bbox 1120 2544 1550 2577">
     <span class='ocr_line' id='line_1_120' title="bbox 1120 2544 1550 2577; baseline -0.002 -6"><span class='ocrx_word' id='word_1_1055' title='bbox 1120 2544 1300 2577; x_wconf 77' lang='lat' dir='ltr'><strong>Turpide.</strong></span> <span class='ocrx_word' id='word_1_1056' title='bbox 1320 2544 1361 2570; x_wconf 72' lang='lat' dir='ltr'><strong>Cf.</strong></span> <span class='ocrx_word' id='word_1_1057' title='bbox 1382 2555 1404 2572; x_wconf 92' lang='lat' dir='ltr'><strong>v.</strong></span> <span class='ocrx_word' id='word_1_1058' title='bbox 1425 2544 1550 2572; x_wconf 77' lang='lat' dir='ltr'><strong>Tui-bide.</strong></span> 
     </span>
    </p>

    <p class='ocr_par' dir='ltr' id='par_1_39' title="bbox 1085 2587 1926 2751">
     <span class='ocr_line' id='line_1_121' title="bbox 1120 2587 1926 2623; baseline 0.004 -11"><span class='ocrx_word' id='word_1_1059' title='bbox 1120 2587 1412 2619; x_wconf 76' lang='lat' dir='ltr'><strong>Turpillianum.</strong></span> <span class='ocrx_word' id='word_1_1060' title='bbox 1438 2589 1554 2614; x_wconf 76' lang='lat' dir='ltr'><strong>Nomen</strong></span> <span class='ocrx_word' id='word_1_1061' title='bbox 1574 2588 1682 2617; x_wconf 60' lang='lat' dir='ltr'><strong>soti.</strong></span> <span class='ocrx_word' id='word_1_1062' title='bbox 1703 2588 1768 2623; x_wconf 85' lang='lat' dir='ltr'><strong>(quo</strong></span> <span class='ocrx_word' id='word_1_1063' title='bbox 1783 2587 1926 2615; x_wconf 69' lang='lat' dir='ltr'><strong>calumniae</strong></span> 
     </span>
     <span class='ocr_line' id='line_1_122' title="bbox 1085 2630 1926 2666; baseline 0.002 -11"><span class='ocrx_word' id='word_1_1064' title='bbox 1085 2639 1181 2666; x_wconf 82' lang='lat' dir='ltr'><strong>poena,</strong></span> <span class='ocrx_word' id='word_1_1065' title='bbox 1205 2640 1280 2666; x_wconf 81' lang='lat' dir='ltr'><strong>quam</strong></span> <span class='ocrx_word' id='word_1_1066' title='bbox 1299 2631 1501 2666; x_wconf 69' lang='lat' dir='ltr'><strong>tergiversantes</strong></span> <span class='ocrx_word' id='word_1_1067' title='bbox 1526 2634 1551 2655; x_wconf 82' lang='lat' dir='ltr'><strong>ct</strong></span> <span class='ocrx_word' id='word_1_1068' title='bbox 1570 2630 1793 2666; x_wconf 81' lang='lat' dir='ltr'><strong>praevaricatores</strong></span> <span class='ocrx_word' id='word_1_1069' title='bbox 1815 2632 1926 2657; x_wconf 88' lang='lat' dir='ltr'><strong>sustine-</strong></span> 
     </span>
     <span class='ocr_line' id='line_1_123' title="bbox 1086 2672 1925 2709; baseline 0 -11"><span class='ocrx_word' id='word_1_1070' title='bbox 1086 2672 1161 2703; x_wconf 85' lang='lat' dir='ltr'><strong>bant</strong></span> <span class='ocrx_word' id='word_1_1071' title='bbox 1186 2674 1321 2709; x_wconf 84' lang='lat' dir='ltr'><strong>proposita</strong></span> <span class='ocrx_word' id='word_1_1072' title='bbox 1342 2677 1382 2698; x_wconf 78' lang='lat' dir='ltr'><strong>est</strong></span> <span class='ocrx_word' id='word_1_1073' title='bbox 1401 2672 1468 2701; x_wconf 82' lang='lat' dir='ltr'><strong>illis.</strong></span> <span class='ocrx_word' id='word_1_1074' title='bbox 1493 2673 1536 2708; x_wconf 86' lang='lat' dir='ltr'><strong>qui</strong></span> <span class='ocrx_word' id='word_1_1075' title='bbox 1557 2677 1722 2699; x_wconf 77' lang='lat' dir='ltr'><strong>accusatores</strong></span> <span class='ocrx_word' id='word_1_1076' title='bbox 1742 2673 1925 2703; x_wconf 73' lang='lat' dir='ltr'><strong>subiecisseut,</strong></span> 
     </span>
     <span class='ocr_line' id='line_1_124' title="bbox 1086 2714 1925 2751; baseline 0.002 -11"><span class='ocrx_word' id='word_1_1077' title='bbox 1086 2719 1154 2741; x_wconf 84' lang='lat' dir='ltr'><strong>aut¹</strong></span> <span class='ocrx_word' id='word_1_1078' title='bbox 1148 2714 1178 2740; x_wconf 90' lang='lat' dir='ltr'><strong>ab</strong></span> <span class='ocrx_word' id='word_1_1079' title='bbox 1199 2717 1363 2741; x_wconf 68' lang='lat' dir='ltr'><strong>accusatione</strong></span> <span class='ocrx_word' id='word_1_1080' title='bbox 1382 2725 1458 2741; x_wconf 65' lang='lat' dir='ltr'><strong>use«</strong></span> <span class='ocrx_word' id='word_1_1081' title='bbox 1461 2719 1513 2751; x_wconf 71' lang='lat' dir='ltr'><strong>pt·</strong></span> <span class='ocrx_word' id='word_1_1082' title='bbox 1533 2725 1617 2751; x_wconf 79' lang='lat' dir='ltr'><strong>mque</strong></span> <span class='ocrx_word' id='word_1_1083' title='bbox 1637 2725 1684 2751; x_wconf 85' lang='lat' dir='ltr'><strong>per</strong></span> <span class='ocrx_word' id='word_1_1084' title='bbox 1697 2715 1864 2742; x_wconf 83' lang='lat' dir='ltr'><strong>abolitionem</strong></span> <span class='ocrx_word' id='word_1_1085' title='bbox 1884 2725 1925 2741; x_wconf 80' lang='lat' dir='ltr'><strong>so-</strong></span> 
     </span>
    </p>
   </div>
   <div class='ocr_carea' id='block_1_23' title="bbox 1061 2746 1925 2804">
    <p class='ocr_par' dir='ltr' id='par_1_40' title="bbox 1061 2746 1925 2804">
     <span class='ocr_line' id='line_1_125' title="bbox 1061 2746 1925 2804; baseline 0.001 -21.029"><span class='ocrx_word' id='word_1_1086' title='bbox 1061 2746 1146 2804; x_wconf 78' lang='lat' dir='ltr'><strong>pita,</strong></span> <span class='ocrx_word' id='word_1_1087' title='bbox 1166 2757 1349 2790; x_wconf 71' lang='lat' dir='ltr'><strong>desisterent.)</strong></span> <span class='ocrx_word' id='word_1_1088' title='bbox 1386 2757 1428 2783; x_wconf 89' lang='lat' dir='ltr'><strong>Ill.</strong></span> <span class='ocrx_word' id='word_1_1089' title='bbox 1448 2758 1513 2784; x_wconf 78' lang='lat' dir='ltr'><strong>Cn.</strong></span> <span class='ocrx_word' id='word_1_1090' title='bbox 1538 2757 1565 2783; x_wconf 87' lang='lat' dir='ltr'><strong>ln</strong></span> <span class='ocrx_word' id='word_1_1091' title='bbox 1585 2757 1612 2784; x_wconf 87' lang='lat' dir='ltr'><strong>S.</strong></span> <span class='ocrx_word' id='word_1_1092' title='bbox 1620 2757 1650 2784; x_wconf 95' lang='lat' dir='ltr'><strong>C.</strong></span> <span class='ocrx_word' id='word_1_1093' title='bbox 1675 2757 1866 2796; x_wconf 85' lang='lat' dir='ltr'><strong>Turpillianum</strong></span> <span class='ocrx_word' id='word_1_1094' title='bbox 1889 2759 1925 2783; x_wconf 87' lang='lat' dir='ltr'><strong>in—</strong></span> 
     </span>
    </p>
   </div>
   <div class='ocr_carea' id='block_1_24' title="bbox 1061 2794 1924 2845">
    <p class='ocr_par' dir='ltr' id='par_1_41' title="bbox 1061 2794 1924 2845">
     <span class='ocr_line' id='line_1_126' title="bbox 1061 2794 1924 2837; baseline -0.002 -10"><span class='ocrx_word' id='word_1_1095' title='bbox 1061 2818 1063 2828; x_wconf 71' lang='lat' dir='ltr'>J</span> <span class='ocrx_word' id='word_1_1096' title='bbox 1062 2794 1189 2832; x_wconf 83' lang='lat' dir='ltr'><strong>cidunt,</strong></span> <span class='ocrx_word' id='word_1_1097' title='bbox 1218 2802 1261 2837; x_wconf 84' lang='lat' dir='ltr'><strong>qui</strong></span> <span class='ocrx_word' id='word_1_1098' title='bbox 1282 2800 1458 2827; x_wconf 85' lang='lat' dir='ltr'><strong>subiecisseut</strong></span> <span class='ocrx_word' id='word_1_1099' title='bbox 1477 2805 1654 2832; x_wconf 74' lang='lat' dir='ltr'><strong>accusatores</strong></span> <span class='ocrx_word' id='word_1_1100' title='bbox 1685 2806 1727 2828; x_wconf 84' lang='lat' dir='ltr'><strong>aut</strong></span> <span class='ocrx_word' id='word_1_1101' title='bbox 1752 2801 1861 2827; x_wconf 78' lang='lat' dir='ltr'><strong>subiecti</strong></span> <span class='ocrx_word' id='word_1_1102' title='bbox 1881 2810 1924 2836; x_wconf 85' lang='lat' dir='ltr'><strong>p‹-)</strong></span> 
     </span>
     <span class='ocr_line' id='line_1_127' title="bbox 1062 2837 1063 2845; baseline 0 0"><span class='ocrx_word' id='word_1_1103' title='bbox 1062 2837 1063 2845; x_wconf 46' lang='lat'>1</span> 
     </span>
    </p>
   </div>
  </div>
 </body>
</html>
