2197 3121
255 176 320 207 260

256 257 419 296 Episcopum
437 256 469 283 ad
488 257 667 283 testimonium
686 255 827 283 dicendum
850 255 952 283 admitti
976 265 1029 282 non
1055 254 1099 282 de-

258 306 311 328 cet:
337 311 395 326 uam
419 305 443 326 et
469 309 581 337 persona
606 299 796 328 dehonoratur.
827 304 852 326 et
875 299 988 335 dignitas
1014 308 1101 325 sacer-

257 343 328 370 dotis
353 348 462 380 excepta
487 342 663 369 confunditur.
701 341 751 369 Th.
775 342 806 369 C.
829 341 876 369 XI.
900 344 942 369 39.
972 352 993 369 c.
1013 342 1038 368 8.
1067 341 1100 368 de

257 386 310 413 fide
329 391 389 412 test.

292 428 475 456 neiectim
504 429 535 462 ξ.
552 429 586 454 1.
612 428 788 461 Βεμιιὶεἰο,
808 429 979 462 Expulsz'o.
999 427 1018 454 Ι.
1036 428 1099 462 Sy.
1122 426 1123 439 ¹

257 471 383 498 Reiertio.
413 470 454 498 Cf.
476 470 499 496 h.
519 480 543 496 v.
585 470 629 496 111.
650 472 716 498 Cn.
745 470 834 503 Tunc.
854 481 913 497 cum
932 470 1099 497 deiiceretur.

257 530 290 534 —-
309 513 374 540 Post
393 514 574 541 deiectionem.
602 513 633 540 fr.
649 516 671 540 1.
691 514 713 548 5.
727 515 768 540 34.
789 513 821 540 de
841 514 866 539 vi
885 518 911 539 et
930 514 955 540 vi
975 524 1037 540 arm.
1057 515 1099 540 43.

259 558 298 583 16.
318 573 350 576 -
370 557 400 590 δ.
420 558 454 583 2.
480 558 635 584 Privatae
654 558 801 588 honoris,
822 558 869 583 rel
884 558 1019 592 gradus.
1056 556 1099 582 111.

257 601 324 628 Gn.
355 599 457 626 Poenae
476 599 612 631 militares.
633 615 665 619 —
685 601 833 636 castigatio.
854 615 887 618 —
906 609 1044 626 munerum
1063 600 1100 625 in·

257 642 352 674 dictio.
372 659 405 662 —
423 642 532 669 militiae
551 643 673 670 mutatio,
693 642 788 679 gradus
808 641 934 674 deiectio,
953 646 1003 669 etc.
1023 642 1054 668 fr.
1073 643 1098 668 3.

256 687 278 721 §.
300 688 322 712 1.
343 685 374 712 cf.
395 687 432 720 ἕξ.
452 687 476 712 5.
497 687 521 712 9.
542 687 582 711 14.
602 687 644 711 -111,
664 685 696 711 11..-
715 685 746 711 11.
766 685 800 711 M.
820 686 861 711 49.
883 686 923 711 16.

291 729 482 756 Deiector.
525 730 740 755 Extnrbator.
782 727 801 754 I.
824 729 887 762 Sy.
915 728 970 763 Qui
994 727 1098 754 deiecit.

257 770 287 798 sr.
306 774 330 799 5.
350 772 388 805 55.
407 773 432 798 3.
453 781 492 808 sq.
514 771 546 798 de
566 771 590 797 h.
612 781 654 807 qu.
674 770 756 797 deiec.
777 772 800 797 9.
820 772 844 797 3.

290 815 482 842 Deiectus.
512 813 642 847 (Pal-tic.)
679 814 710 847 §.
726 814 762 840 1.
792 816 1003 846 Prosci-atus,
1022 815 1099 840 Eie-

255 864 334 885 ctus.
371 857 390 884 I.
409 858 470 892 Sy.
498 857 621 888 Eversae.
642 856 767 883 Deiectae
787 856 939 889 (arbores).
964 856 995 883 fr.
1016 858 1056 883 19.
1076 857 1098 890 5.

258 902 280 927 l.
300 900 330 927 I'r.
350 902 391 927 59.
411 911 450 938 pr.
471 900 503 926 de
523 899 590 926 usus.
611 901 634 926 7.
654 901 677 925 1.
714 899 758 925 111.
774 901 840 927 Cn.
859 899 1010 926 Arboribus
1029 899 1100 926 evul-

256 944 303 975 sis,
322 942 365 969 vel
383 944 409 968 vi
428 948 567 969 ventorum
585 942 703 969 deiectis.
737 942 768 969 fr.
789 945 829 969 12.
848 953 888 980 pr.
913 942 944 969 cl'.
965 943 995 969 fr.
1017 944 1057 968 19.
1076 943 1098 976 5.

258 987 280 1012 l.
299 985 334 1012 ib.
355 987 377 1012 7.
400 987 422 1011 l.
459 985 488 1012 Si
511 985 632 1012 dicantur
654 986 760 1012 termini
787 985 896 1017 deiecti,
924 985 967 1012 vel
992 985 1098 1012 exarati.

256 1028 286 1055 [r.
306 1030 330 1054 4.
350 1029 371 1062 5.
392 1030 416 1054 4.
440 1028 484 1055 fin.
505 1028 613 1065 regund.
638 1030 679 1055 10.
700 1030 722 1054 1.
771 1027 840 1054 Cum
863 1028 990 1066 depressa
1015 1029 1098 1059 navis,

255 1077 299 1098 aut
319 1071 420 1098 deiecta
439 1077 517 1098 esset.
544 1072 575 1098 fr.
596 1073 619 1098 7.
645 1070 676 1097 cf.
697 1071 727 1097 fr.
747 1072 771 1097 3.
796 1070 828 1097 de
847 1070 876 1098 L.
896 1071 983 1098 Rhod.
1008 1072 1049 1097 14.
1073 1072 1097 1097 2.

255 1114 332 1141 Vnde
357 1116 383 1141 in
407 1125 465 1141 eum
488 1114 577 1141 locum
600 1129 632 1133 —
657 1113 802 1146 deiectum.
826 1114 868 1140 vel
894 1114 1007 1141 effusum
1035 1113 1099 1150 quid

256 1159 312 1185 erit.
347 1158 378 1184 fr.
400 1160 422 1184 1.
443 1168 481 1195 pr.
511 1158 543 1184 cs.
563 1157 594 1184 fr.
613 1159 637 1183 5.
662 1157 743 1190 551.
764 1167 823 1193 sqq.
851 1157 882 1183 fr.
903 1158 926 1183 7.
952 1156 984 1183 de
1009 1155 1034 1182 11.
1055 1166 1098 1193 qu.

255 1200 337 1228 deiec.
357 1202 381 1228 9.
394 1202 418 1227 3.
456 1201 552 1237 Spicae
565 1201 591 1226 in
605 1209 691 1226 messe
705 1199 829 1231 deiectae.
850 1199 975 1233 (necdum
994 1198 1098 1232 lectae).

255 1244 286 1271 fr.
305 1246 347 1270 30.
368 1244 434 1278 5.1.
454 1242 487 1269 de
506 1242 538 1269 V.
558 1242 585 1269 S.
605 1244 646 1269 50.
667 1244 708 1268 16.
737 1258 769 1262 —
797 1244 829 1277 ἓ.
853 1244 888 1269 2.
917 1244 1099 1277 Expulsus,

255 1289 422 1322 Depulsus
443 1288 642 1321 (possessione).
680 1285 723 1312 III.
739 1287 804 1313 Cn.
830 1285 915 1312 Fundi
934 1285 1099 1312 usufructua-

255 1332 310 1357 rius
329 1330 488 1368 prohibitus,
508 1334 551 1355 aut
571 1329 696 1355 deiectus.
722 1328 753 1355 fr.
773 1330 814 1354 60.
834 1338 874 1365 pr.
895 1328 927 1354 dc
946 1328 1015 1355 usus.
1037 1330 1060 1354 7.
1075 1330 1097 1355 l.

255 1373 292 1400 Vt
310 1375 463 1400 restituatur
483 1373 505 1399 ci
524 1373 675 1409 possessio.
702 1372 747 1408 qui
770 1372 796 1397 vi
821 1370 940 1398 deiectus
960 1376 1008 1398 est.
1040 1370 1097 1398 Gai.

255 1415 300 1443 [V.
321 1418 378 1443 162.
399 1415 430 1442 cf.
451 1417 509 1441 154.
545 1414 584 1447 Is,
604 1416 649 1452 qui
668 1415 771 1442 deiecit.
798 1430 831 1433 —
854 1413 894 1447 Is,
915 1415 959 1451 qui
979 1414 1097 1441 deiectus

257 1464 305 1486 est.
333 1459 370 1485 lb.
391 1458 407 1485 l.
428 1458 444 1485 l.
465 1460 522 1485 154.

290 1502 494 1533 ”eierare,
516 1511 537 1528 S.
556 1501 758 1529 Deiurare.
796 1502 1022 1528 Inreiurando
1046 1502 1098 1527 ab·

256 1556 388 1581 negare,
409 1556 428 1572 s.
446 1546 640 1579 protestari.
678 1544 696 1570 l.
715 1545 778 1578 Sy.
805 1543 907 1576 1urare,
926 1543 1097 1570 Iureiurando

257 1587 386 1615 decidere.
418 1587 448 1614 fr.
467 1589 510 1613 21.
535 1588 572 1621 55.
591 1589 616 1614 2.
636 1589 660 1613 4.
679 1597 738 1623 sqq.
767 1586 798 1612 fr.
817 1588 859 1613 22.
884 1586 906 1620 5.
931 1588 954 1613 4.
981 1586 1014 1613 de
1038 1596 1097 1613 nox.

257 1636 305 1658 act.
335 1633 358 1658 9.
379 1633 403 1658 4.
445 1630 488 1657 III.
511 1631 578 1658 Cn.
611 1629 639 1656 In
663 1631 705 1656 ius
729 1628 848 1661 educim,
873 1639 1021 1666 nomenque
1041 1630 1097 1656 eius

256 1674 372 1706 deserto,
397 1675 434 1700 sei
458 1673 617 1700 deiuraverit
641 1672 786 1699 calumniae.
804 1682 882 1699 causa
900 1682 953 1698 non
973 1677 1022 1698 etc.
1053 1671 1096 1698 Fr.

256 1716 286 1744 L.
307 1717 402 1744 Servil.
423 1727 444 1744 c.
464 1720 487 1743 8.

290 1761 480 1788 Deficere.
509 1760 586 1793 §.l-
612 1760 736 1790 lacere,
756 1759 935 1789 Proiicere.
955 1760 1096 1790 Eiicere,

257 1804 428 1830 Disiicere.
465 1803 483 1829 I.
504 1804 565 1837 Sy.
594 1801 771 1838 Praecipitare
791 1801 834 1834 (iu
854 1799 997 1833 Tiberim).
1022 1800 1053 1827 fr.
1073 1802 1096 1827 7.

257 1847 280 1880 5.
301 1848 324 1873 7.
343 1846 374 1873 ad
393 1846 422 1873 L.
442 1847 510 1882 Aqu.
530 1848 554 1872 9.
573 1847 598 1872 2.
618 1845 649 1872 l'r.
670 1846 710 1871 17.
730 1844 767 1878 55.
786 1846 811 1870 4.
831 1845 854 1870 6.
880 1843 913 1870 de
932 1843 998 1870 Aed.
1019 1843 1096 1870 edict.

257 1891 300 1915 21.
321 1891 343 1915 l.
379 1889 509 1915 Excidere
527 1888 670 1921 (arbores).
695 1887 725 1913 fr.
747 1888 787 1913 13.
807 1887 829 1920 5.
848 1888 872 1913 4.
893 1886 926 1913 de
946 1887 1013 1914 usus.
1035 1889 1057 1913 7.
1074 1888 1096 1913 l.

257 1931 289 1959 fr.
308 1933 333 1958 2.
352 1933 375 1958 si
395 1932 476 1958 usust‘.
497 1936 549 1968 pet.
569 1933 593 1957 7.
612 1932 636 1957 6.
674 1930 794 1957 Diruere.
819 1930 863 1962 (cf.
882 1929 907 1956 h.
927 1931 965 1963 v.)
1002 1930 1098 1956 Demo-

258 1974 314 2007 liri,
333 1974 486 2012 quncre,
512 1974 655 2001 Destruere
679 1974 863 2007 (monumenta
883 1974 958 2006 etc.).
991 1973 1040 2000 Th.
1065 1972 1096 2000 C.

258 2017 304 2044 lx.
325 2019 364 2043 17.
386 2028 407 2044 c.
429 2019 451 2044 1.
472 2028 530 2054 sqq.
551 2017 583 2044 de
602 2016 702 2054 sepulc.
722 2015 784 2042 viol.
826 2015 869 2042 III.
896 2017 962 2043 Cn.
994 2016 1023 2042 Si
1041 2015 1098 2053 plu—

258 2071 302 2087 res
320 2060 420 2087 trabem
440 2060 590 2088 deiecerint.
611 2065 636 2086 ct
655 2059 786 2086 hominem
800 2059 990 2096 oppresserint.
1011 2058 1041 2085 fr.
1058 2060 1096 2085 11.

259 2104 281 2137 5.
301 2105 325 2130 4.
345 2103 376 2130 cf.
396 2104 426 2130 [ι’.
447 2105 470 2130 7.
490 2104 512 2138 5.
531 2106 555 2130 2,
576 2103 608 2130 ad
627 2102 656 2129 L.
676 2103 745 2139 Aqu.
765 2104 788 2129 9.
808 2104 833 2128 2.
875 2101 985 2128 Putator
1009 2111 1041 2127 ex
1060 2111 1098 2127 ar-

259 2146 323 2172 bore
342 2157 439 2173 ramum
458 2157 516 2173 cunt
535 2146 668 2173 deiiceret.
692 2146 723 2172 fr.
737 2147 778 2172 31.
799 2145 833 2172 111.
853 2147 877 2171 9.
892 2146 917 2171 2.
955 2144 985 2171 Si
1004 2160 1037 2164 —
1056 2154 1099 2170 ve-

259 2188 407 2216 hementius
426 2190 484 2226 quis
504 2189 556 2226 pila
576 2199 715 2227 percussa,
739 2190 765 2215 111
789 2189 906 2215 tonsoris
931 2197 1023 2214 manus
1043 2197 1098 2213 eam

260 2232 393 2259 deiecerit.
419 2232 448 2258 sr.
471 2234 509 2259 11.
530 2243 568 2269 pr.
593 2233 627 2259 ib.
647 2235 671 2259 9.
691 2234 716 2259 2.
758 2233 812 2267 Qui
835 2241 882 2269 per
900 2232 953 2257 vim
972 2231 1099 2256 terminos

261 2275 399 2307 deiecerit,
422 2275 463 2301 wt
488 2277 622 2302 amoverit.
654 2274 727 2301 Paul.
747 2274 766 2301 I.
792 2276 832 2301 16.
856 2275 877 2308 5.
899 2276 921 2300 l.
960 2273 1098 2305 viridaria,

260 2318 303 2345 vel
321 2319 489 2355 gestationi-S,
509 2318 551 2344 vel
565 2318 791 2344 deambulationes
811 2334 842 2337 —
862 2327 914 2343 non
930 2316 1038 2343 debebit
1057 2316 1100 2343 de-

261 2362 348 2393 iicere,
368 2366 396 2388 ut
414 2360 480 2387 forte
499 2360 590 2387 hortos
610 2360 730 2386 olitorios
750 2360 834 2387 saciat.
861 2359 891 2386 fr.
907 2361 946 2385 13.
966 2360 1004 2393 55.
1019 2361 1044 2385 4.
1058 2369 1097 2396 sq.

262 2404 295 2431 de
314 2404 382 2431 usut'.
402 2406 424 2430 7.
447 2406 469 2430 l.
507 2404 623 2430 Arbores
644 2404 764 2435 deiicere.
784 2408 828 2429 aut
846 2402 994 2429 aedilicium
1013 2402 1100 2428 demo-

261 2446 312 2474 liri.
341 2447 371 2474 I'r.
390 2449 414 2474 2.
439 2448 462 2473 si
481 2446 563 2473 usust'.
584 2448 606 2472 7.
627 2448 650 2472 6.
691 2446 819 2482 Agger-em
845 2462 877 2465 —
896 2446 937 2471 vis
957 2455 1038 2481 aquae
1056 2445 1099 2471 de-

262 2491 331 2517 iecit.
359 2491 389 2517 fr.
407 2492 432 2516 2.
452 2490 473 2524 5.
493 2492 516 2516 5.
537 2489 569 2516 de
587 2499 654 2525 aqua
673 2494 697 2515 et
717 2499 774 2525 aqu.
794 2488 830 2526 pl.
849 2489 891 2515 39.
909 2490 934 2514 3.
954 2503 987 2507 -—
1011 2488 1042 2521 ξ.
1061 2489 1097 2514 2.
1120 2493 1121 2511 1

262 2534 458 2565 Deturbare,
490 2534 664 2567 Expellere
694 2533 936 2566 (possessione).
986 2530 1005 2557 1.
1035 2532 1098 2565 Sy.

262 2575 402 2612 Expellere
421 2577 479 2609 (vi).
499 2575 530 2602 fr.
544 2577 567 2602 4.
587 2575 624 2609 55.
643 2576 685 2601 22.
705 2584 744 2610 sq.
764 2574 797 2600 de
815 2584 904 2611 usurp.
924 2575 965 2600 41.
985 2575 1009 2600 3.
1046 2573 1098 2600 De-

264 2618 356 2644 cedere
374 2619 464 2645 iubere
482 2618 616 2655 (aliquem.
636 2616 668 2644 de
680 2617 872 2654 possessione).
908 2616 1030 2643 Deiicerc
1049 2617 1098 2650 (111-

265 2660 376 2686 terdicto
395 2661 523 2695 reddito).
556 2661 586 2688 fr.
607 2663 647 2688 15.
671 2661 693 2695 5.
712 2661 753 2686 23.
779 2659 810 2686 (18
834 2659 917 2686 damn.
943 2660 987 2686 inf.
1012 2661 1054 2687 39.
1073 2662 1097 2686 2.

264 2702 295 2730 sr.
315 2705 339 2729 5.
363 2703 399 2736 55.
419 2707 443 2730 2.
463 2714 502 2741 sq.
529 2715 561 2731 ex
585 2714 628 2741 qu.
653 2714 674 2730 c.
694 2704 720 2730 in
738 2712 810 2740 poss
835 2704 875 2728 42.
896 2704 919 2728 4.
949 2702 979 2729 fr.
999 2704 1040 2729 40.
1066 2702 1098 2729 dc

264 2745 343 2772 solut.
363 2748 402 2772 46.
421 2748 445 2773 3.
486 2747 529 2774 III.
550 2749 615 2775 οη.
643 2747 697 2782 Qui
721 2755 797 2783 quem
820 2746 924 2771 armatis
948 2745 1098 2772 hominibus

264 2789 442 2826 possessione.
462 2790 547 2822 domo,
565 2789 635 2822 vilia.
649 2799 743 2825 agrove
757 2788 889 2819 deiecerit,
903 2790 1098 2825 expugnaverit,

265 2831 411 2864 obsederit,
440 2831 548 2859 cluserit.
570 2838 618 2859 ete.
651 2832 723 2859 Paul.
747 2831 779 2859 V.
798 2832 840 2858 26.
864 2831 887 2865 5.
905 2832 930 2857 3.
972 2830 1002 2858 81
1020 2832 1098 2858 armis

1084 172 1169 203 DEI.

1144 265 1202 282 eum
1220 255 1247 281 vi
1266 253 1414 282 deiecerim.
1444 255 1500 282 Gai.
1515 254 1559 282 lv.
1575 257 1632 282 155.
1669 255 1840 284 Interdictum
1859 273 1892 277 -
1911 256 1988 284 Vnde

1144 302 1172 324 tu
1191 296 1266 324 illum
1289 298 1315 323 vi
1341 297 1468 325 deiecisti.
1503 297 1540 324 Ib.
1563 299 1620 324 154.
1650 297 1680 324 fr.
1702 300 1724 325 1.
1749 309 1789 336 pr.
1815 299 1847 327 de
1871 301 1897 326 vi
1916 305 1942 326 et
1960 301 1987 327 vi

1145 350 1207 367 arm.
1226 341 1268 366 43.
1284 341 1324 366 16.
1362 340 1417 376 Qui
1436 340 1468 367 de
1487 342 1668 378 possessione.
1687 351 1712 367 v.
1732 341 1800 374 solo,
1820 342 1986 370 deiiciuntur.

1145 383 1175 410 sr.
1191 385 1213 410 1.
1233 383 1271 417 55
1282 384 1306 409 3.
1321 393 1380 419 sqq.
1400 383 1434 409 ib.
1454 385 1495 410 43.
1511 385 1551 410 16.
1589 384 1643 419 Qui
1657 383 1735 411 deiici
1753 394 1807 411 non
1827 386 1987 422 exspectavi,

1145 425 1193 452 sed
1210 425 1323 463 profugi.
1353 425 1383 452 sr.
1403 427 1427 452 9.
1447 436 1486 463 pr.
1513 426 1565 462 Qu.
1584 432 1645 453 met.
1666 437 1688 453 c.
1707 429 1731 454 4.
1750 429 1775 454 2.
1813 427 1867 463 Qui
1885 427 1988 454 manda—

1144 470 1191 501 vit,
1210 468 1253 495 vel
1271 469 1349 495 iussit
1368 474 1396 495 ut
1416 468 1511 505 aliquis
1531 469 1696 496 deiiceretur.
1721 470 1752 496 fr.
1773 472 1795 497 l.
1815 471 1838 505 5.
1854 472 1893 496 12.
1913 470 1946 497 de
1960 471 1987 498 vi

1145 517 1171 538 et
1189 512 1215 538 vi
1235 521 1297 538 arm.
1317 513 1358 538 43.
1381 512 1420 538 16.
1441 527 1474 531 —
1493 512 1524 545 §.
1543 513 1581 538 3.
1611 515 1789 547 Superare,
1810 514 1986 540 Dehellare.

1144 554 1186 581 111.
1207 556 1273 582 Cn.
1304 553 1355 581 Per
1378 555 1465 592 ipsum
1489 555 1543 587 (sc.
1563 555 1659 588 deum)
1685 556 1871 583 acerbissimos
1895 556 1988 583 hostes

1144 613 1177 618 -
1197 597 1348 624 deiecimus.
1378 607 1400 624 c.
1418 600 1443 624 2.
1464 607 1503 635 pr.
1524 597 1556 624 de
1575 598 1618 625 ofl'.
1639 598 1691 625 Pri.
1711 598 1753 626 Pr.
1773 598 1830 625 Ast.
1851 601 1872 625 l.
1892 600 1935 626 27.
1953 614 1988 618 —

1145 641 1175 673 ἓ.
1193 641 1232 667 4.
1265 642 1430 673 Reiicere,
1450 642 1643 668 Excludere.
1683 641 1698 668 1.
1721 643 1783 676 Sy.
1807 641 1919 674 Pellere,
1937 641 1988 668 Re-

1143 685 1223 710 iicere
1242 682 1364 716 (militia,
1388 693 1412 709 v.
1437 682 1545 719 gradu).
1576 683 1608 710 fr.
1627 685 1651 710 3.
1676 685 1714 719 55.
1737 687 1759 711 l.
1778 686 1802 712 9.
1824 686 1864 711 14.
1885 686 1925 712 18.
1943 685 1986 711 20.

1144 726 1176 753 (18
1195 726 1227 752 R.
1248 726 1282 753 M.
1302 727 1344 752 49.
1365 726 1405 752 16.

1120 772 1122 782 ⁴
1178 769 1379 802 DeincePS.
1403 768 1516 802 (Advb.)
1545 769 1576 803 ξ.
1593 770 1628 796 1.
1659 771 1718 796 Per
1736 771 1986 802 successionem,
2007 759 2020 772 ⁶

1145 813 1314 839 Continue.
1350 811 1369 838 I.
1384 813 1447 846 Sy.
1474 811 1557 839 Vltra.
1583 812 1614 838 fr.
1628 814 1651 839 2.
1672 813 1694 847 5.
1708 814 1733 839 3.
1752 814 1805 848 Qu.
1824 812 1916 839 satisd.
1931 822 1987 849 cog.

1120 849 1122 852 ¹
1143 856 1167 881 2.
1187 856 1211 881 8.
1237 855 1267 881 fr.
1287 856 1328 881 50.
1349 865 1388 891 sq.
1409 855 1441 881 de
1460 854 1492 881 V.
1512 855 1540 881 S.
1560 857 1601 882 50.
1623 856 1663 882 16.
1699 855 1812 882 Deinde.
1843 855 1913 883 Cotl.
1932 854 1986 882 LL.

1143 897 1177 924 M.
1196 897 1268 924 XVI.
1287 899 1312 924 3.
1347 897 1390 924 111.
1405 899 1471 926 Gn.
1499 897 1648 931 Secundus,
1667 898 1711 925 rel
1724 899 1827 931 tertius,
1845 898 1888 925 rel
1902 898 1987 925 deinc.

1144 951 1166 967 c.
1188 943 1227 967 15.
1252 941 1273 974 5.
1293 942 1318 967 6.
1343 940 1376 967 de
1394 945 1496 967 testam.
1515 951 1582 968 man.
1607 943 1630 968 7.
1649 944 1673 968 2.
1711 940 1839 978 Nepotes,
1858 946 1884 968 et
1902 941 1987 968 deinc.

1143 983 1293 1010 ulteriores
1322 982 1407 1010 Vatic.
1427 984 1450 1017 5.
1468 985 1528 1011 321.
1548 984 1581 1011 cf.
1600 984 1631 1011 fr.
1650 986 1675 1011 3.
1694 984 1716 1018 5.
1738 986 1778 1010 10.
1798 984 1831 1011 de
1849 984 1920 1021 legit.
1938 989 1987 1011 tut.

1143 1027 1184 1052 26.
1204 1027 1228 1052 4.
1265 1026 1300 1052 Et
1324 1026 1408 1053 deinc.
1432 1031 1489 1053 tota
1513 1028 1656 1054 successio.
1689 1027 1762 1054 Paul.
1784 1026 1828 1054 IV.
1853 1028 1878 1054 8.
1903 1028 1925 1062 5.
1946 1028 1986 1054 13.

1142 1069 1177 1096 Et
1196 1068 1282 1096 deinc.
1302 1070 1405 1096 caeteri.
1435 1069 1492 1096 Gai.
1511 1069 1542 1097 11.
1562 1072 1620 1097 156.
1640 1070 1673 1097 cs.
1694 1072 1751 1097 174.
1771 1071 1829 1096 176.
1849 1070 1892 1097 III.
1911 1072 1936 1097 2.
1955 1069 1987 1097 fr.

1144 1113 1168 1138 6.
1189 1112 1212 1146 5.
1234 1114 1256 1138 l.
1282 1111 1315 1139 de
1340 1112 1429 1139 hered.
1455 1113 1516 1139 inst.
1539 1114 1582 1139 28.
1602 1115 1626 1140 5.
1666 1113 1708 1140 Ex
1731 1123 1761 1139 ea
1784 1113 1827 1139 die
1849 1129 1882 1133 —
1902 1112 1987 1139 deinc.

1144 1155 1266 1182 omnibus
1286 1155 1461 1182 sessionibus.
1490 1154 1574 1182 Yatic.
1593 1156 1614 1190 5.
1630 1158 1688 1183 161.
1724 1156 1759 1183 Et
1777 1155 1862 1182 deinc.
1875 1165 1924 1193 per
1936 1157 1989 1182 sin—

1143 1198 1217 1235 gulas
1237 1199 1389 1236 pensiones.
1414 1198 1444 1225 fr.
1466 1200 1506 1225 12.
1526 1199 1558 1225 de
1577 1208 1648 1225 usur.
1667 1201 1709 1225 22.
1730 1201 1752 1226 l.
1772 1215 1806 1219 —
1826 1199 1857 1232 §.
1877 1200 1913 1226 2.
1938 1200 1987 1226 Ex

1143 1243 1290 1273 ratione,
1316 1252 1339 1268 r.
1357 1244 1595 1276 consequentia.
1636 1241 1672 1267 111
1703 1243 1769 1269 Cn.
1797 1241 1878 1278 Igitur
1897 1241 1988 1268 obser-

1143 1284 1258 1311 vandum
1278 1284 1404 1322 deinceps
1424 1286 1482 1316 erit,
1502 1289 1529 1311 ut
1545 1289 1593 1311 etc.
1621 1283 1707 1311 vatic.
1726 1285 1748 1318 5.
1769 1286 1827 1311 155.
1862 1283 1988 1311 Nihilre-

1142 1327 1202 1360 fert,
1223 1333 1310 1354 utrum
1329 1333 1378 1355 etc.
1398 1344 1431 1347 —
1451 1332 1477 1354 et
1502 1327 1628 1365 deinceps
1652 1332 1701 1354 etc.
1726 1327 1756 1354 fr.
1776 1328 1818 1354 98.
1837 1337 1877 1364 pr.
1902 1327 1935 1354 de
1953 1326 1987 1354 V.

1143 1371 1170 1398 S.
1191 1373 1233 1398 50.
1254 1373 1295 1398 16.
1316 1387 1349 1391 —
1375 1371 1406 1404 ξ.
1429 1372 1467 1398 3.
1496 1373 1629 1402 Postea,
1651 1371 1779 1397 Deinde.
1816 1370 1836 1397 I.
1855 1371 1918 1405 Sy.
1945 1369 1988 1397 De

1143 1419 1254 1441 caetero.
1284 1414 1326 1441 Cr.
1351 1425 1376 1441 V.
1396 1414 1521 1446 Caetera,
1545 1423 1566 1440 s.
1588 1413 1736 1440 Caeterum.
1762 1414 1784 1447 5.
1804 1415 1829 1440 3.
1874 1413 1987 1440 Deinde.

1143 1457 1193 1484 Th.
1209 1457 1241 1484 C.
1254 1457 1326 1484 XIV.
1342 1459 1382 1483 15.
1402 1467 1423 1484 c.
1438 1458 1462 1484 6.
1482 1457 1515 1484 de
1534 1467 1590 1483 can.
1605 1456 1680 1483 frum.
1695 1456 1752 1483 urb.
1765 1456 1842 1483 Rom.
1872 1455 1904 1483 II.
1919 1458 1988 1491 Op·

1142 1500 1276 1527 Protinus.
1304 1500 1342 1527 Ib.
1361 1500 1407 1527 XI.
1428 1502 1451 1527 l.
1476 1511 1498 1527 c.
1518 1501 1559 1527 18.
1584 1499 1617 1526 de
1641 1509 1736 1525 annon.
1760 1504 1786 1525 et
1810 1499 1901 1526 tribut.
1944 1499 1988 1526 De

1141 1544 1293 1580 praeterito.
1321 1542 1359 1570 Ib.
1378 1543 1412 1570 X.
1432 1545 1456 1570 8.
1477 1553 1498 1570 c.
1519 1544 1543 1569 4.
1564 1542 1596 1569 de
1615 1543 1676 1569 bon.
1696 1552 1753 1568 vac.

1176 1586 1338 1613 Deinde.
1358 1586 1481 1620 (Advb.)
1518 1586 1549 1619 ξ.
1564 1587 1598 1612 1.
1628 1587 1782 1619 Tempore
1800 1587 1986 1612 interiecto.

1141 1629 1159 1655 I.
1179 1630 1237 1664 Sy.
1270 1628 1373 1655 Postea.
1403 1629 1460 1655 Gai.
1480 1628 1499 1655 I.
1520 1631 1560 1655 13.
1584 1628 1615 1655 Π.
1636 1629 1694 1654 198.
1724 1627 1786 1664 Wp.
1805 1627 1824 1654 I.
1845 1629 1885 1654 11.
1910 1627 1941 1654 fr.
1961 1630 1986 1654 2.

1142 1672 1180 1706 55.
1202 1674 1224 1698 l.
1244 1681 1303 1708 sqq.
1324 1673 1365 1698 ll.
1379 1682 1438 1708 sqq.
1461 1673 1500 1697 14.
1517 1681 1575 1708 sqq.
1597 1670 1629 1697 de
1643 1670 1709 1697 0.1.
1730 1672 1753 1696 1.
1767 1672 1792 1696 2.
1828 1670 1898 1697 Mox.
1918 1670 1948 1697 fr.
1961 1672 1986 1697 2.

1142 1715 1163 1749 5.
1183 1716 1225 1741 32.
1245 1715 1280 1741 ib.
1307 1716 1330 1741 l.
1348 1717 1373 1741 2.
1408 1714 1521 1749 1101».
1546 1714 1633 1745 Initio,
1654 1729 1687 1733 —-
1706 1712 1819 1744 Deinde,
1839 1729 1872 1733 —
1892 1712 1988 1740 Novis-

1142 1759 1215 1784 sime.
1248 1757 1278 1784 sr.
1297 1760 1322 1784 2.
1346 1758 1384 1792 55
1407 1759 1428 1784 l.
1448 1767 1507 1794 sqq.
1529 1759 1569 1783 11.
1589 1766 1649 1793 sqq.
1671 1758 1711 1783 14.
1731 1766 1790 1793 sqq.
1810 1755 1828 1782 l.
1847 1755 1865 1782 l.
1906 1755 1988 1794 Apud.

1141 1802 1309 1827 vetustiores.
1329 1817 1361 1821 —
1380 1800 1485 1827 Deinde
1502 1800 1537 1826 D.
1556 1800 1692 1836 Augustus
1713 1804 1763 1825 etc.
1792 1798 1822 1825 sr.
1843 1800 1867 1825 1.
1888 1798 1922 1825 de
1940 1798 1986 1826 off.

1142 1844 1194 1871 Prs.
1218 1843 1293 1880 Vigg.
1318 1845 1341 1871 l.
1366 1846 1406 1870 15.
1452 1842 1495 1869 111.
1523 1844 1588 1871 Gn.
1626 1842 1691 1869 Post
1716 1841 1820 1868 deiude.
1849 1841 1906 1868 Frr.
1926 1841 1985 1868 XII.

1143 1887 1226 1914 Tabb.
1246 1887 1288 1913 III.
1308 1889 1333 1913 2.
1356 1886 1387 1913 fr.
1406 1888 1432 1913 2.
1452 1887 1490 1920 55.
1511 1887 1551 1912 17.
1570 1888 1612 1912 32.
1633 1885 1665 1912 de
1685 1885 1718 1911 Ο.
1738 1884 1757 1911 I.
1779 1886 1802 1912 l.
1821 1887 1845 1912 ’2.
1881 1883 1986 1911 Deinde

1141 1935 1216 1968 post,
1236 1941 1257 1957 s.
1277 1935 1379 1967 postea.
1398 1941 1423 1957 v.
1442 1934 1623 1967 posteaquam.
1653 1927 1711 1955 Gai.
1731 1927 1762 1954 11.
1781 1930 1823 1954 24.
1839 1928 1895 1954 198.
1916 1926 1946 1953 sr.
1959 1928 1984 1952 5.

1142 1975 1164 2008 5.
1183 1976 1207 2000 3.
1228 1973 1260 2000 de
1279 1978 1349 2000 statu
1368 1973 1438 2000 hom.
1465 1975 1488 1999 1.
1507 1974 1532 1998 5.
1575 1970 1652 1998 Tunc
1671 1970 1774 1997 deinde.
1806 1970 1837 1996 sr.
1858 1971 1898 1996 11.
1917 1969 1984 2003 5.1.

1143 2018 1194 2052 Qu.
1213 2018 1310 2054 potior.
1329 2018 1372 2042 20.
1391 2018 1415 2042 4.
1435 2015 1466 2042 fr.
1485 2016 1527 2042 69.
1547 2014 1579 2041 de
1598 2014 1629 2040 Α.
1648 2023 1673 2039 v.
1693 2013 1727 2039 Ο.
1747 2012 1778 2039 Η.
1802 2014 1844 2039 29.
1863 2013 1887 2038 2.
1930 2011 1985 2038 Ad-

1142 2059 1266 2086 hibentur
1285 2074 1317 2078 —
1337 2063 1432 2090 testes,
1452 2073 1485 2077 —
1505 2056 1600 2083 deinde.
1619 2057 1655 2087 is,
1678 2071 1710 2075 ——
1731 2055 1826 2082 deiude
1845 2059 1894 2081 etc.
1926 2054 1984 2081 Gai.

1142 2102 1184 2128 Ill.
1206 2104 1263 2128 174.
1283 2101 1327 2128 IV.
1348 2103 1388 2127 15.
1409 2110 1467 2137 sqq.
1506 2098 1586 2136 Quod
1606 2108 1658 2125 nou
1677 2099 1778 2124 ratione
1797 2097 1984 2130 introductum,

1143 2161 1175 2165 —
1195 2144 1290 2171 deinde
1309 2143 1501 2171 consuetudine
1525 2142 1662 2169 obtentum
1686 2146 1734 2167 est.
1763 2140 1793 2167 sr.
1812 2142 1854 2167 39.
1879 2140 1912 2167 de
1930 2140 1984 2168 LL.

1144 2190 1166 2215 1.
1185 2189 1209 2214 3.
1248 2188 1301 2223 Qui
1321 2186 1453 2223 quondam
1472 2201 1505 2206 -
1528 2189 1722 2223 pugnaverunt,
1748 2183 1843 2210 deiude.
1865 2184 1931 2210 victi
1955 2193 1984 2210 se

1144 2231 1309 2258 dediderunt.
1338 2230 1395 2256 Gai.
1414 2229 1434 2256 1.
1455 2230 1496 2255 14.
1521 2244 1554 2248 —
1583 2228 1613 2261 ξ.
1633 2229 1669 2254 2.
1702 2228 1792 2259 Tum,
1813 2228 1983 2261 Deinceps.

1144 2275 1161 2301 l.
1185 2276 1246 2309 Sy.
1274 2273 1418 2309 Deinceps.
1449 2271 1481 2299 cf.
1500 2271 1526 2298 h.
1545 2281 1569 2297 v.
1594 2271 1658 2304 5.1.
1695 2269 1738 2296 111.
1760 2272 1825 2298 Cn.
1856 2269 1940 2301 Ante,
1957 2279 1983 2296 v.

1143 2317 1228 2344 Prius.
1248 2333 1281 2336 —
1301 2316 1346 2342 Sic
1366 2315 1468 2342 deinde.
1498 2314 1528 2340 l'r.
1547 2315 1588 2340 31.
1607 2323 1647 2350 pr.
1668 2312 1701 2339 de
1719 2312 1791 2348 relig-⁷.
1813 2314 1853 2339 11.
1873 2315 1896 2339 7.
1916 2312 1947 2339 sr.
1960 2314 1983 2339 1.

1143 2371 1183 2397 pr.
1204 2360 1236 2386 de
1255 2358 1341 2396 pecul.
1363 2360 1403 2384 15.
1424 2360 1446 2384 l.
1483 2357 1514 2383 Ei
1533 2357 1654 2394 primitus
1675 2356 1821 2388 (incumbat
1840 2355 1984 2392 probatio),

1144 2419 1176 2422 —
1196 2402 1291 2430 deinde
1311 2403 1333 2428 ei
1353 2406 1402 2427 etc.
1436 2410 1457 2427 c.
1476 2401 1518 2426 24.
1534 2396 1575 2425 'de
1598 2398 1627 2425 L.
1653 2398 1734 2425 Corn.
1759 2397 1791 2424 de
1815 2398 1873 2424 sals.
1897 2400 1921 2425 9.
1940 2400 1983 2425 22.

1120 2451 1121 2454 ’
1144 2445 1266 2477 Primum.
1287 2460 1319 2464 -
1338 2443 1441 2473 deinde,
1460 2458 1493 2462 —
1512 2446 1582 2468 tuuc.
1602 2445 1639 2475 (v.
1659 2446 1684 2467 et
1701 2440 1842 2477 aliquando
1856 2441 1982 2478 quoqne).

1144 2488 1201 2514 Gai.
1225 2487 1267 2514 Ill.
1286 2488 1327 2513 63.
1360 2485 1432 2512 Paul.
1451 2484 1495 2511 lv.
1520 2488 1544 2511 8.
1570 2485 1591 2518 5.
1611 2486 1635 2511 3.
1677 2484 1806 2515 Primum,
1830 2499 1862 2503 —-
1885 2483 1983 2510 Secun-

1143 2530 1217 2562 dum.
1238 2546 1270 2549 —
1290 2528 1417 2560 Tertium,
1437 2544 1469 2548 —-
1490 2528 1600 2555 Deinde.
1621 2527 1651 2554 fr.
1667 2529 1688 2553 l.
1704 2527 1725 2561 5.
1739 2529 1760 2553 l.
1780 2528 1803 2553 si
1817 2526 1869 2553 tab.
1881 2531 1981 2553 testam.

1143 2573 1207 2600 null.
1226 2574 1268 2599 38.
1287 2574 1311 2598 6.
1348 2571 1433 2598 Prima
1452 2581 1529 2597 causa
1548 2571 1686 2603 (heredum
1700 2569 1762 2602 ete.)
1781 2585 1814 2589 —
1834 2568 1929 2596 deinde
1945 2567 1981 2596 le-

1143 2617 1307 2653 gatariorum.
1328 2614 1385 2641 Gai.
1405 2614 1435 2640 ll.
1449 2616 1507 2640 207.
1533 2614 1564 2641 cs.
1580 2613 1621 2640 Fr.
1636 2613 1728 2639 Sabini
1747 2612 1826 2639 Leti.
1844 2612 1896 2649 Ap.
1911 2609 1979 2637 Gell.

1143 2659 1174 2686 V.
1195 2661 1235 2685 13.
1271 2657 1342 2684 Inter
1360 2667 1423 2683 suos
1442 2658 1551 2683 veniunt
1574 2661 1697 2693 nepoteS,
1721 2660 1828 2692 neptes,
1851 2662 1981 2691 pronepo-

1144 2707 1197 2733 tes,
1216 2705 1374 2739 proneptes,
1397 2710 1427 2726 ac
1450 2699 1546 2726 deinde
1570 2697 1715 2725 masculino
1735 2708 1800 2724 sexu
1818 2701 1880 2734 post
1896 2695 1981 2722 fiIIum

1143 2743 1343 2771 descendentes.
1371 2742 1443 2769 Paul.
1457 2742 1501 2769 IV.
1521 2744 1545 2769 8.
1564 2743 1586 2776 5.
1600 2743 1624 2768 8.
1643 2757 1676 2761 —
1695 2742 1726 2775 §.
1740 2742 1778 2768 3.
1807 2741 1891 2767 Inde.
1919 2740 1980 2765 Per

1142 2787 1412 2821 consequentiam.
1449 2785 1492 2812 111.
1507 2786 1572 2813 Gn·
1602 2784 1690 2815 Certe,
1710 2799 1743 2803 —-
1762 2781 1856 2810 deinde
1875 2786 1923 2807 etc.
1948 2780 1978 2808 fr.

1144 2832 1166 2857 1.
1186 2829 1219 2856 de
1237 2829 1270 2856 0.
1290 2828 1308 2855 I.
1330 2830 1352 2855 l.
1371 2830 1396 2854 2.
1433 2828 1512 2860 Nam,
1536 2843 1569 2847 —
1587 2825 1682 2853 deinde
1702 2830 1750 2853 etc.
1782 2823 1839 2851 Gai.
1858 2823 1900 2850 IH.
1921 2825 1978 2851 193.
