2197 3121
1001 150 1098 181 LEG.

187 238 216 265 fr.
235 239 276 264 35.
298 247 338 274 pr.
359 248 391 264 ex
412 248 454 274 qu.
476 248 496 264 c.
516 238 574 263 mai.
595 238 619 262 4.
638 237 662 262 6.
699 234 740 261 Ne
764 235 823 270 quis
844 242 932 259 eorum
953 242 1053 269 quem
1051 266 1052 269 Ἴ

187 296 219 300 -
238 281 264 306 in
285 279 410 307 Senatum
430 280 597 310 decuriones,
618 279 831 314 conscriptosxe,
851 276 892 311 leg
886 277 944 307 ito,
965 286 1030 301 neve
1051 290 1052 303 ;

186 323 278 359 subltg
265 324 326 350 ito.
347 334 413 350 neve
433 327 564 360 cooptato,
584 332 649 348 neve
668 320 818 347 lecitandos
839 323 936 345 curato.
963 318 1027 345 Tab.

186 365 288 392 Heracl.
309 366 353 392 lin.
375 368 415 392 11.
436 376 474 402 sq.
495 375 545 391 aer.
566 364 646 401 Neamp
673 380 704 383 —
734 364 764 396 ξ.
783 364 820 388 3.
849 364 1028 394 Ρενῖιίτενιι.

187 409 205 435 I.
225 410 286 443 Sy.
312 408 406 435 Oculis
428 409 593 445 perspicere,
618 410 702 443 (quae
727 411 788 432 suut
806 404 931 440 scripta.)
952 404 1014 430 Γι·.1
1022 425 1026 430 .

186 461 225 488 pr.
247 451 278 477 de
298 451 322 477 h.
344 461 386 488 qu.
406 453 432 477 in
452 456 552 477 testam.
573 450 623 476 del.
641 453 682 476 25.
703 452 726 475 4.
763 447 805 474 III.
826 448 891 474 Gn·
912 446 1028 473 Proscri-
1049 447 1050 475 ¹

186 494 249 521 bere
268 493 361 531 palam,
382 510 414 513 —
434 493 502 520 unde
522 493 554 519 de
572 493 651 530 plano
672 497 742 518 recte
761 490 811 526 legi
829 490 922 526 possit.
943 489 972 515 fr.
987 491 1026 515 11.

187 537 209 571 ξ.
229 538 253 563 3.
278 536 310 563 de
329 538 410 566 instit.
431 541 480 562 act.
502 537 541 561 14.
561 537 585 561 3.
624 536 676 571 Qui
696 536 730 560 ita
751 549 781 553 —
801 531 898 558 delevit
917 533 970 565 (se.
991 533 1027 558 in·
1048 544 1049 550 ι

187 580 383 612 strumentum‚)
403 584 431 605 ut
449 578 499 615 legi
519 588 572 604 non
591 579 685 615 possit.
705 577 735 603 fr.
754 577 795 601 42.
817 575 848 601 ad
868 574 897 601 L.
913 575 981 610 Aqu.
1002 576 1025 600 9.
1048 575 1050 588 ¹

187 624 212 648 2.
233 639 262 642 —
283 623 314 655 ᾖ.
327 623 366 648 4.
386 624 592 657 Praelegere.
629 620 647 646 I.
666 621 727 653 Sy.
747 617 867 644 Recitare.
886 616 1026 650 (libellos.)
1048 615 1050 621 ¹

188 664 219 691 fr.
239 666 278 690 72.
298 663 330 691 de
350 664 409 690 furt.
429 666 470 690 47.
490 666 514 690 2,
545 663 587 690 III.
609 664 674 690 Cn.
693 661 773 688 Lecta
793 665 833 686 est
851 661 877 686 in
897 660 1027 686 auditorio

189 707 291 740 (cautio
312 708 378 739 etc.)
404 706 433 733 fr.
454 708 494 732 40.
521 706 552 733 de
571 705 602 732 R.
623 705 653 732 C.
675 706 714 730 12.
736 706 757 730 l.
778 703 809 730 cf.
832 703 863 729 sr.
883 705 924 729 43.
944 702 976 729 de
995 702 1027 728 Α.

187 749 218 776 E.
233 748 264 776 V.
286 751 325 775 l9.
347 752 369 775 1.
406 749 514 776 Publice
533 749 599 775 lecta
619 747 759 781 (sententia
774 745 938 783 Principali.)
959 745 988 771 fr.
1004 747 1026 771 1.
1049 742 1051 780 l

188 792 210 825 §.
230 794 253 819 l.
273 791 305 818 de
324 792 367 818 off.
381 791 434 818 Prf.
454 792 496 819 Pr.
511 794 534 818 1.
556 793 595 818 11.
631 789 711 816 Lecta
731 788 799 826 apud
820 793 883 815 acta.
904 799 924 815 c.
945 789 967 814 4.
982 788 1027 814 fin.
1049 785 1051 821 ¹

187 834 295 870 regund.
314 835 338 861 3.
358 836 399 861 39.
1050 823 1051 838 ¹

223 878 417 911 Legibilis.
440 876 568 910 (Adiect.)
608 877 669 908 Qui
688 877 757 910 legi
773 880 888 909 potest.
926 874 944 900 I.
965 875 1027 907 Sy.
1049 873 1052 898 l

187 919 251 956 Legi
271 930 363 957 posse,
387 919 505 956 Legibile
523 928 590 945 esse.
616 918 646 944 tr.
668 920 689 944 1.
715 928 755 955 pr.
779 917 811 943 de
836 917 860 944 h.
881 927 924 954 qu.
947 918 973 943 in
993 921 1029 942 te-

188 967 262 990 stam.
283 963 333 989 del.
353 966 394 989 28.
413 966 437 989 4.

222 1007 350 1040 Legio.
394 1006 569 1033 Exercitus
594 1005 715 1038 populi
742 1005 772 1029 R.
801 1005 878 1029 ordo
906 1009 1028 1033 certus.

188 1051 331 1075 militum
356 1057 517 1075 numerum
541 1050 760 1081 complectens
783 1047 971 1082 definitum.
1009 1045 1027 1071 I.

188 1093 250 1126 Sy.
274 1092 420 1118 Exercitus.
445 1089 543 1126 Legio,
562 1089 605 1115 vel
624 1090 740 1126 legiones
761 1099 818 1115 cum
839 1089 894 1114 suis
913 1088 1026 1114 auxiliis.

189 1134 230 1160 Cf.
250 1144 273 1160 v.
293 1134 440 1160 Exercitus.
476 1132 519 1158 III.
540 1133 606 1159 Cn.
632 1131 751 1169 Corpora
775 1131 850 1169 plura
870 1147 902 1151 —
921 1132 965 1157 uui
984 1141 1028 1157 uo-

187 1177 250 1203 mini
269 1176 400 1207 subiecta,
423 1174 505 1201 veluti
525 1174 654 1212 populus,
678 1174 760 1211 legio,
779 1185 850 1210 grex.
876 1174 905 1200 fr.
925 1176 968 1200 30.
988 1183 1027 1210 pr.

187 1219 219 1245 de
238 1228 327 1255 usurp.
347 1220 388 1244 41.
408 1220 432 1244 3.
453 1218 484 1244 cs.
505 1217 535 1244 sr.
556 1219 597 1244 76.
621 1217 653 1244 de
671 1217 749 1244 indie.
769 1219 792 1243 5.
814 1219 836 1243 1.
874 1217 928 1252 Qui
948 1218 973 1243 in
993 1216 1028 1243 le·
1050 1219 1051 1222 ¹

186 1261 321 1298 gionibus,
340 1261 384 1287 vel
403 1262 429 1287 in
449 1262 564 1287 numeris
585 1260 750 1298 deputantur.
788 1260 962 1296 Legionibus,
986 1259 1028 1285 vel

188 1304 342 1331 cohortibus
363 1303 490 1340 deputari.
511 1302 561 1329 Th.
582 1303 612 1330 C.
634 1302 700 1329 Vlll.
721 1305 744 1329 7.
765 1313 785 1329 c.
808 1305 847 1329 12.
868 1303 900 1329 de
919 1303 971 1329 div.
993 1302 1028 1328 οΓ-
1049 1302 1051 1308 “

186 1348 227 1374 fic.
248 1347 304 1373 XII.
325 1349 348 1373 1.
372 1356 392 1372 c.
414 1348 453 1372 10.
479 1357 499 1372 c.
522 1348 561 1371 13.
586 1345 618 1371 (le
643 1345 776 1372 decurion.
814 1345 952 1372 X‘niversis
977 1350 1027 1371 tam
1049 1354 1050 1369 ¹

186 1389 348 1426 legionibuS.
377 1399 453 1425 quam
482 1388 698 1415 vexillationibus
723 1389 951 1420 comitatensibus,
982 1398 1028 1414 seu

187 1434 277 1460 cuneis
298 1433 465 1466 (insinuare.)
492 1431 528 1457 lb.
550 1430 581 1457 V.
603 1433 626 1458 4.
647 1442 668 1457 c.
690 1433 712 1458 l.
732 1431 764 1458 de
782 1432 844 1458 bon.
864 1432 938 1458 milit.
975 1431 1028 1467 Qui
1049 1443 1050 1448 ¹

187 1486 276 1502 eorum
296 1475 427 1512 stipendia
447 1484 515 1511 equo
535 1475 561 1500 in
579 1474 682 1510 legione
702 1476 764 1506 tri-¹1,
788 1480 832 1501 aut
850 1475 982 1512 pedestria
1002 1476 1028 1500 in

186 1518 289 1553 legione
303 1518 346 1544 Yl.
367 1518 466 1544 fecerit.
492 1517 556 1544 Tab.
570 1517 671 1543 Hei-acl.
692 1517 736 1544 lin.
758 1519 795 1543 16.
817 1528 856 1554 sq.
876 1528 926 1544 aer.
947 1517 1027 1554 Neap.
1050 1535 1051 1551 ¹

187 1561 339 1588 Praefectus
360 1560 480 1597 legionis,
500 1560 541 1586 vel
562 1560 687 1588 cohortis.
704 1560 747 1587 vel
766 1560 828 1587 alae.
849 1560 879 1587 fr.
898 1563 922 1587 2.
942 1571 982 1598 pr.
997 1560 1029 1586 de

187 1603 212 1630 h.
233 1614 275 1640 qu.
295 1609 348 1630 not.
369 1603 455 1630 inl'am.
474 1604 498 1629 3.
518 1606 542 1629 2.
562 1603 593 1629 cf.
620 1613 640 1630 c.
660 1605 701 1630 37.
722 1613 761 1640 pr.
782 1603 815 1629 de
833 1604 906 1630 inoff.
926 1609 1027 1630 testam.
1050 1614 1052 1642 ¹

187 1648 211 1672 3.
236 1648 278 1673 28.
308 1646 422 1682 Legatus
447 1645 565 1681 legionis.
595 1645 636 1673 Cf.
656 1656 680 1672 v.
699 1645 821 1683 Legatus.
846 1647 867 1681 ς’.
887 1649 911 1673 3.
948 1647 1028 1683 Legio

188 1688 309 1716 adiutrix.
331 1688 371 1715 Cf.
392 1699 415 1714 v.
431 1688 563 1715 Adiutrix.
686 1696 693 1703 ·
1050 1683 1052 1701 ¹

224 1732 485 1766 Legionarius.
506 1731 633 1765 (Adiect.)
671 1734 718 1759 Aa
735 1734 901 1766 stipendia
923 1734 1028 1766 (pede-

188 1776 297 1807 stria)
324 1780 487 1807 spectans,
511 1776 543 1800 in
568 1776 697 1809 legione
715 1777 882 1810 facienda.
924 1774 943 1800 1.
967 1775 1028 1808 Sy·

188 1816 332 1848 pedestris,
351 1816 412 1852 Leg'
397 1818 505 1842 maaria
524 1816 649 1849 (militia)
670 1817 709 1843 CI.
730 1828 754 1844 v.
768 1818 905 1854 Equester.
927 1818 948 1851 ξ,
971 1819 992 1842 1.

224 1860 447 1894 Legislator.
484 1860 515 1892 §-
532 1861 566 1886 l·
587 1862 747 1895 Rogator,
770 1863 817 1887 tel
835 1867 967 1891 auctor,
987 1862 1028 1885 Ie·
1050 1859 1052 1893 ¹

185 1904 248 1937 gis
287 1901 306 1927 I.
327 1903 388 1936 Sy.
414 1901 545 1928 Conditor
564 1902 636 1938 legis.
663 1913 683 1928 c.
703 1905 725 1928 5
750 1913 788 1939 pr.
809 1913 830 1929 c.
853 1905 891 1929 1).
911 1903 932 1936 §.
955 1894 1052 1928 1.(101

188 1944 240 1971 LL.
262 1946 284 1970 1.
306 1946 346 1970 14.
384 1944 463 1970 Lator
482 1945 523 1982 (p.
544 1955 572 1970 se
591 1946 666 1982 pos.)
690 1945 783 1972 Coust.
804 1945 854 1972 Th.
874 1945 904 1971 II.
926 1945 957 1971 de
978 1944 1027 1971 Th.

189 1987 219 2014 C.
241 1993 306 2014 auct.
326 1988 348 2021 ς’.
368 1990 391 2014 3.
412 1987 502 2020 (ch.
524 1998 548 2024 p.
570 1989 623 2020 10.)
659 1988 702 2014 III.
723 1990 789 2016 Cn.
810 1988 934 2015 Xoluisse
954 1988 1029 2024 legis-

188 2030 306 2056 latorem.
321 2046 352 2049 ——
372 2030 432 2056 ¹Non
448 2031 511 2056 satis
531 2032 557 2056 iu
577 2041 604 2056 ea
625 2041 653 2056 re
672 2030 847 2067 legislatorem
867 2030 1028 2057 voluntatem

190 2082 262 2099 suam
281 2073 369 2099 verbis
390 2074 562 2110 expressisse.
583 2073 639 2100 Gai.
654 2073 695 2099 Ill.
718 2076 757 2100 75.
778 2084 817 2110 sq.
838 2074 869 2100 cf.
884 2076 942 2100 218.
971 2074 1029 2100 Suf-
1050 2087 1052 2095 ι

190 2115 297 2152 fragium
316 2115 482 2152 legislatoris.
503 2116 533 2142 fr.
552 2118 594 2142 32.
618 2117 640 2150 ξ.
662 2118 683 2143 l.
704 2116 736 2143 de
754 2116 807 2143 LL.
832 2119 851 2142 l.
871 2118 896 2143 3.
933 2116 1028 2143 Multas
1050 2108 1052 2116 ¹

191 2158 260 2193 leges
279 2169 292 2184 a
311 2160 365 2185 suis
385 2158 513 2185 latoribus
535 2176 564 2179 -—
585 2169 665 2196 posse
690 2161 793 2195 corrigi.
821 2159 888 2186 Nov.
909 2159 966 2186 val.
986 2159 1027 2185 111.

192 2200 224 2226 de
243 2201 355 2227 invasor.
374 2201 404 2227 Π.
424 2203 448 2228 8.
469 2212 490 2228 c.
510 2204 533 2228 2.
554 2212 592 2238 pr.
614 2219 644 2222 —
676 2203 706 2236 ξ.
730 2204 765 2229 2.
795 2204 1026 2237 Inrisperitus.
1050 2201 1052 2219 ¹¹

192 2242 210 2268 1.
231 2244 292 2276 Sy·
311 2242 428 2270 Veteres.
456 2244 642 2280 Legislatores.
666 2245 775 2281 Antiqui
794 2244 879 2281 legum
899 2251 1027 2272 auctores.

193 2295 214 2311 c.
229 2287 252 2311 2.
273 2285 294 2318 ξ.
307 2286 348 2311 20.
367 2285 399 2313 de
417 2292 468 2313 vet.
489 2288 544 2314 iure
564 2287 648 2313 enucl.
664 2289 686 2313 l.
702 2289 740 2314 17.
761 2298 782 2314 c.
796 2290 819 2314 2.
834 2298 872 2325 pr.
893 2288 925 2315 dc
945 2293 1028 2315 coust.
1050 2285 1052 2307 ¹¹

191 2338 284 2364 pecuu.
305 2329 328 2353 4.
349 2329 387 2354 18.
412 2339 432 2355 c.
454 2332 492 2356 10.
513 2330 544 2356 de
564 2330 661 2367 impub.
683 2336 707 2356 et
727 2330 757 2356 al.
777 2332 801 2356 6.
820 2334 861 2357 26.
898 2331 941 2357 111.
963 2333 1028 2359 Cn.
1050 2351 1052 2366 ;

174 2372 267 2405 'Quae
287 2386 319 2389 -
343 2371 369 2396 in
393 2370 503 2399 diversis
528 2373 603 2400 libris
627 2373 826 2409 legumlatorum
849 2376 936 2411 posita
959 2379 1028 2400 sunt.

194 2423 214 2439 c.
234 2415 257 2438 2.
278 2422 315 2449 pr.
342 2412 358 2438 l.
378 2414 402 2438 4.
423 2415 462 2440 18.
503 2415 577 2450 Quae
600 2433 632 2436 —
656 2422 759 2443 veteres
784 2416 968 2452 legumlatores
993 2418 1030 2443 in·
1050 2413 1052 2437 ¹¹

193 2455 374 2481 traduxerunt.
394 2466 415 2481 c.
436 2457 475 2482 10.
495 2458 515 2490 §.
536 2461 559 2485 5.
580 2459 611 2485 de
631 2459 718 2496 adopt,
738 2463 762 2485 ὅ,
782 2461 823 2485 48,
1050 2438 1052 2457 ¹

229 2498 425 2531 hegitime.
457 2498 577 2534 (Advb.)
614 2503 645 2535 §0
670 2504 704 2529 1.
735 2505 911 2529 Secundum
930 2505 1029 2538 leges.

195 2542 300 2571 Iuste,
330 2543 531 2567 Solemniter.
571 2542 590 2568 Ι.
615 2546 676 2579 Sy.
704 2545 755 2572 Per
782 2545 864 2581 legem
893 2544 1052 2577 (l'actum.)=

194 2594 215 2609 0.
236 2585 260 2608 4.
280 2582 311 2608 ad
330 2582 358 2610 L.
374 2583 420 2609 1u1.
440 2583 472 2609 de
492 2583 571 2610 ..dun
588 2587 612 2611 9.
631 2588 653 2613 9.
690 2587 818 2620 Legitimo
839 2587 925 2614 modo.
946 2588 975 2614 fr.
990 2590 1028 2614 ι).
1051 2577 1052 2588 ¹

194 2627 216 2660 ς’.
238 2628 259 2651 1.
280 2625 312 2651 de
332 2625 397 2652 adm.
418 2630 443 2652 et
461 2627 540 2663 peric.
561 2628 602 2653 26.
622 2629 645 2654 7.
664 2629 694 2655 fr.
715 2617 741 2657 7?
757 2632 778 2665 ᾗ.
800 2633 821 2657 1.
842 2631 874 2658 de
894 2636 973 2657 curat.
993 2630 1030 2657 fu·
1050 2651 1052 2658 ,

194 2670 256 2695 rios.
269 2670 310 2694 27.
326 2670 364 2694 10.
388 2667 447 2695 Iure
466 2670 642 2701 (constituto.)
661 2670 744 2699 Vatic.
758 2673 796 2707 §§.
809 2675 868 2700 278.
888 2684 927 2710 sq.
951 2673 1028 2699 Iuste.
1050 2665 1052 2698 ¹

195 2711 237 2738 Cf.
259 2711 284 2737 h.
304 2721 327 2736 v.
356 2711 377 2744 §.
397 2713 421 2737 2.
462 2711 504 2737 III.
526 2713 591 2739 Cn.
620 2711 649 2738 Si
671 2715 756 2741 minus
780 2716 879 2753 aliquid
906 2716 1029 2752 legitime,

195 2755 314 2780 minusve
332 2755 416 2790 perite
436 2753 533 2787 fecero,
560 2764 608 2792 pro
634 2756 690 2781 iure
708 2755 822 2792 legitimo
842 2759 932 2786 haberi
951 2759 1029 2786 debet
1050 2757 1051 2767 ¹

197 2801 244 2823 ete.
269 2798 299 2823 fr.
319 2800 359 2823 ὃὸ.
380 2798 401 2830 ξ.
421 2798 461 2823 17.
485 2796 517 2823 de
541 2797 615 2833 legat.
636 2797 666 2824 II.
690 2800 764 2832 (31.)
800 2800 932 2838 Religiose
951 2807 1028 2839 atqu(²
1050 2799 1051 2824 ¹

1049 736 1050 739 Ἴ
1072 703 1118 734 lis,

1050 934 1051 949 ;
1073 919 1162 953 gitimo
1186 917 1275 943 haberi
1304 917 1382 944 debet
1405 918 1535 950 (hominis
1562 918 1618 943 sani
1642 916 1791 947 voluntas.)
1818 915 1847 941 l'r.

1049 962 1051 971 ¹
1073 961 1094 994 ᾗ.
1116 962 1158 986 17.

1050 1025 1051 1030 .
1073 1013 1209 1029 numerum
1227 1005 1334 1029 testium
1354 1003 1533 1033 adhibuerint.
1553 1013 1638 1039 neque
1657 1002 1824 1029 vendiderint
1843 1000 1915 1027 l‘ami-

1073 1046 1133 1073 liam
1154 1051 1202 1072 etc.
1230 1046 1286 1072 Gai.
1308 1046 1336 1072 lI.
1359 1047 1415 1072 109.
1453 1045 1521 1072 Intra
1545 1056 1680 1072 numerum
1705 1045 1848 1081 legitimum
1870 1044 1927 1078 (in,

1050 1089 1051 1093 ¹
1073 1094 1230 1115 testamento
1254 1089 1402 1115 libertatem
1428 1090 1589 1121 consecuti.)
1622 1088 1693 1115 Paul.
1713 1088 1757 1114 IV.
1784 1089 1806 1114 1.
1830 1087 1852 1120 ξ.
1873 1087 1914 1112 16.

1049 1134 1051 1156 ¹
1074 1132 1139 1158 Post
1159 1133 1265 1158 emerita
1284 1131 1414 1169 stipendia
1435 1131 1556 1167 legitima.
1578 1131 1662 1158 Vatic.
1682 1132 1777 1165 §.l-14.
1797 1129 1858 1166 le.
1872 1128 1914 1155 III.

1050 1811 1107 1857 ¹111.
1127 1818 1157 1845 ll.
1176 1820 1199 1844 5.
1219 1817 1249 1844 f.r
1271 1819 1311 1843 ll.
1332 1817 1361 1844 fr.
1384 1819 1422 1843 14.
1442 1818 1464 1851 ξ.
1483 1803 1507 1844 3
1528 1817 1560 1844 de
1579 1827 1694 1855 praescr.
1715 1827 1756 1843 vv.

1051 2037 1052 2042 ¹
1073 2032 1244 2064 IlonorariuS,
1265 2042 1285 2058 5.
1307 2031 1464 2058 Praetorius.
1491 2032 1531 2057 Cf.
1552 2042 1576 2058 v.
1596 2031 1758 2058 Honorarius
1778 2032 1799 2064 ξ.

1050 2241 1051 2271 ¹
1074 2246 1116 2272 off.
1141 2250 1243 2272 testam.
1268 2248 1291 2272 5.
1315 2249 1339 2272 2.

1050 2380 1051 2385 ¹
1073 2375 1103 2401 B.
1124 2374 1152 2400 P.
1171 2375 1212 2400 38.

1050 2507 1052 2534 ξ
1074 2504 1137 2529 timo
1166 2504 1222 2529 iure
1246 2502 1410 2528 definiuntur.
1443 2501 1499 2528 Gai.
1524 2502 1565 2528 III.

1852 150 1915 180 533

1051 232 1187 269 legitime
1206 232 1348 269 (copulata,
1369 243 1404 259 sc.
1424 232 1609 264 matrimonia.)
1630 230 1699 258 Coll.
1714 230 1766 257 LL.
1781 230 1814 257 M.
1832 230 1873 256 XI.
1888 232 1911 256 4.

1074 275 1220 302 Novationc
1240 275 1287 311 leg.
1308 276 1381 307 fagiel«
1401 275 1558 306 (liberantur
1571 274 1757 311 hypotlucae.)
1778 273 1807 299 sr.
1825 275 1863 298 18.
1880 273 1912 299 de

1050 323 1159 345 ¹nowat
1178 320 1219 345 46.
1239 320 1262 344 2.
1288 336 1317 339 —-
1347 319 1377 351 ξ.
1399 320 1433 345 2.
1462 319 1598 344 Dererte
1636 317 1654 343 I.
1675 318 1737 351 Sy.
1766 316 1826 353 Ipso
1846 317 1911 341 iur‹.

1050 390 1051 395 ¹
1050 338 1102 387 ¹'·.l1
1122 362 1147 387 3.
1168 362 1190 387 si
1209 361 1304 388 usussr.
1325 366 1378 398 pet.
1399 363 1420 386 7.
1440 362 1464 387 6.
1489 360 1518 386 1ι·.
1540 362 1579 387 19.
1600 370 1638 397 pr.
1664 359 1695 386 de
1715 359 1788 385 milit.
1810 363 1911 385 testam.

1050 404 1051 411 ¹
1071 406 1112 430 29.
1134 406 1156 430 1.
1193 404 1223 431 11.
1244 406 1311 438 01).
1332 403 1381 430 Per
1400 403 1640 430 fideicommissum.
1661 402 1691 429 Γπ.
1711 404 1734 429 3.
1755 402 1770 428 l.
1792 403 1814 429 7.
1834 404 1858 427 (i.

1106 448 1327 481 Legitimus.
1352 446 1481 478 (Adiect.)
1519 447 1548 478 ἕ.
1570 447 1603 473 l.
1630 447 1769 480 Legibus
1788 446 1911 471 consti-

1072 496 1177 521 tutus,
1198 492 1272 517 luri
1290 491 1486 517 conveniens.
1525 488 1544 514 I.
1568 490 1629 523 Sy.
1652 488 1693 514 Ex
1712 487 1776 523 lege.
1814 488 1912 513 Secun-

1072 532 1132 558 dum
1156 532 1295 569 legitimam
1315 532 1533 558 observationem.
1554 531 1583 557 fr.
1599 534 1640 558 35.
1661 531 1692 557 dc
1713 530 1799 557 donat.
1820 531 1864 556 int.
1879 528 1911 555 V.

1070 577 1111 601 24.
1134 577 1155 602 l.
1175 575 1205 602 fr.
1222 577 1263 602 43.
1285 574 1316 601 ad
1335 574 1364 601 L.
1384 574 1430 601 Iul.
1452 574 1484 600 de
1503 574 1582 600 adult.
1596 577 1637 600 48.
1652 576 1675 600 5.
1690 573 1721 600 cf.
1743 573 1802 610 le.
1816 571 1911 598 XXIII.

1074 620 1112 644 10.
1149 618 1231 649 Iusta.
1256 617 1379 644 Civiliter
1398 622 1491 654 nupta,
1511 616 1637 653 Legitima
1657 618 1766 649 (uxor.)
1787 616 1818 642 fr.
1836 617 1859 641 4.
1880 614 1912 641 de

1072 660 1102 686 11.
1122 660 1153 687 N.
1174 663 1214 687 23.
1233 663 1257 687 2.
1277 661 1308 687 fr.
1327 662 1369 686 28.
1389 661 1411 694 ξ.
1430 662 1454 687 3.
1475 660 1508 686 dc
1526 659 1571 686 Iib.
1592 664 1617 685 et
1637 659 1723 696 posth.
1737 662 1779 685 28.
1792 661 1816 685 2.
1841 657 1912 684 Civi-

1138 703 1265 740 Legitima
1285 704 1448 739 (cognatio.)
1468 703 1498 729 fr.
1518 704 1542 728 4.
1562 703 1584 736 §.
1603 704 1627 728 2.
1647 702 1679 728 de
1698 702 1767 738 grad.
1789 707 1815 728 et
1833 700 1911 727 adfiu.

1071 749 1112 773 38.
1135 748 1174 773 10.
1212 746 1398 778 Gravissimae,
1418 745 1554 777 Maximae,
1573 744 1716 781 Legitimae
1735 744 1862 777 (usurae.)
1881 742 1912 769 fr.

1071 791 1113 816 33.
1134 789 1166 815 de
1186 789 1217 816 N.
1239 789 1269 816 G.
1289 791 1313 815 3.
1333 792 1356 816 5.
1381 789 1411 815 l'r.
1432 791 1454 815 7.
1479 789 1517 822 ἕξ.
1536 790 1561 814 4.
1581 790 1604 815 7,
1624 798 1664 824 sq.
1686 790 1725 814 10.
1750 787 1782 813 (1(Δ
1802 786 1867 812 adm.
1888 790 1914 811 et

1050 854 1051 861 ,
1072 833 1153 869 peric.
1166 834 1208 859 26.
1224 834 1246 858 7.
1276 832 1317 858 III.
1333 834 1398 860 Gn.
1417 831 1543 868 Legitima
1564 836 1589 857 et
1608 835 1732 861 consueta
1753 829 1914 862 (testamenti

1073 874 1172 906 factio.)
1192 885 1213 901 c.
1232 877 1274 901 35.
1294 885 1333 912 pr.
1353 875 1386 901 de
1406 875 1476 901 inoll'.
1498 879 1600 901 testam.
1619 876 1643 900 3.
1662 875 1704 900 ⁴28.
1733 873 1784 899 Pro
1803 873 1859 898 iure
1878 871 1914 897 le-

1871 915 1913 940 88.

1182 959 1214 986 de
1238 960 1313 996 legat.
1337 960 1367 986 ll.
1394 961 1469 993 (31.)
1512 960 1638 995 Quamvis
1662 970 1748 996 neque
1771 959 1916 994 legitimum

1072 1177 1096 1201 5.
1133 1174 1270 1211 Legitimis
1295 1174 1496 1212 probationibus
1521 1174 1674 1211 adprobare.
1704 1174 1733 1200 l'r.

1073 1218 1174 1255 probat.
1188 1220 1230 1244 22.
1244 1219 1267 1244 3.
1297 1217 1409 1244 Liberos
1426 1234 1455 1238 —
1470 1227 1542 1248 suos,
1563 1222 1588 1243 et
1606 1217 1745 1253 legitimos.
1765 1217 1833 1253 patri
1847 1225 1914 1241 esse.

1073 1272 1094 1287 c.
1113 1262 1156 1287 23.
1176 1261 1197 1294 ξ.
1217 1262 1241 1287 2.
1262 1260 1293 1286 cf.
1314 1271 1334 1287 c.
1354 1262 1377 1287 6.
1398 1271 1418 1287 c.
1441 1262 1480 1287 19.
1501 1260 1534 1286 de
1553 1265 1625 1297 nupt.
1637 1263 1660 1287 5.
1673 1262 1696 1287 4.
1713 1276 1745 1280 —-
1765 1261 1795 1293 §0
1811 1260 1845 1285 2.
1866 1260 1915 1285 En:

1073 1314 1156 1330 mera
1186 1305 1272 1330 iuris
1300 1306 1541 1330 constitutione
1569 1306 1767 1331 descendens.
1808 1302 1827 1328 I.
1853 1302 1915 1335 Sy.

1072 1347 1115 1378 Is,
1141 1347 1185 1383 qui
1207 1356 1255 1383 per
1279 1346 1360 1382 legem
1385 1346 1416 1372 ad
1446 1346 1617 1373 hereditatem
1645 1351 1755 1373 vocatus
1784 1349 1831 1371 est.
1873 1343 1916 1370 Ad

1073 1400 1149 1426 quem
1169 1389 1200 1415 ab
1220 1390 1344 1415 intestato
1364 1389 1479 1425 legitimo
1497 1391 1553 1416 iure
1572 1391 1686 1427 pertinet
1700 1388 1839 1415 hereditas.
1869 1386 1916 1412 Lc-

1073 1434 1178 1469 gitimus
1203 1432 1287 1458 heres.
1320 1431 1376 1458 Gai.
1396 1432 1426 1458 II.
1451 1434 1492 1459 35.
1513 1443 1552 1469 sq.
1579 1434 1636 1459 119.
1657 1443 1696 1468 sq.
1718 1433 1774 1458 167.
1795 1440 1853 1467 sqq.
1873 1429 1915 1455 III.

1753 1176 1794 1200 25.
1818 1182 1857 1210 pr.
1882 1171 1915 1197 de

1050 1484 1051 1510 j
1073 1478 1114 1502 85.
1146 1475 1207 1512 le.
1227 1475 1297 1501 XIX.
1319 1476 1358 1501 13.
1378 1484 1417 1511 sq.
1455 1475 1583 1505 Intestati,
1606 1485 1625 1501 s.
1647 1475 1722 1510 Quae
1741 1475 1771 1500 ab
1792 1475 1916 1500 intestato

1074 1519 1198 1550 defertur,
1218 1517 1345 1554 Legitima
1364 1518 1531 1551 (hereditas)
1558 1517 1702 1544 MXXYL
1723 1519 1745 1543 5.
1767 1527 1825 1553 sqq.
1846 1515 1915 1542 Coll.

1050 1556 1051 1587 ¹
1073 1561 1126 1588 LL.
1147 1561 1180 1588 Μ.
1200 1560 1271 1587 XVI.
1291 1562 1315 1586 3.
1335 1562 1359 1587 9.
1395 1561 1426 1587 II.
1449 1562 1515 1594 (Pp.
1542 1560 1712 1586 Testaumnto
1736 1561 1865 1596 scriptus.
1891 1569 1915 1584 v.

1074 1604 1183 1635 electus,
1204 1604 1314 1637 (heres.)
1335 1603 1391 1629 Gai.
1411 1603 1440 1629 II.
1460 1605 1501 1629 35.
1516 1613 1555 1639 sq.
1572 1606 1628 1629 119.
1649 1613 1688 1640 sq.
1710 1602 1769 1640 le.
1788 1602 1859 1628 XIX.
1876 1603 1915 1627 13.

1074 1658 1114 1684 sq.
1139 1647 1212 1673 Paul.
1233 1647 1276 1673 lV.
1296 1650 1319 1673 8.
1340 1647 1362 1680 §.
1382 1648 1423 1672 26.
1457 1645 1505 1672 Th.
1527 1646 1556 1672 C.
1577 1646 1634 1672 XII.
1656 1648 1677 1672 1.
1703 1657 1723 1672 c.
1745 1647 1802 1671 107.
1822 1644 1854 1670 de
1874 1643 1915 1670 de-

1075 1692 1218 1717 curion.—
1239 1691 1270 1722 §.
1284 1691 1320 1716 3.
1342 1691 1417 1716 Iure
1436 1691 1531 1715 civili
1549 1691 1591 1721 R,
1611 1699 1708 1723 eoque
1728 1689 1915 1718 vetustiore,

1075 1736 1122 1760 vel
1140 1735 1284 1763 solemni,
1304 1734 1531 1767 confirmatus.
1557 1731 1575 1758 I.
1590 1734 1652 1766 Sy.
1673 1731 1776 1757 Civilis.
1797 1730 1837 1757 Cf
1852 1730 1877 1756 h.
1891 1740 1915 1755 v.

1074 1777 1094 1810 ξ.
1112 1778 1137 1801 2.
1165 1775 1280 1811 Legibus
1299 1774 1427 1812 proditae,
1447 1773 1500 1810 Leg
1491 1775 1588 1801 itimae
1608 1775 1758 1807 (actiones.)
1778 1773 1848 1800 Colt
1862 1772 1914 1799 LL.

1779 1818 1818 1843 19
1838 1819 1860 1842 5.
1884 1816 1915 1842 fr.

1076 1863 1115 1888 19.
1136 1860 1214 1887 deO.
1229 1860 1260 1887 N.
1275 1860 1306 1886 N.
1321 1862 1362 1887 39.
1383 1862 1404 1886 1.
1425 1860 1455 1886 fr.
1596 1860 1653 1887 de
1672 1870 1737 1896 aqua
1757 1865 1782 1885 et
1802 1869 1860 1895 aqu.
1879 1858 1915 1895 pl.

1073 1906 1114 1930 39
1134 1905 1157 1930 3.
1194 1903 1235 1929 Ex
1259 1903 1315 1939 Iege
1339 1903 1387 1929 XII
1412 1902 1495 1929 Tabb.
1523 1903 1615 1935 (datus
1641 1904 1707 1935 etc.)
1737 1902 1794 1929 Gai
1818 1902 1835 1928 I.
1858 1903 1914 1927 155.

1475 1862 1516 1886 2⁵...

1051 1939 1114 1973 ¹III.
1136 1948 1176 1973 19.
1197 1956 1254 1982 sqq.
1280 1933 1341 1983 Xl.p
1361 1945 1406 1972 XI.
1426 1948 1450 1972 3.
1473 1946 1530 1972 XII
1554 1949 1574 1972 1.
1600 1946 1629 1972 fr.
1651 1947 1691 1972 13.
1715 1945 1747 1972 de
1767 1950 1845 1971 curat.
1866 1944 1914 1970 sur.

1073 1991 1114 2016 27.
1130 1991 1169 2015 10.
1207 1989 1238 2015 II.
1256 1990 1323 2023 ΟΡ.
1343 1988 1437 2015 S.Ctis
1458 1990 1617 2015 constitutus
1632 1989 1736 2021 (tutor.)
1757 1988 1779 2014 X
1784 1988 1817 2025 lp.
1832 1987 1876 2014 XI.
1890 1989 1914 2012 2.

1819 2033 1842 2057 2.
1871 2029 1915 2055 Ius

1074 2074 1225 2111 legitimum.
1246 2089 1278 2094 -
1299 2074 1430 2101 Praetoris
1451 2074 1573 2106 edictum,
1594 2074 1756 2100 Praetorium
1776 2074 1825 2099 ius.
1857 2072 1914 2100 Gai.

1050 2148 1052 2158 k
1072 2117 1115 2144 III.
1137 2120 1176 2143 18.
1196 2127 1254 2154 sqq.
1272 2119 1314 2143 25.
1335 2128 1392 2154 sqq.
1413 2117 1457 2143 IV.
1477 2119 1517 2143 34.
1556 2117 1626 2143 Suus
1646 2117 1764 2150 (heres.)-
1778 2115 1850 2142 Paul.
1870 2114 1913 2141 IV.

1050 2187 1051 2197 ἵ
1073 2162 1096 2187 8.
1120 2160 1142 2194 ᾗ.
1166 2162 1207 2186 24.
1233 2160 1282 2186 Th.
1301 2159 1332 2186 C.
1353 2160 1422 2186 XVI.
1443 2162 1466 2186 7.
1493 2170 1512 2186 c.
1532 2162 1556 2186 2.
1581 2160 1618 2193 §§.
1640 2162 1661 2186 1.
1681 2170 1720 2195 sq.
1746 2159 1779 2185 de
1803 2162 1913 2195 apostat.

1074 2203 1143 2229 Suus
1164 2203 1249 2234 heres,
1268 2202 1311 2229 vel
1330 2202 1470 2239 legitimus.
1486 2219 1517 2222 —
1539 2202 1658 2238 Cognati.
1679 2202 1709 2228 fr.
1724 2203 1747 2228 6.
1767 2212 1806 2239 pr.
1827 2201 1858 2227 de
1878 2202 1914 2226 in—

1382 2245 1425 2272 III.
1453 2247 1518 2273 Cn.
1546 2245 1666 2271 Intestati
1689 2244 1765 2271 datur
1784 2245 1812 2270 B.
1834 2243 1860 2269 P.
1881 2258 1912 2262 --

1073 2290 1157 2326 primo
1171 2288 1251 2325 gradu
1265 2288 1364 2319 liberis,
1386 2288 1501 2314 secundo
1516 2288 1638 2322 legitimis
1652 2293 1701 2314 etc.
1722 2287 1781 2324 wp.
1793 2285 1912 2313 XXVIII.

1074 2334 1096 2358 7.
1117 2332 1147 2358 sr.
1169 2334 1190 2358 1.
1211 2332 1233 2365 ξ.
1253 2333 1277 2357 9.
1298 2331 1366 2357 uude
1386 2341 1457 2367 cogn.
1479 2333 1520 2357 38.
1541 2335 1564 2356 8.
1584 2330 1614 2357 fr.
1636 2333 1658 2357 1.
1672 2341 1711 2367 pr.
1737 2330 1787 2365 Qu.
1808 2328 1872 2354 ordo
1886 2329 1912 2354 iu

1237 2376 1274 2400 15.
1312 2373 1376 2400 Post
1395 2384 1471 2405 suos,
1496 2373 1527 2399 ab
1552 2374 1676 2399 intestato
1697 2373 1802 2408 legitimi
1823 2372 1913 2397 admit-

1074 2423 1172 2449 tuntur,
1192 2418 1303 2454 primum
1324 2417 1517 2452 consanguinei.
1541 2416 1609 2443 Coll.
1630 2416 1682 2442 LL.
1702 2415 1734 2441 Μ.
1749 2414 1818 2440 XXI.
1838 2415 1861 2440 6.
1881 2414 1911 2440 sr.

1072 2462 1096 2486 2.
1116 2470 1155 2497 pr.
1175 2460 1244 2486 unde
1263 2459 1332 2495 legit.
1352 2460 1393 2485 38.
1415 2461 1437 2485 7.
1475 2458 1575 2485 Omnes
1595 2462 1647 2490 (sc.
1667 2458 1769 2489 liberi.)
1788 2458 1832 2493 qui
1852 2456 1913 2493 legi-

1591 2502 1632 2527 26.
1662 2500 1806 2536 Legitimus
1830 2505 1911 2526 actus.

1074 2545 1115 2572 Cf.
1135 2556 1158 2571 v.
1179 2545 1271 2571 Actus.
1292 2545 1314 2578 ξ.
1333 2546 1357 2571 3.
1379 2561 1409 2565 --
1441 2545 1471 2578 §.
1494 2546 1532 2570 4.
1557 2546 1604 2570 Ad
1626 2545 1807 2569 doctrinam
1828 2545 1913 2569 iuris

1073 2591 1129 2615 civ.
1155 2594 1312 2621 spectans.
1349 2587 1367 2613 1.
1391 2589 1452 2622 Sy.
1482 2587 1578 2622 Legum
1603 2585 1757 2618 (eruditio.)
1786 2585 1911 2622 Legitima

1074 2631 1215 2663 (scientia.)
1236 2630 1354 2656 I'rooem.
1374 2630 1436 2656 lnst.
1456 2630 1492 2663 Q&
1511 2631 1534 2654 3.
1555 2638 1593 2664 sq.
1631 2627 1674 2654 III.
1694 2629 1760 2655 Gn.
1779 2628 1911 2665 Eloquen-

1073 2675 1124 2699 tiae
1143 2678 1168 2699 et
1187 2672 1317 2709 legitimae
1330 2674 1455 2699 scientiae
1469 2671 1581 2705 (artibus
1595 2670 1756 2705 decoratus.)
1776 2682 1797 2697 c.
1810 2673 1834 2698 2.
1855 2673 1875 2705 ᾗ.
1887 2673 1910 2697 9.

1074 2716 1106 2742 de
1129 2720 1181 2742 vet.
1206 2716 1262 2742 iure
1285 2716 1366 2742 enucl.
1394 2717 1414 2742 1.
1437 2716 1476 2740 17.
1514 2713 1580 2739 Iuris
1605 2714 1749 2751 interpres,
1770 2730 1801 2734 —
1820 2715 1861 2740 vir
1879 2713 1916 2739 ab·

1074 2759 1179 2794 antiqua
1204 2759 1287 2795 stirpe
1311 2758 1423 2794 legitima
1445 2756 1600 2794 procedens.
1632 2756 1669 2783 lb.
1688 2756 1705 2783 l.
1725 2756 1741 2783 l.
1761 2773 1794 2776 —
1822 2757 1852 2789 §.
1873 2756 1909 2782 5·

1075 2803 1292 2833 Ordinarius,
1309 2803 1430 2832 Iustus,
1444 2801 1639 2833 Competens,
1654 2800 1800 2826 Debitus.
1819 2798 1836 2824 I.
1849 2799 1908 2831 Sy·
