2197 3121
1027 150 1115 180 lNV.

208 237 345 263 tormentis
368 237 470 263 initium
494 234 622 267 sumere.)
652 244 673 260 c.
697 234 720 260 S.
749 233 770 267 3.
796 234 818 259 1.
844 232 876 259 de
901 233 1046 269 quaestion.

200 272 232 306 ’9.
252 280 293 305 41.

242 322 511 355 Investigator.
551 322 735 346 scrutator.
773 318 815 345 111.
836 319 902 346 Gn.
933 317 962 343 Iu
982 327 1048 343 com·

206 363 402 401 prehendendis
433 365 469 390 eis
498 363 698 398 investigatores
723 372 812 388 eorum
836 360 964 387 Rectores
989 370 1048 386 con-

206 407 278 443 gruis
302 406 405 432 auxiliis
430 410 631 443 prosequantur.
670 404 718 431 Th.
744 404 774 431 C.
799 404 832 430 X.
858 405 897 430 19.
922 414 943 429 c.
967 405 991 429 5.
1015 402 1047 428 (1(Ι

206 449 304 476 metali.

243 493 501 519 Inveteratus.
538 490 667 524 (Partic.)
709 491 872 517 vetustus.
914 487 956 514 III.
980 489 1045 515 Gn.

207 533 296 561 Prisca
317 539 393 570 atque
408 535 549 560 inveterata
565 533 736 560 consuetudo.
756 532 805 559 Th.
821 531 851 558 C.
865 530 935 557 XIV.
950 532 973 556 6.
989 540 1009 556 c.
1021 532 1044 556 2.

207 577 239 604 (18
263 577 325 604 calc.
351 581 447 603 coctor.
468 576 499 602 cf.
524 576 554 602 l'r.
573 578 614 603 32.
640 576 704 610 31.
729 575 760 602 de
779 574 831 601 LL.
853 576 875 600 1.
895 575 919 599 3.
956 572 1044 609 Longa

207 619 396 646 consuetudine
424 620 584 645 inveteratus
613 620 725 651 (tacitus
752 626 898 644 cousensus
926 616 1068 653 populi).

206 662 268 700 le.
288 662 305 688 I.
326 662 357 688 Α.
378 662 399 695 3.
420 663 443 688 »1,
464 662 495 688 cf.
516 672 537 688 c.
558 663 597 688 ll.
617 661 649 688 (18
668 661 719 687 LL.
739 662 760 686 l.
776 661 815 686 14.
846 659 1000 695 Longinqua
1020 663 1045 685 et
1066 653 1068 690 l

205 706 348 731 inveterata
368 704 515 736 (redituum
534 704 694 741 susceptio.)
715 713 735 729 c.
749 705 790 729 20.
805 713 842 739 pr.
862 702 893 728 de
912 703 988 737 agric.
1005 704 1044 727 11.
1066 724 1067 727 ,

204 749 247 774 47.
282 748 422 777 ’Arnum-j,
442 763 473 766 -—
493 747 508 772 i.
529 757 550 773 e.
570 748 735 778 inveteratas,
755 745 798 779 [al.
819 744 999 777 inveteratos]
1020 748 1045 769 ct

204 791 249 827 qui
271 791 320 816 iam
340 790 436 816 discuti
455 799 507 815 non
527 790 643 826 possint,
668 788 779 815 faucium
804 793 928 814 tumores.
952 787 982 813 fr.
1004 789 1043 813 14.
1065 799 1067 829 1'

204 833 226 866 3.
247 833 271 858 8.
292 832 324 859 de
343 832 429 859 Aedil.
451 832 527 858 edict.
547 834 588 858 21.
610 834 631 858 Ι.

239 875 426 902 Invicem.
469 874 590 907 (Advb.)
634 875 746 900 Mutuo
776 875 862 900 inter
885 883 928 905 se,
953 874 1044 900 Reci-

200 927 303 952 proce.
340 917 359 943 l.
380 918 441 952 Sy.
461 916 537 943 Vltro
557 917 683 952 citroque.
704 916 733 942 fr.
753 918 794 943 36.
814 926 853 953 pr.
874 916 904 942 l'r.
923 918 963 941 52.
984 916 1005 948 3.
1020 918 1043 941 2.
1065 934 1067 944 .

203 960 261 987 sam.
283 961 374 987 ercisc.
395 962 434 986 10.
454 962 477 986 2.
514 958 555 985 III.
573 960 638 986 Cn.
657 958 739 985 Mutui
759 959 869 997 periculi
888 959 967 995 gratia
987 968 1044 984 cau-

202 1003 300 1029 tionem
320 1003 432 1029 invicem
451 1002 502 1028 sibi
521 1002 655 1038 praebere.
680 1002 710 1028 fr.
729 1003 771 1028 39.
796 1003 817 1036 3
837 1004 860 1028 5.
881 1002 913 1028 de
932 1001 998 1028 adm.
1019 1006 1044 1027 et

202 1055 257 1082 per.
277 1047 318 1072 26.
340 1047 362 1071 7.
384 1044 414 1071 cl'.
435 1044 465 1070 fr.
481 1046 503 1070 7.
525 1044 557 1070 dc
577 1044 652 1071 cond.
673 1045 732 1070 inst.
752 1046 793 1070 28,
815 1046 837 1070 7.
875 1044 904 1071 Si
923 1055 976 1071 rem
996 1044 1043 1070 tibi
1065 1035 1066 1065 1

203 1088 324 1115 utendam
345 1087 469 1118 dederim.v
490 1092 515 1113 et
532 1088 583 1113 inv.
599 1087 672 1113 aliam
686 1097 740 1113 rem
753 1087 876 1113 utendam
890 1089 1042 1125 acceperim.

202 1130 259 1157 Gai.
280 1130 322 1156 III.
344 1131 401 1156 144.
437 1130 547 1156 Emendi
568 1130 752 1166 vendendique
771 1131 882 1156 invicem
902 1132 950 1157 ius.
981 1130 1042 1168 le.
1065 1137 1066 1161 }

200 1173 271 1200 XIX.
292 1174 315 1198 5.
358 1172 413 1198 Inv.
438 1172 505 1199 alter
528 1172 603 1198 alteri
627 1173 817 1205 (tenebimur.)
846 1173 902 1200 Gai.
922 1173 963 1200 III.
985 1175 1042 1199 155.

201 1215 332 1242 Omnibus
352 1216 402 1241 inv.
423 1225 527 1242 manere
547 1216 709 1248 (actionem.)
729 1215 759 1242 fr.
775 1218 815 1242 59.
836 1217 856 1250 3.
872 1217 894 1242 4.
915 1216 948 1242 de
966 1216 1042 1252 legat.

199 1258 230 1285 Π.
250 1258 327 1291 (31.)
366 1257 419 1292 Qui
443 1258 555 1284 invicem
580 1257 695 1284 creditor
721 1258 842 1295 idemque
866 1258 970 1285 debitor
994 1263 1041 1285 est.

198 1301 229 1328 fr.
249 1303 290 1327 30.
311 1300 343 1326 (18
363 1299 439 1326 cond.
460 1300 548 1326 indeb.
570 1303 609 1327 12.
629 1302 651 1327 6.
690 1300 814 1333 instituti,
835 1307 860 1328 et
879 1312 969 1328 omnes
989 1303 1041 1328 inv.

199 1343 345 1371 substituti.
370 1343 400 1369 fr.
420 1344 462 1368 24.
490 1343 519 1369 fr.
540 1344 581 1370 45,
606 1344 670 1377 3.1.
691 1343 723 1370 de
743 1344 810 1381 vulg.
831 1350 856 1370 et
875 1355 936 1382 pnp.
956 1346 997 1371 28.
1017 1346 1041 1371 6.
1063 1353 1065 1384 :¹

198 1386 336 1413 Adversus
357 1395 385 1412 se
404 1387 457 1412 inv.
477 1385 509 1411 ad
529 1387 706 1412 testimonium
727 1387 836 1413 admitti.
860 1387 933 1414 Paul.
954 1387 985 1413 V.
1002 1389 1040 1413 15.
1063 1398 1065 1416 1

198 1429 220 1463 3.
239 1430 264 1455 3.
285 1428 316 1455 cf.
338 1428 368 1454 sr.
389 1430 412 1454 9.
433 1429 455 1462 3.
474 1429 498 1454 3.
519 1428 551 1455 de
570 1429 599 1455 L.
621 1429 700 1456 Corn.
722 1429 753 1456 (18
778 1430 834 1456 sals.
854 1432 895 1456 48.
917 1432 956 1456 10.
992 1430 1042 1456 Est

197 1471 261 1499 mihi
282 1488 312 1492 —
334 1476 473 1507 cognatuS.
499 1476 524 1497 et
547 1473 599 1498 inv.
620 1472 722 1498 scilicet
746 1482 792 1508 ego
817 1472 855 1499 illi
875 1473 966 1499 eodem
986 1475 1041 1499 iure
1063 1470 1064 1502 ]

198 1516 351 1550 coniungor.
372 1514 428 1540 Gai.
444 1513 461 1539 I.
478 1516 535 1540 156.
572 1514 631 1541 Non
651 1515 736 1541 solum
751 1526 781 1542 eo
795 1517 909 1547 nomine,
924 1532 953 1536 —-
970 1515 1040 1552 quod

198 1562 294 1593 ageret,
316 1572 345 1576 ——
367 1556 413 1582 sed
433 1557 485 1582 inv.
506 1567 610 1594 quoque.
630 1558 702 1594 quod
721 1568 778 1585 cum
798 1558 838 1585 his
858 1564 984 1595 ageretur.
1010 1558 1040 1585 fr.

198 1600 222 1625 4.
242 1609 281 1636 pr.
302 1599 334 1625 (18
354 1598 428 1625 tutel.
448 1600 489 1625 26.
512 1601 534 1626 l.

234 1642 419 1668 Invictus.
440 1641 568 1675 (Adiect.)
590 1645 658 1670 Nou
678 1646 791 1671 victus.
824 1644 867 1671 IH.
883 1646 948 1672 011.
968 1644 1041 1670 Prin-
1063 1637 1064 1646 ¹

199 1694 261 1721 ceps
281 1685 479 1710 invictissimus.
505 1685 552 1711 Th.
567 1685 596 1712 C.
616 1686 661 1712 XI.
681 1688 722 1713 28.
743 1698 764 1714 c.
784 1690 807 1714 9.
828 1687 860 1714 de
880 1687 976 1723 indulg.
998 1687 1041 1714 (Ie-

197 1726 275 1752 bitor.
297 1725 536 1754 Const.1'ale11tin.
553 1728 585 1754 ad
605 1731 814 1756 constitutionar.
835 1729 924 1761 Ovck.
946 1740 969 1766 p.
984 1730 1022 1761 8.)

236 1769 432 1796 Invidere.
460 1772 590 1797 Invidia
607 1775 776 1807 prosequi,
796 1774 965 1799 Invidiose
984 1783 1039 1799 ‹111-

191 1812 293 1847 ferre.
331 1811 374 1837 III.
394 1814 459 1839 Cn.
489 1812 548 1839 Non
568 1814 727 1847 invidemus,
748 1815 794 1841 sed
813 1816 902 1852 potins
922 1815 1040 1841 cohorta-
1061 1831 1063 1850 ⁴.

196 1864 256 1880 mur
276 1859 323 1880 etc.
349 1854 398 1880 Th.
413 1855 443 1881 C.
462 1854 520 1881 XV.
542 1857 563 1881 7.
585 1867 605 1883 c.
625 1859 649 1883 3.
670 1857 701 1884 de
721 1859 831 1884 scaenic,
869 1857 928 1884 Non
949 1859 997 1884 erit.
1017 1859 1039 1884 ei
1062 1878 1063 1882 ,

197 1896 375 1923 invidendum.
400 1897 430 1923 fr.
451 1900 475 1924 4.
499 1908 537 1935 pr.
562 1899 594 1925 (18
618 1910 667 1926 usu
692 1905 717 1926 et
742 1900 821 1926 habit.
847 1902 869 1926 7.
894 1902 916 1927 S.
960 1900 1038 1927 Suam
1061 1907 1063 1917 >

197 1949 302 1976 quoque
325 1945 426 1976 partem
446 1943 577 1978 corrumpi
596 1944 708 1978 patitur,
735 1943 795 1969 dum
818 1943 912 1969 invidit
932 1943 1037 1970 alienae.

196 1982 263 2009 Rov.
277 1982 326 2009 Th.
347 1982 376 2009 ΙΙ.
397 1983 429 2009 (18
450 1983 474 2009 h.
495 1994 536 2020 qu.
557 1994 596 2021 sp.
617 1995 684 2011 mun.
705 1985 723 2012 I.
743 1988 784 2012 22.
806 1997 826 2012 c.
841 1988 864 2012 2.
886 1987 906 2020 3.
921 1989 943 2012 2.
975 1988 1039 2022 Qui·
1060 2001 1062 2013 t

195 2025 259 2057 bus,
285 2026 307 2051 si
327 2035 404 2062 quem
423 2030 467 2052 aut
486 2028 630 2053 necessitas
650 2028 749 2059 fatalis,
771 2045 799 2048 —
821 2033 865 2055 aut
885 2029 980 2065 aliquis
1000 2040 1038 2055 ca-

196 2077 242 2094 sus
262 2068 400 2100 inviderit,
421 2085 451 2089 —
472 2068 617 2105 subrogari.
648 2070 698 2097 Th.
718 2071 749 2098 C.
769 2071 837 2098 XIII.
858 2073 881 2098 5.
903 2082 924 2098 c.
946 2074 985 2098 13.
1006 2072 1038 2099 (18

197 2111 308 2138 uavicul.

232 2154 399 2181 Invidia.
442 2155 473 2188 δ.
497 2156 531 2181 l.
571 2156 790 2189 Obtrectatio,
817 2158 1036 2193 Diffamatio.

198 2194 228 2221 II.
250 2198 316 2230 01).
339 2197 442 2229 Honor,
467 2196 565 2224 Gloria.
592 2197 643 2224 Th.
663 2198 693 2224 C.
714 2198 757 2225 VI.
777 2202 819 2226 35.
844 2210 864 2226 c.
886 2202 926 2227 14.
946 2211 984 2238 pr.
1005 2201 1037 2227 (18

198 2238 264 2275 priv.
291 2249 343 2265 eor.
368 2250 409 2275 qu.
434 2241 460 2266 in
488 2240 515 2266 S.
537 2240 587 2278 pal.
613 2240 678 2267 VIII.
704 2243 727 2269 8.
755 2252 768 2268 c
796 2244 819 2268 5.
845 2243 876 2269 (18
901 2253 987 2270 exsec.
1012 2249 1037 2270 et

199 2285 282 2307 exact.
318 2280 361 2310 111.
381 2283 446 2309 Gn.
475 2283 549 2318 Quae
569 2283 600 2310 ad
620 2284 749 2310 infamiam
769 2284 879 2311 alicuius
898 2286 977 2318 finnt,
998 2291 1036 2312 ut-

198 2327 260 2359 puta
285 2322 316 2348 ad
339 2323 461 2352 iuvidiam
484 2326 594 2353 alicuius
614 2331 688 2352 veste
709 2326 810 2363 lugubri
832 2329 912 2354 utitur
933 2334 980 2355 etc.
1005 2329 1035 2355 sr.

199 2367 239 2391 15.
260 2365 281 2398 3
301 2366 342 2390 27.
363 2365 393 2391 cf.
419 2367 448 2394 sr.
467 2370 508 2395 38.
531 2370 563 2396 de
583 2370 658 2396 iniur.
678 2371 717 2395 47.
739 2372 779 2396 10.
817 2370 902 2403 Sciat,
921 2371 953 2397 ad
972 2372 1036 2398 invi—

199 2407 267 2434 diam
291 2408 560 2448 existimatiouemque
583 2423 656 2439 suam
679 2414 819 2449 pertinere.
844 2413 873 2439 sr.
898 2416 917 2440 1.
941 2424 980 2451 pr.
1004 2414 1036 2441 de

200 2451 293 2487 inspic.
317 2455 417 2477 ventre.
437 2454 478 2478 25.
497 2455 521 2480 4.
546 2455 576 2481 ei‘.
601 2456 630 2482 fr.
655 2457 678 2482 9.
704 2456 725 2489 3.
746 2457 769 2482 5.
795 2455 827 2482 do
847 2456 889 2482 off.
910 2456 985 2484 Proc.
1011 2462 1036 2484 et

198 2492 259 2529 Leg.
276 2494 297 2518 1.
318 2494 358 2519 16.
393 2494 452 2520 Etsi
471 2494 566 2522 delatio
585 2513 617 2516 —
637 2502 721 2524 amota
741 2503 789 2530 est,
809 2498 933 2525 invidiam
951 2504 1035 2526 tamen

199 2540 224 2562 et
244 2536 429 2563 conscientiam
449 2553 480 2556 -
501 2539 598 2565 evitare
616 2550 667 2566 non
686 2546 805 2578 possunt.
827 2551 848 2567 c.
868 2544 891 2568 5.
912 2541 944 2568 (18
963 2542 1035 2579 relig.

197 2580 221 2604 3.
236 2580 276 2604 44.
303 2577 490 2605 maleficiorum
509 2580 701 2609 insimulatione
720 2589 798 2620 atquc
818 2584 914 2611 invidia
934 2587 1034 2621 stringi.

199 2620 249 2647 Th.
270 2621 301 2647 C.
322 2620 366 2646 IX.
388 2622 425 2647 16.
451 2632 471 2648 e.
493 2624 532 2648 10.
558 2622 590 2649 (18
608 2624 716 2652 malefic.
753 2627 794 2653 Ab
819 2627 915 2653 invidia
942 2633 967 2654 et
986 2628 1036 2654 for-

198 2664 296 2690 midine
315 2663 472 2690 desertionis
491 2670 666 2693 amoveantur.
694 2668 729 2694 Ib.
749 2669 803 2696 Vll.
826 2672 864 2697 18.
885 2680 905 2696 c.
926 2672 949 2697 9.
969 2671 991 2704 3.
1010 2673 1034 2697 2.
1056 2682 1058 2699 ,ι

198 2705 231 2732 (18
250 2706 376 2732 desertor.
414 2705 473 2732 Nou
497 2711 548 2733 tam
573 2709 670 2734 crimen
694 2709 827 2743 obiicitur,
854 2723 930 2749 quam
950 2715 1035 2740 cuius·
1056 2735 1057 2745 2

198 2748 254 2774 dam
280 2750 395 2775 criminis
425 2749 552 2776 conflatur
575 2750 680 2776 invidia.
718 2751 754 2778 Ib.
778 2754 821 2780 XI.
841 2757 881 2782 30,
908 2767 928 2782 ς,
948 2758 979 2783 61
1002 2756 1034 2783 de

199 2800 256 2827 app.
277 2797 302 2817 eet
321 2802 396 2828 poen.
418 2792 449 2817 ef.
470 2791 536 2818 VIII.
556 2794 580 2819 5.
600 2804 620 2820 c.
638 2796 678 2820 23.
699 2794 720 2827 3.
736 2797 757 2821 l.
777 2796 809 2823 de
828 2808 905 2825 cursu
924 2799 986 2836 pub.
1001 2816 1032 2819 —

1869 149 1930 179 501

1093 232 1124 265 §0
1139 232 1174 258 2.
1195 231 1412 265 Dedignaffo,
1433 232 1616 258 Commotio.
1654 229 1673 256 I.
1693 231 1752 264 Sy.
1773 229 1928 265 Indignatio.

1093 274 1140 300 Iul.
1161 284 1201 310 ep.
1222 283 1281 299 nov.
1303 284 1322 299 c.
1343 276 1384 300 52.
1405 274 1505 307 3194.

1128 316 1334 344 Invidiose.
1366 315 1479 349 (Advb.)
1513 317 1639 342 odiose.
1671 314 1713 340 111.
1734 316 1798 342 Gn.
1822 313 1930 349 Indigne

1092 359 1275 395 invidioseque
1294 360 1439 385 commissa.
1477 358 1526 385 Th.
1548 358 1578 385 C.
1599 356 1656 384 XV.
1678 358 1717 383 14,
1742 367 1762 383 c.
1783 358 1821 383 14.
1843 356 1874 383 (18
1894 357 1930 383 in-

1092 402 1157 428 firm.
1179 401 1203 428 h.
1224 411 1265 438 qu.
1286 411 1306 427 s.
1327 406 1377 436 tyr.

1127 444 1356 472 Invidiosus.
1393 444 1521 477 (Adiect.)
1559 445 1705 474 Invisus,
1728 443 1842 469 Odium
1862 451 1929 467 rre-

1090 497 1153 513 ans.
1195 486 1238 513 ΙΙΙ.
1263 488 1328 514 Gn.
1359 486 1434 512 Illum
1463 486 1568 522 dignum
1592 486 1673 511 fuisse
1697 485 1784 522 puniri
1806 494 1854 521 pro
1879 488 1930 509 tam

1091 530 1160 566 turpi
1180 534 1284 565 tamque
1303 528 1434 555 invidioso
1455 533 1609 555 commento
1629 528 1659 554 i'r.
1677 530 1718 553 22.
1756 549 1760 553 .
1779 529 1803 553 2.
1823 526 1856 553 (18
1874 527 1931 552 iure

1067 582 1069 589 ⁸
1090 571 1155 597 fisci.
1170 573 1210 597 49.
1229 573 1267 597 14.
1305 571 1491 608 Imperatorem
1510 571 1565 597 litis
1585 581 1660 597 cansa
1676 569 1797 596 heredem
1816 569 1929 596 institui.

1089 613 1247 640 invidiosum
1267 619 1321 645 est3
1344 624 1392 640 uec
1416 613 1543 640 calumnia
1569 613 1717 639 facultatem
1737 623 1768 639 ex
1788 611 1929 649 Principali

1089 657 1224 682 maiestate
1248 657 1304 694 capi
1330 661 1442 693 oportet.
1470 656 1500 682 fr.
1520 658 1561 682 91.
1587 656 1618 681 de
1643 655 1730 682 hered.
1756 656 1815 680 inst.
1840 655 1881 680 28.
1905 655 1928 679 5.

1088 699 1118 725 L.
1138 698 1217 736 Papia
1232 715 1263 718 —
1280 699 1439 726 invidiosum
1459 709 1534 725 suum
1553 699 1652 724 amittat
1671 699 1795 733 vigorem.
1815 707 1835 723 c.
1853 699 1873 722 1.
1888 706 1927 733 pr.

1089 741 1121 767 (18
1142 741 1229 768 caduc.
1250 741 1306 768 toll.
1326 744 1350 768 6.
1370 744 1411 768 51.
1448 741 1621 768 Adimendam
1645 740 1775 766 licentiam
1799 739 1928 769 omnibus,

1091 801 1120 804 —
1142 785 1168 810 in
1188 790 1353 811 accusatores
1373 794 1435 811 suos
1455 784 1611 810 invidiosam
1631 781 1734 809 dicendi
1752 792 1850 808 vocem.
1879 781 1928 807 Th.

1090 825 1120 853 C.
1141 826 1186 852 lx.
1208 829 1229 852 l.
1250 837 1271 853 c.
1293 829 1331 853 12.
1352 827 1384 853 dc
1404 831 1528 853 accusatt.

1124 869 1297 896 Invidia.
1335 870 1472 903 (Adiect.)
1510 868 1588 895 Idem.
1626 868 1668 894 111.
1689 869 1754 895 Cn.
1775 867 1860 902 Quam
1880 873 1928 899 (sc.

1088 911 1203 948 Iegem.)
1223 913 1298 948 quasi
1318 912 1452 939 libertates
1472 911 1669 949 impedientem,
1692 914 1717 935 et
1737 909 1929 946 quodammodo

1065 950 1067 973 1
1088 954 1212 985 invidam,
1233 954 1389 987 (tollendam
1409 965 1468 981 esse
1487 955 1658 986 censuimus.)
1679 952 1730 979 Tit.
1744 952 1763 978 l.
1779 952 1810 979 de
1823 952 1852 978 L.
1868 952 1928 978 Fus.

1065 999 1067 1008 ³
1089 997 1154 1024 Can.
1177 999 1199 1023 1,
1220 998 1242 1023 7.

1124 1040 1347 1074 Invigilare.
1379 1040 1410 1073 §0
1423 1041 1458 1066 1.
1478 1041 1644 1066 Exn-abias
1663 1048 1767 1074 agere.
1804 1037 1847 1063 111.
1863 1039 1928 1065 Gn.

1087 1083 1116 1109 In
1136 1083 1209 1108 cuius
1230 1082 1307 1108 domo
1326 1082 1418 1114 suerit,
1442 1082 1638 1118 invigilantibus
1658 1081 1804 1107 forinsecus
1824 1090 1930 1116 quoque

1088 1125 1183 1152 officiis
1203 1124 1326 1162 publiciS‚
1347 1125 1496 1161 ubicunque
1517 1129 1653 1161 correptus
1674 1129 1721 1150 etc.
1751 1122 1800 1149 Th.
1821 1123 1851 1149 C.
1872 1122 1928 1149 111.

1090 1170 1129 1195 18.
1150 1178 1171 1194 c.
1191 1171 1214 1194 4.
1235 1167 1256 1201 3.
1271 1169 1295 1194 3.
1316 1167 1348 1194 de
1368 1167 1495 1194 desertor.
1517 1183 1549 1186 —
1569 1168 1599 1200 §-
1615 1169 1650 1193 2.
1672 1168 1862 1201 Diligenter
1882 1168 1929 1192 in-

1087 1214 1241 1242 cumbere,
1260 1213 1463 1245 1’rospicere.
1495 1209 1536 1236 III-
1553 1211 1618 1237 (In.
1640 1210 1710 1241 Scio,
1727 1209 1776 1235 tili!
1797 1208 1868 1244 quod
1880 1218 1928 1245 pro

1088 1259 1130 1281 tua
1149 1253 1288 1291 prudentia
1309 1253 1457 1289 invigilabis
1478 1252 1625 1279 hereditati.
1650 1252 1680 1278 fr.
1699 1254 1740 1278 25.
1761 1252 1782 1285 3
1802 1255 1825 1278 ὅ,
1846 1252 1878 1277 de
1897 1252 1928 1277 A.

1087 1307 1110 1323 v.
1131 1297 1163 1323 Ο.
1184 1296 1215 1323 11.
1234 1297 1276 1322 29.
1295 1297 1320 1322 2.
1358 1297 1457 1322 Omnes
1480 1295 1580 1322 iudices
1600 1294 1735 1331 invigilare
1754 1295 1929 1331 praecipimus

1064 1335 1065 1346 ¹
1086 1345 1134 1366 etc.
1156 1339 1206 1366 Th.
1227 1338 1257 1365 C.
1277 1339 1310 1365 X.
1332 1341 1371 1364 10.
1393 1349 1412 1365 c.
1433 1341 1457 1365 3.
1483 1338 1515 1365 (18
1534 1340 1608 1375 petit.
1634 1343 1660 1364 et
1684 1337 1752 1364 ultro
1773 1337 1823 1363 dat.
1862 1337 1928 1362 Invi-

1086 1382 1166 1418 gilare
1187 1382 1266 1408 debet
1291 1387 1316 1408 et
1340 1382 1497 1408 tributorum
1521 1382 1701 1408 exactionibus
1727 1384 1780 1414 (sc.
1801 1379 1928 1412 Prot-os.)

1086 1425 1133 1451 lul.
1154 1435 1194 1462 ep.
1215 1434 1274 1450 nov.
1295 1435 1316 1450 c.
1335 1427 1376 1450 22.
1400 1425 1422 1458 3.
1442 1427 1483 1451 53.

1124 1468 1338 1494 luvinetus.
1376 1466 1511 1501 (Adiect.)
1555 1468 1695 1493 Tinctus.
1734 1465 1854 1493 111.(ἠ.
1875 1465 1928 1500 Qui

1063 1515 1064 1525 ¹
1086 1510 1217 1536 hominem
1236 1511 1383 1545 ingenuum,
1404 1509 1445 1536 vel
1462 1509 1594 1541 libertum,
1614 1510 1724 1535 invitum
1738 1508 1871 1535 celaverit.
1891 1509 1929 1534 in-

1086 1554 1203 1579 vinctum
1223 1552 1271 1586 [al.
1291 1554 1421 1584 vinctum,
1445 1563 1465 1579 s.
1486 1554 1512 1578 in
1532 1552 1660 1585 vinculis]
1685 1550 1817 1578 habuerit.
1838 1552 1929 1577 emerit

1063 1627 1064 1634 ἵ
1086 1597 1174 1622 sciens
1194 1595 1219 1622 d.
1239 1606 1272 1622 m.
1293 1595 1323 1621 sr.
1343 1598 1366 1622 6.
1387 1596 1407 1629 3.
1424 1599 1448 1622 2.
1469 1595 1502 1621 de
1520 1594 1549 1621 L.
1571 1595 1632 1621 Fal).
1653 1594 1684 1621 (18
1703 1593 1770 1630 plag.
1790 1595 1831 1620 425.
1853 1595 1892 1619 15.

1121 1650 1374 1678 Inviolabilis.
1412 1649 1540 1683 (Adiect.)
1579 1651 1647 1676 Non
1667 1650 1846 1675 violandus.
1884 1646 1926 1672 111.

1086 1694 1152 1720 Cn.
1172 1692 1263 1719 fixam
1282 1698 1360 1729 atquc
1379 1692 1558 1719 inviolabilem
1577 1692 1698 1718 volumus
1713 1700 1866 1728 permanere
1880 1690 1928 1723 (te-

1062 1749 1064 1755 ¹
1085 1737 1167 1771 gem.)
1198 1735 1246 1761 Th.
1268 1735 1298 1762 C.
1323 1735 1361 1761 11.
1382 1737 1405 1760 4.
1427 1745 1446 1761 c.
1469 1737 1508 1761 18.
1529 1735 1561 1761 (18
1580 1734 1664 1761 Praet.
1685 1739 1710 1760 ct
1730 1736 1780 1769 Qu.
1818 1732 1928 1759 Inviola-

1086 1778 1132 1804 bili
1152 1778 1337 1804 observatione
1356 1779 1494 1804 sancimus
1516 1788 1535 1804 c.
1550 1780 1574 1804 6.
1590 1778 1621 1804 (18
1635 1778 1678 1804 off.
1690 1777 1762 1803 lieet.
1778 1776 1819 1802 Pr.
1834 1778 1855 1802 1.
1868 1778 1908 1801 40.

1119 1833 1413 1860 Inv101abi11ter.
1434 1832 1546 1866 (Advb.)
1571 1835 1780 1866 lucenique,
1801 1833 1925 1857 Sancta

1061 1891 1063 1899 v
1084 1875 1126 1901 111.
1148 1877 1214 1903 Cn.
1242 1875 1313 1901 Haec
1336 1886 1394 1901 cum
1413 1875 1539 1902 hactenus
1559 1875 1649 1902 inviol.
1670 1875 1765 1901 fuerint
1785 1874 1924 1901 custodita.

1085 1917 1151 1945 Nov.
1172 1917 1228 1944 Vat.
1249 1918 1291 1944 ΙΙΙ.
1312 1918 1343 1945 (18
1363 1920 1443 1956 episc.
1464 1919 1548 1945 ordin.
1568 1918 1598 1944 11.
1620 1920 1659 1945 17.
1680 1929 1700 1944 c.
1722 1920 1744 1944 1.
1764 1918 1829 1951 3.1.

1119 1973 1344 2000 Inviolatus.
1383 1973 1521 2006 (Adiect.)
1559 1976 1794 2004 Intemeratus,
1816 1974 1924 1998 Incor-

1083 2022 1207 2049 νιιριιιε,
1246 2016 1263 2042 1.
1284 2018 1346 2050 Sy.
1366 2016 1466 2052 Integra
1487 2016 1651 2052 illibataque.
1671 2015 1798 2041 Inviolata
1818 2016 1924 2047 (existi-

1083 2059 1189 2091 matio.)
1215 2069 1236 2084 c.
1257 2060 1297 2085 16.
1321 2069 1342 2085 e.
1361 2061 1402 2085 21.
1423 2070 1455 2086 ex
1475 2069 1516 2095 qu.
1537 2070 1558 2085 c.
1578 2059 1665 2085 int'am.
1684 2062 1708 2084 “.’,.
1730 2060 1769 2083 12.
1790 2068 1810 2083 c.
1831 2061 1871 2083 20.
1892 2057 1924 2083 ad

1083 2100 1112 2126 L.
1131 2101 1178 2127 lul.
1199 2101 1231 2127 de
1251 2101 1331 2128 adult.
1352 2104 1375 2128 9.
1396 2104 1419 2129 9.

1119 2152 1306 2179 Invitare.
1326 2154 1504 2185 Advocare,
1524 2155 1712 2179 Provocare.
1750 2151 1768 2177 I.
1788 2152 1849 2186 Sy.
1871 2151 1923 2176 Ad-

1082 2195 1193 2221 mittere.
1214 2194 1255 2221 Cf.
1270 2195 1294 2221 h.
1308 2205 1331 2221 v.
1352 2196 1411 2229 3.1.
1449 2195 1580 2227 Polliceri,
1594 2195 1706 2221 Invitarc
1720 2194 1751 2221 ad
1765 2194 1806 2228 (B.
1822 2194 1922 2226 l'nem.)

1083 2237 1112 2263 sr.
1134 2239 1156 2263 1.
1176 2238 1197 2271 3.
1211 2240 1234 2264 2.
1254 2238 1286 2264 fr.
1305 2239 1329 2264 3.
1349 2239 1370 2272 3
1392 2240 1432 2264 10.
1453 2238 1484 2264 de
1504 2238 1563 2264 bon.
1583 2238 1668 2264 libert.
1688 2239 1729 2264 33.
1749 2240 1772 2264 2.
1810 2237 1838 2263 11.
1854 2238 1920 2269 01).

1080 2279 1194 2306 Invitare
1213 2280 1245 2307 ad
1265 2280 1422 2314 (honores.)
1446 2297 1478 2300 —
1514 2281 1613 2307 Arcere
1632 2280 1819 2314 (honoribus.)
1848 2279 1876 2304 l'r.
1896 2280 1920 2304 6.

1082 2323 1102 2356 3.
1125 2325 1146 2349 l.
1168 2323 1200 2349 de
1219 2334 1288 2350 mun,
1308 2329 1334 2350 et.
1353 2324 1413 2350 hon.
1434 2327 1474 2350 50.
1494 2326 1517 2350 4.
1559 2324 1602 2350 III.
1627 2325 1692 2351 ίίι.
1717 2324 1799 2358 Quasi
1823 2323 1920 2347 amicos

1081 2365 1113 2392 ad
1133 2376 1239 2392 coenam
1259 2367 1426 2398 invitaturus,
1446 2376 1545 2402 rogare.
1566 2367 1622 2393 Gai.
1638 2366 1679 2392 111.
1696 2368 1752 2392 196.
1772 2365 1801 2390 t'r.
1818 2366 1838 2390 1.
1859 2365 1880 2398 3.
1895 2366 1918 2390 4.

1081 2408 1113 2434 de
1132 2408 1165 2434 Ο.
1192 2413 1217 2435 81
1240 2409 1271 2435 A.
1292 2411 1332 2435 44.
1354 2411 1376 2435 7.
1418 2409 1470 2435 Ybi
1494 2409 1591 2441 uoluit,
1615 2411 1665 2435 iam
1689 2409 1775 2444 coepit
1798 2407 1830 2433 ad
1853 2407 1919 2433 atius

1080 2453 1212 2488 pertinere
1227 2452 1257 2478 B.
1272 2451 1310 2483 P.‚
1329 2457 1372 2478 aut
1390 2452 1484 2478 fiscum
1502 2453 1620 2478 invitare.
1640 2452 1669 2477 fr.
1691 2453 1712 2476 l.
1735 2451 1755 2483 3.
1767 2452 1789 2475 6.
1812 2449 1843 2475 (18
1863 2460 1919 2476 suc-

1081 2504 1148 2521 cess.
1169 2494 1245 2521 edict.
1265 2497 1307 2521 35.
1328 2497 1351 2521 9.
1372 2494 1403 2520 cf.
1427 2495 1457 2521 t'r.
1477 2497 1517 2521 42.
1543 2497 1563 2529 3.
1586 2497 1606 2520 1.
1631 2494 1662 2520 de
1686 2494 1746 2519 bon.
1770 2492 1856 2519 libert.
1875 2495 1917 2519 35.

1080 2539 1104 2564 2.
1141 2537 1221 2563 Aliud
1241 2542 1297 2569 est,
1323 2537 1434 2574 eligendi
1454 2539 1608 2564 matrimonii
1628 2546 1728 2573 poenae
1752 2542 1822 2563 metu
1841 2536 1918 2563 liber-

1080 2585 1159 2606 tatem
1179 2580 1282 2611 auferri,
1303 2580 1373 2607 aliud
1392 2581 1424 2607 ad
1437 2582 1626 2607 matrimonium
1642 2585 1712 2606 certa
1730 2580 1787 2616 lege
1805 2581 1917 2606 invitari.

1080 2624 1110 2649 fr.
1131 2625 1171 2649 71.
1192 2624 1213 2656 3.
1235 2626 1256 2649 1.
1282 2623 1314 2650 de
1333 2624 1408 2650 cond.
1429 2630 1453 2650 et
1473 2624 1537 2650 dem.
1557 2626 1597 2650 35.
1619 2625 1640 2649 1.
1677 2622 1770 2649 Altero
1789 2628 1865 2660 pacto
1885 2623 1917 2649 ad

1079 2665 1217 2692 furandum
1240 2666 1364 2692 mulieres
1389 2668 1544 2698 invitantur,
1569 2666 1651 2692 altero
1676 2667 1716 2692 ius
1740 2666 1817 2692 civile
1836 2667 1916 2703 impu-

1078 2715 1178 2745 gnatur.
1198 2710 1227 2736 fr.
1247 2711 1271 2736 5.
1291 2710 1305 2743 3
1333 2711 1355 2735 l.
1376 2709 1408 2735 de
1426 2714 1493 2746 pact.
1515 2709 1567 2736 dot.
1585 2712 1625 2735 23.
1645 2712 1668 2736 4.

1113 2753 1316 2779 lnvitator.
1338 2753 1558 2787 Officialium
1575 2763 1686 2788 genus.
1707 2751 1826 2780 HLCn.
1847 2752 1914 2777 Scri-

1056 2802 1057 2809 *
1079 2795 1115 2821 nii
1134 2795 1161 2822 S.
1182 2795 1332 2822 libellorum
1355 2797 1404 2822 sic:
1428 2813 1455 2816 -
1478 2798 1658 2829 invitatorum,
1682 2796 1911 2825 admissionalinm,
