2197 3121
257 170 322 201 300

258 296 305 322 int.
325 294 357 322 V.
376 296 418 321 24.
440 296 462 320 1.
500 293 540 320 111.
563 295 628 321 Cn.
660 293 689 320 Si
709 295 768 330 quis
788 295 815 321 in
833 304 931 331 pueros
950 310 982 314 —-
1002 295 1101 331 impen-

258 337 339 369 derit,
367 342 411 364 aut
436 338 462 364 in
482 336 640 368 doctrinam,
665 341 710 363 aut
734 337 864 364 alimenta.
885 336 915 363 fr.
934 339 976 363 28.
996 337 1018 371 ξ.
1040 338 1062 363 l.
1082 336 1099 363 l.

257 383 300 407 24.
322 383 344 407 1.
381 380 434 416 Qui
454 379 496 406 vel
515 379 669 412 doctrinam,
689 380 732 407 vel
751 381 876 417 mysteria
896 381 1100 407 conventionum

258 423 349 450 talium
373 433 496 449 exercere
519 428 721 450 consueverunt.
747 423 797 450 Th.
819 423 850 450 C.
870 422 940 450 XVI.
966 425 990 449 5.
1016 433 1038 450 c.
1059 425 1099 450 12.

259 466 292 493 de
311 466 408 492 haeret.
430 483 460 486 —
481 466 511 499 §.
531 467 566 492 2.
587 468 734 498 Peritia,
754 468 822 493 Ars.
851 466 893 492 III.
914 467 980 494 Gn.
1000 466 1100 502 Ingenii

259 509 384 546 qualitate
404 515 427 535 et
442 509 538 535 fiducia
557 508 693 536 doctrinae
713 509 801 547 (plura
821 510 946 535 innovare
965 510 1100 542 institnit.)

258 552 289 579 sr.
309 554 333 578 2.
354 553 375 586 ς’.
395 554 436 578 47.
457 552 489 579 de
509 552 542 578 O.
563 552 581 579 I.
603 554 624 579 1.
644 554 668 579 2.
706 552 889 579 Profundioris
915 553 1042 579 scientiae
1065 557 1101 579 at-

258 638 328 665 stud.
352 638 426 665 liber.
452 638 509 665 urb.
537 638 569 665 R.
594 638 738 665 Studiosus
768 638 879 665 alicuius
903 638 1046 665 doctrinae.
1070 637 1100 664 sr.

259 683 299 708 19.
319 681 352 708 ad
371 681 458 708 exhib.
480 683 520 708 10.
540 684 564 708 4.
602 681 631 707 Id
655 681 790 708 doctrinae
814 691 909 717 genus.
934 681 1006 718 quod
1024 691 1103 707 unus-

258 726 371 762 quisque
391 724 539 762 profitetur.
560 724 610 751 Th.
631 724 661 752 C.
682 724 725 751 Vl.
745 726 787 750 21.
807 735 828 751 c.
851 726 873 751 1.
893 724 925 751 de
944 724 1089 762 professor.

291 770 446 795 Doctus.
484 767 605 801 (Panic.)
642 768 673 800 §0
698 769 731 794 l.
753 770 884 794 Certior
898 770 1027 804 factus.
1058 766 1100 793 III.

257 812 325 839 Cn.
345 810 373 838 Si
393 811 502 837 Praetor
521 810 616 836 doctus
636 812 679 843 sit,
699 821 752 837 non
772 811 898 848 expedire
911 816 961 838 etc.
981 810 1011 837 fr.
1032 812 1054 836 7.
1069 809 1102 836 de

257 864 317 880 ann.
336 853 413 890 legat.
427 855 506 880 33.1.
536 853 698 890 Suggerente
711 854 902 890 magnificentia
915 859 1012 885 vestra,
1024 853 1101 880 docta

257 896 322 935 Imp.
343 898 492 923 aeternitas.
518 906 539 922 c.
563 898 587 923 2.
609 896 641 923 de
661 896 705 923 oss.
725 898 757 923 ei.
777 908 820 934 qu.
840 899 889 924 vic.
910 897 942 924 al.
964 899 986 923 l.
1006 899 1047 923 50.
1068 912 1100 916 ——

256 940 289 974 ἓ.
315 941 351 966 8.
383 941 538 971 ΡενίΙιιε,
560 941 762 967 Litteratux.
801 940 844 967 111.
869 942 935 968 Gn·
962 940 1030 967 Cum
1054 949 1100 966 eos

257 986 307 1015 (sc.
327 982 423 1015 libros)
444 982 560 1018 legisset.
580 982 685 1009 doctior
704 988 730 1009 et
743 983 836 1010 melior
849 983 953 1010 futurus
973 988 1052 1009 esset.
1070 982 1099 1008 fr.

258 1027 298 1052 19.
323 1025 356 1052 ad
379 1024 466 1052 exhib.
493 1027 533 1051 10.
557 1027 581 1051 4.
617 1025 702 1053 Homo
727 1026 830 1054 doctus.
854 1026 903 1053 Vir
921 1026 1101 1053 doctissimus.

256 1069 288 1095 t'r.
308 1070 348 1094 19.
368 1068 390 1102 §.
411 1070 433 1094 l.
454 1067 486 1095 de
505 1078 564 1095 ann.
583 1068 660 1106 legat.
679 1070 721 1096 33.
742 1071 765 1096 l.
785 1069 816 1097 fr.
838 1071 877 1096 12.
898 1069 930 1096 de
949 1074 1009 1096 stat.
1031 1068 1100 1095 hom.

258 1113 280 1138 1.
305 1113 328 1138 5.

291 1156 583 1182 Documentum·
609 1155 640 1188 ξ.
660 1157 695 1182 1.
722 1157 902 1188 Indicium,
924 1157 1100 1190 Specimen.

256 1197 299 1224 ΠΙ.
320 1199 386 1225 On.
418 1198 524 1233 Quibus
543 1203 606 1236 post
630 1198 786 1225 documenta
810 1198 898 1225 fidelis
918 1199 1049 1235 obsequii,
1068 1213 1101 1217 —

256 1240 335 1278 plena
359 1245 400 1267 est
419 1241 593 1278 impertienda
613 1242 798 1279 tranquillitas.
830 1241 880 1268 Th.
901 1241 933 1268 C.
953 1241 997 1268 VI.
1017 1243 1058 1268 35.
1079 1251 1101 1267 c.

255 1287 280 1311 ὅ.
306 1284 338 1310 de
362 1285 429 1321 priv.
455 1294 508 1311 eor.
534 1295 577 1322 qu.
602 1287 628 1312 in
653 1285 680 1312 S.
705 1284 757 1322 pal.
795 1285 935 1322 Quidquid
958 1301 991 1304 —
1015 1283 1101 1312 libelli

256 1327 357 1363 absque
382 1326 540 1354 documento
566 1333 591 1354 et
615 1329 768 1355 recitatione
792 1328 950 1355 decernitur.
992 1327 1030 1354 Ib.
1054 1327 1100 1354 XI.

255 1371 298 1400 30..
318 1380 340 1396 c.
359 1371 401 1396 40.
421 1369 454 1396 de
474 1381 533 1408 app.
554 1376 580 1397 et
599 1381 678 1409 poen.
697 1388 729 1391 —
748 1372 780 1406 ᾖ.
801 1373 836 1398 2.
858 1373 1101 1399 Monumentum

255 1415 489 1448 probatorium.
514 1414 557 1441 HI.
573 1416 638 1442 Cn.
658 1414 885 1441 Documentorum
903 1414 1102 1452 probationum-

256 1466 308 1493 que
328 1456 462 1493 pensanda
481 1456 642 1484 libramenta.
663 1457 700 1484 lb.
720 1457 765 1484 ΙΧ.
785 1460 827 1484 41.
848 1468 869 1484 c.
892 1460 913 1484 1.
933 1467 972 1495 pr.
992 1467 1025 1484 ne
1043 1458 1101 1484 sine

256 1500 331 1526 iussn
350 1498 435 1525 Princ.
457 1499 488 1526 cf.
508 1499 553 1526 ΙΧ.
572 1502 614 1526 37.
635 1511 656 1527 c.
676 1502 700 1527 3.
721 1500 754 1527 de
773 1500 910 1527 abolition.

291 1544 479 1569 nodi-ans.
518 1545 635 1570 Novem
655 1546 779 1571 unciae.
817 1543 860 1570 III.
884 1545 950 1572 Gn.
979 1543 1020 1570 Ne
1039 1543 1100 1581 plus

256 1585 342 1621 legare
365 1584 456 1617 liceat,
481 1596 558 1622 quam
586 1586 755 1619 dodrantem,
775 1603 808 1606 —
829 1592 857 1613 ut
880 1587 957 1613 heres
982 1592 1100 1623 quartam

255 1633 357 1665 partem
376 1628 530 1655 hereditatis
550 1629 652 1655 habeat.
691 1628 748 1655 Gai.
768 1628 798 1656 ΙΙ.
818 1631 878 1656 227.
897 1632 956 1656 255.
977 1640 1017 1666 sq.
1038 1629 1099 1667 le.

255 1671 353 1698 XXIV.
377 1673 419 1698 32.
445 1671 530 1699 XXV.
558 1674 597 1699 14.
640 1672 793 1699 Fundorum
817 1672 927 1699 alterum
952 1672 1037 1699 facere
1056 1672 1101 1699 do-

256 1714 375 1742 drantem
394 1715 536 1746 bonorum.
562 1715 673 1742 alterum
697 1715 875 1752 quadrantem.
896 1715 926 1742 fr.
945 1718 988 1743 35.
1008 1726 1047 1753 pr.
1068 1715 1100 1742 cf.

256 1758 287 1784 fr.
309 1760 348 1784 15.
368 1759 390 1793 §.
412 1760 436 1785 l.
455 1758 488 1785 de
507 1758 596 1785 hered.
617 1760 678 1785 inst.
698 1759 740 1785 28.
760 1761 784 1784 5.

291 1803 449 1836 Dogma.
487 1804 742 1836 I’raeceptorum
766 1812 901 1834 summa,
926 1803 1100 1829 Doctrina.

257 1844 300 1870 111.
317 1846 384 1872 Gn.
402 1844 558 1882 Apostolica
578 1844 732 1882 disciplina,
751 1845 953 1882 evangelicaque
972 1845 1100 1872 doctrina.

258 1903 290 1907 —
304 1887 471 1914 Haereticum
483 1888 584 1924 dogma.
605 1888 654 1915 Th.
669 1888 700 1915 C.
714 1888 785 1915 XVI.
801 1890 824 1915 l.
845 1899 866 1915 c.
885 1891 909 1916 2.
929 1899 968 1926 pr.
989 1890 1010 1923 ξ.
1027 1891 1049 1915 l.
1069 1888 1102 1915 de

257 1930 310 1957 fide
335 1930 430 1957 cathol.
450 1930 594 1963 Haeretici,
620 1937 645 1957 et
670 1931 769 1958 diversi
794 1931 922 1968 dogmatis
947 1937 1099 1958 sectatores

257 1974 294 2000 lb.
314 1973 386 2000 ΧΥΙ.
400 1976 423 2000 5.
444 1984 465 1999 c.
479 1976 521 2000 47.
542 1973 574 2000 de
593 1973 690 2000 haeret.
729 1976 783 2010 Qui
802 1986 815 2001 a
835 1975 979 2001 catholicae
998 1975 1101 2011 religio-

257 2018 299 2043 nis
319 2017 439 2053 dogmate
463 2016 568 2043 deviare
593 2017 763 2044 contendunt.
796 2017 832 2044 lb.
857 2018 928 2045 XVI.
956 2020 996 2044 10.
1017 2028 1037 2045 c.
1059 2019 1099 2044 13.

258 2060 290 2087 dc.
309 2070 400 2098 pagan.
421 2060 453 2087 cf.
473 2059 544 2086 XVI.
564 2062 587 2086 6.
609 2070 630 2086 c.
650 2063 674 2086 5.
694 2071 727 2087 ne
746 2060 773 2087 S.
795 2061 865 2099 bapt.

293 2106 473 2131 notam-a.
523 2105 784 2136 Ferramentum,
813 2111 877 2131 tam
907 2107 946 2132 ad
968 2107 1100 2131 caeden-

257 2149 327 2173 dum
347 2157 439 2181 qnam
457 2148 735 2183 perfringendam
755 2154 872 2181 aptum.
909 2147 952 2174 Ill.
966 2149 1032 2176 Gn.
1052 2147 1100 2174 Ha-

258 2200 314 2216 mae
334 2195 359 2216 et
378 2189 509 2216 dolabrae.
535 2189 565 2216 sr.
584 2191 608 2215 3.
628 2190 650 2223 ξ.
669 2191 693 2216 3.
714 2189 747 2215 de
771 2190 814 2216 off.
839 2190 891 2217 Prs.
918 2190 992 2227 Yigg.
1015 2192 1037 2217 1.
1060 2192 1099 2216 15.

258 2232 425 2259 Ferramenta
446 2232 581 2259 laniandae
600 2233 686 2259 carnis
701 2242 777 2259 causa
792 2238 953 2270 praeparata.
973 2235 1034 2260 item
1048 2238 1099 2260 tru-

258 2277 336 2307 tinas,
357 2275 465 2307 cultros,
486 2275 608 2302 dolabras
623 2277 799 2302 instrumento
820 2277 869 2309 (sc.
881 2275 1007 2307 lanionis)
1024 2276 1101 2303 relin—

258 2320 371 2356 quimus.
392 2318 422 2345 fr.
444 2320 482 2344 18.
502 2329 541 2355 pr.
563 2319 595 2345 de
614 2320 674 2345 inst.
694 2318 743 2355 leg.
762 2320 805 2345 33.
826 2320 848 2345 7.

295 2363 448 2389 Dolore.
487 2363 583 2388 :laria
606 2364 748 2395 caedere,
777 2364 932 2397 levigare.
970 2362 1013 2389 111.
1035 2364 1101 2390 Gn.

259 2403 320 2431 Non
341 2414 386 2431 eos
406 2404 553 2432 dumtaxat.
574 2405 618 2440 qui
638 2406 708 2441 tigna
728 2405 776 2438 [al.
796 2405 882 2441 ligna]
903 2404 1031 2432 dolarent.
1051 2407 1100 2439 (sc.

259 2447 348 2474 fabros
368 2448 502 2483 tignarios,
523 2447 554 2473 al.
575 2447 708 2483 lignarios⁷
728 2448 802 2481 dici.)
818 2448 867 2475 sed
886 2458 977 2475 omncs
997 2450 1042 2485 qui
1061 2460 1101 2475 ae-

259 2489 404 2517 dificarent.
425 2490 455 2517 sr.
475 2491 534 2516 235.
555 2490 576 2523 ς’.
598 2491 620 2516 l.
640 2489 673 2515 dc
692 2490 723 2517 V.
744 2491 771 2518 S.
791 2493 833 2518 50.
855 2493 895 2518 16.

294 2535 445 2560 Dolore.
471 2534 591 2559 Dolore
610 2534 733 2568 adfici,
753 2544 775 2560 v.
799 2537 958 2561 laborare.
980 2534 1100 2563 luen.

260 2575 289 2601 Si
309 2586 341 2602 ex
361 2577 481 2613 corporis
495 2577 559 2602 vitio
579 2575 606 2602 id
619 2575 723 2607 accidit,
743 2576 824 2603 veluti
839 2577 910 2613 quod
929 2579 1009 2606 iecur.
1030 2578 1101 2614 quod

259 2617 349 2654 pulmo
369 2635 401 2638 -—
421 2619 501 2645 dolet.
522 2619 551 2645 fr.
574 2620 613 2645 12.
633 2619 654 2652 §.
675 2619 698 2644 4.
719 2618 751 2644 tle
770 2619 855 2646 Acdil.
876 2620 953 2647 edict.
973 2623 1014 2646 21.
1036 2624 1058 2647 1.

295 2662 471 2688 notioris.
510 2661 638 2695 (Adiect.)
675 2663 722 2688 Ad
739 2664 829 2689 dolia
847 2666 1024 2696 pertinens.
1056 2664 1099 2691 III.

260 2704 326 2731 Cn.
347 2704 375 2729 Si
396 2704 496 2730 doliarr.
515 2705 604 2731 vinum
625 2705 733 2736 emerIS‚
753 2720 785 2724 —-
805 2705 831 2731 id
850 2705 934 2732 videri
953 2712 1052 2739 actum,
1072 2712 1101 2734 ut

260 2751 320 2772 ante
339 2752 526 2774 evacuarentur
550 2753 599 2774 etc.
625 2748 654 2774 fr.
676 2749 698 2774 1.
723 2747 745 2781 §.
764 2748 788 2774 4.
809 2747 842 2775 de
861 2750 940 2785 peric.
962 2755 988 2775 et
1007 2760 1099 2777 comni.

261 2790 301 2815 18.
321 2790 344 2814 6.

294 2831 518 2859 Baliarium.
540 2835 704 2867 ΑροΙΙιεοα
727 2836 897 2862 doliorum.
921 2833 963 2860 111.
984 2835 1050 2862 Gn.
1070 2835 1099 2861 Si

1122 2312 1123 2334 ³
1146 2320 1176 2347 rr.
1195 2322 1219 2346 2.

975 168 1071 200 DOC
1097 187 1136 193 —
1160 169 1262 201 DOL.

258 251 289 279 fr.
310 253 350 278 13.
369 252 391 286 §.
410 252 452 277 22.
472 250 504 277 de
524 251 555 277 A.
575 251 604 278 E.
626 250 657 277 V.
679 252 718 277 19.
740 252 761 277 l.
783 250 813 278 [r.
832 252 875 278 ⁴28.
900 252 922 285 §.
944 253 966 278 l.
987 251 1020 278 de
1039 250 1100 277 don.
1123 250 1125 253 ’

1145 261 1177 278 ex
1197 251 1308 278 doliario
1329 250 1376 284 [al.
1397 251 1533 286 doleario]
1558 262 1619 290 pars
1644 254 1698 280 vini
1723 255 1847 282 venierit.
1868 271 1900 275 ——
1920 261 1989 282 ante-

1145 304 1221 331 quam
1242 293 1398 320 admetiatur
1418 300 1467 322 etc.
1489 295 1519 322 fr.
1539 298 1580 322 35.
1601 296 1622 330 ξ.
1643 298 1666 322 7.
1687 302 1770 323 contr.
1790 303 1849 325 emt.
1871 300 1910 325 18.
1932 301 1954 325 1.

1180 337 1345 364 Dulium.
1381 339 1537 365 Vasorum
1556 341 1767 366 vinariorum
1787 343 1906 375 species
1926 352 1987 369 ma-

1145 382 1203 406 ior.
1240 380 1283 406 111.
1310 381 1376 408 Cn.
1421 380 1490 407 Vasa
1509 383 1617 413 vinaria.
1638 392 1661 408 v.
1681 383 1829 410 torcularia.
1849 400 1882 403 —
1901 384 1988 417 Dolia,

1145 428 1170 450 et
1189 425 1281 455 seriae.
1302 428 1327 449 et
1346 423 1494 461 amphorae.
1515 424 1546 451 fr.
1565 426 1623 451 206.
1645 424 1678 451 de
1697 425 1728 452 V.
1744 425 1771 452 S.
1792 428 1834 453 50.
1856 428 1895 453 16.
1932 427 1987 454 Do-

1144 466 1187 495 lia.
1207 466 1269 493 licet
1288 466 1393 493 defossa
1413 476 1466 493 non
1485 468 1553 497 siut.
1577 473 1603 494 et
1627 478 1716 505 cupae.
1742 469 1772 496 fr.
1792 470 1816 496 8.
1841 479 1880 506 pr.
1901 469 1934 495 de
1952 471 1990 496 in-

1145 515 1236 536 strum.
1261 509 1309 546 leg.
1334 512 1375 537 33.
1396 511 1419 536 7.
1443 509 1516 536 Paul.
1536 509 1578 537 ΙΙΙ.
1599 512 1623 537 6.
1648 511 1670 545 ξ.
1691 513 1732 538 37.
1758 512 1788 539 l'r.
1808 514 1849 539 93.
1870 512 1891 546 ξ.
1912 514 1936 539 4.
1956 512 1989 539 de

1123 571 1124 578 η
1146 552 1222 589 legat.
1243 552 1285 579 111.
1307 554 1373 585 (32.)
1394 552 1424 579 fr.
1443 554 1467 579 3.
1488 553 1510 586 §.
1532 554 1554 579 1.
1574 552 1607 580 de
1626 555 1679 580 trit.
1701 555 1771 581 vino.
1785 556 1827 582 3-3.
1842 556 1865 581 6.
1886 554 1916 581 Si
1930 556 1989 592 quis

259 606 309 633 que
329 595 463 622 doctrinae
483 600 611 622 auctores.
640 595 690 622 Th.
711 595 742 623 C.
762 595 832 622 XIV.
853 597 877 622 9.
897 606 918 622 c.
938 597 962 622 3.
982 596 1004 629 §.
1026 597 1048 622 l.
1069 595 1102 622 de
1123 606 1124 627 ;
1146 595 1284 632 legaverit:
1304 606 1359 627 ..ex
1380 595 1425 622 illo
1446 595 1517 622 dolio
1537 595 1676 633 amphoras
1696 597 1752 623 Xf·
1771 597 1804 624 fr.
1823 599 1847 624 8.
1871 598 1893 632 ξ.
1913 600 1937 624 2.
1957 597 1990 625 de

1123 662 1124 665 ,
1147 638 1222 675 legat.
1243 638 1273 665 II.
1294 640 1361 671 (31.)
1381 639 1409 665 In
1429 638 1499 665 dolia
1522 639 1676 666 coniicimus
1696 641 1820 673 (vinum.)
1841 640 1944 668 scilicet
1962 645 1991 667 ut

1146 692 1178 708 ex
1202 681 1244 707 his
1268 687 1361 719 postea
1384 683 1411 708 in
1435 681 1575 719 amphoras
1599 687 1625 708 et
1649 682 1728 709 cados
1753 683 1938 710 diffundamus.
1958 682 1989 710 l'r.

1148 726 1187 750 15.
1208 724 1241 751 de
1260 726 1313 751 trit.
1332 726 1403 751 vino.
1423 726 1466 751 33.
1486 726 1509 751 6.

1180 769 1315 795 Dolon.
1354 770 1475 803 Pugio,
1500 779 1522 795 v.
1548 770 1727 801 stimulat,
1752 771 1783 796 in
1802 771 1924 805 flagro
1943 771 1990 796 la—

1123 845 1125 852 >
1146 817 1223 838 tens.
1261 810 1304 837 111.
1332 812 1397 839 (ἠ.
1434 810 1565 847 flagello,
1586 811 1658 848 quod
1675 812 1702 838 in
1722 822 1798 839 manu
1817 812 1943 843 habebat,
1963 813 1990 839 in

1146 864 1198 890 quo
1212 853 1293 880 dolon
1309 853 1353 887 [al.
1374 853 1462 888 dolor]
1477 855 1569 886 inerat.
1588 854 1729 881 verberare
1742 855 1918 882 tabernarium
1933 865 1990 882 coe-

1146 902 1228 934 perat.
1250 897 1281 923 fr.
1302 899 1343 923 52.
1363 897 1385 931 ξ.
1408 899 1429 922 l.
1450 897 1482 924 ad
1501 897 1530 924 L.
1551 898 1620 934 Aqn.
1641 900 1665 925 9.
1684 900 1709 924 2.

1180 942 1309 967 Dolor.
1346 942 1521 975 Corporis,
1540 943 1588 968 vel
1607 943 1725 973 animi,
1744 943 1926 968 cruciatus.
1945 940 1989 967 111.

1146 984 1212 1010 Cn.
1241 982 1295 1018 Qui
1317 982 1427 1009 alicuius
1442 985 1525 1020 partis
1539 985 1668 1021 corporis,
1688 984 1731 1011 vel
1745 985 1809 1011 certi
1823 983 1933 1015 doloris,
1952 993 1991 1010 sa-

1149 1027 1258 1052 nitatem
1276 1024 1444 1062 pollicentur.
1468 1026 1499 1054 fr.
1519 1029 1543 1053 l.
1562 1027 1584 1061 §.
1603 1029 1628 1054 3.
1648 1027 1681 1054 de
1704 1032 1770 1054 extr.
1794 1037 1868 1063 cogn.
1888 1029 1929 1053 50.
1950 1028 1990 1053 13.

1146 1068 1200 1104 Qui
1220 1068 1272 1094 sibi
1291 1078 1383 1095 manus
1402 1069 1499 1102 intulit,
1519 1085 1552 1090 —
1572 1071 1624 1096 nisi
1638 1071 1799 1107 impatientia
1818 1069 1928 1101 doloris.
1947 1074 1992 1096 aut

1145 1111 1247 1144 morbi,
1271 1110 1394 1138 luetusve
1416 1112 1526 1139 alicuius
1546 1129 1579 1133 —
1599 1113 1691 1140 fecerit
1716 1118 1765 1140 etc.
1789 1112 1821 1139 fr.
1844 1115 1886 1140 38.
1907 1113 1928 1147 ξ.
1950 1114 1990 1139 12.

1146 1155 1179 1181 de
1203 1165 1282 1192 poen.
1308 1156 1350 1182 48.
1377 1156 1417 1182 19.
1442 1155 1473 1183 fr.
1497 1157 1539 1182 34.
1564 1166 1603 1194 pr.
1628 1156 1661 1183 de
1684 1156 1758 1183 milit.
1783 1161 1885 1182 testam.
1904 1157 1946 1182 29.
1968 1157 1989 1182 1.

1147 1198 1201 1234 Qui
1225 1208 1335 1228 uxorem
1358 1197 1549 1236 deprehensam
1573 1209 1631 1225 cum
1657 1199 1776 1226 adultero
1800 1199 1910 1231 occidit,
1931 1200 1991 1236 quia

1146 1241 1199 1268 hoc
1218 1242 1380 1279 impatientia
1399 1242 1463 1268 iusti
1488 1241 1590 1268 doloris
1614 1241 1719 1268 admisit
1738 1246 1788 1269 etc.
1806 1241 1879 1269 Paul.
1898 1241 1928 1269 11.
1947 1243 1989 1269 26.

1147 1285 1168 1319 §.
1188 1287 1230 1312 25.
1251 1284 1282 1311 fr.
1302 1285 1344 1311 38.
1364 1285 1386 1319 ξ.
1405 1286 1430 1311 8.
1449 1285 1482 1311 ad
1500 1285 1529 1312 L.
1544 1285 1592 1312 Iul.
1612 1285 1645 1312 de
1665 1285 1745 1312 adult.
1765 1286 1807 1312 48.
1820 1287 1844 1311 5.
1881 1285 1915 1311 Et
1931 1294 1990 1322 pro-

1145 1329 1270 1366 pensiore
1289 1329 1335 1360 ira,
1356 1333 1382 1354 et
1400 1329 1498 1355 maiore
1521 1328 1614 1355 dolore
1634 1333 1820 1355 exsecuturum
1839 1338 1898 1355 eum
1917 1338 1991 1355 acen-

1146 1373 1275 1398 sationem
1295 1371 1454 1398 credendum
1474 1377 1522 1398 est.
1547 1371 1577 1398 fr.
1597 1373 1621 1398 2.
1646 1372 1668 1406 ξ.
1688 1373 1712 1398 8.
1739 1371 1769 1399 sr.
1790 1374 1830 1398 15.
1850 1371 1885 1398 ib.
1905 1372 1946 1398 48.
1966 1372 1990 1397 5.

1146 1414 1216 1442 Coll.
1236 1413 1289 1441 LL.
1309 1413 1343 1441 Μ.
1363 1413 1407 1441 IV.
1428 1417 1469 1441 ll.
1507 1415 1640 1450 Quoniam
1654 1415 1770 1441 servitus
1791 1424 1881 1441 eorum
1899 1413 1933 1441 ad
1946 1413 1992 1440 do-

1146 1458 1229 1484 lorem
1253 1462 1373 1484 nostrum
1396 1459 1571 1495 ininriamque
1594 1463 1712 1484 nostram
1735 1459 1886 1496 porrigitur.
1910 1457 1941 1484 fr.
1965 1458 1990 1483 2.

1145 1501 1179 1528 dc
1198 1501 1310 1528 liberali.
1331 1511 1352 1527 c.
1372 1502 1413 1527 40.
1436 1503 1476 1527 12.

1180 1546 1330 1572 ”olose-
1368 1543 1481 1578 (Advb.)
1520 1546 1663 1571 Subdola
1700 1543 1744 1570 111.
1759 1545 1826 1572 Gn.
1845 1544 1903 1570 Etsi
1922 1544 1991 1570 inter

1145 1589 1218 1614 initia
1238 1587 1304 1614 nihil
1323 1586 1385 1614 dolo
1410 1587 1478 1614 malo
1498 1587 1573 1619 facit,
1598 1592 1712 1614 attamen
1731 1597 1801 1614 nunc
1819 1586 1935 1624 petendo
1955 1586 1990 1612 fa-

1146 1632 1182 1657 cit
1202 1631 1303 1657 dolose.
1325 1630 1355 1657 fr.
1375 1632 1399 1657 2.
1419 1631 1442 1664 §.
1462 1632 1486 1657 5.
1507 1630 1540 1657 de
1559 1630 1583 1657 d.
1603 1640 1636 1657 m.
1657 1640 1712 1658 exc.
1726 1632 1768 1657 44.
1782 1631 1806 1656 4.
1826 1629 1858 1656 cs.
1878 1629 1908 1656 fr.
1923 1630 1947 1656 9.
1967 1629 1989 1663 ξ.

1144 1676 1168 1700 2.
1189 1674 1222 1700 ad
1241 1673 1329 1700 exhib.
1351 1675 1390 1699 10.
1410 1676 1434 1699 4.
1472 1673 1502 1700 Si
1524 1673 1610 1700 levior
1634 1674 1669 1700 sit
1693 1674 1811 1711 suspicio
1835 1672 1990 1704 adversarii,

1146 1718 1221 1754 quasi
1241 1716 1336 1743 dolose
1354 1717 1461 1742 versati.
1481 1716 1511 1742 l'r.
1531 1718 1556 1743 3.
1576 1717 1597 1750 ξ.
1620 1718 1642 1743 1.
1663 1716 1696 1743 de
1715 1717 1808 1743 minor.
1827 1717 1852 1742 4.
1872 1717 1896 1742 4.

1180 1761 1353 1787 Dolosus.
1391 1758 1529 1792 (Adiect.)
1571 1761 1756 1794 Itnprobus,
1782 1760 1989 1786 Malitiosus.

1146 1802 1189 1829 III.
1211 1804 1277 1830 On.
1304 1802 1442 1829 Adversus
1460 1804 1549 1829 varios
1569 1807 1595 1829 et
1613 1802 1739 1834 dolosos.
1759 1803 1804 1839 qui
1823 1801 1882 1828 aliis
1901 1800 1991 1828 obfue-

1146 1851 1207 1872 runt
1226 1845 1371 1872 calliditate
1393 1845 1513 1882 quadam,
1534 1846 1666 1873 subvenit.
1687 1846 1717 1872 fr.
1731 1848 1752 1872 l.
1773 1855 1813 1882 pr.
1827 1844 1860 1872 de
1873 1844 1898 1871 d.
1917 1854 1951 1871 m.
1964 1845 1988 1870 4.

1145 1891 1169 1916 3.
1194 1889 1306 1916 Dolosis
1326 1889 1426 1916 artibus
1441 1891 1624 1916 circumventa.
1641 1900 1662 1916 c.
1674 1890 1699 1916 6.
1713 1889 1762 1915 sol.
1776 1889 1887 1915 matrim.
1900 1889 1924 1914 5.
1936 1888 1977 1913 18.

1180 1934 1310 1959 Dolus.
1349 1935 1526 1965 Sollertia,
1545 1935 1585 1959 ml
1602 1934 1827 1966 decipiendum
1847 1933 1988 1958 alterum

1145 1977 1309 2008 adhibita,
1330 1978 1444 2003 Fraus.
1482 1975 1501 2002 1.
1520 1977 1582 2010 Sy.
1602 1975 1751 2006 Calliditas,
1771 1973 1937 2001 machinatio.
1957 1972 1988 2000 fr.

1144 2020 1168 2045 3.
1189 2028 1229 2056 pr.
1250 2018 1283 2045 de
1302 2028 1380 2045 servo
1400 2029 1467 2045 corr.
1488 2021 1528 2045 11.
1547 2020 1571 2045 3.
1599 2018 1629 2044 fr.
1650 2020 1691 2043 12.
1710 2017 1748 2051 ἕξ.
1768 2018 1792 2043 2.
1812 2025 1851 2052 sq.
1874 2015 1907 2042 de
1925 2015 1989 2042 libe.-

1145 2060 1193 2088 rali
1214 2071 1234 2087 c.
1255 2062 1296 2087 40.
1318 2063 1358 2087 12.
1378 2061 1409 2088 fr.
1428 2063 1470 2089 36.
1490 2061 1523 2088 de
1542 2060 1573 2087 V.
1595 2061 1628 2087 0.
1649 2062 1690 2086 45.
1712 2061 1734 2086 l.
1771 2058 1862 2089 Fraus,
1880 2058 1987 2085 Malitia.

1146 2104 1175 2130 fr.
1197 2106 1219 2130 7.
1240 2105 1262 2138 ξ.
1284 2106 1307 2130 l.
1327 2103 1360 2130 de
1378 2104 1397 2131 I.
1418 2104 1435 2130 l.
1456 2104 1487 2130 R.
1508 2106 1531 2130 4.
1552 2105 1574 2130 1.
1596 2103 1626 2129 fr.
1645 2104 1669 2129 4.
1690 2102 1711 2136 ξ.
1731 2103 1773 2128 26.
1793 2101 1825 2128 de
1839 2101 1863 2128 (1.
1878 2112 1911 2128 m.
1931 2112 1987 2128 exc.

1145 2148 1186 2173 44.
1206 2149 1230 2173 4.
1268 2146 1338 2173 Coll.
1358 2146 1410 2173 LL.
1430 2146 1463 2174 Μ.
1484 2146 1502 2173 I.
1522 2148 1546 2173 9.
1583 2146 1614 2172 ll.
1635 2147 1702 2180 ⁰1).
1725 2145 1799 2171 Bona
1819 2144 1894 2171 [ides.
1914 2144 1944 2171 fr.
1965 2146 1987 2171 7.

1145 2191 1167 2224 §.
1189 2192 1230 2216 11.
1250 2189 1282 2216 de
1301 2189 1376 2216 Publ.
1402 2191 1425 2217 6.
1443 2192 1468 2216 2.
1489 2189 1519 2216 fr.
1546 2191 1584 2216 11.
1610 2189 1701 2226 depos.
1727 2189 1767 2214 16.
1786 2189 1810 2214 3.
1837 2187 1866 2214 fr.
1886 2190 1927 2214 68.
1947 2198 1987 2225 pr.

1145 2233 1178 2260 de
1200 2238 1283 2260 contr.
1304 2238 1362 2260 emt.
1385 2234 1424 2259 18.
1446 2235 1468 2259 l.
1506 2232 1600 2269 Culpa.
1620 2231 1661 2258 Cf.
1682 2231 1706 2257 h.
1726 2241 1750 2257 v.
1771 2231 1808 2265 ἐξ.
1829 2233 1852 2257 3
1873 2241 1913 2267 sq.
1940 2230 1989 2257 Im-

1145 2277 1252 2314 peritia,
1277 2276 1320 2303 vel
1344 2277 1487 2303 rusticitas.
1511 2275 1543 2302 fr.
1564 2277 1586 2301 7.
1606 2285 1644 2311 pr.
1670 2274 1691 2308 ξ.
1712 2275 1736 2299 4.
1758 2273 1790 2300 de
1810 2274 1901 2301 iurisd.
1919 2275 1943 2300 2.
1965 2275 1987 2301 l.

1257 2320 1310 2355 Qu.
1330 2320 1416 2355 quisq.
1437 2320 1485 2345 iur.
1504 2321 1529 2345 2.
1548 2320 1571 2344 2.
1596 2316 1773 2352 Negligenter,
1790 2334 1819 2338 —
1835 2316 1906 2343 Dolo
1918 2316 1988 2344 malo

1147 2363 1265 2396 (facere.)
1286 2362 1315 2389 fr.
1335 2364 1360 2389 3.
1379 2362 1401 2396 ξ.
1424 2364 1445 2388 1.
1465 2361 1495 2387 fr.
1514 2362 1537 2386 4.
1558 2360 1591 2386 de
1610 2359 1810 2397 off.P1—f.Vigg.
1832 2362 1854 2387 l.
1877 2362 1916 2386 15.
1944 2359 1987 2387 111.

1147 2408 1212 2434 Gn.
1232 2405 1343 2432 Veteres
1364 2404 1453 2432 dolum
1472 2405 1548 2431 ctiam
1568 2403 1665 2429 bonum
1685 2402 1816 2430 dicebant.
1836 2402 1866 2429 fr.
1888 2404 1910 2429 l.
1929 2403 1951 2437 ξ
1962 2404 1988 2429 3.

1146 2449 1179 2476 de
1197 2449 1222 2476 d.
1242 2459 1274 2475 m.
1294 2450 1317 2475 4.
1337 2450 1360 2475 3,
1397 2447 1484 2474 Dolus
1507 2446 1592 2472 malus
1616 2447 1646 2472 lit
1669 2446 1813 2473 calliditate
1833 2451 1859 2472 et
1877 2445 1986 2472 fallacia.

1146 2509 1179 2512 —
1198 2492 1270 2519 Inest
1288 2491 1350 2518 dolo
1371 2495 1397 2517 et
1415 2490 1494 2516 fraus.
1514 2488 1544 2515 sr.
1565 2490 1588 2515 7.
1607 2489 1645 2523 ἓξ.
1666 2490 1689 2516 9.
1710 2499 1749 2526 sq.
1771 2489 1803 2516 de
1821 2493 1890 2526 pact.
1909 2490 1986 2515 21⁴.

1146 2535 1176 2562 fr.
1197 2537 1219 2561 1.
1239 2536 1260 2569 §.
1280 2536 1304 2561 2.
1325 2534 1357 2561 de
1376 2532 1400 2559 d.
1420 2542 1453 2559 m.
1473 2534 1500 2571 4‘.
1510 2534 1535 2558 3.
1556 2532 1587 2559 cs.
1603 2532 1686 2559 Yatic.
1706 2533 1727 2566 §
1741 2534 1782 2559 35.
1819 2531 1891 2559 Dolo
1909 2531 1986 2563 malo,

1146 2583 1189 2604 aut
1208 2576 1345 2605 fraudandi
1366 2586 1450 2602 causa.
1488 2575 1538 2602 Per
1552 2575 1679 2602 fallaciam
1699 2580 1725 2601 et
1744 2574 1806 2601 dolo
1821 2575 1897 2601 malo.
1918 2574 1947 2601 fr.
1960 2575 1984 2600 3.

1146 2622 1167 2655 ξ.
1187 2623 1212 2647 3.
1232 2620 1262 2647 fr.
1281 2621 1323 2646 51.
1343 2629 1381 2656 pr.
1401 2629 1449 2656 pro
1474 2629 1528 2645 soc.
1556 2621 1594 2645 17.
1614 2621 1638 2644 2.
1675 2618 1746 2645 Dolo
1770 2617 1852 2650 malo,
1875 2619 1901 2644 in
1919 2616 1986 2642 frau-

1146 2664 1204 2690 dem
1223 2663 1305 2699 legis,
1331 2663 1506 2695 (sententiam
1525 2661 1637 2695 dicere.)
1658 2660 1688 2688 fr.
1709 2663 1749 2687 15.
1768 2661 1790 2695 §.
1813 2662 1834 2687 1.
1854 2660 1887 2687 de
1905 2658 1982 2686 indic.

1122 2699 1123 2712 ³
1144 2709 1168 2733 5.
1190 2708 1211 2732 1.
1233 2705 1263 2732 cr.
1285 2705 1314 2731 fr.
1335 2707 1358 2731 τ.
1378 2705 1399 2738 ξ.
1414 2706 1437 2731 τ.
1458 2704 1490 2731 de
1509 2709 1577 2742 pact.
1591 2706 1615 2731 -ι,
1631 2705 1671 2730 14.
1709 2703 1739 2730 si
1758 2703 1823 2740 quid
1841 2702 1902 2729 (1010
1915 2701 1985 2728 maio

1145 2748 1244 2775 domini
1264 2753 1356 2785 captus
1376 2747 1564 2784 fraudatusque
1582 2751 1655 2773 actor
1675 2751 1723 2773 cst.
1744 2747 1774 2773 fr.
1787 2747 1828 2772 36.
1847 2744 1879 2771 de
1898 2744 1984 2781 pecul.

1146 2793 1185 2818 15.
1211 2793 1234 2817 l.
1272 2790 1352 2826 Quod
1376 2796 1461 2817 metus
1486 2800 1577 2821 causa,
1602 2794 1646 2816 aut
1665 2789 1727 2816 dolo
1746 2788 1827 2819 malo,
1851 2792 1894 2814 aut
1914 2787 1985 2824 quod

1144 2839 1234 2861 contra
1258 2833 1356 2870 legem,
1383 2834 1436 2861 Sve
1460 2833 1491 2860 C.
1516 2832 1613 2859 sactum
1639 2837 1686 2859 est.
1724 2831 1780 2858 Gai.
1806 2830 1850 2857 lv.
1874 2832 1931 2856 121.
1952 2830 1983 2856 rs.
