2197 3121
271 188 336 219 468

1002 185 1074 218 INF
1100 203 1141 210 -
1163 186 1251 218 ING.

273 272 427 305 Insiguia
447 271 676 303 magistratus.
696 271 848 296 Potestas
866 270 1006 304 publica.
1020 269 1109 304 LSy.
1134 271 1137 303 J*
1158 279 1235 306 quam
1254 268 1305 296 tale
1324 270 1434 296 exsistat
1452 271 1591 308 ingenium,
1611 275 1640 297 ut
1658 276 1707 298 etc.
1727 281 1748 298 c.
1768 272 1792 298 6.
1811 271 1844 299 de
1863 273 1905 300 off.
1919 272 1993 300 Rect.

271 312 402 343 Honores,
422 312 578 347 Dignitates.
599 311 698 338 Insulae
717 312 886 348 (dignitatis.)
907 311 956 339 Tb.
972 312 1002 339 C.
1016 312 1073 339 XII.
1089 314 1111 339 1.
1134 320 1135 334 ¹
1156 311 1197 339 Pr.
1220 314 1241 339 l.
1261 314 1302 339 40.

273 366 294 383 c.
313 357 356 382 27.
375 365 396 381 c.
418 357 474 381 155.
494 354 526 381 «le
545 354 678 381 decurion.
715 354 758 381 III.
782 357 848 383 Gn.
875 355 953 382 Tanti
972 359 1112 391 suggestus

254 397 377 429 insulae,
396 403 422 424 et
441 397 568 424 curulium
594 402 752 424 ornamenta.
777 397 845 425 Nov.
870 397 927 424 val.
947 397 989 424 III.
1014 398 1047 424 de
1067 398 1112 424 ho·

273 445 356 468 norat.
375 440 404 467 II.
427 442 465 467 12.
485 450 505 466 e.
521 442 542 467 1.
563 441 584 474 ς’.
610 442 632 467 I.
668 440 711 467 Ad
730 440 868 473 llviratus.
889 440 1052 478 aliorumque
1066 440 1111 467 ho-

273 493 365 510 norum
383 483 486 515 insulas,
507 482 549 509 vel
568 494 662 510 munus
682 483 789 520 aliquod
809 485 918 511 evocati.
944 483 994 511 Th.
1014 482 1045 510 C.
1065 483 1110 510 XI.

270 528 312 553 30.
334 536 355 553 c.
377 528 415 553 19.
435 525 467 552 de
486 536 546 563 app.
565 531 591 553 et
609 537 686 564 poen.
724 526 821 554 Vetitis
841 537 870 553 se
889 526 979 553 infulis
999 526 1107 563 dignita-

271 574 335 601 tum,
355 574 381 596 et
399 568 510 605 cingulis
530 570 635 607 penitus
655 569 788 606 denegatis
812 571 937 596 munisse.
959 569 998 597 Ib.
1016 570 1049 597 X.
1069 572 1110 597 20.

272 622 294 639 c.
315 613 355 638 14.
375 611 407 638 de
427 612 544 648 murileg.
565 612 597 639 cs.
616 613 673 640 XII.
696 615 716 639 l.
737 623 758 639 c.
778 614 818 639 42.
839 614 860 647 §.
883 615 905 640 l.
925 612 958 639 de
976 611 1110 639 decurion.

272 654 340 682 Cum
358 659 452 691 gerunt
469 655 566 682 insulas
585 655 732 691 dignitatis,
756 655 799 682 vel
818 665 876 682 cum
895 654 1035 682 sublimem
1055 665 1112 692 cge-

272 699 325 724 rint
342 697 541 735 praefecturam.
560 698 597 725 lb.
617 698 664 725 XI.
685 701 724 724 15.
745 708 766 725 c.
788 700 810 724 1.
847 698 902 734 Qui
921 708 935 724 a
954 697 1066 735 praebit.
1082 698 1112 724 ti-

271 751 327 768 ron.
347 755 379 760 —
399 741 430 775 ξ.
450 742 487 768 3.
508 742 623 768 Decus.
660 740 702 767 ΠΙ.
727 742 793 769 Gn.
816 740 870 776 Qui
889 741 1057 777 ingenuitatis
1075 741 1113 767 in-

270 783 333 811 {ulis
352 783 516 811 decorantur.
537 795 558 811 c.
578 786 603 810 4.
622 783 654 810 de
673 794 793 821 praepos.
813 783 840 810 S.
862 784 946 811 cubic.
967 785 1006 810 12.
1025 785 1049 809 5.

306 835 533 862 Infundere.
570 837 726 867 Iniicere,
751 836 945 871 Defundere.
982 834 1025 861 III.
1045 835 1110 862 Gn.

271 877 300 904 In
319 877 457 904 inferiores
482 877 559 903 aedes
584 876 647 913 quid
671 882 714 903 aut
733 878 876 915 proficere,
900 882 944 904 aut
963 877 1109 904 infundere.

271 920 301 948 fr.
321 922 362 947 44.
384 920 416 947 de
435 921 510 946 iniur.
530 921 571 946 47.
592 921 632 946 10.
670 920 724 956 Qui
743 921 830 947 sciens
848 931 910 947 vasa
928 921 1023 947 vitiosa
1042 930 1111 947 com-

270 963 399 995 modavit,
423 964 445 989 si
470 962 505 989 ibi
529 962 643 989 infusum
667 964 756 990 vinum
779 963 822 990 vel
845 963 932 990 oleum
957 968 1109 1001 corruptum

270 1007 415 1034 efl'usumve
439 1010 486 1032 est.
511 1005 542 1032 fr.
569 1007 609 1032 18.
634 1006 656 1040 ς’.
680 1008 704 1032 3.
729 1006 857 1033 commod.
879 1008 918 1033 13.
938 1007 962 1033 6.
998 1006 1110 1035 Medica-

269 1054 385 1076 mentum
409 1048 487 1075 alicui
509 1048 661 1080 infundere,
686 1048 729 1076 vel
748 1059 807 1081 ore,
830 1049 873 1076 vel
893 1048 1015 1085 clystere.
1035 1048 1064 1076 fr.
1084 1050 1108 1076 9.

269 1092 292 1126 ξ.
312 1094 334 1118 1.
355 1091 388 1118 ad
405 1091 435 1118 L.
455 1091 524 1128 Aqu.
543 1093 566 1118 9.
586 1094 611 1119 2.
631 1091 662 1119 cf.
682 1091 713 1119 fr.
734 1094 757 1119 1.
781 1092 803 1126 §.
824 1094 863 1119 19.
883 1092 916 1119 de
935 1092 962 1119 S.
975 1091 1006 1119 C.
1027 1091 1108 1119 silan.

268 1136 310 1162 29.
330 1136 353 1160 5.

304 1195 516 1229 Ingenitus.
540 1194 662 1229 (Partie.)
687 1195 717 1229 ξ.
738 1196 772 1222 1.
797 1197 1035 1231 [agonen-alus,
1055 1197 1109 1222 ln-

268 1240 361 1265 situs.
397 1237 440 1264 III.
461 1239 527 1266 Cn.
551 1238 667 1275 Ingenita
691 1238 768 1264 nobis
792 1238 983 1265 benevolentia.
1004 1249 1025 1265 c.
1043 1239 1067 1264 8.
1087 1238 1108 1272 ξ.

270 1283 293 1308 1.
317 1281 350 1307 de
373 1281 518 1317 quaestion.
544 1282 568 1307 9.
593 1283 634 1308 41.
672 1280 708 1308 Vt
731 1281 808 1307 nobis
828 1282 970 1318 ingenitum
990 1285 1038 1308 est.
1058 1280 1108 1308 Th.

269 1323 300 1350 C.
320 1323 365 1351 IX.
384 1325 424 1350 42.
445 1334 466 1350 c.
488 1325 528 1350 17.
547 1323 580 1350 de
599 1323 660 1351 bon.
680 1334 781 1361 proscr.
796 1325 870 1359 -ἕ,
884 1326 919 1352 2.
939 1326 989 1351 Ad
1006 1326 1108 1351 locum

268 1368 415 1401 originis
434 1373 594 1401 spectans.
632 1366 674 1393 III.
694 1368 760 1395 Cn.
779 1366 810 1394 Si
829 1368 888 1404 quis
908 1366 1037 1404 splendor
1056 1366 1109 1393 col-

268 1409 337 1435 latus
356 1414 396 1435 est
415 1410 441 1435 in
461 1419 516 1442 eos,
535 1409 577 1436 vel
597 1411 728 1446 ingenitus
748 1410 916 1446 (dignitatis.)
936 1409 972 1436 lb.
993 1409 1064 1437 XVI.
1084 1411 1108 1436 7.

269 1462 290 1478 e.
309 1454 332 1478 5.
353 1452 385 1478 de
404 1457 514 1489 apostat.
551 1452 677 1489 Ingenitis
695 1453 767 1490 fungi
787 1452 890 1480 officiis.
911 1452 947 1479 Ib.
960 1452 1018 1480 XII.
1042 1454 1065 1479 l.
1086 1463 1108 1479 c.

270 1497 327 1521 108.
348 1494 380 1521 de.
399 1495 532 1521 decurion.

303 1555 517 1589 Ingenium.
553 1556 585 1589 §.
605 1557 640 1584 l.
681 1557 736 1584 Vis
758 1563 788 1584 et
807 1558 940 1584 habitus
959 1562 1107 1584 naturae.

268 1597 309 1624 III.
325 1599 390 1625 Cn.
410 1597 440 1624 Si
458 1603 517 1624 nata
537 1599 572 1625 sit
591 1600 640 1632 (sc.
660 1599 742 1632 mula)
762 1609 792 1626 eo
807 1600 911 1635 ingenio
925 1604 968 1626 aut
987 1608 1107 1636 corpore,

267 1641 309 1674 (ut
327 1640 437 1667 alterum
456 1641 543 1677 iugum
567 1651 620 1668 non
638 1642 777 1678 patiatur.)
797 1642 828 1669 fr.
846 1644 889 1669 38.
914 1642 952 1676 ἐξ.
971 1644 996 1669 8.
1015 1652 1056 1679 sq.
1076 1642 1109 1668 de

267 1683 352 1710 Aedil.
373 1683 450 1710 edict.
471 1685 512 1710 21.
534 1685 556 1710 l.
595 1684 675 1720 Quod
697 1686 825 1722 spatium,
850 1690 876 1711 et
895 1684 967 1722 quod
985 1686 1022 1711 sit
1040 1686 1108 1712 ruris

268 1727 406 1763 ingenium.
427 1726 476 1753 Th.
497 1726 528 1753 C.
548 1726 592 1754 ῙΧ.
606 1729 648 1754 42.
669 1737 689 1754 c.
705 1729 728 1754 7.
749 1727 781 1754 de
799 1728 861 1755 bon.
881 1738 982 1765 proscr.
1019 1727 1108 1755 Decli-

267 1780 328 1796 nare
347 1769 426 1796 fidem
445 1779 583 1802 censuum,
607 1775 634 1797 et
652 1771 757 1798 mentiri
776 1770 871 1797 callide
889 1771 1052 1808 paupertatis
1071 1772 1108 1797 in-

267 1813 376 1847 genium.
397 1811 432 1838 Ib.
452 1812 520 1839 XIII.
542 1815 582 1839 11.
601 1823 622 1840 c.
644 1816 666 1840 1.
686 1813 718 1840 dc
737 1815 861 1840 censitor.
898 1812 1050 1850 Nequitiam
1069 1824 1107 1840 re-

268 1856 354 1892 cipere
377 1855 482 1881 servilis
506 1857 610 1892 ingenii.
633 1856 670 1883 Ib.
695 1856 739 1883 IV.
765 1858 806 1883 ll.
831 1867 852 1883 c.
872 1859 896 1883 2.
921 1856 953 1883 de
972 1856 1059 1884 libert.
1081 1861 1107 1883 et

268 1907 320 1924 eor.
340 1897 414 1924 liber.
434 1914 465 1917 —
485 1900 516 1932 ᾖ.
536 1900 572 1926 2.
593 1901 754 1926 Sollertia
773 1901 882 1927 animi.
920 1899 963 1926 III.
981 1901 1047 1927 011.
1067 1899 1106 1926 In-

269 1945 308 1967 ter
326 1941 439 1967 artifices
460 1941 535 1977 longa
555 1941 703 1968 differentia
717 1947 766 1974 est,
786 1947 812 1969 et
824 1943 930 1979 ingenii,
951 1947 977 1969 et
990 1947 1106 1975 naturae,

267 1989 294 2010 et
312 1983 455 2015 doctrinae.
475 1989 500 2010 et
518 1985 700 2011 institutionis.
721 1985 752 2011 fr.
765 1987 808 2011 31.
828 1984 860 2011 de
879 1985 958 2012 solut.
972 1987 1014 2013 46.
1027 1988 1052 2012 3.
1073 1985 1105 2012 cf.

268 2027 297 2053 l'r.
320 2029 358 2053 12.
378 2026 410 2053 de
430 2026 504 2062 legat.
524 2027 566 2054 III.
591 2029 658 2059 432.)
693 2027 792 2064 Ingenii
812 2027 945 2064 qualitate⁷
965 2033 992 2054 et
1010 2028 1106 2055 fiducia

267 2069 410 2101 doctrinae,
428 2069 553 2106 (plurima
572 2071 697 2096 innovare
718 2071 853 2104 instituit.)
877 2071 908 2097 fr.
927 2073 951 2097 2.
971 2071 992 2105 ξ.
1012 2073 1054 2098 47.
1074 2071 1106 2098 de

268 2113 300 2137 O.
320 2112 337 2138 I.
354 2114 375 2138 1.
389 2115 412 2139 2.
451 2113 641 2139 Auctoritatem
661 2112 795 2149 dignitatis
816 2115 919 2150 ingenio
938 2124 987 2140 suo
1006 2119 1105 2150 augeat.

267 2154 297 2181 l‘r.
320 2156 357 2180 19.
377 2156 398 2188 ς’.
420 2157 440 2181 l.
461 2156 493 2181 de
513 2156 556 2181 off.
570 2155 657 2182 Praes.
679 2158 701 2182 l.
717 2158 757 2182 18.
794 2156 939 2183 Patientem
958 2167 1018 2184 esse
1031 2167 1107 2194 opor-

268 2202 313 2228 tet,
333 2197 380 2223 sed
400 2208 457 2224 cum
477 2199 589 2233 ingenio.
610 2198 640 2224 fr.
660 2200 683 2225 9.
704 2199 725 2232 §.
745 2201 769 2225 2.
789 2199 821 2226 de
841 2200 885 2226 off.
904 2199 980 2226 Proc.
1001 2205 1027 2227 et
1044 2200 1106 2237 Leg.

268 2242 290 2266 l.
320 2242 358 2266 16.
409 2242 528 2275 Quorum
557 2241 688 2268 mentibus
717 2242 882 2279 ingeniisque
911 2244 1106 2275 committimus,

266 2282 408 2319 (quidquid
432 2284 457 2308 in
482 2283 547 2310 alios
567 2298 599 2303 ——
618 2285 775 2322 proferimus
795 2286 981 2319 sanctionum.)
1005 2285 1054 2312 Th.
1075 2285 1105 2313 C.

266 2325 310 2352 11.
330 2327 371 2352 26.
391 2335 413 2352 c.
431 2328 455 2351 3.
475 2326 507 2352 ‹le
526 2336 600 2362 prox.
621 2338 686 2354 com.
712 2327 780 2365 disp.
818 2327 959 2364 Deligendi
978 2329 1026 2354 viri
1045 2333 1107 2355 suut

267 2367 407 2405 singularis
427 2368 497 2399 fulvi,
518 2368 654 2397 limatioris
675 2372 771 2407 ingenii
797 2370 834 2397 Ib.
855 2370 912 2397 1.1.
926 2381 948 2397 c.
962 2372 986 2397 5.
1001 2370 1105 2404 (ch.)

267 2411 299 2438 de
319 2416 402 2437 const.
413 2410 455 2437 I'r.
483 2412 646 2439 Excellentis
670 2415 766 2450 ingenii
790 2415 831 2440 vir
855 2413 1049 2450 (Papinianus.)
1068 2413 1105 2440 Ib.

268 2454 284 2480 I.
306 2456 328 2480 4.
349 2465 370 2481 c.
389 2455 413 2480 3.
434 2454 465 2480 cl'.
487 2465 507 2481 c.
530 2456 550 2480 1.
572 2455 683 2489 (ch.)
704 2456 736 2483 de
755 2466 826 2494 resp.
845 2456 920 2494 prud.
953 2473 986 2476 —
1018 2457 1048 2490 ξ.
1068 2458 1105 2484 3.

270 2499 477 2524 ΠαεΙιίηαΗυ
502 2499 685 2532 ingeniosa.
723 2501 862 2535 Artifex
886 2501 1104 2526 malitiarum.

267 2539 308 2566 III.
324 2541 389 2567 Cn.
410 2538 512 2566 Callida
532 2539 744 2573 machinamenta,
765 2558 795 2563 —
815 2553 844 2569 ac
862 2542 999 2569 simulatae
1017 2542 1107 2570 obser-

268 2583 379 2608 vationis
400 2583 500 2618 ingenia
521 2588 547 2609 et
564 2582 677 2610 fraudes.
698 2583 734 2609 lb.
750 2583 792 2610 Vl.
810 2586 851 2612 29.
872 2595 892 2612 c.
912 2586 936 2611 6.
957 2584 989 2612 de
1009 2586 1105 2612 curios

268 2624 375 2651 Etiamsi
394 2624 463 2662 apud
483 2636 528 2652 eos
548 2627 684 2653 inventum
707 2626 785 2652 fuerit
807 2628 856 2660 (sc.
883 2629 994 2659 aurum.)
1014 2628 1105 2655 subtili

268 2666 397 2694 auferatur
416 2669 528 2702 ingenio.
550 2678 571 2694 c.
591 2670 615 2695 2.
640 2668 672 2695 de
696 2679 833 2696 commerc.
853 2672 877 2696 4.
896 2672 938 2697 63.
975 2670 1049 2697 Talia
1069 2672 1104 2697 in·

268 2710 341 2744 genia
362 2724 391 2727 ——
413 2710 585 2743 destruimus,
605 2716 634 2738 ut
653 2727 685 2731 --
705 2711 737 2738 ad
761 2711 847 2738 officia
866 2721 912 2738 sua
931 2728 963 2733 —
982 2724 1106 2740 revocen-

270 2756 319 2778 tur.
339 2750 387 2777 Th.
408 2752 438 2778 C.
459 2753 515 2780 XII.
537 2756 576 2780 19.
596 2764 617 2781 c.
639 2756 661 2781 l.
681 2754 714 2781 de
732 2754 757 2781 h.
781 2764 823 2791 qu.
844 2753 919 2780 cond.
939 2764 1029 2793 propr.
1065 2755 1105 2782 Ne

269 2805 281 2820 a
301 2793 439 2819 malitiosis
453 2796 562 2829 ingeniis
573 2813 605 2816 —
616 2796 686 2824 aliud
700 2798 856 2824 tricennium
868 2796 1022 2824 vindicetur.
1036 2798 1103 2825 Nov.

268 2836 325 2863 val.
345 2836 386 2863 111.
408 2836 440 2862 de
458 2839 537 2873 episc.
558 2839 610 2866 iud.
629 2839 660 2866 II.
679 2841 720 2866 35.
741 2850 762 2868 c.
778 2842 800 2867 l.
819 2840 842 2875 ᾗ.
857 2841 896 2867 13.
934 2840 1039 2876 Quodsi
1052 2842 1103 2868 cui-

1191 357 1346 390 lngens-
1383 356 1512 390 (Adiect.)
1549 359 1715 387 Eximiux.
1734 359 1914 385 Abundans.
1950 358 1993 385 III.

1156 399 1221 425 Cn.
1247 397 1342 435 Ingens
1366 399 1443 426 nobis
1467 400 1583 427 studium
1602 404 1650 426 est.
1675 399 1746 426 Coll.
1766 399 1819 427 LL.
1839 400 1872 427 M.
1891 400 1949 428 XV.
1968 403 1994 428 3.

1155 440 1206 467 Pro
1226 446 1278 468 tam
1296 442 1447 478 ingentibus
1469 444 1570 470 meritis
1594 442 1758 475 (libertatem
1782 444 1859 470 etiam
1878 448 1993 481 reporta·

1156 483 1218 515 bis.)
1238 494 1260 511 c.
1282 486 1303 511 l.
1324 495 1372 522 pro
1393 495 1436 522 qu.
1456 496 1478 512 c.
1498 486 1576 513 servi.
1596 487 1619 512 7.
1641 487 1680 512 13.

1190 528 1428 562 Ingenuitas.
1467 530 1621 556 conditio
1640 530 1781 555 hominis
1799 530 1942 564 ingenui.
1961 528 1994 556 11.

1157 571 1224 604 ΟΡ.
1242 570 1284 597 Ex
1302 572 1439 603 servitute,
1457 581 1481 598 v.
1501 570 1680 603 libertinitate,
1700 572 1726 598 in
1746 572 1933 608 ingenuitatem
1952 571 1994 604 (se

1133 629 1134 639 ι
1156 612 1288 649 adlegare,
1308 624 1332 640 v.
1352 614 1497 646 vindicare,
1521 623 1541 640 s.
1561 613 1728 647 defendere.)
1754 614 1784 641 fr.
1807 616 1850 640 27.
1873 614 1895 647 §.
1916 615 1939 640 l.
1963 612 1994 640 sr.

1156 657 1197 682 32.
1217 655 1250 683 de
1268 656 1371 684 liberali
1391 667 1411 684 c.
1427 658 1468 684 40.
1490 658 1528 684 12.
1549 656 1572 683 fr
1593 658 1617 683 2.
1636 657 1659 691 §.
1675 659 1697 684 1.
1717 658 1740 684 si
1759 658 1845 693 ingen.
1865 666 1924 683 esse
1943 655 1994 683 dic.

1156 700 1197 725 40.
1218 701 1258 726 14.
1277 699 1308 726 fr.
1327 701 1351 727 2.
1370 700 1392 734 §.
1412 701 1436 726 2.
1456 699 1560 736 Quand.
1585 710 1644 737 app.
1668 701 1710 727 49.
1734 701 1758 726 4.
1795 699 1839 726 III.
1860 701 1926 727 Gn.
1957 698 1995 726 Vt

1156 747 1208 768 tam
1226 743 1284 779 ipsa
1302 742 1449 769 libertatem
1469 747 1657 780 consequatur,
1681 753 1759 780 quam
1777 743 1830 770 filia
1850 743 1906 769 eius
1925 742 1995 778 inge-

1156 786 1289 811 nuitatem.
1309 784 1338 812 fr.
1360 787 1400 812 10.
1419 785 1442 819 §.
1463 787 1485 812 1.
1510 785 1542 812 de
1560 785 1614 813 reb.
1634 785 1696 812 dub.
1714 788 1757 813 34.
1776 788 1801 813 5.
1837 785 1950 812 veritati
1968 789 1996 812 et

1156 828 1248 864 origini
1267 829 1435 864 ingenuitatis
1448 829 1618 855 manumissio
1631 845 1660 850 -
1672 839 1724 856 non
1737 828 1907 867 praeiudicat.
1920 827 1994 854 Paul.

1156 870 1187 898 V.
1208 872 1231 897 l.
1251 871 1272 905 ξ.
1286 872 1310 897 2.
1330 870 1362 898 cf.
1381 871 1403 905 ξ,
1420 873 1444 898 l.
1481 870 1511 898 Si
1530 872 1556 898 in
1574 873 1748 908 possessione
1762 871 1930 908 ingenuitatis
1948 871 1993 903 sit,

1154 918 1180 940 et
1198 913 1338 940 libertinus
1357 924 1417 940 esse
1435 914 1544 941 dicatur.
1565 914 1595 941 i'r.
1617 916 1657 941 14.
1677 914 1710 941 de
1729 914 1830 952 probat.
1843 916 1884 941 22.
1898 915 1922 941 3.
1953 913 1993 940 In-

1154 957 1293 993 genuitatis
1312 957 1367 984 iure
1386 958 1432 984 uti.
1468 957 1511 984 Ad
1530 967 1633 984 omnem
1652 958 1820 994 ingenuitatis
1839 962 1936 984 statum
1954 966 1994 984 re-

1153 1000 1235 1026 stitui.
1255 999 1286 1026 fr.
1305 1001 1329 1027 3.
1349 999 1382 1026 de
1401 999 1470 1026 natal
1501 1005 1563 1028 rest.
1587 1002 1629 1028 40.
1655 1002 1695 1028 11.
1736 1000 1794 1027 Iura
1817 1000 1993 1037 ingenuitatis,

1154 1042 1228 1069 salvo
1248 1043 1304 1069 iure
1322 1047 1486 1079 patronatus,
1505 1047 1605 1070 nactus.
1629 1043 1660 1070 fr.
1680 1044 1704 1070 6.
1725 1043 1757 1070 de
1776 1044 1832 1070 iure
1850 1053 1904 1070 aur.
1923 1041 1993 1069 auul.

1153 1087 1195 1112 40.
1215 1087 1255 1111 10.
1293 1084 1388 1111 Omnia
1407 1086 1574 1122 ingenuitatis
1592 1087 1679 1113 munia
1696 1085 1801 1113 habere.
1821 1085 1852 1113 fr.
1872 1088 1912 1113 10.
1931 1086 1954 1120 §.
1967 1087 1993 1113 3.

1155 1128 1187 1155 de
1206 1129 1232 1155 in
1252 1129 1292 1154 ius
1311 1138 1369 1155 voc.
1387 1130 1412 1155 2.
1431 1130 1456 1155 4.
1476 1128 1508 1156 cf.
1527 1128 1610 1156 Vatic.
1630 1129 1653 1163 §.
1671 1130 1730 1156 226.

1190 1173 1399 1206 Ingenuus.
1437 1171 1468 1205 §.
1491 1172 1526 1198 1.
1566 1173 1629 1205 Qui
1655 1174 1687 1198 in
1715 1174 1869 1199 libertate
1895 1178 1994 1199 uatus

1153 1221 1209 1241 est.
1244 1214 1262 1241 I.
1282 1215 1344 1249 Sy.
1364 1213 1458 1246 Liber,
1476 1224 1500 1240 v.
1520 1214 1560 1241 Ex
1578 1219 1660 1241 matre
1679 1214 1774 1247 libera,
1793 1219 1878 1242 natus.
1897 1214 1954 1241 Gai.
1973 1214 1992 1241 1.

1155 1259 1194 1284 ll.
1214 1256 1245 1284 fr.
1265 1259 1289 1284 5.
1309 1257 1346 1291 ἐξ.
1365 1259 1390 1284 2.
1410 1267 1449 1294 sq.
1469 1257 1502 1284 de
1520 1262 1591 1284 statu
1610 1257 1678 1284 hom.
1699 1259 1721 1284 1.
1740 1260 1764 1284 5.
1800 1257 1832 1284 II.
1853 1259 1920 1292 Op.
1950 1256 1994 1284 Li-

1153 1300 1254 1332 bertus,
1273 1309 1297 1326 v.
1316 1299 1478 1327 Libertinus.
1502 1300 1559 1327 Gai.
1584 1300 1602 1327 I.
1623 1302 1663 1327 10.
1687 1311 1726 1337 sq.
1748 1302 1805 1328 194.
1829 1311 1869 1337 sq.
1888 1300 1930 1327 III.
1950 1302 1992 1327 50.

1153 1343 1214 1381 le.
1233 1343 1290 1370 XII.
1309 1345 1336 1370 3.
1354 1342 1439 1370 XXV.
1458 1344 1482 1370 8.
1501 1343 1598 1370 XXIX.
1619 1345 1643 1370 6.
1663 1353 1702 1381 sq.
1727 1343 1799 1371 Paul.
1818 1343 1863 1370 IV.
1882 1345 1906 1370 9.
1926 1344 1947 1378 ξ
1969 1345 1992 1370 l.

1153 1386 1184 1413 V.
1206 1388 1246 1414 13.
1265 1387 1287 1421 §.
1309 1388 1332 1413 1.
1368 1386 1409 1413 Ex
1428 1385 1522 1413 ancilla
1541 1391 1626 1413 natus.
1646 1386 1676 1413 fr.
1692 1388 1714 1413 1.
1734 1386 1767 1413 de
1786 1386 1862 1413 natal.
1876 1391 1940 1414 rest.
1949 1388 1992 1413 40.

1155 1431 1194 1456 ll.
1231 1429 1274 1456 III.
1294 1430 1361 1457 Gn.
1393 1429 1493 1456 Omnes
1516 1430 1634 1465 ingenui,
1657 1434 1762 1467 praeter
1784 1429 1926 1457 Senatores
1951 1439 1992 1457 eo·

1153 1483 1263 1510 rumque
1281 1472 1388 1499 liberos.
1412 1471 1444 1499 fr.
1463 1473 1504 1498 23.
1530 1472 1563 1499 de
1585 1472 1619 1500 R.
1636 1472 1668 1500 N.
1693 1474 1736 1500 23.
1754 1475 1779 1500 2.
1798 1472 1860 1510 le.
1878 1472 1947 1500 XIII.
1968 1474 1991 1499 l.

1153 1526 1193 1553 sq.
1229 1515 1364 1542 Interdum
1387 1519 1414 1542 et
1437 1515 1507 1541 servi
1530 1516 1584 1542 nati
1608 1526 1641 1542 ex
1664 1515 1808 1553 postfacto,
1831 1517 1896 1543 iuris
1914 1517 1992 1543 inter-

1152 1564 1241 1591 ventu,
1261 1559 1366 1595 ingenui
1385 1558 1462 1585 fiunt.
1481 1557 1512 1584 fr.
1531 1559 1555 1584 2.
1576 1557 1609 1584 de
1627 1558 1704 1586 natal.
1725 1563 1787 1586 rest.
1805 1561 1847 1586 40.
1868 1561 1908 1586 ll.
1937 1559 1991 1595 Qui

1152 1601 1282 1629 iudicatus
1310 1602 1451 1638 ingenuus,
1480 1600 1627 1627 collusione
1651 1617 1681 1622 —
1708 1601 1822 1634 detecta,
1846 1601 1992 1629 conditioni

1152 1655 1216 1672 snae
1233 1644 1362 1671 redditus.
1382 1643 1412 1671 sr.
1436 1645 1459 1670 l.
1479 1644 1500 1678 ξ.
1523 1645 1544 1670 l.
1569 1643 1602 1670 de
1620 1645 1676 1670 iure
1695 1655 1748 1671 aur.
1768 1644 1867 1672 anulor.
1887 1647 1929 1672 40.
1949 1647 1990 1672 10.

1153 1688 1208 1724 Qui
1226 1697 1255 1714 se
1274 1698 1307 1714 ex
1325 1687 1498 1714 libertinitate
1516 1687 1655 1723 ingenuum
1674 1686 1750 1714 dicat.
1769 1687 1800 1714 fr.
1821 1689 1861 1714 14.
1881 1688 1914 1715 de
1931 1698 1992 1726 pro-

1152 1731 1203 1757 bat.
1223 1732 1265 1757 22.
1284 1731 1308 1756 3.
1356 1729 1450 1756 Latina
1469 1730 1593 1765 ingenua,
1617 1731 1658 1756 ius
1678 1730 1821 1766 Quiritium
1841 1736 1990 1758 consecuta.

1153 1773 1225 1800 Paul.
1244 1772 1288 1800 IV.
1313 1774 1336 1800 9.
1362 1773 1384 1807 §.
1403 1773 1427 1799 8.
1470 1771 1511 1798 Ne
1533 1771 1633 1799 alienae
1655 1772 1723 1799 forte
1745 1773 1869 1800 sordidae
1893 1775 1992 1812 stirpes

1152 1816 1300 1854 splendidis
1326 1820 1352 1842 et
1375 1816 1495 1852 ingenuis
1519 1815 1650 1842 natalibus
1673 1815 1785 1843 audeant
1803 1816 1948 1854 subrogari.
1968 1827 1990 1844 c.

1151 1861 1176 1887 9.
1196 1859 1229 1886 de
1248 1859 1394 1896 quaestion.
1414 1860 1438 1885 9.
1458 1860 1500 1885 41.
1520 1874 1552 1878 —
1572 1859 1602 1892 §.
1622 1860 1658 1886 2.
1680 1860 1827 1892 Quilibet
1844 1862 1933 1888 Immo
1950 1862 1991 1887 12·-

1151 1905 1208 1930 ber.
1246 1902 1276 1929 11.
1297 1903 1365 1936 Op.
1385 1900 1493 1928 Servus.
1513 1900 1544 1928 L.
1563 1901 1639 1928 Rom.
1658 1902 1738 1939 Burg.
1758 1901 1789 1929 T.
1805 1905 1830 1929 2.

1187 1947 1385 1980 Ingerere.
1422 1945 1453 1977 §.
1473 1945 1507 1971 1.
1528 1946 1692 1975 Adiicere.
1712 1947 1881 1978 Adhibet-e,
1902 1947 1989 1972 Ime-

1151 1998 1227 2015 rere.
1264 1987 1282 2014 I.
1302 1989 1364 2022 Sy.
1384 1987 1559 2023 Coniungere.
1579 1986 1629 2014 Th.
1650 1987 1681 2014 C.
1701 1987 1746 2014 VI.
1759 1990 1800 2015 35.
1821 1998 1842 2015 c.
1855 1989 1878 2014 3.
1897 1997 1936 2025 pr.
1956 1987 1990 2015 de

1150 2032 1216 2068 priv.
1237 2040 1289 2057 eor.
1309 2040 1351 2067 qu.
1372 2031 1398 2057 in
1418 2030 1445 2056 S.
1459 2030 1510 2067 pal.
1531 2029 1693 2066 Congerem,
1713 2030 1863 2066 Suggerere.
1886 2030 1924 2057 lb.
1942 2030 1988 2058 XI.

1149 2076 1191 2100 30.
1213 2083 1233 2100 c.
1256 2075 1296 2099 11.
1315 2083 1354 2110 pr.
1375 2073 1407 2099 de
1427 2083 1485 2110 app.
1505 2077 1531 2099 et
1549 2082 1626 2110 poen.
1663 2072 1705 2099 III.
1720 2074 1786 2100 Gn.
1805 2072 1833 2099 Si
1853 2074 1879 2099 in
1899 2083 1989 2110 sugge-

1150 2117 1237 2142 stione
1255 2116 1426 2146 cessaverint,
1445 2125 1475 2142 ac
1493 2125 1546 2141 non
1565 2120 1733 2152 praeceptum
1746 2115 1810 2151 legis
1823 2116 1988 2152 ingesserint.

1150 2159 1187 2185 Ib.
1211 2158 1255 2185 IX.
1280 2160 1322 2184 40.
1347 2168 1368 2184 c.
1394 2159 1433 2184 15.
1459 2157 1492 2184 de
1514 2167 1592 2195 poen.
1617 2157 1647 2184 cs.
1671 2157 1715 2184 IX.
1735 2158 1759 2184 3.
1785 2168 1805 2184 c.
1825 2160 1849 2184 6.
1869 2158 1902 2185 de
1921 2164 1987 2186 cust.

1151 2211 1218 2228 reor.
1238 2217 1270 2221 —
1289 2201 1321 2235 §.
1341 2202 1377 2227 2.
1398 2202 1543 2236 Inferi-e,
1565 2202 1739 2236 Infligere.
1775 2199 1793 2227 I.
1813 2202 1875 2235 Sy.
1903 2201 1989 2240 Impo-

1151 2254 1213 2271 nere
1231 2243 1450 2277 (necessitatem.)
1470 2242 1506 2269 Ib.
1520 2243 1579 2270 XV.
1593 2245 1614 2269 S.
1637 2253 1658 2270 c.
1671 2245 1694 2269 2.
1715 2242 1748 2269 de
1766 2242 1853 2270 lenon.
1878 2243 1988 2278 Inferre,

1150 2287 1275 2323 Irrogare,
1295 2286 1392 2313 Facere
1411 2287 1549 2320 (iniuriam
1567 2286 1633 2319 etc.)
1658 2285 1730 2312 Paul.
1751 2284 1782 2311 V.
1802 2288 1824 2312 4.
1845 2287 1882 2321 ἐξ.
1902 2289 1926 2314 4.
1947 2289 1987 2314 10.

1153 2332 1192 2357 19.
1212 2339 1252 2366 sq.
1288 2329 1332 2356 III.
1351 2331 1418 2357 Gn.
1437 2328 1615 2360 Maledictum,
1635 2333 1679 2355 aut
1698 2329 1844 2355 convicium
1862 2330 1988 2366 ingerere.

1151 2373 1188 2399 Ib.
1208 2372 1225 2400 l.
1240 2372 1256 2399 l.
1276 2373 1297 2406 ξ.
1316 2374 1358 2399 20.
1395 2372 1487 2399 Manus
1506 2371 1616 2398 audaces
1636 2371 1713 2398 alicui
1732 2373 1781 2407 ing.
1802 2382 1823 2398 c.
1837 2373 1860 2398 8.
1880 2372 1902 2406 ξ.
1915 2374 1940 2399 3.
1954 2372 1988 2400 de

1152 2415 1242 2452 repud.
1261 2417 1286 2441 5.
1307 2417 1347 2442 17.
1384 2415 1588 2446 Detrimentum,
1612 2414 1683 2451 quod
1706 2415 1771 2441 vitio
1790 2415 1846 2441 eius
1865 2414 1931 2441 fisco
1950 2416 1988 2442 in·

1151 2460 1257 2495 geritur.
1277 2457 1327 2484 Tb.
1348 2456 1380 2484 C.
1397 2457 1430 2483 Χ.
1450 2458 1474 2483 8.
1494 2466 1515 2483 c.
1535 2459 1559 2483 5.
1580 2456 1612 2483 de
1631 2457 1691 2484 bon.
1711 2467 1766 2484 vac.
1791 2458 1822 2484 cf.
1843 2457 1913 2484 Coll.
1932 2457 1985 2485 LL.

1152 2501 1184 2528 M.
1204 2500 1263 2528 XV.
1281 2502 1306 2528 3.
1327 2499 1377 2527 Th.
1397 2499 1427 2526 C.
1446 2499 1492 2526 XI.
1515 2501 1539 2526 5.
1565 2510 1586 2526 c.
1612 2502 1636 2526 4.
1656 2500 1688 2527 de
1707 2500 1843 2527 indiction.
1880 2500 1986 2538 Suppli—

1151 2545 1219 2571 cium
1238 2544 1363 2580 ingerere.
1383 2552 1404 2568 c.
1423 2543 1447 2568 3.
1466 2542 1488 2576 ξ.
1508 2544 1532 2569 3.
1552 2542 1596 2569 ubi
1624 2542 1712 2570 Senat.
1731 2553 1755 2570 v.
1776 2542 1886 2570 clariss.
1905 2545 1930 2571 3.
1942 2545 1984 2570 2-1.

1150 2586 1277 2613 Actiones
1295 2585 1326 2612 ab
1346 2584 1404 2611 aliis
1427 2585 1580 2620 ingerendas
1604 2586 1733 2623 excipere.
1758 2596 1779 2612 c.
1800 2588 1839 2613 12.
1864 2586 1886 2620 §.
1908 2589 1932 2613 4.
1951 2586 1984 2613 de

1150 2639 1225 2666 prox.
1246 2628 1274 2655 S.
1293 2628 1371 2654 scrin.
1392 2629 1432 2653 12.
1453 2630 1492 2654 19.
1524 2644 1556 2648 -
1587 2629 1618 2662 §.
1638 2630 1675 2656 3.
1709 2630 1858 2665 Obferre,
1882 2630 1984 2656 Exhi-

1149 2674 1224 2698 bere.
1261 2670 1280 2696 I.
1300 2671 1361 2704 Sy.
1382 2669 1500 2703 Deserre,
1520 2671 1641 2698 Obserre.
1662 2671 1712 2698 Th.
1732 2671 1763 2698 C.
1783 2671 1838 2698 VII.
1857 2673 1897 2698 24.
1917 2681 1938 2698 c.
1960 2673 1981 2698 l.

1149 2713 1182 2740 de
1201 2713 1280 2740 oblat.
1299 2718 1384 2739 votor.
1422 2712 1450 2740 II.
1478 2715 1546 2748 Op.
1575 2713 1659 2741 Cuius
1683 2724 1712 2741 se
1735 2714 1858 2741 defensor
1880 2714 1980 2749 ingerit.

1148 2772 1180 2776 —
1201 2756 1263 2792 Qui,
1283 2756 1425 2792 requisitus
1445 2756 1476 2783 ab
1496 2761 1596 2789 actore,
1616 2766 1668 2783 non
1687 2761 1729 2783 est
1746 2756 1890 2784 defensioni
1909 2755 1981 2783 defu-

1148 2803 1231 2825 turus.
1251 2797 1281 2824 fr.
1301 2800 1342 2825 21.
1362 2799 1384 2832 §.
1403 2801 1427 2826 3.
1448 2810 1481 2826 ex
1499 2809 1542 2836 qu.
1562 2809 1583 2826 c.
1603 2800 1661 2826 mai.
1680 2801 1703 2826 4.
1723 2800 1748 2826 6.
1783 2798 1825 2825 III.
1841 2799 1906 2826 οη.
1927 2799 1980 2835 Qui

1146 2841 1229 2868 invito
1254 2841 1348 2877 ingerit
1370 2852 1476 2880 operam
1499 2851 1579 2869 suam.
1608 2842 1638 2869 fr.
1662 2843 1704 2869 25.
1727 2841 1760 2868 de
1782 2850 1885 2878 procur.
1908 2843 1932 2868 3.
1955 2843 1979 2869 3.
