2197 3121
1029 162 1130 194 CON.
1878 166 1936 195 181

257 248 549 276 concubinatus.
599 248 804 273 Consuetudo
839 255 906 272 cum
942 255 1056 272 concn-
1078 248 1080 274 Ι
1102 245 1119 271 Ι.
1141 245 1217 279 (30.)
1255 244 1291 271 Vt
1309 244 1460 272 Publiciana
1480 250 1618 283 competat,
1637 245 1701 273 haec
1720 245 1816 273 debent
1830 255 1936 272 concur-

221 294 304 319 bina.
342 291 372 318 II.
394 293 461 325 Op.
488 289 688 317 Matrimonium.
725 287 846 326 Nuptiae.
875 287 904 314 fr.
918 290 959 314 24.
980 287 1012 314 de
1025 287 1056 314 R.

222 334 252 360 N.
272 337 313 361 23.
332 336 357 360 2.
381 334 411 360 fr.
431 335 472 360 58.
492 343 531 370 pr.
550 334 572 366 5.
593 334 615 358 l.
636 332 669 358 de
687 331 747 358 don.
767 333 813 358 iut.
833 330 865 357 V.
884 332 926 357 24.
947 332 969 356 1.
990 330 1019 356 sr.
1034 332 1055 356 l.

221 387 260 414 pr,
287 376 319 403 de
342 377 452 403 concub.
477 378 518 402 25.
544 377 566 402 7.
613 375 656 401 111.
680 376 745 402 Cn.
773 374 842 409 Quia
867 373 1056 400 concubinatus

220 429 268 456 per
287 419 358 456 leges
379 429 474 445 nomen
493 418 629 450 adsumsit,
649 422 721 443 extra
734 417 799 453 legis
818 426 929 453 poenam
949 421 996 442 est.
1026 415 1055 442 fr.

219 464 244 488 3.
264 463 286 496 5.
306 465 328 488 1.
349 462 380 489 cf.
400 461 429 488 sr.
445 463 468 487 1.
482 461 503 494 5.
520 462 541 487 1.
562 460 594 487 de
613 460 722 487 concub.
741 462 782 486 25.
803 461 825 486 7.
863 459 938 494 Quae
957 460 983 485 in
997 468 1057 484 con-

221 505 343 531 cubinatu
362 515 391 531 se
410 503 504 533 dando.
524 508 656 529 matronae
675 513 768 529 nomen
785 512 837 528 non
851 502 945 531 amisit,
965 506 1056 538 utputa

220 557 286 584 quae
304 548 407 584 patroni
427 546 571 574 concubina
590 546 646 573 suit.
678 546 708 572 fr.
729 547 768 572 13.
788 555 827 582 pr.
852 543 885 570 ad
903 543 933 570 L.
955 543 1002 570 lul.
1024 543 1056 570 de

220 590 299 617 adult.
319 591 360 616 48.
381 592 404 616 5.
424 589 454 616 fr.
476 591 497 616 l.
517 590 539 623 5.
558 590 582 615 3.
602 589 635 615 de
654 588 762 616 concub.
781 590 823 614 25.
844 589 867 613 7.

256 633 494 660 Concubitor.
538 633 600 665 Qui
626 633 835 659 concubinam
865 631 964 656 habet.
1011 629 1054 656 III.

219 676 285 703 (ln.
314 675 475 707 Concubina,
496 685 562 711 quae
581 674 636 701 sola
656 679 710 701 erat
728 675 754 699 in
773 673 850 699 domo
866 672 981 699 defuncti
996 682 1055 699 con-

219 718 353 744 cubitoris.
380 717 427 743 Iul.
449 718 511 754 epit.
531 728 590 744 nov.
611 727 632 743 c.
652 718 694 743 34.
714 717 736 750 5.
757 716 815 742 118.
845 743 848 746 ,

254 761 494 788 Concubitus.
540 762 653 787 Coitun
676 768 840 790 venereus,
865 768 980 785 marem
1004 760 1054 785 in·
1075 783 1076 786 ,

218 811 268 831 ter
286 810 315 830 et
328 805 494 840 feminam.
526 802 568 829 III.
581 804 645 830 Gn.
664 801 724 828 Non
744 801 908 833 concubitus,
928 800 975 827 sed
995 811 1054 827 con·
1074 824 1076 846 ἲ

1075 877 1076 880 ¹
1098 844 1121 869 6.
1143 844 1165 877 5.
1185 846 1227 870 25.
1248 844 1280 870 cf.
1301 845 1330 871 fr.
1344 847 1368 871 2.
1388 846 1409 879 5
1421 848 1445 872 2.
1466 845 1517 881 Qu.
1531 845 1600 872 mod.
1614 845 1696 872 ususf.
1717 847 1739 871 7.
1753 846 1777 871 3.
1797 860 1828 864 -—-
1849 845 1879 877 §.
1892 845 1930 870 «¹».

1075 883 1076 894 ¹
1099 888 1301 921 Conspirare.
1341 890 1495 923 Aequari.
1531 888 1561 914 11.
1581 890 1648 922 Op.
1676 887 1842 914 Concurrere
1861 888 1931 920 (cum

218 856 311 872 sensus
331 846 392 872 facit
411 847 524 883 nuptiaS.
548 845 577 872 fr.
600 847 639 871 15.
660 844 692 871 de
712 843 787 870 cond.
808 848 833 870 et
852 843 918 870 dem.
937 846 979 870 35.
1001 846 1023 870 1.

253 889 507 916 conculcatio.
533 889 695 915 Excussio
716 888 895 923 (frugum).
927 886 969 913 III.
988 888 1053 914 (7η.

217 931 328 958 Fructus
353 931 439 957 aridos
465 930 675 961 conculcatione,
700 940 765 966 quae
788 931 814 956 in
834 939 892 956 area
911 929 956 961 fit,
981 940 1053 956 suam
1074 963 1075 967 Ἰ

1074 973 1075 982 ’
1096 973 1137 998 34.
1158 973 1179 1006 5.
1200 974 1223 998 5.
1244 972 1276 998 de.
1296 972 1370 1008 legat.
1391 973 1421 999 11.
1437 974 1503 1007 (31.)
1523 974 1553 1000 sr.
1573 976 1614 999 58.
1635 974 1656 1007 5.
1676 976 1700 1000 3.
1719 973 1752 1000 ad
1765 973 1792 1000 S.
1806 972 1836 999 C.
1852 971 1930 998 Treb.

216 979 332 1000 naturam
353 979 378 1000 et
397 974 534 1000 utilitatem
552 973 699 1000 ostendere.
719 983 740 999 c.
762 974 801 998 14.
821 972 842 1006 5.
864 974 885 998 1.
906 972 939 999 de
957 974 1050 999 servit.

216 1022 242 1043 et
260 1027 333 1053 aqua.
352 1018 377 1043 3.
396 1018 437 1043 34.

251 1060 520 1087 concumbere.
566 1061 637 1085 Rem
662 1068 823 1086 veneream
849 1068 916 1085 cum
939 1061 1051 1094 aliquo

214 1104 333 1129 habere.
378 1101 420 1128 ΙΠ.
450 1103 515 1129 Cn.
553 1101 582 1128 Si
611 1106 714 1128 constet
741 1102 862 1127 maritum
893 1101 1051 1138 aliquamdiu

215 1155 273 1171 cum
291 1154 373 1170 uxore
392 1154 444 1170 non
463 1144 646 1171 concubuisse.
673 1144 702 1171 sr.
718 1146 741 1170 6.
762 1143 795 1170 de
813 1143 838 1170 h.
859 1154 901 1181 qu.
921 1145 969 1171 sui.
991 1146 1012 1171 1.
1026 1146 1050 1171 6.

214 1187 245 1214 cf.
265 1186 357 1214 Iuliani
377 1188 438 1224 epit.
459 1197 518 1213 nov.
539 1197 559 1214 c.
580 1188 622 1213 82.
642 1188 664 1221 5.
684 1189 743 1213 320.

248 1230 534 1263 concupiscere.
555 1231 727 1256 Inntanter
746 1236 904 1264 expetere.
928 1229 970 1256 lll.
984 1231 1049 1258 Cn.

213 1273 339 1310 Oportuit
359 1272 446 1309 adpeti
469 1271 625 1309 splendidos
649 1272 745 1303 fasces.
769 1272 857 1299 decuit
881 1274 946 1299 tanti
970 1274 1050 1299 nomi-

213 1317 253 1343 nis
273 1316 380 1352 gloriam
400 1316 551 1352 concupisci
570 1320 618 1341 etc.
647 1315 696 1342 Th.
718 1315 749 1341 C.
764 1315 807 1342 VI.
828 1318 851 1342 4.
872 1326 893 1342 c.
915 1318 955 1342 15.
975 1316 1007 1343 cs.
1028 1327 1049 1342 c.

214 1361 253 1385 ll.
273 1358 305 1385 de
324 1358 408 1385 Praet.
429 1363 454 1384 et
474 1358 524 1393 Qu.

247 1402 491 1429 concurator-
518 1402 655 1436 Collega
674 1403 705 1427 in
725 1411 854 1428 munere
872 1404 1048 1428 curatoris.
1070 1402 1072 1424 l

211 1444 230 1471 I.
254 1446 314 1479 Sy.
346 1444 419 1471 Duo.
438 1443 570 1480 pluresve,
591 1442 644 1469 dati
663 1448 805 1470 curatores.
844 1444 1047 1471 Concuratores,

211 1488 232 1521 5.
255 1489 276 1513 1.
296 1486 314 1513 I.
334 1486 366 1513 de
386 1485 476 1512 satisd.
497 1490 544 1512 tut.
566 1487 587 1512 1.
607 1487 648 1512 24.
686 1485 728 1512 111.
754 1488 819 1514 Gn.
851 1486 964 1514 Obserre
984 1489 1047 1514 satis

211 1529 244 1556 dc
263 1529 432 1556 indemnitate
450 1528 546 1566 pupilli
559 1528 602 1555 vel
616 1528 802 1561 adolescentis.
823 1534 848 1556 et
861 1532 992 1556 contutori
1006 1530 1048 1556 vel

211 1573 374 1599 concuratori
398 1572 531 1609 praeferri.
567 1572 588 1605 5.
615 1573 637 1597 l.
665 1571 682 1598 I.
708 1571 740 1598 dc
764 1572 855 1599 satisd.
880 1577 927 1599 tut.
959 1575 981 1599 l.
1004 1575 1046 1599 24.

211 1615 293 1641 Actus
313 1616 353 1641 sui
373 1616 499 1641 rationem
518 1616 682 1641 concuratori
703 1615 820 1642 reddere.
841 1615 870 1642 fr.
893 1617 932 1642 19.
953 1616 985 1642 dc
1005 1616 1047 1642 ad·
1068 1633 1069 1643 t

211 1659 271 1684 min.
291 1663 316 1684 et
334 1658 414 1694 peric.
434 1659 476 1683 26.
497 1659 519 1683 7.

247 1700 492 1727 Coneurialis.
532 1701 594 1733 Qui
617 1706 663 1726 est
681 1702 819 1727 eiusdem
843 1703 963 1728 curiae.
1002 1701 1045 1728 III.
1067 1699 1069 1730 ἶ

212 1743 276 1769 Gn.
304 1742 448 1769 Recursum
468 1742 500 1768 ad
519 1743 604 1779 ipsum
623 1743 778 1779 praebemus
792 1748 933 1775 auctorem.
953 1744 1047 1770 nihilo·
1067 1759 1068 1762 =

210 1786 295 1811 miuus
315 1785 346 1811 ad
365 1795 410 1811 eos
429 1784 604 1815 mumuriales,
629 1786 673 1821 qui
698 1787 782 1812 minus
805 1786 928 1813 idoneum
957 1797 1046 1813 susce-

210 1832 312 1864 perunt.
346 1826 412 1853 Νῦν.
436 1826 538 1853 ΥιιΙεηῐ.
563 1827 606 1853 III.
630 1827 663 1853 de
682 1828 750 1854 conf.
770 1828 794 1854 h.
816 1839 858 1865 qu.
879 1829 911 1856 ad
930 1831 991 1855 min.
1011 1829 1042 1855 II.

209 1873 250 1896 32.
272 1881 292 1896 υ.
314 1872 336 1895 1.
356 1870 376 1903 ξ.
397 1871 419 1895 7.

245 1914 491 1940 Concurrere.
523 1912 553 1945 ξ.
574 1913 607 1938 l.
638 1914 814 1940 Incurrere.
847 1914 865 1941 l.
886 1915 947 1949 Sy.
968 1913 1046 1941 Com-

209 1957 319 1982 mittere.
348 1955 377 1981 l'r.
400 1957 421 1981 1.
446 1955 466 1988 5.
489 1957 528 1980 ll.
552 1955 574 1980 si
594 1955 684 1991 quadr.
710 1958 733 1981 9.
756 1958 777 1982 l.
815 1956 858 1983 111.
880 1958 945 1985 Cn.
978 1957 1045 1984 Cum

209 2003 347 2025 stramenta
367 1997 482 2024 ardentia
502 1997 663 2023 transilirent
677 1998 737 2029 duo,
757 2005 946 2026 concurrerunt
959 2000 1046 2026 ambo-

209 2052 258 2078 que
278 2041 436 2067 ceciderunt.
457 2040 486 2066 sr.
501 2042 540 2066 45.
561 2040 582 2074 5.
596 2041 619 2066 3.
641 2040 673 2066 ad
691 2040 720 2067 L.
735 2042 802 2078 Aqu.
822 2044 846 2068 9.
864 2044 889 2068 2.
909 2058 941 2062 ——
962 2043 992 2076 §.
1009 2045 1043 2069 2.
1065 2061 1066 2064 κ

209 2087 315 2111 coire.
337 2085 559 2119 Congregari,
581 2084 715 2119 colligi.
752 2084 770 2111 I.
789 2086 851 2119 Sy.
879 2084 1044 2112 Convenien-

209 2131 260 2157 tes.
280 2125 483 2152 concurrente-s.
517 2136 537 2152 c.
559 2128 580 2152 l.
601 2125 633 2152 de
652 2127 785 2164 monopol.
810 2129 833 2153 4.
854 2129 895 2154 59.
925 2138 946 2154 c.
969 2130 990 2154 l.
1011 2128 1043 2155 de

208 2169 315 2195 nundin.
335 2170 359 2195 4.
378 2170 419 2195 60.
455 2168 504 2195 Th.
532 2168 561 2195 C.
582 2168 640 2196 XV.
665 2170 688 2195 4.
717 2180 738 2196 c.
760 2171 782 2196 l.
807 2170 828 2204 5.
850 2172 871 2197 1.
896 2170 928 2197 de
952 2172 1042 2207 imagg.

208 2211 270 2248 luip.
312 2211 354 2237 111.
379 2213 444 2239 Cn.
482 2210 536 2237 Nec
565 2211 639 2237 facile
667 2213 694 2238 in
722 2211 1042 2250 Constantinopolitauam

208 2255 338 2280 civitatem
356 2254 532 2291 provinciales
552 2259 715 2281 concurrent.
743 2255 791 2281 Iul.
808 2256 869 2292 epit.
884 2266 943 2282 nov.
965 2267 986 2283 c.
999 2259 1041 2283 21.

208 2297 229 2330 5.
249 2297 291 2321 68.
327 2296 369 2322 Ad
386 2297 564 2333 prohibendus
583 2297 692 2324 insidias
712 2307 876 2325 concurrere.
907 2309 928 2325 e.
950 2301 989 2326 12.
1009 2300 1041 2326 de

208 2339 232 2364 h.
254 2349 296 2374 qu.
316 2343 344 2363 ut
362 2339 458 2375 indign.
478 2342 501 2366 6.
521 2343 562 2366 35.
588 2356 620 2359 —
647 2341 677 2374 §.
699 2342 735 2367 3.
767 2342 953 2368 convenire.
991 2345 1041 2369 Si·
1062 2361 1064 2370 <

208 2384 273 2407 mul
296 2383 417 2413 adesam,
441 2393 464 2409 v.
489 2386 639 2415 admitti,
667 2394 690 2410 v.
716 2390 899 2418 competere.
936 2384 954 2410 I.
980 2386 1063 2419 Sy..

209 2423 293 2449 Simul
313 2424 410 2455 venire.
430 2434 453 2451 v.
473 2425 603 2452 accedere.
624 2426 654 2452 fr.
674 2427 715 2453 84.
735 2427 772 2460 55.
794 2428 832 2453 12.
853 2436 892 2463 sq.
913 2427 946 2453 de
964 2427 1040 2464 legat.
1062 2448 1063 2460 ,

209 2466 226 2492 1.
247 2466 323 2499 (30.)
344 2465 426 2492 vatic.
446 2468 482 2501 §§.
502 2470 543 2495 87.
563 2479 602 2505 sq.
638 2469 711 2505 lungz
731 2469 825 2502 (niis)
863 2469 892 2496 fr.
912 2472 936 2496 2.
960 2471 997 2504 §§.
1016 2473 1039 2497 2.
1062 2462 1063 2506 1

209 2519 248 2545 sq.
268 2508 300 2534 de
319 2508 349 2534 B.
369 2508 396 2534 P.
417 2519 437 2535 S.
457 2514 475 2536 t.
494 2512 534 2537 37.
555 2513 594 2538 ll.
631 2511 661 2538 ΙΙ.
681 2514 747 2546 011.
776 2512 805 2538 In
831 2514 903 2539 cuius
928 2523 1040 2550 persona

208 2552 271 2577 haec
291 2557 456 2578 concurrunt.
477 2568 509 2571 —
533 2553 580 2580 Sin
599 2554 698 2591 aliquid
717 2565 807 2582 eorum
826 2555 917 2582 deerit.
943 2556 999 2582 Gai.
1020 2556 1039 2582 I.
1062 2553 1063 2561 ¹

211 2596 248 2620 l7.
279 2593 338 2630 le.
358 2594 402 2620 XI.
422 2596 463 2620 28.
501 2594 562 2621 Sive
586 2597 636 2623 soli
661 2599 727 2629 sint,
752 2614 784 2617 ——
808 2599 865 2624 sive
884 2604 1040 2625 concurrant
1061 2628 1062 2633 ¹

209 2642 256 2663 etc.
286 2637 341 2662 Gai.
362 2636 403 2662 111.
430 2639 471 2663 26,
500 2636 559 2674 ΠΡ.
579 2639 674 2666 XXIV.
695 2642 734 2666 12.
772 2640 937 2667 Concurrent
957 2642 1039 2668 ambo.

208 2696 239 2699 —
259 2679 378 2706 Alterum
397 2680 529 2716 praeferri.
555 2680 584 2706 sr.
600 2683 622 2707 7.
636 2692 674 2718 pr.
693 2683 714 2716 5
736 2685 757 2709 l.
778 2683 807 2709 fr.
826 2687 849 2709 8.
871 2686 922 2719 Qu.
942 2685 1038 2721 potior.
1060 2706 1062 2709 ,

206 2725 247 2748 20.
268 2724 291 2748 4.
328 2722 369 2748 111.
386 2724 450 2749 (7η.
479 2723 545 2749 Cum
560 2723 622 2749 haec
636 2727 719 2751 omnia
733 2727 758 2751 in
774 2736 852 2752 unum
872 2732 1038 2754 concurrunt.

207 2766 237 2791 fr.
257 2767 297 2792 57.
319 2766 339 2799 5.
362 2767 382 2791 l.
403 2765 435 2791 de
454 2765 484 2791 R.
505 2765 536 2792 N.
556 2768 597 2792 23.
616 2768 640 2792 2.
671 2766 702 2793 cf.
723 2767 752 2794 fr.
772 2770 796 2794 S.
816 2768 847 2795 de
867 2775 933 2806 pact.
953 2772 977 2796 2.
999 2772 1037 2796 14.

208 2809 276 2844 Quia
295 2809 320 2834 in
340 2818 418 2834 unum
438 2811 582 2839 concurrit.
602 2814 629 2836 ut
649 2814 696 2836 etc.
721 2810 751 2836 fr.
765 2812 805 2837 68.
825 2812 846 2845 5.
870 2814 890 2838 l.
911 2812 943 2838 de
962 2812 1036 2848 legat.

1058 2865 1060 2877 l

1078 286 1080 289 ”
1102 298 1166 314 rere..
1192 288 1222 314 sr.
1243 289 1266 314 7.
1286 288 1369 322 §.16.
1395 288 1427 315 de
1446 288 1522 315 Puhl.
1541 290 1567 315 in
1587 288 1617 315 R.
1637 289 1667 315 A.
1691 290 1714 315 6.
1735 291 1758 315 2.
1797 288 1864 324 Quia
1884 299 1935 315 non

1103 341 1209 368 sempr-r
1231 330 1381 357 huiusmodi
1404 332 1466 357 vitia
1490 332 1541 358 sibi
1565 336 1731 358 concurrunt.
1767 342 1787 358 c.
1813 333 1852 357 10.
1883 331 1935 366 Qu.

1102 378 1204 400 testam.
1225 373 1272 400 sac.
1292 384 1317 410 p.
1342 375 1365 400 6.
1385 376 1426 400 22.
1456 374 1485 401 fr.
1507 376 1528 401 1.
1548 384 1587 411 pr.
1613 374 1645 401 de
1664 379 1745 400 contr.
1766 379 1825 400 enit.
1851 375 1890 400 18.
1912 376 1933 400 1.

1102 415 1160 442 Non
1180 421 1221 442 est
1239 426 1348 448 novum.
1373 421 1401 443 ut
1425 417 1490 443 duae
1509 417 1680 453 obligatibnes
1699 418 1725 443 in
1744 417 1860 444 eiusdem
1877 427 1935 454 per-

1101 469 1177 491 sona.
1205 459 1236 485 de
1261 459 1350 486 eadem
1374 470 1414 491 re,
1439 464 1602 486 concurrant.
1632 459 1661 486 fr.
1688 461 1727 486 10.
1752 459 1784 486 de
1802 460 1833 486 A.
1853 460 1882 486 Ε.
1901 459 1933 486 V.

1102 503 1140 527 19.
1162 504 1184 528 l.
1221 501 1299 529 Plura
1319 502 1413 529 delicta
1433 504 1623 529 concurrentia.
1653 502 1682 529 sr.
1702 504 1725 529 2.
1744 512 1784 539 pr.
1809 502 1841 528 de
1865 503 1931 539 priv.

1101 543 1187 571 delict.
1216 547 1257 571 47.
1283 547 1305 571 1.
1356 545 1469 581 Quoties
1504 551 1662 572 concurrunt
1689 545 1778 582 plures
1806 545 1932 576 actiones,

1100 587 1216 613 eiusdem
1235 589 1272 614 rei
1291 589 1404 615 nomine.
1433 587 1463 614 fr.
1484 589 1524 614 43.
1546 588 1609 621 5.1.
1630 588 1662 615 de
1680 588 1711 615 R.
1731 588 1750 615 Ι.
1769 590 1810 614 50.
1832 588 1872 613 17.
1903 586 1932 613 Si

1099 640 1151 656 non
1170 631 1219 662 sit,
1239 631 1283 667 qui
1303 632 1325 657 ei
1345 635 1495 662 concurrat.
1514 630 1608 657 habeat
1626 631 1699 657 solus
1718 631 1761 664 (B.
1779 630 1881 664 Pnem).
1902 629 1932 656 fr.

1098 674 1121 698 2.
1142 672 1163 706 5.
1183 675 1207 699 2.
1237 672 1268 699 de
1288 674 1318 700 B.
1340 673 1368 700 P.
1388 684 1409 701 s.
1430 679 1446 701 t.
1473 676 1515 700 37.
1536 676 1575 700 ll.
1617 673 1674 700 Sibi
1699 684 1750 700 non
1774 677 1933 700 concurrunt

1099 716 1151 747 (sc.
1178 715 1294 751 legatarii
1319 722 1343 743 et
1368 717 1509 749 heredes),
1534 717 1609 742 matri
1637 726 1699 742 vero
1728 726 1780 742 non
1804 717 1829 742 in
1848 720 1932 742 totum

1098 764 1264 785 concurrunt.
1293 759 1378 786 Vatic.
1391 760 1412 794 5.
1427 761 1467 787 87.
1506 759 1534 786 Si
1554 759 1628 786 alteri
1647 769 1720 790 usus,
1740 759 1813 786 alteri
1831 759 1932 785 fructus

1097 800 1197 836 legatus
1217 803 1263 833 sit,
1289 802 1446 829 fructuarius
1474 804 1500 829 in
1520 813 1595 829 usum
1620 803 1759 829 concurrit.
1795 801 1867 828 Paul.
1889 801 1930 827 ΠΙ.

1097 931 1217 960 summa).
1238 946 1270 949 —
1289 930 1432 957 Excedere.
1457 931 1486 957 sr.
1507 932 1547 957 53.
1566 941 1605 968 pr.
1626 930 1658 957 de
1676 931 1752 967 legat.
1770 930 1789 956 Ι.
1810 930 1876 963 (30.)
1900 929 1929 955 fr.

1096 1016 1138 1041 36.
1163 1017 1184 1041 l.
1221 1015 1263 1041 III.
1283 1017 1348 1043 (791.
1380 1015 1492 1051 Quoties
1516 1018 1648 1042 concurrit
1671 1027 1729 1043 cum
1752 1017 1868 1042 veritate.
1899 1014 1929 1041 fr.

1095 1059 1136 1084 30.
1156 1058 1178 1091 5.
1198 1059 1222 1084 4.
1242 1057 1275 1084 de
1293 1058 1325 1085 A.
1345 1068 1369 1084 v.
1384 1058 1416 1085 Ο.
1431 1058 1462 1085 H.
1481 1060 1522 1085 29.
1542 1062 1566 1085 2.
1604 1059 1631 1085 Si
1652 1064 1734 1086 testes
1754 1068 1844 1085 omnes
1864 1059 1930 1084 eius—

1095 1100 1154 1127 dem
1172 1101 1318 1127 honestatis
1338 1106 1363 1127 et
1383 1102 1584 1128 existimationis
1605 1103 1669 1130 sint.
1690 1107 1714 1128 et
1734 1102 1831 1138 negotii
1850 1099 1930 1137 quali-

1072 1138 1073 1154 ³
1095 1149 1134 1170 tas
1153 1154 1182 1170 ac
1201 1144 1295 1170 iudicis
1318 1149 1404 1171 motus
1429 1155 1487 1171 cum
1510 1144 1551 1170 his
1577 1145 1716 1171 concurrit.
1746 1144 1775 1171 fr.
1794 1146 1836 1170 21.
1863 1144 1884 1178 5.
1904 1144 1928 1169 3.

1095 1186 1127 1213 de
1145 1187 1233 1213 testib.
1252 1189 1294 1213 22.
1313 1189 1336 1214 5.
1379 1186 1588 1214 Concurrentem
1611 1188 1747 1224 pecuniam
1766 1187 1928 1223 compensari

1094 1229 1200 1267 placuit.
1230 1230 1260 1256 l'r.
1280 1231 1320 1257 58.
1341 1231 1362 1264 5.
1382 1231 1405 1256 3.
1426 1230 1458 1256 ad
1478 1230 1505 1256 S.
1526 1230 1556 1257 C.
1577 1229 1657 1257 Treb.
1675 1231 1717 1257 36.
1739 1232 1760 1256 l.
1786 1229 1818 1256 cf.
1838 1229 1867 1255 sr.
1889 1231 1927 1255 11.

1094 1273 1126 1299 de.
1145 1283 1278 1310 compens.
1301 1275 1339 1300 16.
1358 1275 1382 1300 2.

1129 1316 1353 1343 Concursus.
1374 1315 1490 1349 (Subst.)
1522 1317 1552 1350 ᾗ.
1568 1318 1602 1343 l.
1623 1317 1797 1347 collectio,
1818 1317 1927 1350 Copia.

1070 1377 1072 1396 4
1094 1359 1136 1385 111.
1157 1361 1222 1386 (1η.
1242 1359 1272 1385 Si
1290 1361 1316 1386 in
1336 1369 1395 1395 agro
1415 1364 1460 1385 tuo
1480 1369 1604 1395 aquarum
1624 1369 1768 1385 concursus
1787 1358 1874 1385 locum
1887 1368 1928 1384 ex-

1094 1403 1204 1428 cavavit.
1229 1402 1258 1429 l‘r.
1273 1404 1296 1429 2.
1311 1403 1332 1436 5.
1348 1404 1369 1429 7.
1391 1401 1423 1428 de
1442 1412 1508 1438 aqua
1528 1407 1553 1428 et
1567 1412 1624 1439 aqu.
1638 1401 1674 1440 pl.
1694 1403 1736 1428 39.
1750 1403 1774 1428 3.
1795 1417 1826 1421 —
1847 1401 1877 1434 ξ.
1892 1401 1927 1427 2.

1094 1447 1219 1477 Coitia,
1241 1447 1432 1472 Conventus.
1470 1445 1512 1472 111.
1528 1447 1593 1473 Gn.
1618 1446 1672 1481 Qui
1691 1450 1802 1475 coetum,
1821 1453 1928 1470 concur-

1092 1499 1162 1519 sum,
1183 1488 1298 1520 turbam,
1319 1488 1487 1519 seditionem,
1511 1487 1659 1514 incendium
1680 1487 1778 1514 fecerit.
1805 1486 1877 1513 Paul.
1895 1485 1926 1512 V.

1091 1533 1132 1557 26.
1152 1531 1218 1565 5.1.
1243 1530 1272 1557 fr.
1292 1533 1316 1557 5.
1336 1540 1375 1567 pr.
1395 1530 1427 1556 ad
1446 1530 1476 1557 L.
1496 1530 1543 1557 Iul.
1564 1531 1595 1557 de
1614 1532 1639 1557 vi
1658 1531 1720 1568 pub.
1740 1532 1781 1557 48.
1800 1531 1824 1556 6.
1852 1529 1883 1555 fr.
1902 1530 1926 1554 4.

1091 1584 1129 1611 pr.
1154 1573 1186 1600 ad
1207 1573 1235 1599 L.
1255 1573 1302 1600 Iul.
1323 1573 1356 1600 de
1375 1574 1400 1599 vi
1420 1574 1485 1610 priv.
1510 1575 1551 1600 48.
1572 1576 1595 1600 7.
1638 1573 1698 1609 Quo
1719 1573 1874 1600 christianae
1893 1571 1926 1598 le-

1091 1618 1130 1653 gis
1149 1616 1296 1643 veneranda
1315 1617 1438 1652 mysteria
1458 1616 1546 1643 nullus
1561 1616 1769 1654 spectaculorum
1782 1624 1926 1642 concursus

1068 1647 1069 1696 j
1091 1664 1197 1686 avertat.
1219 1659 1268 1685 Th.
1286 1659 1361 1686 c.11.
1381 1660 1405 1685 s.
1425 1669 1446 1685 c.
1460 1661 1502 1685 20.
1521 1659 1625 1692 (wok.)
1645 1659 1677 1685 de
1696 1659 1776 1685 feriis.
1796 1674 1828 1678 -
1842 1658 1873 1691 §-
1887 1658 1924 1683 3.

1093 1704 1301 1729 Exercitinm
1338 1704 1426 1728 iuris
1463 1704 1690 1728 ximulmneum
1726 1712 1782 1736 per
1814 1703 1925 1735 plnres

1089 1755 1253 1779 personas.
1291 1744 1333 1771 ΠΙ.
1354 1746 1418 1772 Cn.
1439 1744 1551 1779 Quoties
1571 1746 1596 1770 in
1616 1744 1728 1776 duobus.
1748 1745 1792 1781 qui
1811 1742 1925 1769 solidum

1091 1788 1249 1814 habuerunt.
1270 1797 1400 1813 concursu
1418 1786 1519 1813 divisus
1539 1792 1579 1813 est
1599 1788 1647 1820 (sc.
1668 1786 1772 1820 ususf.).
1796 1786 1881 1813 Vatic.
1902 1786 1923 1819 5

1090 1832 1130 1856 79.
1151 1829 1181 1856 cf.
1202 1830 1223 1863 5.
1239 1831 1278 1856 77.
1311 1829 1402 1855 videri
1416 1829 1509 1856 usumf.
1529 1831 1709 1862 constitutum,
1728 1839 1780 1856 non
1799 1839 1847 1867 per
1866 1838 1925 1855 con-

1089 1882 1194 1899 cursum
1212 1871 1332 1898 divisum.
1352 1871 1389 1898 Ib.
1401 1873 1422 1906 5.
1437 1874 1477 1899 78.
1515 1872 1668 1909 Aequaliter
1686 1883 1785 1904 omnes.
1806 1873 1881 1909 quasi
1895 1872 1921 1897 iu

1089 1921 1172 1942 totum
1191 1915 1277 1946 missi,
1297 1925 1426 1941 concursu
1445 1920 1533 1952 partes
1552 1915 1693 1942 habebunt.
1727 1916 1756 1942 fr.
1777 1918 1817 1942 15.
1838 1915 1921 1949 518.

1066 1957 1067 1964 ¹
1089 1959 1122 1985 de
1141 1958 1224 1985 damn.
1245 1957 1289 1983 inf.
1308 1959 1350 1983 39.
1369 1959 1393 1983 2.
1418 1957 1448 1984 fr.
1468 1959 1509 1984 80.
1530 1958 1562 1984 de
1582 1958 1657 1994 legat.
1677 1959 1718 1985 Ill.
1740 1959 1807 1993 (32.)

1124 2000 1338 2029 concussio·
1377 2002 1613 2035 Depraedatio,
1637 2004 1850 2028 simulatione
1867 2011 1922 2035 po<

1088 2045 1224 2070 testatis
1247 2045 1399 2077 publicae
1411 2045 1516 2079 facta.
1554 2044 1594 2070 Ill.
1616 2045 1681 2072 Gn.
1710 2044 1763 2080 Qui
1781 2045 1834 2070 vim
1852 2044 1922 2070 tecit.

1088 2086 1129 2113 vel
1149 2086 1349 2113 concussionem
1369 2086 1464 2117 intulit.
1484 2086 1526 2113 vel
1545 2086 1644 2123 aliquid
1663 2087 1781 2124 deliquit.
1806 2098 1827 2113 c.
1849 2088 1870 2112 1.
1891 2096 1922 2112 ex

1087 2129 1137 2156 del.
1158 2129 1272 2156 defunct.
1293 2130 1315 2155 4.
1338 2130 1376 2155 17.
1414 2129 1468 2164 Qui
1486 2131 1512 2156 in
1530 2130 1703 2167 peculatibus,
1723 2135 1766 2156 aut
1784 2129 1922 2159 manubiis,

1087 2188 1119 2192 —-
1139 2177 1182 2198 aut
1201 2171 1434 2203 concussionibus.
1454 2172 1543 2204 surtis,
1563 2172 1674 2209 aliisque
1693 2173 1798 2209 flagitiis
1818 2189 1849 2192 -
1870 2172 1921 2198 fue-

1087 2216 1139 2241 rint
1158 2215 1324 2252 deprehensi.
1349 2225 1370 2240 c.
1389 2216 1413 2241 6.
1433 2215 1454 2249 5.
1475 2217 1498 2242 5.
1519 2215 1551 2242 de
1570 2215 1647 2242 modo
1667 2216 1755 2242 mulct.
1776 2218 1798 2242 1.
1813 2217 1853 2241 54.
1883 2214 1919 2243 Si.

1087 2258 1209 2284 simulato
1234 2257 1365 2284 praesidis
1389 2258 1478 2290 iussu,
1502 2259 1641 2284 concussio
1665 2260 1812 2285 intervenit.
1845 2258 1873 2284 fr.
1898 2259 1918 2282 l·

1086 2301 1117 2327 de.
1137 2311 1257 2327 concuss.
1276 2302 1317 2327 47.
1339 2302 1378 2326 13.
1416 2301 1503 2336 Quive
1522 2303 1779 2338 superexactionum.
1799 2301 1839 2327 vel
1860 2309 1918 2325 con-

1087 2345 1237 2369 cussionum
1257 2343 1409 2370 criminibus
1429 2343 1606 2370 involvuntur.
1626 2344 1693 2370 Nov.
1708 2344 1757 2370 Th.
1771 2344 1800 2370 11.
1820 2343 1852 2369 de
1871 2352 1918 2368 am.

1086 2385 1138 2412 mil.
1158 2386 1207 2412 fori
1227 2396 1265 2422 pr.
1286 2386 1304 2412 I.
1324 2388 1347 2413 9.
1368 2396 1389 2412 c.
1409 2388 1432 2412 2.
1452 2387 1473 2420 5.
1496 2388 1518 2413 l.

1121 2429 1342 2456 Concutere-
1372 2430 1402 2463 ἕ.
1418 2431 1452 2456 l.
1474 2432 1660 2461 Pmoutere,
1683 2432 1850 2462 Qnassare.
1875 2427 1918 2453 lll.

1086 2473 1151 2499 Gn.
1180 2470 1277 2497 Terrae
1301 2476 1373 2498 motu
1393 2482 1549 2498 concussum
1569 2472 1721 2499 aedificium.
1741 2471 1822 2497 sr.59.
1842 2470 1917 2496 locat.

1088 2516 1125 2540 19.
1144 2516 1168 2540 2.
1188 2513 1220 2540 cf.
1240 2513 1289 2540 Th.
1313 2514 1343 2540 C.
1364 2514 1422 2541 XV.
1448 2517 1470 2541 1.
1494 2525 1515 2541 c.
1535 2516 1576 2541 44.
1601 2515 1633 2541 de
1652 2524 1711 2550 opp.
1732 2513 1793 2550 pub.
1831 2512 1860 2539 Si
1880 2514 1914 2539 ita

1085 2566 1229 2583 concussus
1254 2558 1289 2583 sit
1311 2558 1410 2594 paries,
1439 2563 1467 2584 ut
1494 2557 1565 2584 nulla
1593 2558 1692 2583 ratione
1720 2557 1800 2593 recipi
1823 2557 1917 2593 possit.

1085 2599 1198 2635 ideoque
1218 2599 1389 2636 deponendus
1410 2605 1457 2626 est.
1490 2600 1519 2626 fr.
1542 2602 1580 2625 18.
1609 2600 1630 2632 5.
1652 2601 1691 2625 11.
1719 2598 1751 2625 de
1770 2598 1853 2625 damn.
1873 2598 1917 2625 ins.

1083 2644 1124 2669 39,
1138 2644 1162 2668 2.
1184 2658 1215 2661 ———
1235 2643 1265 2676 §·
1280 2644 1314 2669 2.
1337 2644 1616 2678 I’erterrefacere,
1640 2643 1678 2668 Vi
1696 2643 1824 2668 illicita
1843 2651 1917 2667 com-

1083 2687 1205 2719 pellere
1260 2685 1301 2711 lII.
1327 2687 1392 2713 Cn.
1427 2686 1480 2720 Qui
1508 2684 1654 2720 insignibus
1685 2683 1785 2710 altioris
1817 2684 1917 2710 ordinis

1085 2733 1201 2759 utuntur,
1221 2728 1391 2764 militiamque
1410 2727 1568 2762 contingunt.
1589 2737 1639 2762 quo
1660 2737 1735 2763 quem
1749 2732 1863 2753 terreant
1875 2726 1916 2752 vel

1083 2772 1239 2797 concutiant.
1268 2770 1340 2797 Paul.
1361 2770 1391 2796 V.
1410 2772 1450 2795 25.
1466 2770 1486 2802 5.
1504 2771 1543 2795 12.
1581 2769 1673 2796 Illicita
1692 2771 1844 2798 ministeria.
1865 2769 1913 2795 sub

1082 2818 1218 2850 praetextu
1238 2813 1412 2840 adiuvantium
1432 2811 1557 2838 militares
1577 2813 1647 2838 viros
1671 2813 1701 2839 ad
1727 2811 1914 2839 concutiendo<
