2197 3121
278 171 339 202 464

279 253 361 279 samis.
386 251 455 278 Coll.
481 250 532 277 LL.
560 250 592 277 M.
614 250 656 276 lv.
677 251 700 276 4.
727 249 758 276 cf.
783 248 814 275 fr.
834 248 858 274 S.
879 246 910 273 dc
930 255 1015 273 accuS.
1034 247 1076 273 48.
1094 246 1120 272 2.

278 295 335 323 Nec
355 296 421 321 euim
441 293 548 319 infames
568 298 637 324 sunt,
658 291 705 319 sed
725 302 757 318 nc
777 290 881 328 quidem
900 294 1023 317 arcentur
1041 288 1122 315 hono-
1142 279 1144 315 l

279 338 360 365 ribus.
381 337 410 363 fr.
432 338 471 362 12.
492 336 524 363 de
543 336 677 362 dmum-ion.
703 337 744 361 50.
765 338 789 361 2.
816 334 848 360 cf.
869 334 898 360 sr.
918 336 942 360 2.
963 332 996 359 de
1015 332 1060 358 off.
1080 331 1122 358 ad·
1143 340 1144 343 ’

278 391 345 408 sess.
367 382 388 406 1.
408 382 449 405 22.
470 378 500 405 l'r.
523 380 543 404 l.
564 389 602 415 pr.
623 378 653 405 t'r.
676 381 699 404 8.
725 377 756 404 ad
775 376 804 404 L.
824 376 872 403 Iul.
897 375 929 402 de
949 376 974 401 vi
993 376 1060 412 priv.
1079 375 1121 401 48.
1143 388 1144 402 i

279 426 302 450 7.
340 422 414 449 Licet
434 438 465 441 —
486 431 538 448 non
557 421 703 448 habeantur
721 420 839 451 infames,
860 435 892 439 —-
913 429 940 444 re
959 423 1045 444 tamen
1065 418 1121 455 ipsa
1142 409 1144 445 l

279 472 302 493 et
324 467 448 503 opinione
467 464 599 491 hominum
621 474 672 490 non
693 464 819 500 effugiunt
841 462 960 488 infamiae
981 465 1076 487 notam.
1091 459 1121 487 fr.
1143 488 1144 491 Ἴ

278 513 302 536 2.
322 519 360 546 pr.
382 508 413 535 de
433 507 543 544 obsequ.
567 511 668 545 parent.
687 508 729 533 37.
752 509 790 533 15.
819 504 850 531 cs.
876 514 897 531 c.
925 505 964 530 13.
984 514 1017 531 ex
1036 514 1079 540 qu.
1100 514 1121 530 c.
1142 498 1144 509 ’

278 551 365 579 insam.
385 553 408 577 2.
430 552 469 576 12.

314 594 514 622 Infandus.
547 592 677 626 (Adiect.)
714 593 903 628 Nefandus,
924 591 1122 616 Abominan-

279 641 342 665 dus.
380 636 422 663 111.
449 637 516 664 Cn.
547 635 670 662 Int'andae
694 640 719 661 et
743 633 837 660 ferales
861 633 997 667 (mentes.)
1019 631 1068 658 Th.
1089 630 1122 658 C.
1143 646 1144 649 =

278 680 349 707 XVI.
370 681 393 706 7.
414 690 434 706 e.
454 680 478 705 5.
503 677 536 705 dc
559 683 671 716 apostat.
713 676 820 704 quanda
845 675 1057 711 exsecrandaque
1077 675 1124 707 (si-

278 723 413 754 mulacra.)
434 732 455 748 c.
476 723 498 748 7.
519 721 552 747 de
575 731 666 758 pagan.
693 722 714 746 l.
740 722 780 746 11.
817 718 1017 745 Infandissimus
1037 722 1124 753 tyran-

278 776 380 793 norum.
401 764 451 792 Th.
472 764 502 791 C.
522 763 580 790 ΧΥ.
604 766 641 790 14.
663 774 683 790 c.
700 765 722 789 7.
743 762 775 789 de
795 762 888 788 infirm.
910 760 934 787 h.
956 771 999 797 qu.
1020 770 1040 787 s.
1060 765 1111 796 tyr.

315 809 464 835 Infans.
490 807 521 840 §.
539 809 572 833 1.
598 809 723 833 Partus
751 815 859 832 recens
878 806 994 830 editus.
1020 803 1039 830 I.
1059 805 1121 838 Sy.

279 851 407 879 Nascens.
446 849 524 885 Quod
550 850 674 875 nascitur.
699 849 730 875 fr.
752 851 791 875 15.
816 847 849 874 de
872 852 943 874 statu
967 846 1035 873 bom.
1057 848 1079 873 1.
1098 848 1122 872 5.

280 894 311 921 fr.
330 896 371 920 29.
392 893 424 920 de
444 892 474 919 N.
495 892 526 918 G.
546 894 570 918 3.
590 894 614 919 5.
646 891 689 918 III.
705 893 771 919 Cn.
792 890 887 926 Quoad
906 889 1019 916 infantes
1039 889 1124 916 uberi-

279 937 330 964 bus
355 936 466 963 aluntur.
491 935 521 961 sr.
548 937 570 961 1.
596 935 617 969 ξ.
639 937 679 961 14.
704 934 736 961 de
761 939 828 960 extr.
854 943 928 969 cogn.
955 935 996 959 50.
1018 934 1057 959 13.
1094 932 1122 958 In

279 981 340 1007 navi
360 979 444 1006 infans
465 983 548 1004 natus.
569 978 600 1004 fr.
622 979 660 1004 19.
681 978 703 1012 ξ.
724 979 747 1004 7.
767 977 844 1003 locat.
867 978 906 1003 19.
925 978 949 1002 2.
978 991 1010 995 —
1034 975 1065 1008 ξ.
1087 976 1122 1002 2.

283 1024 347 1057 Qui
370 1028 507 1048 aetatem
536 1022 601 1048 1'11
623 1030 780 1047 annorum
810 1022 946 1046 nondum
974 1028 1123 1054 egressus

279 1072 332 1093 est.
370 1064 380 1090 I
409 1066 470 1098 Sy·
491 1064 544 1099 Qui
564 1063 611 1090 sari
631 1073 682 1090 non
707 1067 804 1100 potest.
830 1061 872 1089 Cf.
892 1072 915 1088 v.
936 1061 1004 1088 Fari.
1036 1060 1125 1098 Pupil-

283 1109 332 1139 lus,
351 1106 438 1134 Minor
457 1106 503 1132 VII
524 1107 606 1133 annis.
627 1106 658 1132 fr.
684 1108 704 1132 1.
724 1106 745 1139 §.
760 1108 783 1131 2.
804 1104 836 1131 de
856 1104 922 1131 adm.
943 1109 968 1131 et
986 1105 1067 1141 peric.
1082 1104 1123 1130 26.

281 1153 304 1178 7.
325 1150 355 1176 fr.
374 1152 415 1176 30.
436 1149 472 1183 ξξ.
494 1151 516 1175 l.
537 1159 577 1186 sq.
597 1151 620 1175 4.
638 1150 662 1175 6.
682 1148 714 1174 de
734 1148 819 1174 fideic.
840 1147 903 1174 libb.
924 1149 966 1173 40.
986 1149 1010 1173 5.
1031 1146 1061 1173 fr.
1080 1148 1123 1172 20.

280 1195 302 1229 ξ.
324 1196 346 1220 l.
367 1193 398 1220 de
418 1192 507 1229 stipul.
533 1202 601 1218 serr.
625 1193 666 1217 45.
690 1193 714 1217 3.
735 1200 756 1216 c.
778 1192 817 1216 18.
841 1201 880 1228 pr.
911 1191 948 1224 βξ.
969 1191 992 1216 1.
1012 1199 1071 1226 sqq.
1091 1189 1123 1215 de

281 1239 337 1264 iure
357 1235 436 1263 delib.
456 1236 479 1261 6.
499 1236 541 1261 30.
578 1234 620 1260 111.
642 1236 707 1262 (1η.
727 1233 844 1265 furiosi.
866 1238 890 1259 et
910 1233 1078 1269 aegrotantis,
1098 1237 1124 1258 et

280 1280 388 1307 infantis
408 1277 518 1311 (ususfr.
540 1277 638 1304 utiliter
657 1276 837 1313 reIInquitur.)
857 1275 929 1302 Paul.
944 1275 986 1302 111.
1000 1277 1024 1302 6.
1044 1276 1066 1310 §.
1083 1276 1123 1302 18.

280 1323 311 1349 fr.
338 1324 376 1348 12.
402 1321 423 1355 ξ.
442 1322 467 1346 3.
492 1320 525 1347 de
549 1320 629 1346 usufr.
651 1322 673 1346 7.
696 1322 719 1347 l.
754 1320 839 1346 Etiam
859 1320 1022 1355 ignorantes.
1043 1334 1075 1338 ——
1095 1322 1124 1344 ut

281 1365 384 1396 furiosi,
404 1368 447 1390 aut
466 1363 592 1395 insnum-S,
616 1368 642 1389 et
665 1363 870 1400 peregrinantes.
895 1361 968 1388 Paul.
988 1361 1033 1387 IV.
1053 1362 1076 1388 8.
1101 1361 1123 1395 §.

281 1410 306 1435 5.
326 1407 358 1434 cs.
378 1407 408 1434 fr.
427 1408 470 1434 36.
489 1416 527 1443 pr.
548 1405 580 1432 de
599 1405 684 1432 ssdeie.
711 1405 774 1431 libb.
794 1408 835 1432 40.
858 1407 881 1432 5,
908 1404 938 1431 fr.
957 1406 1018 1431 209.
1039 1403 1071 1431 de
1091 1403 1123 1430 V.

282 1451 310 1478 S.
330 1453 372 1477 50.
393 1451 432 1476 16.
470 1448 597 1480 Infantes,
622 1448 664 1475 vel
688 1449 770 1486 pueri.
797 1447 846 1474 Th.
867 1447 898 1474 C.
919 1447 975 1474 VII.
996 1449 1019 1473 1.
1040 1457 1062 1474 c.
1083 1448 1123 1473 14.

283 1493 316 1520 de
336 1492 413 1519 11111.
433 1491 523 1517 Liberi
542 1501 595 1517 nou
614 1496 713 1517 tantum
733 1490 854 1523 infantes⁷
875 1490 922 1517 sed
942 1491 1018 1516 etiam
1039 1500 1131 1526 quam-0

283 1546 385 1572 cunque
410 1539 519 1561 aetatem
538 1539 652 1571 agentes.
681 1544 702 1560 c.
722 1536 764 1560 33.
788 1534 811 1568 ξ.
833 1535 855 1560 1.
880 1533 912 1560 de
931 1533 1003 1560 inoff.
1023 1537 1125 1559 testam.

282 1581 306 1606 3.
325 1580 367 1605 28.
405 1577 487 1604 Filius
508 1577 602 1604 infans.
622 1576 651 1603 fr.
672 1578 695 1602 7.
715 1577 736 1610 ξ.
752 1579 774 1603 1.
795 1576 827 1603 de
847 1576 877 1602 B.
891 1575 920 1602 P.
941 1578 982 1603 37.
1004 1577 1026 1602 1.
1058 1574 1126 1602 Cum

284 1621 392 1649 infantis
413 1625 522 1647 aetatem
542 1620 695 1651 excesserit.
715 1629 739 1645 v.
760 1619 907 1645 adoleverit
925 1618 1019 1645 infans
1040 1618 1071 1645 sr.
1084 1620 1126 1644 55.

284 1665 316 1691 de
335 1663 416 1691 usufr.
442 1665 465 1690 7.
487 1665 509 1689 l.
534 1662 564 1689 sr.
586 1664 626 1689 13.
651 1662 684 1688 de
703 1661 779 1688 cond.
800 1661 860 1688 furt.
882 1663 921 1688 13.
944 1663 964 1688 l.
991 1661 1020 1688 fr.
1043 1663 1083 1688 12.
1104 1662 1125 1695 §.

284 1710 306 1734 l.
327 1707 360 1743 (le
380 1706 482 1733 liberali
502 1716 522 1732 c.
543 1706 584 1731 40.
606 1707 645 1731 12.
683 1704 790 1737 Infans,
815 1710 839 1730 et
865 1705 909 1741 qui
930 1704 1021 1731 infanti
1040 1704 1128 1741 proxi-

287 1760 345 1777 mus
365 1754 413 1777 est.
434 1749 490 1775 Gai.
510 1747 553 1774 III.
575 1749 632 1774 109.

320 1803 506 1832 Infantia.
544 1802 575 1835 ξ.
602 1803 636 1828 1.
674 1804 774 1829 Aetas
799 1803 903 1828 minor
933 1802 1001 1828 1³11.
1027 1811 1127 1828 anno-

284 1857 360 1874 rnm.
396 1846 438 1872 111.
463 1847 528 1873 Gn·
555 1844 621 1872 Cum
646 1855 699 1871 non
718 1850 826 1882 posset,
845 1844 888 1871 vel
908 1848 1018 1881 propter
1037 1843 1128 1870 absen-

286 1891 347 1917 tiam
366 1888 469 1926 pupilli,
494 1888 537 1914 vel
558 1893 668 1925 propter
687 1888 834 1919 infantiam.
860 1892 950 1914 auctor
975 1888 998 1913 ei
1018 1896 1077 1913 esse
1097 1886 1128 1913 ad

287 1932 466 1969 accipiendum
487 1930 618 1957 iudicium.
645 1931 675 1957 fr.
695 1934 719 1957 2.
740 1941 779 1968 pr.
805 1930 837 1957 de
857 1930 922 1957 adm.
943 1935 967 1956 et
987 1931 1067 1967 peric.
1086 1932 1128 1956 26.

287 1978 311 2002 7.
333 1991 363 1995 -
383 1975 414 2007 ξ.
434 1976 469 2000 2.
496 1976 657 2000 Personae
680 1975 834 2009 infantes
879 1973 898 2000 I.
918 1975 980 2007 Sy.
1005 1972 1128 2003 soboles.

287 2018 384 2048 Liberi,
405 2016 513 2043 Infantia
534 2017 679 2049 (nascens.)
699 2015 749 2042 Th.
773 2016 803 2042 C.
827 2016 871 2043 XI.
890 2018 932 2042 27.
953 2026 973 2043 c.
994 2018 1016 2042 l.
1038 2026 1077 2052 sq.
1097 2015 1130 2042 de

288 2061 356 2087 alim.
378 2070 420 2096 qu.
441 2060 511 2096 inop.

323 2109 531 2138 Infantilis.
561 2108 690 2142 (Adiect.)
720 2111 766 2135 Ad
784 2111 933 2145 infantes
951 2110 1129 2143 pertinens.

290 2154 333 2181 111.
350 2155 415 2181 (ἸΙ.
439 2152 560 2180 Muliebri
579 2157 653 2177 veste
673 2151 764 2187 legata,
785 2157 810 2177 etv
830 2152 973 2178 infantilem
994 2152 1129 2182 contineri,

291 2201 317 2223 et
335 2196 493 2233 puellarum⁷
524 2200 549 2221 et
573 2195 710 2231 virginum.
734 2194 763 2221 fr.
788 2196 829 2220 25.
856 2195 877 2228 ᾖ.
897 2196 920 2221 9.
946 2194 977 2221 de
997 2204 1058 2221 auro
1078 2204 1129 2230 arg.

289 2241 331 2265 34.
356 2241 380 2264 2.

326 2288 612 2316 lnsnvorabilis.
639 2288 767 2322 (Adiect.)
794 2290 936 2315 Favvris
955 2297 1075 2321 expers.
1100 2286 1131 2313 Il.

294 2334 361 2366 ΟΡ.
381 2331 523 2366 Benignior
542 2331 707 2364 (sententia.)
728 2330 758 2357 fr.
778 2332 801 2356 6.
823 2331 853 2357 sr.
868 2332 891 2356 8.
912 2330 944 2356 de
963 2329 1050 2356 collat.
1070 2329 1131 2356 bon.

292 2377 334 2401 37.
355 2376 378 2400 6.

330 2422 655 2452 lnsavorabmter.
693 2423 804 2457 (Advb.)
844 2426 919 2451 Sine
933 2425 1061 2460 favore.
1090 2422 1132 2449 111.

295 2469 360 2496 Cn.
387 2466 445 2493 Nou
470 2466 546 2492 inl'av.
567 2481 599 2485 —
620 2467 678 2501 quis
702 2467 881 2504 respondebit.
907 2466 937 2493 fr.
960 2468 984 2492 2.
1010 2466 1031 2500 ξ.
1052 2467 1075 2492 6.
1101 2465 1132 2492 de

295 2510 429 2537 ‹lecurion.
449 2511 490 2535 50.
509 2510 533 2534 2.

332 2561 542 2587 Infaustus.
580 2557 708 2591 (Adiect.)
746 2561 997 2595 Inso'rtunatus,
1018 2560 1133 2585 Abhor-

296 2606 422 2629 rcndns.
453 2602 470 2628 l.
490 2603 551 2636 Sy.
571 2600 716 2638 Improbae,
736 2600 865 2628 Infaustae
884 2603 997 2635 (voces.)
1017 2600 1048 2628 sr.
1067 2602 1091 2627 9.
1111 2601 1132 2635 ξ.

300 2647 321 2670 1.
342 2645 373 2671 dv
393 2645 417 2671 h.
436 2654 478 2680 qu.
500 2649 527 2670 ut
546 2643 643 2679 indign.
668 2644 710 2670 34.
734 2645 758 2669 9.
785 2643 832 2669 Th.
854 2644 884 2671 C.
905 2645 948 2671 lx.
969 2646 992 2671 G.
1017 2654 1039 2670 c.
1059 2645 1082 2670 4.
1102 2654 1134 2670 ne

299 2693 380 2724 prm-t.
401 2689 471 2714 erim.
510 2686 551 2713 ΙΙΙ.
573 2688 638 2714 011.
663 2685 772 2712 Infausti
796 2685 961 2723 damnatique
982 2692 1134 2714 conventus.

300 2730 336 2755 lb.
357 2729 426 2755 XVI.
446 2732 469 2755 5.
490 2739 510 2755 e.
529 2730 571 2755 34.
596 2729 628 2756 de
647 2728 770 2755 haeretic.
812 2728 890 2763 Quod
915 2730 1019 2765 quidem
1043 2729 1135 2756 oculos

300 2772 433 2798 homiuum
452 2772 571 2798 infaustis
592 2773 702 2798 incestat
727 2771 903 2808 adspectibus.
928 2771 964 2797 lb.
983 2772 1028 2798 lx.
1050 2774 1088 2798 17.
1114 2781 1135 2798 c.

301 2817 325 2839 5.
346 2814 366 2846 ξ.
390 2815 410 2838 l.
431 2813 463 2839 dc
483 2814 581 2850 sepulc.
601 2814 663 2841 viol.
712 2813 886 2840 Vocabulum.
907 2814 948 2840 vel
967 2814 1082 2841 osticium
1100 2815 1137 2840 in-

1102 163 1185 194 INF.

1165 244 1285 271 faustum.
1305 243 1342 270 lb.
1357 243 1412 271 Vll.
1434 245 1472 271 18.
1494 255 1514 271 c.
1531 246 1571 271 17.
1590 244 1623 272 de
1642 245 1770 273 desertor.
1807 246 1842 274 Vt
1861 248 1918 274 eius
1936 257 2005 274 rese-

1166 292 1257 314 centur
1276 287 1404 314 infaustae
1424 289 1548 314 cervices.
1567 288 1605 315 Ib.
1624 288 1669 315 IX.
1691 290 1732 315 40.
1753 299 1773 316 c.
1792 291 1834 316 21.
1855 290 1887 317 de
1904 300 1983 328 poen.

1202 330 1378 357 Infectio.
1419 332 1586 358 Tinctum.
1624 331 1667 358 111.
1693 333 1758 360 Cn.
1789 332 1868 359 Nulla
1894 334 2005 359 stamina

1166 373 1338 400 subtexantur
1362 373 1442 399 tincta
1466 373 1620 410 conchylio.
1646 384 1694 400 nee
1718 374 1836 401 eiusdem
1855 375 2004 403 infectionis

1167 421 1258 453 arguto
1278 417 1382 453 pectine
1401 415 1538 443 solidanda
1557 416 1601 443 fila
1620 416 1767 444 decurrant.
1788 417 1838 444 Th.
1859 417 1889 445 C.
1909 419 1941 445 X.
1961 421 2003 445 21.

1166 470 1187 486 c.
1206 463 1229 486 3.
1250 459 1282 487 de
1301 464 1367 486 vest.
1386 458 1506 485 holover.

1200 504 1385 530 Insectun.
1424 501 1552 535 (Partic.)
1591 504 1708 530 Colore
1731 505 1866 530 tinctus.
1902 503 1921 530 1.
1941 505 2004 539 Sy.

1166 545 1298 577 Tinctum.
1318 545 1445 572 lnsectum
1465 546 1571 578 (cruore
1591 545 1745 582 conchylii.)
1765 546 1802 572 lb.
1821 545 1837 572 1.
1858 545 1875 572 l.
1895 556 1916 573 c.
1936 548 1961 573 3.

1201 589 1386 615 Insectus.
1414 587 1544 621 (Adieet.)
1572 588 1603 622 ᾖ.
1623 590 1658 615 1.
1683 590 1914 624 Imperfectus,
1935 590 2005 616 Non

1166 633 1335 658 exsistens.
1373 630 1432 664 (Cf.
1452 641 1477 658 v.
1496 630 1638 664 Insactus.)
1674 631 1693 658 I.
1715 632 1777 665 Sy.
1809 630 1923 663 Casus,
1946 631 2006 658 Irri—

1167 679 1217 700 tus.
1239 683 1260 700 c.
1279 675 1302 699 5.
1326 683 1366 711 pr.
1391 674 1423 701 de
1442 673 1495 700 LL.
1516 675 1538 700 l.
1560 675 1600 700 14.
1624 684 1646 700 c.
1664 676 1688 700 3.
1708 684 1747 711 sq.
1773 674 1827 710 Qui
1848 684 1960 701 manum.
1980 684 2005 701 n.

1167 726 1240 754 poss.
1261 718 1284 742 7.
1305 718 1344 743 ll.
1369 716 1411 743 IH.
1432 718 1497 745 Cn.
1517 716 1554 743 Vt
1572 727 1609 748 ea.
1630 726 1695 753 quae
1714 717 1770 752 lege
1788 717 1847 744 fieri
1866 717 2007 755 probiben-

1167 765 1218 792 tur,
1238 760 1260 785 si
1280 759 1376 786 fuerint
1395 760 1474 792 facta,
1494 770 1546 786 non
1566 759 1651 786 solum
1670 760 1784 792 inutilia⁷
1809 760 1857 787 sed
1875 770 1924 798 pro
1943 760 2007 787 infe·

1168 804 1218 830 ctis
1238 803 1314 829 etiam
1333 802 1486 829 habeantur.
1506 813 1526 829 c.
1547 804 1570 829 5.
1590 812 1630 840 pr.
1649 802 1666 829 l.
1688 805 1710 829 l.
1731 805 1770 830 14.
1791 813 1812 830 c.
1832 805 1873 829 20.
1894 803 1926 830 de
1945 803 2006 830 don.

1167 848 1214 873 int.
1234 844 1266 872 V.
1286 847 1310 872 5.
1331 847 1370 872 16.
1408 845 1543 871 Insinuare
1568 856 1611 872 eas
1631 861 1663 865 -—
1683 846 1903 883 supersedebant.
1923 851 1952 873 ut
1970 847 2008 873 in·

1168 889 1251 916 sectae
1271 888 1320 922 [al.
1339 888 1494 922 ineffectae]
1519 893 1647 915 maneant.
1672 898 1693 915 c.
1712 890 1754 914 20.
1773 899 1812 925 pr.
1837 888 1869 916 de
1893 888 1954 915 don.
1973 889 2006 916 Α.

1167 932 1200 959 N.
1219 935 1243 958 5.
1263 933 1287 958 3.
1325 930 1406 967 Quod
1426 932 1461 957 ait
1480 930 1535 963 lex.
1558 947 1590 950 —
1610 941 1661 957 non
1681 930 1805 958 infectum
1824 931 1928 958 videtur
1947 932 2007 958 effe-

1168 976 1239 1002 cisse
1258 974 1407 1001 divortium.
1427 973 1457 1000 sr.
1479 975 1519 1000 ll.
1539 984 1578 1012 pr.
1603 974 1636 1001 de
1660 974 1756 1001 divort.
1774 975 1816 1000 24.
1836 976 1860 1001 2.
1881 974 1912 1001 cf.
1932 975 1962 1002 fr.
1981 977 2006 1001 2.

1169 1019 1202 1045 de
1221 1028 1288 1045 rese.
1308 1016 1385 1043 vend.
1406 1018 1446 1042 18.
1466 1018 1489 1043 5.
1510 1033 1542 1036 -
1562 1017 1593 1050 ξ.
1614 1018 1649 1044 2.
1669 1019 1781 1044 Rudis.
1812 1020 1881 1044 Νοιι
1900 1021 2008 1045 excul-

1168 1069 1226 1088 tus.
1264 1060 1283 1087 Ι.
1303 1061 1364 1094 Sy.
1384 1058 1482 1091 Rudis,
1501 1058 1561 1086 Non
1580 1059 1645 1086 facta
1666 1060 1816 1093 (materia.)
1852 1059 1939 1087 Massa
1958 1061 2009 1094 (ar-

1168 1105 1285 1141 gentea.)
1309 1102 1436 1129 Infectam
1461 1103 1636 1138 (argentum.)
1660 1102 1690 1129 fr.
1716 1104 1756 1129 19.
1781 1103 1803 1136 ξ.
1831 1105 1869 1129 ll.
1894 1102 1926 1129 de
1945 1113 2008 1130 auro

1167 1157 1219 1184 arg.
1243 1148 1284 1174 34.
1304 1147 1329 1172 2.
1354 1144 1384 1171 fr.
1410 1146 1450 1171 19.
1475 1145 1496 1179 §.
1515 1147 1540 1171 2.
1565 1144 1598 1171 de
1620 1144 1680 1171 furt.
1705 1147 1746 1172 47.
1766 1147 1790 1172 2.
1827 1145 1857 1172 11.
1876 1147 1944 1180 ⁰1²·
1963 1145 2010 1173 Fa-

1168 1195 1246 1223 ctum,
1267 1205 1299 1209 ———
1319 1188 1445 1215 Infectum
1465 1192 1612 1221 argentum,
1631 1198 1655 1214 v.
1675 1198 1772 1215 aurum.
1797 1188 1839 1214 Cf.
1859 1198 1883 1214 v.
1903 1188 2008 1216 Facere.

1167 1234 1188 1267 ξ.
1211 1235 1233 1259 1.
1271 1231 1377 1263 Infecta,
1397 1245 1428 1249 —
1451 1230 1558 1267 Signata
1578 1232 1718 1265 (materia.)
1738 1231 1768 1258 fr.
1790 1232 1828 1257 19.
1849 1231 1871 1265 §.
1891 1233 1915 1258 2.
1935 1231 1952 1258 l.
1966 1233 2008 1259 47.

1167 1279 1191 1303 2.
1210 1275 1242 1302 fr.
1262 1276 1286 1301 6.
1306 1273 1338 1300 de
1357 1273 1388 1300 R.
1408 1273 1440 1300 V.
1460 1275 1484 1300 6.
1505 1275 1528 1299 1.
1553 1272 1583 1300 fr.
1604 1275 1627 1300 l.
1651 1273 1673 1307 ξ.
1693 1275 1733 1301 40.
1760 1273 1851 1311 depos.
1873 1275 1913 1300 16.
1931 1276 1956 1301 3.
1976 1291 2009 1294 —

1168 1319 1199 1352 ᾗ.
1224 1319 1261 1344 3.
1292 1319 1457 1348 Futurus,
1481 1318 1662 1343 Imminens.
1698 1316 1717 1343 Ι.
1743 1318 1804 1351 Sy.
1827 1316 1949 1344 Nondum
1975 1317 2010 1344 sa-

1169 1366 1247 1393 ctum,
1267 1359 1339 1397 quod
1357 1359 1473 1386 futurum
1496 1369 1630 1391 veremur,
1653 1358 1780 1385 Infectum
1804 1359 1958 1394 (damnum.)
1978 1360 2009 1388 fr.

1168 1407 1192 1431 2.
1214 1404 1245 1430 de
1265 1403 1350 1429 damn.
1375 1402 1420 1429 inf.
1439 1403 1481 1428 39.
1500 1403 1525 1428 2.
1549 1401 1580 1428 fr.
1602 1403 1624 1428 l.
1649 1402 1670 1435 ς’.
1695 1403 1719 1428 5.
1744 1401 1776 1428 de
1800 1403 1856 1439 ripa
1879 1413 1948 1430 mun.
1967 1404 2009 1430 43.

1172 1450 1210 1474 15.
1247 1446 1290 1473 111.
1312 1447 1378 1474 Gn.
1410 1444 1505 1471 Damni
1525 1444 1627 1476 infecti,
1649 1444 1692 1471 vel
1711 1443 1870 1480 legatorum,
1889 1445 2010 1484 (stipula-

1171 1492 1241 1517 tione
1261 1488 1373 1522 caveri.)
1398 1487 1427 1514 fr.
1447 1490 1489 1514 35.
1516 1487 1537 1521 ξ.
1558 1489 1583 1514 2.
1608 1487 1637 1514 sr.
1657 1489 1698 1514 40.
1723 1487 1745 1520 §.
1767 1489 1790 1514 l.
1811 1487 1843 1515 de
1862 1498 1966 1526 procur.
1985 1491 2009 1516 3.

1170 1535 1194 1559 3.
1215 1532 1245 1559 fr.
1267 1534 1307 1559 10.
1327 1531 1379 1567 Qu.
1405 1531 1456 1556 cui.
1481 1531 1550 1556 univ.
1575 1540 1643 1556 nom.
1667 1531 1692 1556 3.
1711 1532 1736 1556 4.
1772 1529 1842 1567 Lege
1861 1541 1948 1567 agere,
1968 1531 2011 1558 da-

1171 1577 1223 1603 mni
1248 1575 1351 1605 insecti,
1376 1578 1401 1599 et
1425 1574 1447 1599 si
1472 1572 1593 1599 C.virale
1617 1572 1741 1599 iudicium
1765 1573 1802 1600 fit.
1828 1573 1884 1600 Gai.
1904 1573 2009 1601 11131.

1171 1619 1266 1645 Damni
1291 1616 1381 1643 infecti
1405 1616 1510 1642 nomine
1534 1625 1587 1642 rem
1612 1615 1804 1652 derelinquere.
1827 1615 1858 1643 fr.
1878 1619 1919 1643 10.
1944 1618 1966 1651 §.
1988 1619 2009 1644 1.

1171 1661 1203 1688 de
1223 1660 1255 1687 N.
1275 1659 1307 1686 G.
1326 1661 1350 1686 3.
1370 1661 1394 1685 5.

1207 1702 1457 1732 lnseeundus.
1473 1711 1494 1727 s.
1509 1702 1780 1728 Infoecunclus.
1795 1701 1924 1735 (Adiect.)
1945 1704 2011 1729 Ste-

1171 1749 1255 1773 rilis.
1293 1745 1322 1771 11.
1343 1746 1410 1778 Op.
1440 1744 1530 1781 Opimi
1550 1754 1579 1770 ac
1599 1743 1707 1776 fertiles,
1727 1754 1748 1770 s.
1769 1744 1931 1780 Quaestuosi
1950 1745 2011 1772 ube-

1172 1799 1276 1825 resque,
1296 1804 1328 1808 -
1347 1787 1500 1814 lnt'oecundi
1520 1786 1636 1820 (fundi.)
1661 1786 1710 1813 Th.
1731 1786 1762 1814 C.
1782 1787 1851 1814 Xtss.
1877 1789 1917 1814 ll.
1943 1798 1964 1814 c.
1985 1789 2010 1814 8.

1172 1831 1205 1858 de
1225 1832 1348 1858 censitor.

1207 1873 1433 1901 Infelicitas.
1476 1875 1674 1900 Catamitus.
1716 1872 1760 1900 ΙΙΙ.
1788 1874 1854 1901 Cn.
1890 1873 2010 1900 Alterum

1173 1918 1227 1951 (sc.
1253 1916 1399 1948 furiosum)
1427 1915 1473 1942 sati
1501 1915 1640 1942 infelicitas
1669 1921 1784 1942 excusat.
1810 1916 1840 1943 fr.
1866 1917 1905 1942 12.
1929 1915 1961 1942 ad
1980 1915 2010 1942 L.

1173 1960 1254 1987 Corn.
1275 1959 1307 1986 de
1326 1961 1402 1985 sicar.
1422 1960 1464 1984 48.
1484 1960 1507 1985 8.
1529 1958 1560 1985 cf.
1581 1958 1610 1985 fr.
1630 1960 1671 1985 22.
1691 1958 1712 1992 §.
1727 1960 1750 1985 8.
1771 1959 1819 1985 sol.
1840 1959 1948 1985 matrim.
1967 1960 2010 1984 24.

1172 2005 1197 2030 3.
1234 2002 1308 2030 Lites
1329 2002 1472 2039 exspirare,
1493 2006 1519 2028 et
1537 2001 1687 2028 huiusmodi
1707 2001 1835 2028 luctuosis
1855 2000 2011 2028 infelicitati-

1174 2047 1223 2073 bus
1243 2046 1399 2083 patrimonia
1420 2044 1553 2071 hominum
1575 2044 1694 2070 titubare.
1714 2054 1734 2070 c.
1755 2046 1779 2070 5.
1799 2044 1820 2078 ξ.
1836 2045 1858 2069 l.
1879 2043 1911 2070 de
1932 2048 2010 2081 temp.

1174 2094 1199 2115 et
1218 2099 1301 2125 repar.
1323 2090 1345 2114 7.
1365 2088 1406 2114 63.
1589 2122 1591 2125 Δ

1209 2131 1363 2158 Infelix.
1401 2128 1530 2162 (Adiect.)
1567 2129 1598 2162 ξ.
1618 2129 1652 2154 l.
1677 2129 1929 2164 Insertunatus,
1950 2131 2011 2156 Mi-

1173 2185 1229 2201 ser.
1266 2173 1308 2199 111.
1330 2174 1395 2200 Cn.
1425 2171 1476 2198 Per
1495 2171 1587 2207 fugam.
1605 2176 1648 2197 aut
1666 2180 1713 2207 per
1731 2173 1956 2206 congregationem
1976 2173 2012 2199 in-

1175 2217 1289 2244 felicium
1308 2215 1476 2253 populorum.
1496 2213 1667 2247 (commissa.)
1687 2212 1736 2240 Th.
1752 2213 1782 2240 C.
1796 2214 1854 2240 XV.
1876 2216 1915 2241 14.
1934 2225 1955 2242 c.
1971 2217 2011 2242 14.

1176 2260 1208 2286 dc
1227 2259 1322 2286 infirm.
1342 2258 1366 2284 h.
1387 2268 1430 2294 qu.
1451 2268 1472 2283 s.
1498 2261 1547 2292 tyr.
1579 2272 1611 2275 —
1642 2256 1673 2289 ξ.
1693 2257 1729 2282 2.
1761 2258 2010 2291 lunuspicaeus,

1176 2304 1359 2339 Infaustus.
1396 2300 1438 2326 111.
1460 2301 1525 2327 Cn.
1558 2298 1596 2324 Ne
1616 2314 1647 2318 —-
1668 2298 1766 2325 infelici
1787 2299 1910 2336 cupidine
1929 2305 2013 2337 capta,

1177 2361 1208 2365 —
1229 2344 1373 2371 deducatur
1392 2344 1418 2370 in
1438 2343 1598 2369 servitutem.
1619 2351 1639 2367 c.
1662 2343 1683 2367 l.
1703 2341 1735 2368 de
1755 2342 1781 2368 S.
1797 2342 1828 2369 C.
1842 2342 1935 2369 Claud.
1955 2342 2011 2369 toll.

1177 2391 1200 2415 7.
1219 2390 1261 2414 24.

1213 2430 1392 2457 Inferior.
1430 2427 1558 2461 (Adieet.)
1596 2427 1626 2459 ξ.
1646 2428 1680 2454 1.
1711 2429 1808 2464 Infra
1823 2430 1963 2463 positus.
1982 2428 2012 2455 Π.

1179 2476 1246 2508 01).
1267 2473 1394 2509 Superior
1412 2472 1504 2506 (ager,
1524 2480 1543 2496 S.
1564 2469 1651 2496 locus.
1676 2480 1699 2496 v.
1720 2470 1814 2497 fundus
1834 2472 1900 2502 etc.)
1921 2470 1952 2498 fr.
1970 2472 2011 2498 29.

1154 2537 1155 2544 ,
1178 2516 1210 2543 de
1229 2516 1256 2542 S.
1276 2515 1304 2542 P.
1324 2514 1354 2541 R.
1374 2515 1397 2540 8.
1417 2515 1441 2539 3.
1462 2512 1491 2539 fr.
1511 2514 1552 2538 86.
1573 2513 1594 2546 ξ.
1617 2515 1637 2539 1.
1659 2512 1690 2539 de
1710 2512 1785 2549 legat.
1800 2513 1831 2540 II.
1851 2514 1917 2547 (31.)
1937 2513 1967 2540 fr.
1988 2515 2010 2539 l.

1178 2559 1200 2593 ξ.
1219 2560 1260 2584 23.
1281 2558 1311 2584 fr.
1329 2559 1354 2583 2.
1373 2566 1412 2593 pr.
1432 2555 1464 2581 de
1484 2565 1549 2592 aqua
1573 2560 1599 2581 et
1623 2566 1681 2592 aqu.
1705 2556 1740 2592 pl.
1763 2558 1804 2582 39.
1823 2558 1847 2583 3.
1884 2556 1926 2582 111.
1947 2557 2011 2583 Cn.

1178 2601 1304 2627 Inferiore
1324 2604 1396 2637 parte
1415 2600 1534 2635 corporis
1554 2598 1674 2625 nudatus.
1694 2598 1764 2625 Paul.
1779 2598 1811 2625 V.
1830 2600 1854 2625 4.
1874 2599 1895 2632 ξ.
1908 2600 1948 2625 21.
1973 2597 2012 2624 In-

1179 2643 1318 2670 ferioribus
1338 2641 1491 2668 horreorum
1512 2641 1638 2668 frumenta
1659 2641 1810 2668 condantur.
1835 2641 1884 2668 Th.
1905 2640 1934 2667 C.
1953 2639 2011 2667 XV.

1182 2689 1203 2713 1.
1224 2696 1244 2712 c.
1266 2687 1305 2711 12.
1326 2684 1358 2710 de
1377 2694 1438 2721 opp.
1459 2684 1520 2721 pub.
1558 2684 1587 2710 Si
1610 2694 1641 2710 ex
1666 2684 1750 2710 tribus
1776 2684 1884 2710 aedibus
1908 2684 1933 2709 in
1953 2682 2012 2709 loco

1180 2729 1271 2765 impari
1291 2727 1399 2764 positis,
1420 2727 1496 2753 aedes
1520 2726 1619 2753 mediae
1641 2726 1822 2763 superioribus
1841 2725 1955 2752 serviant
1974 2736 2013 2751 ae-

1180 2771 1266 2801 dibus,
1286 2769 1423 2796 inferiores
1443 2774 1527 2796 autem
1552 2768 1616 2795 nulli
1636 2770 1759 2795 serviant.
1779 2768 1808 2795 fr.
1827 2769 1867 2794 25.
1896 2768 1917 2801 ξ,
1938 2769 1960 2794 1.
1980 2767 2011 2794 cs.

1181 2812 1211 2840 fr.
1235 2811 1334 2852 24.,de
1359 2812 1386 2839 S.
1411 2812 1438 2839 P.
1464 2812 1495 2838 V.
1520 2814 1542 2838 S,
1566 2814 1590 2837 2.
1634 2812 1674 2838 Ex
1694 2812 1829 2849 superiore
1846 2811 1872 2836 iu
1891 2810 2012 2837 inferiora

1962 2863 2012 2880 non
