2197 3121
260 172 322 202 40⁴
985 170 1073 201 GLA
1097 188 1136 194 —

299 253 539 281 Glaucinum.
589 254 795 287 l'nguentum
822 262 858 279 ex
884 254 980 279 herba
1005 254 1103 287 glau-

265 299 320 324 cio.
358 296 399 323 Ill.
420 297 486 324 Cn.
513 295 572 322 Non
596 300 695 322 tantum
720 306 764 326 ea„
788 311 816 316 —
844 295 940 332 quibus
966 296 1104 331 unguimur
1126 316 1127 323 1

265 339 410 376 voluptatis
430 349 521 367 causa.
546 338 593 365 sed
613 343 638 364 et
657 337 830 370 valetudinis,
850 338 936 375 qualia
955 342 1018 364 sunt
1036 348 1105 364 com·
1126 371 1127 374 Ἴ

265 393 380 419 magen-⁹1,
399 382 524 419 glaucina.
546 381 589 415 [al.
609 381 749 417 gleuciua‚]
769 382 848 414 crina,
868 391 928 408 rosa
949 385 997 407 etc.
1017 380 1048 407 fr.
1062 382 1104 407 21.
1126 379 1128 411 1

266 426 287 460 §.
310 428 330 452 l.
351 425 384 452 de
403 436 465 452 auro
485 434 536 461 arg.
555 426 597 451 34.
617 426 642 450 2.

301 470 433 496 (Helua.
471 469 501 502 §·
522 470 555 494 1.
578 469 720 502 Caespes
739 474 855 494 terrae.
892 466 927 493 III
955 468 1021 495 011.
1040 466 1105 493 Pars

265 511 351 548 aliqua
370 511 430 537 inde
450 511 615 542 sumebatur,
635 515 661 537 et
680 511 706 537 in
725 512 766 537 ius
786 509 961 542 adserebatur,
981 526 1017 541 —-‚
1034 510 1106 537 velut

265 565 297 581 ex
315 554 396 580 fundo
415 553 490 590 gleba
509 553 675 586 sumebatur,
699 558 725 580 et
747 564 779 580 ex
803 552 912 579 aedibus
932 553 1026 589 tegula.
1048 553 1105 580 Gai.

264 596 308 624 IV.
334 599 374 623 17.
405 613 438 616 —
469 597 500 630 ξ.
526 598 562 624 Β.
594 599 730 624 Fundus
758 598 898 631 integer,
928 598 1128 623 ΡντιειὶἰιιηιἸ

263 642 378 674 ipsum.
414 639 433 666 I.
453 641 515 674 Sy.
552 639 621 671 Rus.
642 639 731 666 Terra.
752 649 773 665 c.
794 640 817 664 7.
844 649 864 665 c.
887 641 926 665 15.
946 639 979 666 de
998 639 1103 675 agricol.
1127 659 1128 666 1

264 684 305 709 11.
324 684 366 709 47.
387 682 436 709 Th.
457 682 487 710 C.
506 682 552 710 XI.
571 685 613 709 24.
639 693 659 709 c.
684 684 707 709 6.
732 682 770 716 ξς
793 683 818 708 2.
837 691 878 718 sq.
898 682 931 709 (18
950 687 1049 719 patroc.
1069 683 1105 708 vi-

263 735 317 752 cor.
355 725 537 753 Territorium.
558 725 594 752 lb.
614 725 672 751 XII.
696 727 716 751 Ι.
736 735 758 751 8.
780 725 837 751 186.
857 724 890 751 de
909 724 1042 751 decurion.
1062 723 1104 750 III.
1127 753 1128 759 ἵ

264 769 330 797 On.
355 768 484 796 Pecuniae
509 779 584 795 usum
613 769 638 794 iu
667 767 759 804 glebae
787 767 952 794 commodum
976 766 1103 794 conferre.
1126 792 1128 803 ,

262 811 300 838 lb.
320 811 337 838 1.
358 811 374 838 l.
395 822 416 838 c.
437 813 477 839 72.
515 811 598 838 Gleba
624 816 747 848 paternae
771 810 940 837 substantiae.
960 810 996 838 lb.
1017 810 1060 838 VI.
1080 812 1104 837 4.
1126 819 1128 854 g

262 865 283 881 c.
305 857 345 882 17.
370 855 402 882 de
422 855 504 882 Praet.
526 859 551 880 et
570 854 622 890 Qu.
660 853 725 880 Tam
744 855 876 891 priyatae,
901 864 978 890 quam
998 853 1105 891 emphy-

262 900 375 925 teuticae
398 898 489 935 glebae
512 907 662 935 possessor.
694 895 762 923 Nor.
787 896 844 923 Vnt.
876 896 916 924 III.
949 896 982 923 de
1013 897 1101 923 tribut.

261 941 394 968 fiscal.11.
417 944 455 968 19.
477 951 497 967 c,
520 943 541 967 l.
561 950 600 977 pr.
621 956 653 959 —
672 941 704 973 §.
726 941 763 966 3.
783 941 913 972 Pensio,
933 950 957 966 v.
978 942 1104 972 Canon.
1126 934 1127 938 ¹

258 987 395 1019 praedio
420 986 609 1011 incumbens.
646 982 689 1009 III.
711 984 776 1010 Gn.
809 981 931 1014 Glebum.
955 984 1104 1020 possessio-

260 1038 322 1054 num
341 1028 407 1060 (non
426 1027 615 1064 personarum)
640 1036 706 1052 esse.
734 1025 783 1052 Th.
810 1024 840 1052 C.
861 1025 904 1052 VI.
924 1028 948 1052 2.
969 1037 989 1052 c.
1011 1028 1050 1052 10.
1071 1025 1103 1052 de

260 1070 379 1097 Senator.
401 1075 426 1096 et
446 1070 478 1096 de
498 1069 565 1106 gleb.
603 1068 722 1101 Glebam,
742 1068 784 1095 vel
805 1068 902 1101 follem,
923 1070 979 1095 sive
993 1068 1049 1095 VH.
1063 1079 1104 1095 so-

259 1113 373 1140 lidorum
394 1113 563 1144 functionem,
585 1128 613 1132 -
636 1112 757 1139 iubemus
777 1111 884 1138 aboleri.
905 1122 926 1138 c.
946 1114 969 1139 2.
984 1111 1016 1138 (18
1027 1111 1103 1138 Prae·
1124 1107 1125 1144 1

259 1161 309 1183 tor.
330 1158 370 1183 12.
383 1158 408 1183 2.
445 1155 524 1182 Nulla
544 1165 670 1192 equorum
684 1156 827 1192 praestatio
847 1160 956 1186 maneat.
977 1165 1009 1181 ne
1028 1154 1102 1191 gleba

257 1200 390 1226 senatoria
415 1199 446 1226 ab
472 1199 514 1225 his
539 1203 671 1236 poscatur.
698 1198 746 1225 Th.
767 1198 798 1225 C.
818 1197 875 1224 XII.
903 1199 924 1224 1.
949 1208 970 1224 c.
992 1199 1049 1225 138.
1069 1198 1102 1225 de

258 1242 392 1269 decurion.

294 1286 475 1313 Glebalis.
514 1285 642 1317 (Adiect.)
679 1286 725 1311 Ad
740 1285 868 1319 glebam
892 1291 1055 1318 spectans.
1082 1284 1100 1311 1.

257 1329 319 1363 Sy.
340 1329 452 1360 Glebae,
473 1338 493 1354 s.
514 1328 651 1359 Glebalis.
672 1328 787 1359 exactio.
807 1337 830 1353 v.
850 1329 1002 1364 praestatio.
1041 1327 1101 1355 Gle-
1122 1343 1124 1357 ;

256 1371 325 1398 balis
344 1373 399 1398 auri
419 1371 533 1398 collatio.
571 1371 659 1397 Onera
678 1370 797 1405 glebulis..
818 1370 854 1396 lb.
875 1370 918 1396 VI.
938 1373 962 1397 2.
983 1381 1004 1397 c.
1024 1373 1047 1398 3.
1060 1381 1099 1408 sq.

257 1425 279 1441 c.
298 1416 322 1441 6.
343 1425 363 1441 c.
386 1417 424 1441 10.
446 1425 484 1451 sq.
505 1425 518 1441 c
548 1416 585 1440 13.
607 1414 639 1440 de
659 1414 748 1440 Seuat.
769 1418 794 1440 et
814 1412 846 1440 de
865 1413 934 1450 gleb.
966 1413 1010 1441 III.
1033 1416 1098 1442 Cn.
1122 1440 1123 1455 χ

256 1458 311 1484 Aut
330 1459 397 1484 inter
417 1458 572 1484 decuriones
593 1458 758 1483 coronarium
778 1468 881 1489 aurum.
902 1462 946 1483 aut
965 1458 1033 1484 iuter
1053 1457 1098 1483 Se·
1121 1457 1123 1482 1

256 1506 362 1527 natores
392 1500 520 1537 glebalem
548 1501 752 1537 praestationem
777 1516 809 1520 —
833 1506 1032 1536 recognoscant.
1061 1501 1098 1527 lb.
1121 1498 1123 1506 ’

255 1543 312 1570 XII.
340 1546 378 1570 13.
404 1554 417 1570 c
448 1546 472 1570 2.
499 1543 531 1570 de
556 1553 617 1569 auro
643 1553 732 1570 coron.
771 1544 901 1571 Immunes
926 1556 939 1570 a
959 1545 1099 1570 senatoriis
1121 1561 1122 1583 3

255 1586 481 1624 descriptionibus
501 1586 659 1618 habeantur,
684 1596 732 1612 nec
757 1587 902 1624 descriptio
923 1587 1033 1623 glebalis
1053 1597 1099 1613 eos
1120 1597 1122 1628 j

254 1629 313 1656 ideo
333 1630 455 1657 adtineat.
476 1629 512 1655 lb.
534 1628 576 1656 Vl.
597 1631 639 1655 23.
661 1640 680 1655 c..
705 1631 725 1655 l.
747 1629 775 1655 cf
800 1639 820 1656 c.
842 1632 865 1656 4.
886 1630 906 1663 ξ.
929 1632 949 1655 l.
971 1629 1004 1656 dc
1023 1630 1100 1656 decu—
1120 1630 1122 1668 J

253 1674 319 1700 rion.
340 1678 365 1699 et
384 1672 472 1699 silent.
491 1672 560 1698 XIII.
581 1674 604 1698 3
626 1682 646 1698 c.
669 1673 707 1698 16.
729 1671 762 1698 de
781 1671 874 1698 medic.
895 1678 920 1699 et
939 1672 1006 1710 prof.

292 1717 480 1743 Glebatio.
520 1717 667 1742 Glebalis
686 1717 834 1741 collatio.
872 1715 889 1741 l.
910 1717 972 1750 Sy.
1004 1716 1099 1743 Glebu-

253 1759 286 1785 lis
305 1760 449 1796 praestatio
475 1760 562 1791 (inter
581 1757 754 1790 Senatores.)
780 1756 904 1784 Glebatio
925 1759 1097 1792 (senatoria.)

253 1801 304 1828 Th.
325 1801 355 1828 C.
376 1802 419 1828 Vl.
439 1804 463 1829 2.
484 1812 505 1828 c.
528 1803 558 1827 12
587 1800 619 1827 (18
639 1800 727 1826 Senat.
749 1805 774 1826 ct
794 1800 826 1826 de
850 1800 917 1837 gleb.
937 1802 994 1828 XII.
1016 1803 1055 1829 13.
1076 1812 1097 1828 c.
1120 1798 1121 1808 ¹

252 1847 276 1871 2.
298 1845 329 1871 de
349 1856 410 1871 auro
431 1855 519 1871 coron.

291 1889 426 1915 Glicia.
464 1889 564 1922 Legis
583 1896 699 1913 nomen.
728 1885 771 1912 III.
792 1887 857 1913 sn·
878 1886 960 1913 Gaius
980 1887 1024 1914 lib.
1046 1888 1098 1913 sin-

253 1930 305 1967 gul.
327 1931 358 1957 ad
378 1930 460 1967 legem
481 1930 592 1956 Gliciam
613 1929 656 1963 [al.
677 1928 805 1963 Glitiam]
827 1929 856 1956 fr.
873 1931 897 1956 4.
917 1930 950 1956 de
969 1930 1041 1957 inoff.
1062 1935 1097 1957 te·
1118 1930 1120 1935 ’

253 1978 328 2000 stam.
349 1977 372 2000 5.
393 1976 416 2000 2.

290 2018 526 2044 Glomt‘rare.
565 2017 601 2042 111
620 2018 780 2042 cumulum
800 2018 970 2051 colligere.
999 2016 1017 2043 I.
1034 2018 1095 2051 Sy.
1117 2033 1119 2049 μ

253 2059 417 2096 Adgregare.
438 2059 616 2095 Congregare.
638 2057 803 2084 coadunare.
825 2069 845 2084 c.
865 2060 889 2084 2.
909 2059 946 2093 ἐξ
966 2061 990 2086 4.
1011 2069 1050 2096 sq.
1072 2062 1095 2086 7.

254 2102 286 2129 de
306 2108 356 2129 vet.
377 2104 433 2129 iure
452 2102 536 2129 enucl.
561 2104 580 2128 l.
603 2103 642 2127 17.

290 2147 433 2173 GlorIa.
472 2147 624 2172 Claritas
643 2146 790 2170 nominis.
813 2146 928 2177 Fama,
948 2155 1014 2171 cnm
1034 2156 1094 2172 me-

252 2191 317 2215 riti
334 2191 594 2223 praedicatione.
632 2187 675 2213 III.
691 2188 755 2214 (7η.
777 2186 884 2213 Gloriae
904 2198 981 2214 causa
1001 2193 1025 2214 et
1045 2189 1094 2214 vir-

254 2233 326 2262 tutis.
347 2242 398 2257 nnn
419 2233 526 2258 iniuriae
545 2232 634 2267 gratia.
654 2230 773 2263 <videtur
792 2230 912 2256 damnum
932 2231 1042 2263 datum.)
1063 2232 1092 2258 fr.

253 2276 276 2301 7.
297 2275 318 2308 ᾗ.
339 2277 363 2301 4.
384 2274 416 2300 ad
435 2274 463 2301 L.
484 2276 544 2312 Aqu
573 2277 594 2301 9,
610 2277 633 2300 2.

252 2319 363 2344 mentiae,
383 2317 464 2353 gloria
484 2316 635 2344 adfectanda
656 2321 703 2343 est.
725 2316 754 2342 sr.
777 2317 815 2342 ll.
836 2326 874 2353 pr.
896 2316 928 2342 de
947 2327 1023 2353 poen.
1050 2319 1091 2343 48.

254 2362 294 2387 19.
333 2360 438 2387 'Nullius
464 2362 498 2387 rei
525 2360 674 2397 cupidiores
700 2359 785 2392 fuere,
806 2369 883 2395 quam
908 2359 1015 2395 gloriae.
1041 2360 1090 2386 Th.

253 2403 283 2430 C.
303 2403 347 2431 VI.
367 2406 408 2430 21.
429 2414 450 2430 c.
470 2405 494 2429 3.
516 2403 547 2429 de
567 2402 676 2428 domest.
698 2407 721 2428 et
742 2407 853 2439 protect.

288 2447 467 2474 Gloriari.
506 2448 580 2472 Cum
603 2448 715 2479 gloria
737 2447 946 2480 praedicare,
971 2448 1020 2472 vel
1037 2456 1091 2480 1¹⁰·
1113 2468 1114 2477 ,

251 2491 319 2516 tiri.
359 2490 376 2516 l.
397 2492 458 2524 Sy.
483 2488 593 2515 Lat-tari.
621 2487 670 2513 Th.
692 2488 722 2514 C.
742 2488 787 2514 XI.
809 2490 848 2514 16.
870 2498 890 2514 c.
913 2490 952 2514 lt.
973 2488 1005 2514 (18
1025 2493 1090 2515 extr.

253 2542 273 2558 s,
293 2532 364 2559 sord.
385 2533 521 2563 Decorari,
540 2530 623 2557 potiri
642 2529 763 2563 (honore,
782 2541 806 2557 v.
827 2530 994 2568 privilegiis.)
1015 2542 1037 2557 c.
1053 2533 1090 2558 14.

252 2573 284 2599 dc
304 2574 383 2602 Palat.
404 2576 430 2602 S.
452 2575 529 2611 largg.
552 2576 591 2600 12.
610 2575 652 2599 24.

289 2618 501 2645 marineus.
522 2616 651 2649 (Adiect.)
677 2618 794 2642 Gloria
812 2619 935 2650 plenus.
960 2616 1002 2643 III.
1025 2618 1090 2644 sn.

252 2658 353 2685 Relicta
378 2661 562 2687 observatione
586 2658 719 2695 glorificae
744 2663 801 2683 tuae
825 2659 905 2684 sedis.
930 2670 950 2685 c.
977 2661 999 2685 7.
1024 2660 1046 2693 ξ.
1065 2662 1089 2686 2.

253 2701 284 2727 de
304 2702 395 2728 advoc.
415 2704 466 2730 «liv.
487 2703 609 2730 iudicum.
629 2704 653 2728 2.
674 2704 697 2728 8.
1111 2691 1113 2700 l

288 2745 492 2772 (iton-iosus.
530 2745 658 2778 (Adiect.)
697 2744 774 2770 Idem.
795 2743 837 2769 III.
864 2745 929 2770 Cn.
949 2744 1044 2771 Sancta
1064 2749 1090 2771 et

251 2787 366 2823 gloriosa
390 2797 492 2824 semper
512 2789 602 2824 (virgo
622 2804 653 2807 -
673 2787 779 2820 Maria)
804 2796 824 2812 c.
851 2788 872 2811 1.
897 2786 918 2819 ς’.
941 2788 961 2812 1.
989 2786 1021 2812 de
1044 2788 1087 2814 off.

252 2830 304 2857 Prf.
324 2830 365 2857 I’r.
385 2830 440 2856 ΑΠ’.
463 2833 484 2856 l.
500 2833 541 2857 27.
579 2830 767 2868 Amplissimus
781 2833 858 2866 atque
871 2828 1086 2865 gloriosissimus,

672 2272 727 2299 Nec
746 2278 789 2299 aut
809 2275 966 2305 severitatis.
987 2278 1030 2300 aut
1043 2274 1094 2301 cle·
1114 2292 1116 2307 1

1162 168 1262 200 (ΕΒΑ.

1147 251 1338 289 praefectorius
1357 262 1387 278 ac
1402 251 1556 279 consularis.
1574 252 1625 279 Th.
1641 253 1672 280 C.
1684 253 1702 279 I.
1716 255 1737 280 l.
1752 264 1772 281 c.
1783 256 1807 281 (3.
1820 256 1842 289 ξ.
1852 258 1877 282 2.
1888 256 1992 289 (wok.)

1149 294 1181 321 de
1202 299 1286 321 const.
1307 294 1349 321 Pr.
1376 294 1407 321 cf.
1432 295 1479 322 Iul.
1505 306 1544 332 ep.
1572 306 1632 322 nov.
1658 307 1678 323 c.
1699 298 1740 322 21.
1765 297 1787 330 ξ.
1807 299 1846 324 73.
1867 310 1888 326 c.
1909 301 1949 326 47.
1970 299 1992 333 ξ

1151 339 1208 364 183.
1246 337 1463 364 Gloriosissimus
1483 337 1643 375 Principum.
1665 338 1732 365 Nov.
1746 339 1804 366 val.
1824 340 1866 367 111.
1886 341 1918 368 (18
1933 352 1993 368 con-

1150 381 1215 407 firm.
1236 380 1289 408 LL.
1310 391 1369 407 nov.
1399 380 1430 407 ll.
1450 382 1491 407 26.
1520 391 1541 408 c.
1569 383 1589 407 1.
1611 392 1649 418 pr.
1701 382 1885 410 Gloriosorum
1904 384 1993 411 vulne·

1150 434 1207 450 rum
1232 425 1377 451 cicatrices.
1410 423 1461 450 Th.
1487 423 1519 450 C.
1539 423 1595 450 VII.
1621 426 1663 451 20.
1693 435 1714 451 c.
1736 427 1776 451 12.
1805 426 1826 460 §.
1854 428 1875 453 l.
1900 427 1932 453 de
1950 437 1992 454 ve-

1150 471 1231 493 tcran.

1187 511 1288 537 Glos.
1329 512 1430 537 Soror
1458 511 1575 536 mariti
1603 512 1668 536 mei.
1706 510 1724 537 I.
1750 512 1811 546 Sy.
1831 511 1889 539 Viri
1907 522 1990 539 soror.

1150 552 1180 579 fr.
1200 555 1224 579 4.
1244 553 1266 587 ξ.
1286 554 1309 579 6.
1330 552 1362 579 de
1381 552 1452 589 grad.
1473 557 1499 579 et
1518 552 1596 579 adlin.
1615 555 1657 580 38.
1679 556 1718 580 10.

1185 597 1349 623 Gnarus.
1388 595 1517 629 (Adiect.)
1555 598 1683 628 sciens,
1704 599 1846 624 Peritus.
1867 596 1910 623 Ill.
1925 598 1991 624 Gn.

1150 638 1190 665 Ne
1208 638 1272 675 quid
1292 654 1324 658 —
1343 638 1470 668 violetur.
1496 639 1547 664 nisi
1572 639 1645 675 prius
1666 639 1763 666 Comes
1783 654 1817 658 —
1836 640 1915 667 suerit
1933 650 1992 677 gna-

1149 691 1203 708 rus.
1224 681 1274 708 Th.
1295 681 1325 708 C.
1345 681 1378 707 Χ.
1400 683 1422 707 1.
1443 692 1464 708 c.
1483 683 1506 708 9.
1528 681 1560 707 de
1579 682 1635 708 iure
1654 682 1720 709 fisci.
1759 682 1862 709 Gnarus
1882 684 1946 709 iuris
1966 687 1993 710 et.

1149 724 1242 761 legum.
1262 723 1329 751 Nov.
1350 724 1406 751 val.
1426 724 1468 751 Ill.
1489 724 1521 751 de
1541 724 1658 751 confirm.
1679 725 1704 752 h.
1719 736 1762 762 qu.
1782 725 1877 753 admin.
1897 725 1928 752 II.
1947 727 1989 752 3‘2.

1150 778 1171 794 c.
1194 770 1215 794 l.
1236 768 1257 802 ξ.
1278 769 1302 794 5.

1185 811 1383 838 Gnavisser.
1421 809 1462 837 Cs.
1483 821 1506 837 v.
1527 810 1643 839 Naviter.

1185 854 1405 881 Gonaficus.
1433 854 1562 887 (Adiect.)
1588 856 1704 882 Nomen
1724 857 1808 882 cerri
1827 857 1919 890 agri,
1938 857 1990 881 do-

1149 899 1264 923 minici
1283 898 1377 923 iuria.
1409 896 1452 923 III.
1474 898 1539 924 sn.
1560 897 1667 924 Fundos
1687 899 1790 924 tamiaci
1809 899 1873 925 iuris
1893 899 1918 924 in
1931 907 1991 935 pro-

1148 940 1242 966 vinciis
1261 940 1379 976 positos,
1403 950 1451 966 nec
1477 950 1529 966 non
1553 942 1631 967 etiam
1655 942 1843 978 possessiones
1868 940 1990 968 Gonatici

1150 981 1198 1015 [al.
1222 983 1363 1018 gmnaticii,
1388 992 1412 1008 v.
1437 984 1555 1019 goniaci]
1576 983 1672 1016 saltuS.
1697 984 1747 1011 sub
1767 989 1837 1011 certa
1856 983 1938 1010 forma
1957 999 1990 1003 -

1149 1024 1269 1051 distrahi.
1290 1035 1311 1051 c.
1331 1027 1355 1051 2.
1376 1025 1409 1051 de
1427 1026 1516 1062 praed.
1536 1028 1636 1053 tamiac.
1661 1029 1698 1054 ll.
1719 1029 1760 1054 68.

1187 1068 1381 1095 Gothicus.
1421 1071 1598 1096 Gothorum
1620 1072 1733 1097 victor.
1772 1070 1814 1097 III.
1839 1071 1905 1098 (ἠ.
1924 1069 1989 1106 Imp.

1148 1110 1225 1138 Caes.
1246 1110 1317 1137 Flav.
1338 1111 1512 1143 Iustiniauus.
1532 1112 1732 1145 Alamannicus,
1753 1113 1892 1145 Gothicus,
1912 1111 1990 1139 Fran-

1140 1155 1219 1191 cicus
1239 1158 1287 1180 etc.
1309 1154 1350 1181 Cs.
1371 1165 1394 1181 v.
1415 1154 1610 1182 Alamannicus

1183 1198 1387 1224 GrabatuS.
1425 1197 1467 1224 Cf.
1486 1208 1510 1224 v.
1531 1197 1682 1225 Crabattus.

1183 1242 1391 1267 Gracchus.
1424 1243 1516 1267 Alter
1534 1251 1570 1268 ex
1585 1243 1684 1277 filiis
1704 1243 1891 1273 Cornelhze,
1911 1251 1990 1276 quae

1144 1290 1275 1318 patrem
1294 1286 1410 1311 habuit
1430 1286 1629 1320 Africanum
1650 1286 1857 1319 superiorem.
1872 1284 1989 1311 [ILCn.

1146 1326 1258 1357 Seditio.
1279 1337 1328 1363 qua
1354 1326 1490 1353 Gracchus
1514 1328 1618 1354 occisus
1643 1332 1705 1354 erat.
1730 1327 1760 1354 sr.
1784 1328 1825 1354 66.
1850 1337 1889 1364 pr.
1909 1326 1988 1353 solut.

1145 1371 1256 1396 matrim.
1276 1372 1317 1396 24.
1337 1372 1362 1396 3.

1182 1413 1382 1440 Graculus.
1405 1415 1482 1439 Avis
1500 1423 1513 1439 e
1532 1423 1702 1440 corvorum
1719 1422 1843 1448 genere.
1864 1412 1906 1439 111.
1921 1414 1987 1441 Gn.

1146 1455 1240 1481 Omnis
1260 1457 1308 1484 vis.
1329 1458 1369 1483 cui
1390 1457 1478 1483 resisti
1499 1467 1550 1482 non
1564 1461 1662 1493 potest.
1683 1472 1715 1476 -—
1736 1460 1827 1492 utputa
1842 1455 1987 1487 fluminum,

1143 1498 1317 1534 graculorum,
1338 1504 1502 1526 sturnorum.
1528 1505 1553 1526 et
1573 1501 1594 1526 si
1615 1499 1678 1536 quid
1699 1498 1785 1525 simile
1803 1498 1935 1525 acciderit.
1956 1497 1986 1524 sr.

1146 1544 1185 1568 15.
1206 1543 1228 1576 ξ.
1247 1545 1271 1568 2.
1292 1542 1369 1569 locat.
1392 1544 1430 1569 19.
1450 1545 1474 1569 ⁴2.

1180 1586 1394 1612 Gradatim.
1432 1585 1553 1618 (Advb.)
1598 1588 1659 1612 Per
1687 1587 1825 1619 gradus.
1861 1584 1890 1610 II.
1917 1585 1985 1618 Op.

1145 1629 1245 1655 Omnes
1265 1628 1356 1660 simul,
1376 1645 1408 1648 -—
1429 1628 1508 1655 Grad.
1536 1629 1675 1661 (vocare.)
1695 1628 1725 1654 fr.
1747 1629 1769 1654 l.
1789 1628 1810 1661 ᾗ.
1831 1629 1854 1653 7.
1875 1627 1907 1653 de
1927 1637 1986 1653 con-

1144 1672 1213 1707 iung.
1235 1681 1255 1697 c.
1276 1682 1372 1697 emanc.
1392 1673 1434 1697 37.
1454 1674 1478 1698 8.
1512 1671 1554 1697 III.
1570 1673 1636 1699 Gn.
1657 1670 1736 1697 Grad.
1757 1674 1782 1696 et
1801 1680 1848 1707 per
1867 1669 1987 1696 ordinem

1144 1714 1310 1746 (muneribus
1331 1714 1484 1751 expeditis)
1510 1713 1559 1740 Th.
1581 1714 1612 1740 C.
1632 1714 1689 1740 XII.
1711 1715 1733 1740 l.
1754 1723 1775 1739 c.
1796 1715 1836 1739 75.
1857 1712 1890 1739 de
1909 1712 1986 1740 decu-

1143 1758 1208 1783 rion.
1230 1757 1261 1783 cs.
1282 1757 1312 1783 sr.
1336 1759 1375 1783 ll.
1395 1767 1434 1794 pr.
1455 1757 1487 1783 de
1506 1767 1575 1783 mun.
1596 1762 1621 1783 et
1641 1757 1702 1783 hon.
1722 1758 1763 1782 50.
1783 1757 1806 1782 4.
1844 1755 1901 1782 Hoc
1914 1755 1984 1792 grad.

1143 1801 1328 1836 consequitur.
1353 1805 1381 1826 ut
1406 1801 1479 1837 prius
1505 1811 1536 1826 ex
1559 1804 1719 1826 testamento
1739 1798 1865 1830 delatam,
1889 1797 1985 1825 deinde

1143 1843 1282 1879 legitimam
1302 1842 1431 1880 repudiet.
1459 1842 1489 1869 l'r.
1515 1845 1555 1869 70.
1579 1853 1618 1880 pr.
1648 1842 1680 1868 de
1699 1842 1730 1868 A.
1750 1851 1774 1867 v.
1794 1841 1827 1868 O.
1847 1841 1878 1868 H.
1898 1843 1940 1868 29.
1959 1843 1983 1867 2.

1143 1886 1222 1912 Grad.
1247 1886 1420 1912 admittuntur
1443 1887 1546 1921 cognati
1571 1885 1602 1912 ad
1626 1885 1657 1912 B.
1677 1884 1766 1911 Puem.
1792 1884 1822 1910 fr.
1849 1886 1871 1910 1.
1895 1884 1917 1918 §.
1943 1885 1982 1909 10.

1142 1929 1211 1955 unde
1232 1939 1304 1965 cogn.
1325 1931 1366 1955 38.
1386 1931 1410 1955 8.
1446 1928 1496 1955 Illo
1516 1933 1637 1955 cessante
1656 1928 1707 1954 hoc
1730 1927 1828 1957 facere,
1849 1926 1892 1953 alii
1910 1925 1981 1962 grad.

1142 1988 1173 1992 ——
1193 1972 1345 1998 succedant.
1367 1982 1387 1999 c.
1409 1974 1447 1998 15.
1469 1972 1490 2005 §
1510 1973 1534 1997 4.
1555 1971 1588 1997 (18
1607 1976 1709 1997 testam.
1730 1980 1795 1997 man.
1816 1971 1838 1996 7.
1857 1971 1883 1995 2.

1177 2015 1356 2042 Grauius.
1395 2014 1534 2047 (Adiect.)
1571 2016 1620 2040 Aa
1645 2016 1773 2048 gradus
1803 2014 1981 2046 pertinens,

1142 2061 1220 2084 nude
1239 2059 1393 2092 erogatio
1420 2067 1567 2084 annonae
1587 2058 1736 2090 publicae
1759 2057 1981 2082 ministranda

1140 2107 1218 2127 crat.
1256 2100 1286 2126 II.
1309 2101 1376 2133 01).
1403 2100 1604 2127 Aedificiorum.
1625 2108 1645 2124 s.
1666 2097 1791 2124 Aedium.
1812 2113 1844 2116 —
1864 2096 1981 2124 Gradilis

1140 2142 1249 2180 (paniS.)
1270 2142 1319 2169 Th.
1341 2143 1371 2169 C.
1392 2142 1462 2168 MV.
1485 2144 1524 2168 17.
1546 2153 1565 2167 r.
1589 2144 1609 2168 1.
1630 2150 1688 2177 sqq.
1708 2140 1740 2166 de
1760 2150 1854 2166 annon.
1868 2142 1918 2168 civ.
1938 2141 1980 2168 III.

1115 2191 1117 2199 ¹
1139 2187 1204 2213 011.
1226 2185 1265 2211 Ne
1290 2185 1353 2222 quid
1377 2195 1457 2222 super
1482 2185 1575 2221 gradili
1600 2194 1666 2221 pane
1691 2182 1789 2208 fraudis
1815 2184 1928 2215 oriatur.
1947 2199 1980 2203 ‹—

1115 2224 1117 2229 ’
1138 2239 1214 2255 omne
1233 2228 1308 2260 illud,
1328 2228 1399 2265 quod
1419 2228 1519 2265 populo
1540 2227 1670 2265 penditur.
1691 2225 1774 2262 palam
1795 2226 1821 2252 in
1846 2226 1979 2260 gradibus,

1138 2282 1189 2298 non
1211 2271 1276 2298 clam
1297 2282 1309 2298 a
1328 2271 1489 2308 pistoribus,
1509 2270 1658 2297 ministrari.
1683 2268 1720 2294 lb.
1741 2268 1756 2294 l.
1777 2268 1793 2294 l.
1819 2279 1840 2295 c.
1860 2271 1884 2295 4.
1905 2269 1936 2296 cf.
1956 2280 1978 2296 c.

1115 2312 1116 2315 Ἴ
1138 2317 1161 2341 3.
1200 2314 1277 2341 Panis
1292 2314 1401 2351 gradilis
1421 2315 1447 2341 in
1466 2313 1543 2340 alium
1563 2312 1670 2349 gradum
1685 2311 1821 2338 translatio
1836 2311 1978 2340 inhibetur.

1137 2357 1173 2384 Ib.
1195 2368 1216 2384 c.
1236 2360 1260 2383 2.
1281 2368 1303 2384 c.
1327 2360 1350 2383 5.

1173 2401 1335 2427 Gradus.
1351 2402 1382 2434 §.
1399 2402 1433 2427 1.
1454 2402 1554 2426 ,it-111⁸
1570 2399 1766 2433 gradiendi,
1787 2398 1914 2424 Passus.
1934 2397 1976 2424 111.

1137 2445 1202 2470 Cn.
1216 2443 1270 2478 Qui
1290 2442 1322 2469 ad
1342 2442 1425 2478 fugam
1446 2441 1552 2477 gradum
1572 2451 1650 2467 unum
1670 2440 1816 2467 alterumve
1835 2442 1976 2477 promovit.

1137 2486 1166 2512 sr.
1184 2488 1223 2512 17.
1243 2486 1265 2519 ᾖ.
1286 2488 1309 2512 9.
1331 2485 1363 2512 de
1382 2484 1468 2511 Aedil.
1489 2484 1566 2510 edict.
1586 2486 1627 2510 2¹.
1650 2486 1670 2509 l.
1687 2500 1718 2503 —
1733 2484 1764 2517 ᾖ.
1790 2487 1825 2512 8.
1847 2486 1974 2516 Scalae,

1113 2532 1309 2563 {earumque
1327 2529 1480 2562 singulae
1497 2534 1616 2561 partes.
1638 2527 1656 2553 l.
1677 2528 1738 2561 Sy.
1758 2528 1858 2555 Scalae.
1879 2527 1927 2554 Th.
1943 2526 1973 2553 C.

1135 2570 1192 2597 XV⁴
1216 2573 1237 2597 l.
1258 2581 1279 2597 c.
1299 2571 1339 2596 45.
1360 2569 1392 2595 de
1412 2580 1472 2606 opp
1494 2570 1546 2607 pub
1592 2569 1633 2596 III.
1652 2571 1718 2597 Cn.
1739 2569 1787 2597 Vel
1807 2570 1911 2606 gradus,
1931 2568 1972 2595 vel

1137 2614 1234 2645 clivos,
1259 2613 1369 2650 propius
1395 2613 1495 2638 ianuam
1524 2623 1605 2639 nwam
1625 2613 1681 2638 iure
1701 2612 1785 2639 facere
1805 2623 1920 2650 possum.
1941 2611 1971 2637 fr.

1134 2660 1175 2682 20.
1201 2657 1222 2690 §.
1244 2658 1265 2681 l.
1291 2655 1323 2681 de
1347 2655 1375 2681 S.
1400 2654 1426 2680 P.
1448 2655 1478 2682 V.
1503 2660 1526 2682 8.
1550 2659 1574 2681 2.
1620 2655 1697 2681 Panis
1721 2656 1829 2691 gradilis
1848 2657 1874 2682 iu
1893 2654 1971 2680 alium

1111 2718 1113 2729 ,
1134 2699 1240 2735 gradum
1253 2697 1397 2724 translatio.
1411 2697 1450 2724 Cf.
1464 2709 1486 2724 v.
1499 2698 1623 2725 Gradilis.
1633 2698 1748 2731 —§.³.
1762 2701 1870 2726 Statio
1887 2698 1971 2732 defi-

1133 2744 1213 2768 nitu.
1233 2740 1276 2767 III.
1292 2742 1357 2768 οη.
1380 2742 1433 2776 Qui
1452 2742 1578 2767 terminos
1598 2745 1711 2767 statutos
1731 2746 1803 2768 extra
1822 2750 1897 2767 suum
1916 2749 1970 2775 gra-

1133 2784 1193 2811 dum
1215 2783 1258 2817 [al.
1279 2784 1388 2819 agruim]
1415 2785 1515 2811 finesve
1538 2785 1668 2810 moverint
1692 2783 1715 2810 d.
1735 2793 1768 2810 m.
1787 2783 1816 2809 fr.
1834 2784 1857 2809 3.
1878 2792 1916 2819 pr.
1937 2781 1970 2808 de

1133 2832 1207 2853 term.
1227 2831 1307 2853 moto.
1328 2829 1367 2854 47.
1387 2829 1428 2853 21.
1461 2843 1492 2846 —
1525 2826 1555 2859 §0
1577 2828 1616 2853 4.
1650 2827 1789 2853 Ordinis
1812 2826 1968 2859 cuiusque
