2197 3121
918 167 998 199 AES
1018 186 1057 192 —
1079 169 1174 200 AET.

187 250 316 286 Quaestio
337 255 407 281 esto,
427 251 565 278 iudicium.
584 249 722 278 iudicatio.
745 249 853 286 litisque
872 251 1027 277 aestimatio.

188 293 231 320 Fr.
256 293 322 330 legis
347 294 442 321 Servii.
484 293 612 320 Susfieere
641 294 849 319 aestimationem
877 293 927 326 (ex
951 303 1027 319 rausa

185 335 410 369 fideicommissi).
440 336 472 363 sr.
492 339 532 363 40.
552 346 592 373 pr.
617 336 649 362 de
674 347 785 363 manum.
813 340 915 362 testam.
940 337 982 362 40.
1002 337 1026 362 4.

1047 300 1050 358 l

1870 175 1908 204 19

1072 251 1209 278 adversam
1227 250 1417 284 valetudinem,
1437 252 1479 279 vel
1503 254 1605 280 senium
1628 255 1727 281 aetatis
1756 254 1787 281 sr.
1808 256 1847 281 13.
1868 266 1906 292 pr.

1072 294 1104 321 de
1127 294 1201 321 tutel.
1225 296 1267 321 26.
1288 296 1311 320 1.
1341 296 1372 322 cf.
1397 306 1418 322 e.
1438 298 1462 323 3.
1482 307 1521 333 pr.
1551 298 1602 332 Qu.
1623 302 1682 324 test.
1703 298 1750 324 fac.
1770 308 1795 334 p.
1822 299 1845 324 6.
1864 300 1906 324 22.

1072 339 1125 372 Qui
1145 342 1228 363 aetate
1247 337 1341 364 defecti
1361 344 1430 365 sunt.
1468 339 1566 366 Fessus
1591 346 1681 367 aetate.
1702 340 1731 366 sr.
1746 343 1770 367 3.
1790 341 1811 374 3.
1833 343 1855 367 7.
1875 341 1907 367 de

186 378 341 405 Iniuriarum
366 379 478 406 civiliter
507 379 657 411 damnatus,
688 380 796 415 eiusque
820 380 1027 405 aestimationem
1048 376 1049 385 ³
1071 380 1097 406 S.
1119 380 1150 407 C.
1170 380 1251 406 Silau.
1270 382 1311 407 29.
1333 383 1356 407 5.
1376 381 1406 407 fr.
1426 384 1449 408 5.
1470 382 1501 408 de
1520 393 1553 409 m.
1573 393 1593 409 c.
1613 383 1701 409 donat.
1721 385 1763 410 39.
1777 386 1800 410 6.
1834 383 1908 410 Smn-

185 421 282 448 inferre
301 423 398 449 iussus.
426 421 500 448 Paul.
520 421 551 448 V.
570 424 594 448 4.
615 423 636 455 3.
656 423 680 448 9.
700 438 733 442 —
761 423 792 455 ἕ.
813 423 848 448 2.
875 423 1027 448 Arbitra-
1047 409 1049 462 ³

185 466 235 491 ria
254 467 411 500 cognitio.
449 465 491 492 III.
507 467 571 493 Cn·
596 464 730 491 Delictum
750 474 837 495 unum.
858 464 947 490 eadem
960 464 1025 500 lege,
1047 466 1049 499 ζ
1070 467 1231 493 examinatis,
1256 466 1286 492 fr.
1306 467 1347 492 58.
1368 466 1400 493 de
1420 467 1494 502 legat.
1515 468 1532 494 Ι.
1553 468 1623 501 (30.)
1661 469 1836 506 Chirographi
1856 469 1908 495 ‹lis-

1070 510 1122 535 ruti
1147 509 1279 546 oportebit
1304 514 1421 536 aetatem.
1455 510 1504 536 Tb.
1530 510 1560 537 C.
1581 512 1610 538 II.
1636 513 1678 538 27.
1703 522 1725 538 c.
1746 513 1768 538 1.
1794 512 1815 545 3.
1835 515 1859 538 4.
1884 513 1906 538 si

185 508 265 533 variis
285 508 510 534 aestimationibus
530 509 654 534 co‘ereeri.
676 508 706 533 sr.
719 509 761 533 41.
781 506 813 533 de
832 517 908 543 poen.
928 509 969 533 4⁸.
985 508 1025 533 19.

186 549 272 586 Ipsius
298 551 351 583 (sc.
371 549 519 587 Principis)
544 551 751 576 aestimationem
776 560 847 579 esse,
872 560 949 586 quem
973 559 1026 575 mo-
1047 551 1049 579 ζ

186 591 248 618 dum
268 602 326 618 esse
345 592 424 619 vellet
445 598 492 619 etc.
513 592 543 619 fr.
565 595 622 619 191.
642 593 674 619 de
692 592 723 618 R.
743 592 761 619 l.
781 594 822 618 50.
838 594 878 618 17.
914 593 1024 619 Aestim.

186 634 319 662 Praesidis
340 635 382 661 Pr.
403 641 455 662 est.
482 641 610 671 quatenus
635 641 684 662 ete.
718 634 749 661 fr.
768 637 793 661 2.
817 636 838 668 3.
860 637 882 661 l.
907 635 939 661 de
963 645 1024 672 opp.

186 679 248 715 pub.
269 681 310 705 50.
331 681 371 704 10.
392 695 423 698 -—
444 679 473 711 §-
489 680 525 705 ³.
546 680 781 710 Existimatio,
802 680 911 704 Fama.
931 678 949 704 1.
964 679 1024 712 Sy·

186 722 293 758 Opinio.
322 721 394 747 Paul.
414 720 445 747 Υ.
466 723 489 747 4.
509 722 530 755 3.
552 723 592 747 15.
629 720 671 746 III.
697 722 762 748 (2¹11.
797 720 837 746 Tu
857 722 938 757 magis
958 722 1025 747 scire

185 769 277 801 putes.
300 780 333 783 —
358 765 432 790 cuius
456 764 590 800 dignitatis
615 768 641 789 et
665 765 738 789 euius
764 765 954 790 aestimationis
976 763 1024 797 [al.

188 807 407 840 existimationis]
428 808 480 832 sint
500 808 548 839 (se.
568 808 678 839 testes).
704 806 734 832 fr.
754 808 778 833 3.
799 807 820 840 3.
842 808 863 833 l.
884 806 917 833 de
935 807 1024 833 testib.

185 903 207 919 c.
226 894 250 919 3.
271 892 304 919 de
323 903 401 919 rursu
420 893 481 929 pub.

219 935 522 962 Aestilnatorius.
551 935 689 969 (Adiect.)
719 938 765 962 Ad
782 938 1025 962 condemnatio-

184 988 248 1004 nem
269 984 432 1012 spectans,
453 988 514 1012 qua
531 980 676 1012 pretium
696 981 795 1005 reiad
807 989 913 1005 reram
926 981 1024 1005 aesti-

184 1023 357 1047 mationem
377 1022 559 1056 redigatur.
598 1020 616 1047 1.
634 1022 694 1055 Sy.
719 1021 805 1051 Aetio.
826 1032 892 1057 quae
905 1021 936 1048 de
951 1023 1026 1047 aesti-

184 1068 255 1090 mato
275 1064 440 1100 propomtur.
477 1063 664 1089 Aestimatoria
684 1065 854 1101 praescriptis
873 1065 961 1091 verbis
976 1069 1024 1091 act.

185 1106 216 1133 fr.
237 1108 259 1132 1.
279 1116 318 1142 pr.
339 1105 370 1131 de
390 1107 548 1131 aestimator.
574 1108 614 1132 19.
634 1108 659 1132 3.
683 1108 705 1140 3.
725 1108 766 1133 28.
788 1107 806 1133 Ι.
832 1107 863 1133 de
883 1108 977 1133 action.
1000 1108 1024 1133 4.

184 1151 208 1176 6.
246 1149 352 1184 Quanto
372 1149 494 1177 minoris,
514 1148 730 1176 Aestimatorinm
751 1149 913 1183 (iudicium).
932 1149 962 1175 l'r.
984 1151 1024 1175 18.

183 1202 222 1229 pr.
243 1191 273 1218 fr.
292 1193 334 1218 43.
354 1192 375 1225 3.
395 1193 419 1217 (5.
444 1191 475 1217 t'r.
496 1193 537 1218 44.
562 1193 584 1226 3.
609 1194 633 1219 2.
659 1192 690 1220 fr.
710 1195 751 1220 47.
777 1203 816 1228 pr.
842 1192 872 1219 fr.
892 1194 934 1219 48.
958 1193 980 1226 3.
1000 1194 1023 1218 2.
1046 1210 1047 1219 1

184 1234 217 1261 de
237 1234 302 1261 Aed.
324 1234 363 1261 ed.
382 1236 423 1260 21.
446 1237 466 1261 1.

1071 428 1142 449 tuum
1168 423 1314 449 rationibus
1347 424 1480 457 deductis.
1512 431 1537 451 et
1568 426 1746 452 aedificiorum
1777 427 1907 453 aetatibus

1070 557 1132 578 cert.
1152 557 1204 589 pet.
1224 551 1256 578 (le
1275 551 1339 578 chir.
1359 568 1391 571 —
1414 553 1444 585 §-
1466 554 1502 580 3.
1524 556 1674 581 Stadium
1692 557 1780 581 vitae
1798 557 1906 581 liuma-

1069 605 1127 620 nae
1156 597 1385 629 qualecunque.
1433 595 1474 621 III.
1495 597 1559 623 011.
1594 596 1649 623 Nec
1674 598 1705 623 ab
1730 599 1800 624 omni
1824 603 1907 624 aetate

1047 661 1048 664 ,
1069 636 1152 672 adlegi
1172 642 1297 673 possunt,
1317 642 1343 663 ut
1364 637 1397 663 D.
1418 637 1464 663 Pio
1484 637 1593 674 placuit.
1615 641 1658 675 qui
1678 641 1829 677 reprobavit
1848 651 1907 678 pro-

1070 680 1151 708 lixae.
1171 680 1212 706 vel
1233 680 1379 706 imbecillae
1403 680 1543 707 admodum
1562 684 1653 708 aetatis
1672 683 1800 710 bomines.
1833 683 1862 710 fr.
1882 686 1905 710 5.

1070 723 1090 756 3.
1114 725 1152 748 12.
1174 722 1205 748 de
1225 724 1281 749 iure
1301 724 1369 749 imm.
1388 725 1430 749 50.
1444 726 1467 750 6.
1507 724 1694 761 Cuiuscunque
1713 728 1805 752 aetatis
1826 727 1907 753 bomi-

1070 775 1124 791 nrs.
1161 766 1216 791 Gai.
1237 765 1254 791 I.
1276 768 1315 792 15.
1341 765 1373 792 cf.
1394 768 1450 792 102.
1481 767 1511 792 fr.
1533 769 1554 793 7.
1580 768 1663 801 3.12.
1693 768 1724 794 de
1747 770 1808 795 min.
1833 772 1857 796 4.
1881 772 1905 796 4.

1047 808 1048 841 ξ
1070 807 1098 833 Si
1118 807 1145 833 id
1164 809 1255 833 aetatis
1275 809 1318 835 sit.
1338 814 1366 834 ut
1379 809 1509 846 stipendia
1523 809 1590 836 ferre
1604 812 1698 847 possit.
1727 811 1905 839 Noxat'alent.

184 852 226 875 22.
246 852 269 876 5.
306 850 505 876 Aestimationis
525 854 612 875 uotam
632 850 772 876 incurrere.
802 849 852 876 Tb.
867 849 898 876 C.
918 849 986 876 YlIl.
1000 852 1024 875 5.
1047 845 1048 851 ¹

1069 850 1111 876 111.
1133 850 1164 877 de
1184 852 1261 876 tiron.
1285 851 1314 878 II.
1335 853 1358 878 6.
1383 862 1403 878 c.
1425 854 1447 878 1.
1472 853 1536 886 3.1.
1574 853 1625 879 Pro
1650 855 1817 880 inc-tementis
1841 861 1907 881 aeta-

1047 899 1049 927 ζ
1071 895 1112 921 tis.
1131 903 1156 919 v.
1176 893 1257 919 Prout
1277 899 1385 920 aetatem
1405 895 1574 931 ampliaverit.
1595 896 1625 922 fr.
1638 898 1678 922 10.
1693 898 1714 930 3.
1730 899 1754 923 2.
1774 897 1804 923 sr.
1825 899 1864 924 16.
1884 899 1905 932 3.

1069 940 1093 962 2.
1114 936 1146 962 de
1159 936 1227 963 alim.
1248 947 1271 963 v.
1292 937 1341 963 cib.
1361 939 1402 963 34.
1424 940 1446 963 1.
1466 954 1498 957 —
1519 939 1549 971 §-
1571 940 1609 966 -Ι,
1635 941 1736 967 XXV.
1751 951 1907 967 annorum

1069 985 1168 1006 aetas.
1206 979 1224 1005 1.
1246 981 1307 1014 Sy.
1341 979 1426 1006 Min-n·
1450 982 1531 1007 anuis.
1570 982 1622 1017 Qui
1647 983 1763 1009 nondum
1782 983 1906 1009 robustae

1047 1046 1048 1053 ,
1070 1024 1162 1048 aetatis
1181 1028 1229 1049 est.
1253 1022 1283 1049 fr.
1300 1025 1339 1049 15.
1354 1023 1375 1056 3.
1390 1024 1413 1049 6.
1433 1023 1464 1049 ad
1484 1023 1512 1049 L.
1527 1024 1573 1050 Iul.
1594 1024 1626 1050 de
1645 1025 1685 1051 ad.
1705 1027 1745 1052 45.
1760 1028 1784 1052 5.
1816 1026 1905 1052 Maior.

1070 1065 1138 1092 Suae
1157 1067 1257 1092 aetatis.
1295 1065 1438 1100 Legitimae
1458 1067 1549 1092 aetatis
1570 1069 1737 1095 constitutus.
1761 1068 1791 1094 fr.
1805 1071 1846 1095 27.
1866 1079 1905 1106 pr.

1047 1165 1048 1169 ¹
1070 1153 1159 1186 gitima
1192 1157 1270 1178 aetas.

1046 1246 1047 1275 J
1069 1237 1165 1274 pietur.
1201 1248 1222 1263 c.
1242 1240 1266 1264 4.
1291 1238 1323 1264 de
1347 1238 1371 1264 h.
1397 1248 1440 1274 qu.
1464 1248 1522 1264 ven.
1546 1243 1594 1264 aet.
1623 1241 1647 1265 2.
1668 1241 1708 1265 45.

217 1278 481 1304 Aestimatum.
511 1277 631 1310 (partie.)
669 1279 700 1311 §.
714 1280 749 1306 1.
777 1281 892 1306 Pretio
912 1280 1024 1313 explo·
1046 1285 1047 1291 ¹

182 1326 257 1347 rato
276 1322 489 1354 descriptum,
514 1331 536 1347 v.
556 1323 723 1349 traditum.
761 1321 791 1348 Π.
808 1323 874 1356 01).
897 1321 1025 1348 Aestima-
1046 1318 1047 1325 ¹

183 1368 238 1389 tae.
262 1378 295 1382 -
319 1362 499 1389 Inaestimatae
524 1364 610 1396 (res).
640 1364 671 1391 fr.
692 1366 731 1390 10.
751 1375 790 1402 pr.
815 1366 852 1399 33.
874 1366 896 1390 1.
917 1374 975 1400 sqq.
1000 1365 1023 1390 6.

184 1405 217 1432 de
236 1406 293 1431 iure
312 1405 364 1431 dot.
385 1407 426 1431 23.
445 1407 470 1432 3.
512 1405 555 1432 III.
577 1408 642 1434 Gn.
674 1407 703 1433 Si
723 1418 777 1434 rem
797 1409 957 1434 aestimatam
977 1406 1026 1433 tibi

183 1448 296 1479 dedero,
317 1453 345 1474 ut
364 1458 392 1474 ea
413 1448 537 1475 distracta
555 1451 669 1486 pretium
688 1450 721 1476 ad
743 1461 784 1476 me
799 1451 923 1477 deterres.
951 1449 1023 1476 Paul.

183 1491 214 1518 II.
234 1493 258 1517 4.
278 1491 300 1525 3.
314 1494 338 1517 4.
371 1491 438 1517 Cum
453 1491 549 1518 fundus
568 1492 679 1523 locetur,
700 1498 725 1519 et
744 1494 908 1520 aestimatum
927 1495 1024 1520 instru-
1045 1491 1047 1524 Ῐ,

184 1539 301 1561 mentum
321 1534 430 1561 colonus
450 1536 568 1572 accipiat.
593 1535 623 1562 l'r.
642 1538 666 1563 3.
686 1536 764 1563 lot-at.
790 1538 829 1563 19.
848 1539 872 1563 2.
911 1537 1023 1572 Quoties

183 1587 237 1604 non
256 1578 406 1604 aestimatae
426 1588 467 1604 res
488 1579 514 1604 in
534 1577 622 1604 dotem
642 1578 743 1606 dantur.
764 1579 793 1606 fr.
816 1582 856 1606 10.
876 1590 915 1617 pr.
941 1580 972 1606 cs.
993 1580 1023 1606 fr.
1045 1580 1046 1598 ³

834 1622 887 1658 Qui
907 1624 1024 1649 aestima-
1045 1634 1047 1642 ¹

183 1621 226 1647 52.
251 1620 283 1647 de
307 1622 363 1646 iure
388 1620 441 1646 dot.
466 1622 508 1647 23.
528 1623 553 1647 3.
586 1621 671 1648 Vatia.
691 1623 791 1656 3101.

184 1668 239 1689 tum
258 1664 368 1700 accepIt‚
389 1664 549 1696 (custodiam
568 1670 702 1701 praestare
722 1665 833 1698 debuit).
853 1665 883 1692 fr.
903 1668 944 1692 52.
964 1667 985 1700 3.
999 1668 1023 1692 3.

184 1705 269 1732 mand.
296 1708 336 1732 17.
358 1708 379 1732 1.
412 1722 444 1725 —
477 1707 509 1739 §0
530 1708 565 1734 2·
599 1710 884 1735 Aestitnatorium.
926 1708 943 1734 I.
963 1710 1023 1742 Sy.

180 1747 226 1775 De
258 1749 407 1781 aestimato,
435 1749 623 1777 Aestimatoria
648 1752 758 1784 (actio).
793 1750 824 1777 cf.
848 1761 872 1777 v.
897 1751 1025 1778 Aestima-

185 1791 288 1817 torium.

219 1834 405 1861 Aestivus.
434 1835 573 1868 (Adiert.)
618 1838 664 1862 Aa
687 1843 841 1863 aestatem
866 1843 1023 1871 spectans.

185 1875 216 1901 II.
238 1877 304 1909 Op.
332 1876 463 1903 Ilibernus
484 1878 601 1910 (saltus).
626 1878 698 1905 Paul.
713 1879 744 1905 Y.
758 1881 782 1904 2.
802 1879 862 1912 3.1.
898 1879 1023 1911 Hiemale⁷
1045 1886 1047 1895 '

184 1928 208 1944 v.
228 1917 386 1949 Iliberuum.
412 1936 443 1939 —
468 1920 605 1947 Aestivum
627 1922 774 1958 (tempus).
806 1921 837 1948 fr.
858 1923 880 1947 l.
901 1922 922 1956 3.
942 1924 966 1949 3.
991 1922 1023 1948 de.

184 1971 250 1997 aqua
275 1967 347 1997 quot.
371 1963 412 1988 43.
436 1965 478 1988 20.
521 1963 693 1998 Quotidiana.
718 1980 751 1983 ——
770 1964 893 1995 Aestiva.
914 1965 1022 2001 (aqua).

184 2003 215 2030 fr.
236 2006 258 2030 1.
283 2004 321 2038 33.
341 2007 365 2031 2.
385 2015 424 2041 sq.
447 2005 465 2032 1.
486 2006 502 2032 l.
526 2008 568 2032 43.
587 2009 629 2032 20.
670 2007 712 2033 III.
734 2009 799 2034 Gn.
836 2007 894 2033 Non
919 2008 1024 2034 videtur

185 2046 218 2073 de
241 2046 294 2073 illis
318 2048 459 2084 pecoribus
483 2050 614 2077 sensisse.
644 2060 709 2086 quae
733 2050 817 2076 bieme
841 2051 867 2076 in
892 2050 1022 2083 bibernis.⁷

185 2094 229 2116 aut
247 2095 345 2116 aestate
364 2091 389 2117 in
410 2092 517 2117 aestivis
537 2094 586 2125 (sc.
607 2092 730 2127 saltibus)
750 2104 809 2120 esse
822 2093 918 2120 solent.
937 2093 967 2120 sr.
981 2095 1022 2120 67.

185 2132 217 2159 de
238 2132 286 2169 leg.
306 2132 350 2159 111.
371 2134 447 2167 (32.)
469 2134 500 2160 el'.
521 2135 551 2161 fr.
572 2137 594 2161 l.
614 2136 635 2169 3.
655 2138 679 2162 3.
699 2136 731 2163 de
751 2147 808 2173 aqu.
829 2142 900 2173 quot.
919 2139 961 2163 43.
980 2138 1022 2163 20.

185 2174 240 2202 Sub
261 2177 358 2202 aestiva
378 2177 515 2213 navigandi
535 2180 739 2215 opportunitate.
770 2179 837 2206 Nov.
858 2179 960 2206 Valent.
980 2179 1025 2206 111.

186 2218 218 2244 de
237 2219 309 2245 redd.
329 2221 385 2245 iure
404 2230 465 2246 arm.
486 2220 516 2246 II.
535 2222 559 2247 9.
579 2232 600 2247 c.
621 2223 643 2248 l.

221 2263 346 2289 Aetas.
379 2263 409 2295 §-
421 2264 455 2290 1.
485 2266 613 2295 Aenum.
638 2266 799 2300 Tempora.
831 2266 873 2292 III.
888 2267 953 2293 011.
973 2266 1023 2293 Vel

186 2306 270 2330 nostri
288 2306 429 2342 temporis.
448 2306 490 2332 vel
509 2308 606 2343 prioris
626 2308 723 2334 saeculi
738 2313 828 2335 aetate.
858 2309 907 2335 Th.
922 2309 953 2335 C.
963 2309 1022 2336 XV.

188 2349 210 2373 1.
231 2357 252 2373 c.
272 2349 313 2373 25.
332 2348 364 2374 de
383 2358 444 2385 opp.
459 2349 520 2385 pub.
558 2349 650 2386 Neque
669 2351 695 2376 in
714 2361 760 2377 eos
780 2368 812 2370 —
831 2352 967 2378 transferri
986 2353 1023 2379 su-

187 2395 243 2416 tura
263 2395 346 2416 aetate
364 2393 547 2427 permittimus.
576 2392 613 2419 Ib.
628 2393 695 2420 VIII.
710 2395 733 2420 9.
748 2405 769 2420 e.
783 2396 807 2421 2.
827 2395 859 2421 de.
872 2395 936 2421 lucr.
952 2395 1022 2422 offic.

186 2432 338 2469 Superioris
362 2435 452 2460 aetatis
476 2434 621 2472 Principes.
649 2436 715 2463 Nov.
741 2436 844 2463 Valent.
868 2437 911 2464 III.
938 2448 1023 2475 neque

187 2475 256 2501 dom.
281 2475 333 2501 div.
359 2474 389 2501 II.
409 2478 449 2503 10.
478 2488 499 2503 c.
526 2480 548 2504 1.
573 2478 594 2512 3.
613 2480 637 2505 3.
681 2479 779 2506 Nostra
803 2480 908 2518 quidem
931 2487 1021 2508 aetate.

187 2517 218 2544 fr.
238 2519 261 2543 7.
280 2528 319 2555 pr.
344 2518 376 2544 de
399 2519 453 2545 reb.
473 2519 534 2547 dub.
559 2523 601 2548 34.
620 2524 644 2548 5.
682 2538 714 2542 -—
753 2524 784 2557 §.
809 2525 844 2550 2.
877 2526 1021 2559 :implam

187 2571 341 2587 annorum
369 2563 525 2595 spatium,
557 2566 720 2592 Provecta
751 2573 850 2593 aetas.
894 2566 936 2593 ΠΙ.
957 2569 1022 2595 Cn.

187 2603 346 2640 Plerumque
369 2604 450 2630 robur
473 2604 599 2639 hominis,
624 2613 694 2634 aetas
718 2610 844 2646 temporis
869 2609 917 2642 [al.
937 2615 1021 2642 aetas,

188 2646 312 2683 tempusL
333 2649 567 2684 opportunitasque
586 2651 720 2683 naturalis,
739 2657 821 2678 mutat
840 2662 943 2679 eausam
962 2664 1023 2690 ope-

188 2700 282 2716 rarum.
311 2689 341 2715 fr.
360 2691 401 2716 26.
421 2691 504 2724 9.12.
528 2691 560 2718 de
580 2693 654 2720 cond.
674 2695 761 2721 iudeb.
786 2697 826 2721 12.
845 2697 869 2722 6.
906 2696 1021 2726 Munera,

189 2748 221 2752 --
245 2732 277 2759 de
301 2732 396 2768 quibus
420 2743 504 2770 neque
526 2734 615 2767 liberi,
640 2747 724 2773 neque
748 2743 831 2770 aetas.
856 2749 904 2766 nec
931 2741 1021 2766 merita

187 2775 295 2802 militiae
315 2792 346 2795 -
366 2776 458 2803 tribuit
480 2779 648 2805 vacationem.
678 2780 707 2807 fr.
728 2783 768 2807 ll.
795 2781 827 2808 de
845 2792 901 2809 vac.
921 2788 947 2809 et
965 2793 1021 2809 exe.

188 2820 229 2845 50.
249 2821 272 2845 5.
293 2819 323 2846 cf.
343 2819 374 2846 fr.
390 2822 412 2846 l.
427 2820 449 2854 3.
462 2822 486 2847 2.
507 2821 558 2857 Qu.
573 2827 639 2849 sent.
653 2824 710 2850 sine
723 2835 781 2862 app.
800 2827 842 2852 49.
855 2827 879 2852 8.
910 2826 1022 2864 Propter

1071 1108 1102 1134 dr
1122 1108 1153 1135 Ν.
1175 1109 1206 1135 G.
1225 1110 1249 1135 3.
1270 1111 1294 1135 5.
1332 1109 1362 1135 11.
1384 1111 1450 1142 Op.
1471 1109 1540 1135 Anni
1559 1109 1694 1136 1.a-·101·ia‹›
1714 1111 1787 1147 legis.
1808 1127 1840 1131 —-
1858 1111 1907 1137 Le>

1311 1151 1360 1178 Tb.
1386 1152 1416 1178 C.
1442 1152 1508 1178 YHI.
1538 1154 1578 1178 12.
1612 1163 1633 1179 e.
1657 1155 1680 1179 2.
1714 1154 1745 1180 (1(·
1773 1154 1906 1181 donation.

1070 1194 1111 1220 llI.
1133 1196 1199 1222 Cn.
1234 1194 1328 1223 Aetas.
1348 1205 1413 1231 qnae
1432 1194 1517 1221 XXV.
1538 1205 1663 1222 annorum
1683 1197 1819 1223 rui-riculis
1839 1208 1906 1224 eom-

1750 1240 1778 1266 Si
1803 1242 1906 1267 interim

1069 1280 1173 1306 adultus
1193 1280 1224 1306 ad
1244 1280 1383 1316 legitimam
1403 1286 1512 1307 aetatem
1531 1282 1658 1318 pervenit.
1678 1282 1708 1308 l'r.
1727 1284 1768 1309 28.
1789 1283 1810 1316 3.
1829 1285 1854 1309 2.
1874 1283 1906 1309 (le

1069 1333 1128 1360 app.
1153 1328 1178 1349 et
1201 1323 1247 1349 rel.
1276 1326 1317 1350 49.
1339 1326 1361 1350 1.
1398 1324 1514 1350 Probare
1534 1329 1640 1350 aetates.
1670 1324 1700 1351 fr.
1721 1327 1744 1351 2.
1769 1325 1801 1351 de
1825 1326 1905 1352 seriis.

1068 1368 1092 1391 2.
1114 1368 1153 1392 12.
1179 1376 1200 1392 c.
1221 1368 1243 1392 7.
1272 1366 1304 1393 de
1328 1367 1346 1393 I.
1370 1367 1389 1393 I.
1409 1367 1440 1394 R.
1460 1368 1553 1394 minor.
1578 1370 1602 1394 2.
1622 1369 1663 1394 22.
1706 1368 1791 1395 Minor
1815 1374 1905 1395 aetate.

1068 1408 1098 1435 sr.
1120 1411 1142 1435 1.
1168 1409 1190 1443 3.
1209 1412 1233 1436 2.
1262 1409 1294 1436 de
1313 1410 1356 1436 oss.
1376 1409 1429 1436 Prf.
1450 1410 1491 1437 Pr.
1516 1412 1538 1437 l.
1564 1412 1604 1436 11.
1641 1410 1684 1437 Ius
1708 1413 1800 1438 aetatis
1824 1412 1906 1448 legiti-

1170 1452 1251 1479 Venia
1272 1454 1372 1479 aetatis.
1406 1453 1456 1479 Th.
1477 1452 1507 1479 C.
1527 1453 1557 1480 H.
1580 1455 1619 1480 16.
1644 1464 1665 1480 c.
1684 1456 1708 1480 2.
1729 1454 1750 1487 3.
1772 1456 1794 1480 1.
1819 1454 1850 1480 de
1869 1455 1907 1480 in-

1069 1496 1133 1531 tegri
1152 1501 1214 1522 rest.
1243 1496 1273 1522 II.
1294 1498 1334 1522 17.
1360 1506 1380 1522 c.
1401 1498 1424 1522 1.
1444 1506 1483 1533 pr.
1508 1496 1545 1530 33.
1567 1498 1588 1522 l.
1609 1506 1648 1533 sq.
1673 1496 1705 1523 de
1729 1497 1754 1523 h.
1779 1507 1822 1533 qu.
1847 1508 1905 1523 ven.

1068 1543 1117 1565 avt.
1137 1555 1170 1558 -
1197 1540 1227 1572 ξ.
1248 1540 1285 1566 5.
1315 1541 1411 1567 Anni.
1431 1546 1495 1565 tam
1512 1541 1713 1573 pubertatis.
1738 1550 1831 1574 quam
1851 1542 1906 1567 im-

1065 1584 1262 1616 pubertatis.
1304 1582 1333 1608 11.
1356 1584 1422 1616 Op.
1455 1581 1572 1608 Tenerae
1596 1583 1696 1608 aetatis.
1724 1599 1756 1602 —
1786 1582 1906 1609 Grandes

1069 1630 1138 1651 natu.
1158 1624 1188 1651 sr.
1204 1627 1243 1651 11.
1264 1624 1296 1651 de
1309 1625 1442 1651 decurion.
1462 1627 1503 1651 50.
1517 1628 1542 1651 2.
1571 1625 1701 1662 Impubes.
1722 1642 1753 1645 ——
1772 1625 1906 1652 perfectae

1069 1462 1132 1478 inae.

1045 1687 1047 1697 ,
1068 1669 1159 1693 aetatis
1185 1669 1352 1694 constitutus,
1382 1668 1411 1694 l'r.
1431 1670 1454 1694 9.
1480 1669 1544 1702 3.1.
1570 1668 1602 1694 de
1626 1673 1673 1695 tut.
1690 1673 1724 1699 ,et
1748 1673 1794 1694 rat.
1819 1671 1861 1695 27.
1880 1671 1905 1696 3.

1046 1737 1047 1745 ¹
1068 1710 1110 1736 111.
1131 1712 1197 1738 (711.
1222 1711 1255 1737 Et
1275 1712 1365 1738 aetati.
1386 1716 1410 1737 et
1429 1711 1631 1748 imprudentiae.
1651 1712 1776 1737 succurri.
1795 1710 1826 1737 sr.
1847 1713 1905 1738 105.

1046 1777 1047 1783 ,
1069 1754 1101 1779 de
1120 1753 1150 1779 R.
1171 1753 1189 1779 Ι.
1208 1756 1249 1780 50.
1265 1755 1305 1779 17.

1343 1754 1396 1789 Qui
1417 1754 1450 1779 ob
1470 1759 1587 1783 aetatem.
1607 1753 1650 1780 vel
1663 1755 1843 1785 rusticitatem,
1862 1755 1906 1782 vel

1069 1796 1102 1822 ob
1122 1806 1213 1822 sexum
1233 1796 1349 1832 (lapsi).
1374 1796 1415 1822 vel
1439 1807 1471 1822 ex
1495 1796 1543 1822 alia
1562 1798 1630 1823 iusta
1650 1807 1726 1823 causa
1747 1802 1795 1824 etc.
1828 1797 1858 1824 fr.
1879 1800 1903 1824 1.

1046 1833 1047 1863 ἲ
1069 1840 1090 1872 ξ.
1110 1841 1134 1864 5.
1154 1839 1185 1865 d.—
1205 1839 1314 1865 edendo.
1335 1841 1359 1865 ι».
1380 1841 1419 1865 13.
1446 1840 1477 1866 cs.
1498 1839 1527 1866 fr.
1550 1841 1571 1866 1.
1591 1850 1630 1876 sq.
1656 1839 1688 1866 de
1707 1840 1724 1866 1.
1744 1840 1762 1866 Ι.
1781 1840 1813 1866 R.
1837 1842 1860 1867 4.
1882 1843 1904 1867 1.

1068 1882 1162 1909 Aetas,
1184 1883 1224 1908 rui
1244 1882 1379 1907 subveniri
1393 1882 1468 1908 solet.
1498 1883 1599 1909 Aetatis
1614 1883 1777 1914 beneficium.
1797 1893 1821 1910 v.
1836 1885 1906 1910 auxi-

1045 1915 1046 1920 .
1068 1924 1143 1953 lium,
1164 1924 1298 1951 Miseratio
1318 1926 1417 1951 aetatis.
1438 1924 1468 1951 l'r.
1489 1926 1512 1951 G.
1533 1925 1549 1951 l.
1570 1925 1586 1951 l.
1605 1928 1629 1951 4.
1651 1927 1673 1951 1.
1695 1926 1724 1952 sr.
1745 1928 1768 1952 7.
1788 1927 1809 1960 3.
1829 1928 1852 1953 5.
1872 1926 1904 1954 fr.

1067 1969 1108 1993 37.
1130 1968 1195 2001 3.1.
1216 1967 1248 1993 de
1267 1969 1328 1994 lnin.
1348 1970 1372 1994 4.
1392 1970 1415 1994 4.
1440 1968 1469 1994 [Γ.
1489 1970 1530 1994 57.
1554 1968 1633 1994 famil.
1653 1970 1744 1995 ercisc.
1766 1971 1805 1995 10.
1824 1971 1848 1996 2.
1872 1969 1903 1996 fr.

1067 2013 1108 2036 20.
1123 2020 1161 2047 pr.
1181 2010 1213 2036 (le
1233 2015 1280 2037 tut.
1301 2016 1326 2037 et
1344 2016 1391 2037 rat.
1411 2013 1452 2037 27.
1472 2013 1496 2037 3
1517 2011 1547 2037 l'r.
1570 2013 1608 2037 15.
1630 2012 1651 2045 3.
1665 2014 1707 2038 22.
1728 2012 1760 2038 de
1779 2012 1844 2038 dam.
1858 2012 1903 2039 inf.

1067 2055 1108 2080 39.
1127 2056 1151 2080 2.
1188 2054 1231 2080 Ad
1254 2059 1363 2080 aetatem
1387 2055 1539 2091 pervenire,
1564 2055 1590 2080 in
1616 2065 1665 2091 qua
1691 2065 1732 2081 res
1757 2065 1818 2081 suas
1838 2057 1904 2082 tueri

1067 2098 1162 2134 possit.
1199 2097 1256 2123 Gai.
1276 2097 1294 2123 1.
1316 2099 1372 2123 197.
1398 2097 1430 2123 cs.
1450 2097 1479 2123 sr.
1500 2099 1523 2124 1.
1543 2107 1582 2134 pr.
1608 2097 1640 2124 de
1660 2098 1732 2124 tute-1.
1751 2099 1794 2124 26.
1814 2100 1837 2124 1.
1874 2097 1903 2124 Si

1068 2139 1183 2166 nondum
1202 2141 1257 2166 eius
1277 2141 1368 2166 aetatis
1388 2141 1453 2169 sint.
1473 2150 1486 2166 a
1506 2150 1555 2176 qua
1575 2140 1617 2166 lex
1637 2140 1715 2177 Papia
1734 2140 1833 2167 liberos
1852 2142 1903 2167 exi-

1067 2184 1111 2219 git.
1146 2182 1206 2219 le.
1226 2182 1296 2209 XVI.
1321 2185 1343 2209 1.
1367 2185 1391 2210 3.
1421 2183 1452 2209 ef.
1478 2194 1498 2209 c.
1522 2185 1563 2209 24.
1589 2183 1620 2209 de
1644 2188 1716 2220 nupt.
1739 2186 1763 2210 5.
1788 2185 1812 2210 4.
1848 2183 1903 2210 Nec

1068 2236 1120 2252 non
1145 2225 1210 2251 illud
1239 2236 1320 2263 aeque
1345 2236 1397 2252 non
1421 2228 1552 2258 intererit,
1581 2228 1654 2253 cuius
1679 2228 1771 2253 aetatis
1795 2228 1841 2253 sit.
1870 2242 1901 2245 —

1068 2274 1153 2295 utrum
1173 2271 1269 2299 iustae,
1294 2280 1325 2295 au
1344 2269 1491 2306 pupillaris.
1520 2270 1550 2296 fr.
1572 2271 1611 2295 16.
1635 2270 1667 2296 de
1692 2271 1747 2295 iure
1770 2270 1835 2295 fisci.
1859 2270 1901 2295 49.

1068 2314 1107 2338 14.
1128 2312 1160 2338 cf.
1180 2312 1210 2338 fr.
1230 2313 1271 2338 38.
1291 2322 1330 2349 pr.
1357 2312 1388 2338 de
1407 2314 1468 2339 min.
1487 2316 1511 2339 4.
1531 2315 1555 2339 4.
1597 2312 1665 2339 Puer
1689 2323 1736 2338 nec
1760 2311 1869 2338 multum
1888 2322 1901 2337 a

1043 2367 1045 2380 J
1066 2355 1165 2392 pubere
1185 2360 1269 2381 aetate
1287 2355 1383 2381 aberat.
1402 2371 1434 2374 —
1453 2356 1517 2381 Eius
1537 2357 1643 2388 aetatis.
1667 2365 1820 2391 quamquam
1839 2364 1902 2381 non-

1067 2398 1127 2424 dum
1146 2398 1267 2435 puberis,
1286 2403 1315 2424 ut
1334 2399 1370 2424 rei
1389 2397 1552 2424 intellectum
1567 2409 1659 2435 capere
1677 2402 1793 2435 possent.
1814 2397 1843 2423 fr.
1860 2399 1900 2424 14.

1067 2441 1099 2467 de
1116 2441 1145 2467 S.
1165 2440 1196 2467 C.
1216 2440 1297 2467 Silan.
1316 2442 1358 2467 29.
1378 2443 1401 2467 5.
1422 2441 1453 2468 cs.
1474 2441 1504 2467 sr.
1523 2443 1547 2468 9.
1567 2441 1599 2467 de
1618 2442 1649 2467 A.
1669 2451 1692 2467 v.
1713 2440 1744 2466 O.
1764 2440 1795 2466 H.
1814 2442 1855 2467 29.
1875 2443 1899 2467 2.

1067 2484 1160 2517 Aetas,
1180 2485 1205 2510 in
1226 2494 1302 2520 quau]
1322 2484 1398 2510 dolus
1418 2484 1501 2511 malus
1520 2495 1572 2510 non
1592 2484 1666 2510 radit.
1695 2483 1724 2509 fr.
1743 2485 1785 2509 22.
1804 2494 1843 2520 pr.
1868 2484 1900 2510 de

1066 2526 1095 2553 L.
1110 2527 1172 2553 Cor.
1193 2527 1225 2553 de
1244 2527 1300 2553 sals.
1320 2529 1361 2553 48.
1376 2529 1415 2553 10.
1453 2528 1554 2553 Aetatis
1574 2527 1674 2553 lubrico
1695 2531 1794 2562 captus.
1813 2525 1844 2552 fr.
1859 2528 1899 2552 11.

1067 2571 1089 2604 3.
1108 2572 1131 2596 5.
1157 2570 1188 2596 de
1212 2571 1272 2596 min.
1297 2572 1320 2596 4.
1339 2573 1363 2597 4.
1400 2570 1437 2596 Ea
1461 2576 1546 2602 aetas,
1575 2570 1648 2595 cuius
1672 2570 1763 2595 aetatis
1786 2570 1899 2606 puberes

1066 2613 1139 2639 fiunt.
1176 2612 1257 2639 Aetas
1276 2623 1359 2650 prope
1378 2614 1549 2650 pubertatem.
1581 2612 1637 2637 Gai.
1651 2611 1668 2637 I.
1684 2613 1740 2638 196.
1760 2611 1791 2638 fr.
1807 2614 1845 2638 17.
1859 2623 1898 2649 pr.

1066 2656 1098 2682 de
1118 2661 1232 2682 excusat.
1261 2658 1345 2683 271.
1382 2657 1446 2682 Eius
1474 2656 1577 2686 aetatis,
1606 2665 1761 2691 quamquam
1784 2655 1898 2681 noudum

1066 2699 1190 2736 puberis,
1210 2709 1269 2725 esse
1288 2704 1316 2725 ut
1335 2704 1383 2725 etc.
1420 2698 1502 2724 Huius
1520 2699 1613 2724 aetatis
1633 2697 1735 2735 pupilli.
1756 2697 1786 2724 fr.
1808 2700 1845 2724 14.
1866 2698 1898 2724 de

1067 2742 1093 2768 S.
1115 2741 1145 2768 C.
1167 2742 1247 2768 Silan.
1266 2744 1307 2768 29.
1328 2745 1351 2768 5.
1380 2741 1436 2768 Gai.
1455 2740 1497 2766 III.
1518 2742 1576 2767 109.

1100 2785 1367 2812 Aeta-nabilis.
1395 2786 1559 2810 Aeternux.
1587 2783 1605 2810 I.
1617 2784 1678 2818 Sy.
1697 2783 1810 2810 Aeterna
1822 2783 1897 2816 (urbs

1066 2827 1170 2861 Roma).
1191 2827 1240 2854 Th.
1256 2827 1286 2854 C.
1302 2827 1356 2853 Vll.
1372 2828 1410 2853 13.
1426 2837 1447 2853 c.
1462 2827 1502 2853 14.
1515 2837 1554 2864 pr.
1575 2826 1607 2853 de
1620 2827 1697 2853 tiron.
1716 2827 1760 2854 XI.
1780 2829 1821 2853 20.
1841 2836 1861 2852 c.
1872 2828 1896 2853 3.

1445 2880 1452 2895 Ι
