2197 3121
1006 147 1086 179 INS.
1850 150 1914 180 483

191 232 223 259 ad
242 232 385 264 libertates,
405 237 430 259 et
443 232 534 269 legata,
554 236 579 257 et
594 230 625 257 ad
639 229 765 256 heredum
777 230 957 256 institutiones
971 239 1028 267 per·
1048 229 1051 263 l
1073 240 1094 255 c.
1114 230 1138 256 6.
1158 239 1179 255 c.
1198 229 1222 255 8.
1243 228 1275 255 de
1294 239 1352 266 app.
1373 233 1398 255 et
1417 239 1493 266 poen.
1530 228 1559 255 ln
1582 239 1633 265 quo
1654 230 1703 261 (sc.
1723 229 1827 267 militari
1846 231 1913 257 iudi-

191 275 303 302 ducitur.
323 275 352 302 fr.
375 277 431 302 161.
452 275 484 302 de
502 274 532 301 R.
553 274 570 300 I.
590 276 630 300 50.
653 274 692 299 17.
713 283 734 299 c.
753 274 776 299 4.
796 282 835 309 pr.
855 272 887 298 de
906 272 937 299 V.
958 273 985 299 S.
1003 273 1027 298 6.
1049 283 1051 292 <
1074 273 1126 305 cio)
1146 276 1172 298 et
1189 272 1328 298 instructio
1348 272 1497 301 sufficiens.
1518 277 1544 298 et
1562 277 1622 298 nota
1642 273 1808 300 testimonia.
1828 278 1853 300 et
1871 283 1914 300 ve—

190 319 232 344 38.
269 318 311 344 An
335 319 465 345 institutio
490 316 594 344 heredis
619 315 729 342 solemni
749 325 821 341 more
840 314 905 341 facta
925 315 976 341 sit?
995 329 1027 334 --
1050 335 1052 353 1
1074 315 1175 341 rissima
1189 319 1303 352 possunt
1316 314 1471 340 documenta
1486 316 1621 352 praestari.
1641 325 1662 341 e.
1676 317 1700 341 2.
1720 316 1763 341 uhi
1777 315 1809 342 de
1823 318 1912 343 ratioc.

192 360 324 387 Solemnis
344 366 428 387 autem
448 360 577 386 institutio
597 359 660 385 haec
674 363 712 385 est
727 363 776 384 etc.
801 357 857 384 Gai.
873 357 975 384 11.116.
989 367 1028 394 sq.
1051 372 1052 391 i
1073 359 1097 383 3.
1116 359 1157 383 21.
1178 356 1244 383 Nov.
1265 356 1314 384 Th.
1334 357 1364 383 11.
1385 357 1417 383 de
1435 357 1497 384 bon.
1518 357 1655 384 fabricens.
1676 357 1693 384 I.
1713 359 1736 384 4.
1762 368 1783 384 c.
1806 361 1826 385 l.
1846 360 1868 393 5.
1887 362 1912 386 4.

192 402 253 440 le.
274 404 344 430 XXI.
366 406 386 430 l.
425 403 538 438 Quoties
558 412 609 428 non
630 401 749 438 adparet,
768 401 827 437 quis
847 400 881 425 sit
898 400 975 426 heres
994 401 1031 426 in-
1051 396 1052 405 ³
1075 399 1206 436 Tempore
1230 401 1402 437 competenti,
1427 410 1479 436 quo
1504 401 1650 427 necessaria
1675 411 1768 427 causae
1787 402 1913 429 criminali

192 447 314 475 stitutus.
339 447 468 473 institutio
493 455 545 472 non
565 444 642 470 valet.
679 443 751 470 Paul.
771 443 812 469 ΠΙ.
832 443 887 468 413.
913 444 934 477 5.
954 445 977 469 3.
999 442 1029 469 cf.
1075 443 1213 469 instructio
1231 444 1330 480 poterit
1348 442 1474 469 adhiberi.
1513 443 1561 469 Th.
1582 442 1612 469 C.
1631 443 1648 469 l.
1670 445 1709 470 12.
1730 454 1750 470 c.
1764 445 1787 470 3.
1808 444 1912 478 (ch.)

192 490 213 523 5.
235 491 258 515 7.
290 489 431 520 Institutio,
452 498 517 525 quae
536 492 692 514 testamento
713 486 770 513 data
790 490 867 511 esset.
887 485 916 512 fr.
939 488 978 512 10.
999 485 1031 512 de
1052 518 1053 527 ἵ
1075 485 1107 511 de
1127 485 1169 511 off.
1190 485 1265 512 Proc.
1285 490 1311 512 et
1329 484 1389 521 Leg.
1407 501 1437 504 —
1458 486 1488 518 ἓ.
1502 487 1540 512 4.
1561 487 1709 512 Libellus
1727 489 1912 515 relationis.

193 531 270 558 cond.
295 533 355 558 inst.
379 532 420 558 28.
449 533 472 557 7.
514 531 583 557 Ante
606 530 711 556 heredis
735 529 927 555 institutionem
952 527 1030 564 legari
1076 530 1257 562 Scriptura
1280 531 1319 555 ad
1342 530 1569 555 instruendum
1595 531 1734 563 aliquem
1754 537 1912 564 spectans.

192 584 245 601 non
264 579 365 612 potest3
384 576 453 601 inter
471 573 570 600 medias
590 572 714 599 heredum
733 571 912 598 institutiones
926 586 955 590 -·
974 576 1031 608 pot·
1052 602 1053 613 ¹
1076 570 1117 596 111.
1148 573 1214 598 Gn.
1257 570 1325 597 Cum
1354 572 1500 597 ratiociniis
1530 571 1801 609 instructionibusque
1831 578 1913 600 trans-

193 622 240 644 est.
260 617 297 643 Id.
317 617 359 643 III.
380 619 403 643 6.
424 617 445 650 5.
465 619 488 642 2.
509 616 540 643 cf.
566 616 622 642 Gai.
637 615 667 642 II.
680 616 737 641 229.
765 613 825 650 le.
840 613 858 640 Ι.
871 616 913 640 21.
932 613 1029 640 XXIV.
1052 642 1053 645 Ἴ
1075 614 1178 639 mittant
1198 613 1384 647 (tabularios.)
1416 612 1483 639 Νῦν.
1507 611 1563 639 Val.
1590 613 1632 639 111.
1655 613 1687 640 de
1709 615 1813 651 palatin.
1838 615 1869 642 H.
1889 618 1912 643 7.

194 662 233 686 15.
267 659 418 697 Captatoria
439 659 578 686 institutio,
599 658 627 685 fr.
643 660 683 684 70.
703 667 741 693 sq.
758 656 790 683 de
809 656 897 683 hered.
918 658 978 683 inst.
987 658 1029 683 28.
1051 692 1052 695 Ἴ
1075 666 1095 682 e.
1115 658 1138 682 3.
1164 656 1220 690 §.2
1206 673 1229 683 ι.
1267 656 1391 683 Omnium
1414 655 1572 692 legationum
1597 657 1794 693 provincialium
1818 659 1913 686 instru-

193 705 219 729 5.
240 719 270 724 —
290 703 320 736 ᾖ.
336 703 370 729 2.
400 703 573 733 Eruditio,
593 702 793 734 Disciplina.
830 699 842 725 1
875 701 936 734 Sy.
966 700 1029 726 Eru-
1075 700 1176 725 ctioncs
1195 713 1228 718 -
1248 700 1312 725 actis
1332 699 1383 735 legi
1401 699 1568 736 pensarique.
1598 698 1646 725 T.h
1662 698 1692 725 C.
1705 700 1761 726 XII.
1777 703 1815 727 12.
1836 712 1856 728 c.
1873 704 1913 728 14.

195 745 273 777 ditio,
293 745 428 771 Doctrina.
462 744 502 771 Cf.
523 754 546 770 v.
573 744 706 770 Doctrina.
727 743 792 776 5.1.
829 742 872 769 111.
895 744 960 770 Gn.
992 743 1031 769 ln-
1051 731 1053 771 l
1075 741 1107 768 tle
1131 741 1252 777 legation.
1278 746 1304 767 et
1327 741 1396 768 decr.
1439 741 1513 767 quta
1535 742 1735 768 instructionem
1760 744 1915 771 eminentiae

192 793 233 814 ter
252 788 366 814 artifices
386 787 461 823 longa
481 787 628 813 differentia
648 790 688 811 est
708 790 732 811 et
751 786 856 822 ingenii,
877 790 902 811 et
916 790 1030 818 naturae,
1075 789 1141 815 tuae
1162 794 1228 820 quae
1247 784 1347 810 adnexa
1367 788 1413 810 est
1441 783 1478 810 lb.
1492 783 1590 810 V1.30.
1611 794 1632 810 c.
1654 786 1692 811 15.
1712 795 1750 822 pr.
1771 786 1802 812 de
1817 786 1870 813 Pal.
1885 787 1912 814 S.

194 835 220 857 et
243 830 391 862 doctrinae,
416 835 441 857 et
466 830 645 856 institutionis
674 828 705 855 fr.
724 830 766 855 31.
791 828 824 855 de
847 828 924 855 solut.
945 830 986 855 46.
1006 831 1029 855 3.
1051 822 1053 862 l
1075 826 1153 863 largg.
1174 826 1358 853 Instructionis
1377 826 1543 853 solemnitate
1562 831 1733 863 transgressa,
1753 829 1914 866 (quidquam

192 873 295 899 Domus
317 890 345 894 -—-
368 875 393 899 in
414 872 510 909 quibus
529 871 635 909 profana
655 872 821 898 institutione
839 871 955 898 docetur.
981 871 1030 898 Th.
1075 869 1223 907 improbum
1237 869 1377 905 flagitare.)
1402 869 1438 895 lb.
1453 869 1486 896 X.
1502 871 1540 896 10.
1560 880 1581 896 c.
1594 871 1636 896 26.
1655 870 1688 896 de
1706 872 1779 907 petit.
1801 877 1826 898 et
1844 872 1913 900 ultro

193 915 224 942 C.
238 915 308 942 XVI.
322 918 346 942 5.
367 926 387 942 c.
401 917 425 942 3.
445 915 477 942 de
497 915 592 942 haeret.
621 914 696 950 Quae
714 916 845 941 institutio
865 914 951 941 divina
971 925 1031 941 con-
1052 935 1053 947 ,
1075 912 1126 938 dat.
1163 912 1367 948 Erogationibus
1392 913 1492 938 cunctis
1516 917 1604 950 aperta
1627 913 1801 941 instructione
1819 916 1915 952 patefa-

193 958 306 985 demnat.
326 958 362 985 lh.
384 958 400 984 l.
421 958 437 984 l.
458 968 479 984 c.
493 960 533 984 45.
555 974 584 978 -
605 958 635 991 ἕ.
650 959 686 984 3.
708 959 958 990 Institutiones,
978 959 993 984 i.
1009 968 1030 984 e.
1052 961 1054 990 ξ
1076 956 1134 982 ctis.
1166 955 1203 981 lb·
1222 955 1255 981 X·
1276 957 1298 980 l·
1318 964 1339 981 C·
1355 956 1394 980 ll·
1414 954 1446 981 de
1466 955 1523 981 iure
1541 955 1606 982 fisci·
1626 971 1657 975 -
1678 956 1709 988 §.
1723 958 1761 984 5.
1782 959 1915 985 Susten-

194 1002 630 1033 Commentarii,doctrinae
648 1002 802 1027 elementa
821 1003 1030 1027 continentes.
1052 994 1053 1010 ¹
1076 1000 1162 1025 tatio
1181 1000 1245 1029 rei,
1265 999 1467 1032 Adparatus.
1487 1000 1696 1024 Instructam
1722 999 1915 1028 111.(7n.Ne.

193 1043 212 1070 1.
234 1045 296 1078 Sy.
333 1043 475 1070 Elementa.
500 1053 521 1069 c.
540 1045 564 1069 2.
594 1043 615 1077 5.
635 1045 677 1069 ⁶23.
702 1042 734 1069 de
758 1048 810 1069 vet.
830 1044 885 1069 iure
904 1043 987 1070 enucl.
1011 1046 1054 1074 1,
1053 1044 1054 1048 ’
1052 1051 1127 1084 que
1149 1041 1341 1071 instructionis
1365 1050 1449 1076 neque
1471 1041 1636 1067 instiumenti
1658 1041 1834 1078 adpellatione
1855 1054 1916 1070 con-

194 1088 235 1113 17.
263 1086 393 1112 Instituta.
424 1086 465 1113 Cf.
485 1096 509 1112 v.
536 1085 694 1112 Institutum.
719 1086 740 1119 5.
760 1088 784 1112 3.
825 1085 867 1112 III.
893 1087 959 1114 Gn.
990 1085 1032 1113 Li·
1076 1085 1161 1110 finesi-
1181 1082 1253 1110 Paul
1273 1082 1315 1109 ΙΙΙ.
1335 1084 1359 1108 6
1379 1083 1399 1116 5
1420 1085 1460 1109 ·.10
1499 1083 1583 1118 Quam
1604 1084 1652 1117 (sc.
1672 1086 1914 1121 pecuniam)—ad

193 1129 247 1161 bri,
272 1130 316 1165 qui
334 1130 417 1166 prima
436 1128 521 1165 legum
541 1134 689 1165 argumenta
709 1129 890 1160 continebant,
914 1133 940 1155 et
958 1129 1032 1155 insti·
1052 1129 1054 1151 5
1076 1127 1276 1153 instructionem
1292 1126 1487 1163 provinciao—
1501 1130 1606 1162 oportet
1624 1127 1749 1163 integram
1768 1130 1914 1164 pervenire.

192 1173 309 1198 tationes
327 1171 496 1198 vocabantur.
522 1182 542 1198 c.
562 1174 585 1198 2.
609 1173 630 1206 5
652 1173 691 1198 11.
712 1172 746 1198 ib.
768 1173 789 1198 1.
811 1174 850 1198 17.
888 1171 963 1207 Quae
981 1173 1031 1205 (sc.
1052 1171 1054 1229 ]
1076 1169 1125 1196 Th.
1147 1169 1177 1196 C.
1196 1169 1253 1195 XII.
1273 1170 1295 1194 6.
1317 1178 1338 1194 c.
1357 1170 1399 1194 28.
1419 1168 1452 1194 dc
1471 1173 1617 1205 susceptor.
1637 1179 1757 1206 praepos.

192 1215 384 1246 institutiones)
405 1225 436 1240 ex
455 1214 576 1240 omnibus
590 1215 756 1251 antiquorum
769 1215 988 1247 institutionibus,
1006 1220 1032 1241 et
1052 1247 1054 1255 γ
1110 1213 1364 1242 Instructam,
1396 1221 1420 1237 V-
1445 1213 1675 1239 Instructiu-
1704 1212 1828 1245 (Subst.)
1857 1216 1914 1241 Re-

192 1259 332 1295 praecipue
352 1267 383 1283 ex
403 1259 596 1283 commentariis
619 1257 678 1284 Gaii
698 1259 794 1289 nostri,
818 1262 870 1283 tam
890 1259 1032 1284 institutio·
1052 1257 1054 1292 j
1075 1265 1144 1282 rum
1162 1256 1271 1289 copia,
1296 1264 1377 1288 qaae
1402 1263 1492 1280 u⁸1lm
1511 1255 1559 1280 rei
1582 1256 1756 1287 adiuvant,
1781 1260 1830 1283 vel
1847 1267 1914 1291 spe-

192 1311 254 1327 num
267 1310 343 1337 quam
357 1310 443 1326 rerum
457 1299 683 1336 quodidianarum,
698 1301 893 1338 (compositae.)
911 1300 1031 1327 Prooem.
1075 1300 1152 1324 ciem
1170 1299 1241 1324 eius
1265 1302 1393 1324 ornant
1429 1295 1471 1322 111.
1496 1297 1562 1324 Gn.
1596 1296 1703 1329 Omnia,
1729 1308 1795 1334 quae
1814 1309 1844 1325 eo
1864 1300 1916 1326 col-

191 1344 255 1370 Inst.
275 1344 297 1378 5
317 1344 341 1370 6
363 1360 392 1363 -
414 1343 445 1376 §.
466 1345 505 1370 4.
539 1345 747 1375 institutam,
768 1344 956 1370 Consilium
986 1343 1030 1370 ΙΙΙ
1075 1339 1126 1366 lata
1146 1344 1215 1371 sunt,
1235 1344 1263 1366 ut
1282 1339 1435 1366 instructior
1455 1343 1526 1365 esset
1544 1339 1687 1376 patei-fam..
1707 1341 1835 1368 instructo
1857 1353 1916 1369 con

192 1387 259 1414 Cn.
299 1385 367 1412 Puto
396 1386 570 1412 institutionis
599 1387 683 1412 nostri
714 1386 761 1419 [al.
790 1387 903 1413 instituti
932 1387 1054 1420 vestri]
1052 1373 1235 1409 tinebuutur.
1255 1382 1286 1408 fr.
1308 1384 1347 1408 12.
1368 1382 1389 1416 5.
1402 1383 1445 1408 27.
1466 1381 1499 1408 de
1517 1383 1591 1408 instr.
1612 1382 1660 1419 leg.
1680 1385 1720 1409 33.
1742 1385 1765 1410 7.
1797 1384 1916 1412 Fundum

191 1429 269 1455 vobis
288 1430 375 1455 inesse
395 1429 521 1455 notitiam.
547 1428 613 1455 Nov.
632 1428 722 1455 Maior.
743 1429 775 1455 de
794 1434 853 1456 ortu
872 1430 932 1466 imp
953 1429 996 1456 IV.
1008 1432 1031 1456 1.
1052 1410 1232 1462 {instructum
1252 1441 1284 1445 -
1305 1425 1414 1461 legavit;
1437 1429 1530 1462 postea
1554 1405 1684 1452 codicillis
1704 1427 1792 1463 petiit,
1812 1444 1844 1447 —
1868 1439 1917 1455 nec

193 1483 214 1500 c.
240 1474 262 1499 l.
1052 1455 1054 1508 ἑ
1075 1469 1197 1495 instructi
1216 1469 1374 1494 mentionem
1395 1467 1493 1494 habuit.
1512 1467 1543 1493 fr.
1562 1469 1586 1494 3.
1613 1478 1651 1505 pr.
1670 1468 1704 1494 ib.
1724 1471 1766 1496 33.
1787 1472 1808 1497 7.
1842 1471 1917 1507 Quae

227 1515 465 1543 Institutum.
502 1515 533 1548 ξ.
557 1516 592 1541 1.
625 1516 850 1547 constitutio,
882 1517 1030 1548 Sanctio,
1053 1509 1054 1514 ¹
1076 1512 1108 1539 ad
1127 1513 1284 1539 instructum
1302 1511 1483 1548 possessionis
1497 1509 1540 1536 vel
1554 1509 1647 1536 domus
1660 1512 1800 1548 pertinent.
1821 1513 1870 1540 Th.
1885 1514 1915 1540 C.

193 1561 411 1592 Praeceptum.
454 1557 497 1583 ΙΠ.
525 1558 591 1585 Cn.
628 1557 709 1584 Moris
733 1559 830 1584 veteris
854 1558 975 1585 instituto
1000 1572 1031 1578 —
1076 1555 1108 1581 X·
1128 1556 1152 1581 Β·
1177 1564 1198 1580 ⁰·
1220 1556 1242 1580 l·
1267 1553 1300 1580 de
1319 1554 1381 1580 b0n·
1400 1563 1455 1580 vac·
1490 1553 1652 1580 Instrucssum
1675 1555 1828 1581 munitionis
1851 1557 1916 1583 viae.

193 1600 365 1627 decernimus.
390 1599 440 1626 Th.
455 1599 485 1626 C.
498 1600 531 1626 X.
547 1602 570 1626 9.
591 1610 612 1626 c.
631 1602 656 1626 3.
676 1600 708 1626 de
728 1601 858 1638 incorpor.
880 1601 911 1628 cf.
930 1601 975 1628 XI.
990 1604 1031 1628 36.
1053 1614 1054 1623 π
1076 1598 1114 1625 lb·
1132 1596 1191 1624 XV·
1211 1598 1235 1623 3-
1256 1607 1277 1623 C·
1297 1598 1321 1623 4·
1341 1595 1373 1622 de
1392 1597 1449 1623 illn-
1468 1606 1538 1623 mun-

195 1653 216 1670 c.
235 1644 259 1669 4.
279 1643 362 1678 Quor.
382 1653 441 1680 app.
461 1653 485 1669 n.
505 1653 557 1669 rec.
586 1643 639 1679 Qui
658 1658 692 1663 —
711 1645 841 1670 mensuris
861 1649 885 1671 et
903 1645 1032 1671 institutis
1111 1641 1341 1667 lssStl'uctus·
1361 1638 1482 1672 (p³¹'tlc·)
1519 1639 1550 1672 ἕ·
1574 1641 1608 1665 1·
1629 1640 1744 1665 1d⁰⁷²ee
1763 1642 1915 1668 munitus.

195 1696 274 1723 opera
293 1685 463 1712 fabricatione
487 1687 625 1722 stringunt.
657 1685 693 1712 Ib.
713 1686 782 1713 XIII.
803 1688 825 1713 4.
849 1697 870 1714 c.
889 1689 914 1714 3.
939 1687 971 1714 de
990 1698 1033 1715 ex·
1053 1688 1055 1695 '
1076 1683 1119 1710 111·
1144 1684 1210 1710 0²1·
1252 1682 1316 1708 Sive
1340 1691 1398 1708 cum
1421 1683 1594 1707 ῙΠΒῐΙἬῙΠθΠῐΟ
1623 1681 1719 1708 fundus
1743 1682 1842 1718 legatus
1866 1689 1916 1717 est,

195 1738 250 1755 cus.
269 1728 335 1754 artif.
372 1727 472 1755 Contra
491 1730 610 1755 instituta
630 1730 745 1755 omnium
769 1732 841 1762 (eam
860 1731 967 1766 gratiam
986 1731 1033 1757 ite·
1077 1728 1134 1753 sive
1152 1727 1297 1752 instructus
1316 1724 1424 1760 legatus·
1449 1724 1478 1750 fr.
1494 1725 1516 1750 l.
1535 1734 1575 1760 pr.
1594 1723 1625 1750 fr.
1639 1726 1662 1750 5.
1683 1724 1713 1750 fr.
1729 1727 1767 1751 12.
1788 1726 1809 1759 5.
1823 1728 1864 1753 27.
1884 1726 1917 1754 de

195 1770 276 1798 raudo
296 1772 496 1803 contaminare.)
520 1771 557 1798 lb.
577 1771 647 1798 XVI.
667 1773 690 1798 6.
715 1782 735 1798 c,
757 1773 779 1798 l.
800 1772 831 1799 cf,
856 1783 877 1799 c⁴
897 1775 921 1799 2,
942 1783 980 1810 pr,
1000 1783 1034 1800 ne
1054 1803 1055 1808 1
1077 1770 1151 1795 instr.
1171 1767 1220 1803 leg.
1239 1768 1281 1793 33.
1296 1769 1318 1793 7.
1349 1766 1527 1792 Instrumento
1547 1776 1609 1792 suae
1628 1767 1802 1804 professionis
1822 1770 1917 1796 instru-

195 1814 223 1841 S,
243 1814 313 1850 bapt,
329 1829 358 1834 -
378 1814 410 1847 §,
425 1816 460 1841 2.
486 1816 584 1840 Ratio
604 1817 730 1849 agendi,
767 1814 810 1841 ΠΙ,
834 1816 899 1842 022,
930 1816 1033 1844 Sciens*
1054 1809 1055 1835 l
1078 1816 1135 1838 ctus
1154 1810 1349 1845 (argentarius.)
1370 1809 1399 1835 fr.
1419 1810 1442 1835 6.
1464 1809 1485 1842 5.
1500 1810 1523 1835 9.
1543 1809 1576 1835 de
1595 1809 1688 1836 edend.
1703 1812 1727 1836 2.
1744 1813 1782 1837 13.
1815 1811 1917 1839 Civitas

196 1867 254 1884 eum
273 1856 350 1883 huius
371 1865 429 1882 esse
448 1857 561 1883 instituti
582 1861 607 1882 et
626 1858 702 1883 vitae.
729 1856 758 1883 fr.
780 1859 819 1883 12.
844 1858 865 1892 5.
884 1861 908 1884 4,
933 1858 965 1885 dg
984 1869 1033 1885 usu
1078 1855 1204 1881 instructa
1223 1851 1355 1890 praesidio
1370 1852 1536 1885 (murorum.)
1557 1862 1577 1878 c.
1594 1854 1616 1878 1.
1636 1852 1668 1879 de
1681 1863 1788 1890 expens.
1808 1854 1860 1881 lud.
1876 1857 1916 1882 ll.

196 1905 221 1927 et
241 1899 320 1926 habit.
342 1900 364 1925 7.
384 1899 409 1924 8.
429 1898 460 1925 cf.
481 1898 530 1925 Th.
551 1898 581 1925 C.
601 1899 668 1925 Xlll.
691 1901 712 1925 1.
735 1909 756 1926 c.
777 1902 815 1926 10.
835 1900 867 1927 de
887 1900 959 1928 lustr.
982 1901 1035 1928 col·
1054 1905 1056 1928 ὲ
1077 1899 1119 1923 41-
1156 1895 1264 1922 Pffledlss
1283 1894 1390 1931 Ῑθὲἃνῖῑε
1410 1899 1438 1921 ut
1457 1896 1584 1921 instructa
1604 1900 1689 1927 erant,
1710 1906 1767 1922 cum
1788 1899 1872 1924 servis
1892 1904 1917 1925 et

195 1943 240 1970 lat.
270 1942 375 1978 Quibus
395 1942 553 1972 institutum,
572 1941 614 1968 vel
633 1943 799 1979 propositum
817 1944 887 1969 vitae
901 1945 1032 1971 minuitur.
1054 1959 1056 1974 ι
1078 1940 1188 1967 caeteris
1207 1938 1296 1969 rebus,
1316 1942 1341 1964 et
1360 1937 1488 1974 quidquid
1507 1937 1544 1964 ibi
1564 1943 1641 1964 esset·
1662 1938 1692 1965 fr.
1712 1940 1752 1966 58.
1773 1939 1804 1966 cf.
1824 1940 1854 1967 fr.
1874 1943 1915 1968 54.

196 1985 226 2012 fr.
248 1987 286 2011 17.
307 1984 338 2011 cf.
358 1984 388 2011 fr.
410 1986 450 2010 16.
469 1985 534 2018 5.1.
555 1984 587 2011 de
607 1995 679 2022 oper.
698 1985 784 2011 libert.
799 1986 840 2012 38.
857 1988 878 2012 1.
898 1985 947 2013 Th.
961 1986 992 2013 C.
1003 1987 1033 2013 II.
1078 1983 1110 2010 (le
1128 1981 1214 2020 PCCUI-
1235 1983 1274 2007 15-
1296 1982 1317 2006 l·
1339 1980 1368 2006 sr-
1387 1981 1411 2007 6-
1431 1980 1464 2006 de
1483 1981 1556 2007 lnSU'-
1576 1980 1626 2017 leg·
1646 1983 1688 2007 33·
1708 1983 1731 2008 7-
1751 1992 1771 2008 C·
1789 1984 1810 2008 l-
1830 1993 1868 2020 sq.
1884 1984 1916 2010 de

197 2030 237 2055 17.
257 2038 278 2054 c.
300 2030 322 2054 1.
341 2037 380 2064 pr.
400 2027 432 2053 de
452 2026 476 2053 h.
497 2037 539 2064 qu.
560 2037 618 2053 ven.
638 2032 687 2054 aet.
702 2044 732 2048 —
753 2028 783 2062 δ.
801 2029 838 2055 3.
858 2031 1033 2062 Instituta,
1055 2039 1057 2067 i
1078 2025 1109 2052 V.
1123 2025 1152 2052 S.
1166 2027 1189 2051 6.
1203 2025 1244 2050 38.
1276 2023 1363 2050 Domo
1383 2033 1440 2050 cum
1461 2024 1531 2050 omni
1550 2024 1606 2050 iure
1625 2033 1682 2055 suo,
1702 2025 1770 2050 sicut
1789 2026 1915 2053 instructa

197 2072 213 2098 i.
237 2081 259 2098 e.
290 2072 543 2102 Institutiones,
576 2072 752 2097 Elementa.
795 2070 837 2097 III.
861 2073 927 2099 Cn.
958 2072 1034 2099 Sicut
1079 2073 1127 2100 est,
1147 2067 1237 2103 legata.
1257 2065 1329 2092 Paul.
1348 2066 1391 2092 III.
1405 2067 1429 2093 6.
1449 2066 1470 2099 5.
1490 2067 1531 2093 58.
1552 2066 1582 2092 fr.
1603 2068 1642 2093 12.
1663 2067 1684 2100 5.
1704 2069 1744 2093 42.
1764 2067 1781 2094 l.
1800 2068 1817 2095 l.
1836 2071 1878 2096 33.
1892 2072 1916 2097 7.

197 2115 224 2140 in
241 2114 370 2140 institutis
389 2117 415 2139 et
433 2112 570 2140 inrcodice
589 2113 736 2139 didicimus.
759 2113 807 2140 Iul.
822 2123 863 2151 ep.
877 2124 936 2141 nov.
957 2125 978 2142 c.
992 2117 1033 2142 67.
1079 2112 1153 2148 Quae
1174 2121 1203 2137 eo
1223 2108 1317 2136 collata
1337 2113 1407 2141 sunt,
1427 2113 1456 2135 ut
1475 2110 1628 2135 instructior
1646 2114 1717 2135 esset
1732 2111 1864 2146 paterfam.
1885 2112 1915 2140 fr.

198 2156 220 2189 5.
238 2158 296 2182 241.
317 2156 348 2182 cf.
369 2166 390 2182 c.
409 2158 434 2182 3.
454 2155 476 2189 5.
497 2157 537 2182 ll.
557 2155 590 2182 de
608 2160 659 2182 vet.
679 2157 735 2182 iure
754 2156 837 2183 enuel.
859 2159 881 2183 1.
902 2159 941 2184 17.
1081 2158 1119 2182 12.
1144 2155 1166 2188 5.
1186 2155 1227 2180 27.
1254 2153 1288 2179 ib.
1307 2154 1349 2179 33.
1375 2153 1398 2179 7.
1425 2167 1457 2171 -
1493 2152 1523 2185 ξ.
1544 2153 1579 2178 2.
1611 2154 1771 2184 Edon-tus,
1795 2157 1916 2182 certior

234 2199 480 2233 Instringere.
502 2200 679 2234 stringere.
704 2198 722 2225 1.
737 2200 799 2234 Sy.
824 2199 958 2236 Stringere
972 2200 1035 2236 (gla-
1074 2201 1209 2235 factus,
1234 2198 1470 2230 Praeparatus.
1512 2194 1554 2221 111.
1575 2196 1641 2222 011.
1669 2194 1697 2220 Si
1716 2194 1790 2222 I.Cti
1815 2199 1915 2234 copiam

200 2240 296 2273 dium.)
314 2240 495 2268 C011.L1..M.
516 2241 534 2267 1.
548 2242 572 2267 6.
592 2240 624 2267 cf.
645 2240 673 2267 fr.
689 2242 711 2267 1.
731 2242 752 2275 5.
769 2244 793 2268 3.
813 2242 845 2268 ad
858 2242 887 2269 L.
902 2242 982 2269 Corn.
1002 2243 1035 2270 de
1055 2269 1057 2275 .
1078 2241 1195 2271 haberet,
1213 2238 1256 2265 vel
1276 2248 1321 2265 sua
1340 2237 1479 2275 prudentia
1498 2238 1642 2264 instructus
1663 2238 1704 2263 sit.
1724 2238 1754 2264 fr.
1767 2240 1791 2265 9.
1810 2240 1831 2273 5.
1845 2241 1868 2265 3.
1883 2239 1915 2266 de

200 2284 275 2309 sicar.
295 2283 335 2308 48.
354 2284 377 2309 8.
1078 2284 1126 2310 iur.
1147 2287 1172 2309 et
1191 2282 1251 2308 facti
1271 2282 1321 2317 ign.
1341 2283 1382 2306 22.
1402 2281 1425 2306 6.
1455 2280 1484 2306 Si
1503 2295 1535 2299 —-
1556 2290 1608 2306 non
1626 2280 1817 2311 denunciasset.
1836 2281 1915 2308 idem-

238 2326 454 2352 lusu-netto.
478 2327 509 2361 ς.
530 2328 564 2353 l.
585 2328 811 2359 Constructio,
832 2329 1034 2355 Fabricatio.
1079 2336 1130 2363 que
1148 2326 1233 2352 victus
1253 2324 1355 2351 fuisset.
1375 2324 1496 2359 quoniam
1514 2333 1604 2360 parum
1624 2324 1767 2349 instructus
1786 2329 1863 2350 esset.
1883 2323 1913 2350 fr.

201 2368 219 2394 1.
245 2369 306 2402 Sy.
334 2367 502 2401 Instauratio.
526 2369 697 2396 Constructio
716 2370 832 2401 (viarum
852 2372 918 2403 etc.)
939 2370 988 2397 Th.
1003 2370 1034 2397 C.
1078 2372 1119 2396 53.
1139 2370 1161 2402 5.
1183 2370 1205 2394 l.
1225 2367 1257 2394 de
1277 2367 1398 2393 eviction.
1418 2368 1459 2392 21.
1473 2367 1496 2391 2.
1525 2365 1620 2392 Postea
1638 2365 1742 2403 plenius
1761 2367 1914 2398 instructus,

201 2411 245 2437 XI.
268 2413 307 2437 16.
328 2420 348 2436 c.
371 2411 409 2435 18.
430 2410 462 2436 de
480 2416 545 2438 extr.
564 2422 585 2438 s.
605 2412 675 2438 sord.
694 2412 753 2438 XV.
772 2414 796 2439 3.
822 2423 842 2439 c.
861 2414 885 2439 3.
905 2422 945 2449 sq.
970 2423 990 2439 c.
1010 2414 1033 2439 6.
1055 2427 1057 2430 ·
1079 2428 1111 2432 —-
1130 2411 1320 2441 instrumentis,
1343 2408 1384 2434 vel
1404 2407 1525 2445 epistolis
1544 2409 1692 2439 amicorum,
1713 2409 1776 2434 iuris
1795 2410 1836 2435 sui
1855 2408 1915 2435 edo-

202 2454 234 2480 de
253 2453 308 2478 itin.
327 2462 395 2478 mun.
437 2451 480 2478 III.
501 2455 565 2481 Cn.
596 2455 785 2481 instructiones
804 2457 1035 2493 reparationesque
1079 2460 1144 2482 ctus.
1165 2454 1195 2480 fr.
1216 2455 1256 2479 ll.
1275 2452 1297 2485 5.
1318 2453 1358 2477 12.
1377 2451 1409 2477 (le
1428 2452 1518 2495 interr.
1538 2452 1563 2477 in
1583 2452 1638 2478 iure
1658 2453 1697 2476 11.
1718 2452 1740 2476 1.
1759 2450 1815 2483 (Cf.
1833 2461 1858 2477 v.
1878 2453 1914 2478 in.

202 2497 340 2529 (itinerum
359 2496 554 2532 pontiumque.)
582 2497 618 2524 lb.
638 2497 655 2524 l.
675 2497 691 2524 l.
712 2508 733 2524 c.
753 2499 776 2524 6.
808 2498 927 2525 Honores
946 2498 1035 2525 subire
1079 2503 1189 2524 struere.
1209 2497 1230 2530 5.
1246 2496 1288 2528 3.)

202 2537 355 2574 cogendum.
375 2548 451 2573 quam
470 2539 557 2574 operis
576 2540 781 2567 instructionem.
807 2540 837 2567 fr.
858 2543 898 2567 12.
918 2541 983 2574 5.1.
1003 2540 1035 2567 de
1056 2552 1057 2558 ¹
1115 2541 1326 2568 Instruere·
1363 2537 1395 2571 ξ.
1418 2538 1453 2562 1.
1479 2537 1687 2566 Construere,
1713 2537 1913 2570 Componere.

202 2580 315 2618 pollicit.
335 2582 375 2606 50.
396 2582 436 2606 12.
468 2596 498 2601 -—
531 2581 562 2614 ξ.
587 2583 622 2608 2.
657 2585 849 2616 Institutio,
869 2585 1034 2610 Eruditio.
1080 2583 1098 2610 I.
1125 2584 1187 2617 Sy.
1222 2581 1380 2612 Exstruerffi
1399 2578 1495 2605 Facere
1513 2580 1751 2612 (monumentum.)
1776 2579 1806 2606 fr.
1825 2582 1866 2607 44,
1881 2581 1914 2608 de

202 2623 245 2650 ΙΙΙ.
266 2624 331 2650 οη.
360 2622 401 2648 Ad
424 2623 622 2649 instructionem
641 2634 745 2662 quoque
763 2625 922 2663 pupillorum
942 2642 974 2646 -
994 2626 1037 2653 de·
1079 2625 1168 2652 hered.
1192 2625 1253 2650 inst.
1276 2624 1318 2649 28.
1342 2624 1365 2649 5.
1394 2622 1424 2648 fr.
1450 2623 1489 2646 42.
1520 2620 1551 2646 dt:
1579 2619 1654 2655 legat.
1678 2620 1720 2647 III.
1749 2622 1834 2655 (32.)
1870 2622 1912 2650 Ill.

204 2675 318 2693 cernere.
337 2669 459 2702 respectu
478 2665 645 2691 facultatium.
668 2666 699 2693 fr.
718 2670 741 2694 3.
766 2669 787 2703 5
806 2671 830 2695 5.
850 2669 895 2695 ubi
912 2679 974 2706 pup.
993 2671 1035 2695 27.
1081 2670 1146 2697 Cn·
1170 2667 1224 2703 Qui
1242 2676 1271 2693 se
1290 2665 1367 2692 aedes
1386 2663 1515 2701 spondeat
1534 2662 1694 2695 habiturum,
1723 2665 1774 2690 nisi
1792 2665 1859 2691 intra
1878 2665 1914 2692 Vl

203 2712 228 2735 2,
244 2725 273 2729 -
294 2709 373 2741 §.3.
390 2710 609 2742 praeparatio
629 2711 676 2734 rei
694 2711 726 2736 in
744 2712 869 2739 iudicio
888 2717 1036 2738 tractan-
1080 2720 1183 2738 menses
1202 2710 1357 2736 instruxerit
1376 2712 1423 2733 etc.
1449 2705 1497 2731 Th.
1518 2705 1548 2731 C.
1568 2705 1638 2732 XIV.
1660 2708 1699 2733 17.
1719 2716 1740 2733 c.
1762 2709 1800 2734 13.
1821 2707 1853 2734 de
1871 2718 1913 2734 an-

205 2754 266 2779 dae.
304 2750 347 2777 111.
374 2752 440 2778 Cn.
471 2750 546 2785 Quae
564 2750 722 2786 litigatoreS.
746 2753 926 2780 instructionis
944 2754 1037 2791 proba·
1058 2775 1059 2780 ,
1080 2764 1140 2780 non.
1165 2753 1239 2780 civic.
1264 2752 1295 2778 cf.
1319 2750 1363 2777 XI.
1390 2751 1411 2774 l.
1440 2758 1461 2774 c.
1480 2750 1522 2774 21.
1551 2748 1583 2775 dc
1606 2759 1700 2775 annon.
1724 2754 1749 2776 et
1771 2750 1861 2776 tribut.
1881 2767 1911 2771 —

208 2795 337 2830 tionisque
357 2804 446 2822 causa,
466 2794 638 2820 recitaverint.
668 2793 716 2819 Th.
737 2793 768 2820 C.
786 2796 831 2822 XI.
850 2799 890 2823 30.
912 2806 932 2822 c.
952 2798 976 2823 9.
1005 2796 1036 2823 cf.
1081 2797 1112 2830 ξ.
1132 2798 1168 2823 2.
1195 2798 1331 2823 Parare,
1352 2793 1502 2819 Idoneum
1516 2794 1643 2828 faeere,
1663 2794 1829 2819 Exlzihere.
1853 2791 1910 2824 (Cf.

1416 2833 1472 2859 61*
