2197 3121
1066 168 1168 200 AOU.

1107 198 1124 210 λ.

255 173 296 203 76

255 255 311 286 nia,
332 253 441 283 Tuscia,
461 252 599 280 Picenum.
619 252 768 283 Samnium,
788 251 898 289 Apulia,
919 250 1049 278 Calabria.
1070 255 1096 276 et
1116 251 1118 290 ζ
1174 251 1478 284 Aqunehaustus.
1517 252 1576 283 ,Iun
1604 253 1783 280 hauriendi
1805 264 1922 289 nquam
1950 256 1983 281 in

255 297 353 325 Brutii.
379 302 404 323 et
428 296 549 323 Lucania.
587 295 636 322 Th.
662 295 692 321 C.
714 294 759 321 XI.
781 296 824 321 28.
849 305 870 321 c.
891 297 913 321 7.
939 294 972 321 de.
996 292 1094 329 indulg.
1117 293 1232 330 *futile
1259 295 1410 321 alterins.
1451 293 1470 320 I.
1494 295 1556 329 Sy.
1592 294 1634 321 Ius
1667 294 1812 323 hauriendi.
1858 296 1980 324 Servitus

256 340 336 367 debit.
357 340 388 366 et'.
409 340 452 366 IX.
472 341 514 365 30.
535 349 556 365 c.
579 340 599 365 l.
632 338 712 373 Quib.
733 348 823 374 equor.
844 348 883 364 us.

289 384 411 416 Aqua.
449 382 479 415 §.
501 383 535 408 l.
572 383 748 408 Humidum
777 382 862 407 illud
890 381 1096 407 notissimum

255 436 292 452 ex
316 426 368 452 11'.
395 426 571 451 elementis.
614 423 656 449 llI.
681 424 748 451 Cn.
779 424 846 455 Aer,
867 433 931 460 aqua
951 422 1096 459 profluens,

257 511 384 537 terdirere
404 510 478 541 ete.).
509 509 540 535 el'.
566 519 589 535 v.
610 508 777 535 interdicere.
814 508 869 534 Nec
889 507 1022 545 adplicat-e
1040 517 1098 544 per-

255 555 339 583 misit.
359 564 407 580 nec
426 562 518 588 aquam
537 552 647 578 haurire.
677 551 700 578 fr
728 554 752 578 2.
778 551 800 585 5.
820 552 862 577 46.
882 550 914 577 de
934 551 967 577 0.
988 550 1006 577 Ι.
1028 552 1050 577 1.
1068 552 1093 576 2.

257 649 294 676 pr.
315 640 336 673 5.
360 641 397 664 15.
418 638 450 664 de
469 648 534 674 aqua
548 643 573 664 et
586 648 644 674 aqu.
659 637 731 675 pluv.
750 638 792 664 39.
806 638 829 663 3.
868 637 897 663 Si
916 647 998 673 aquae
1017 636 1098 663 ssuen-

257 687 295 708 tes
316 681 414 707 calidae
433 686 552 708 noceant.
573 681 603 708 fr.
617 683 642 707 3.
663 681 722 714 5.1.
743 680 778 706 ib.
797 682 839 706 39.
859 681 883 706 3.
921 679 984 711 Vas,
1004 680 1031 706 in
1046 689 1097 716 quo

255 735 320 761 aqua
341 724 372 750 ad
392 723 547 757 bibendum,
571 723 760 760 lavandamque
779 722 901 749 familiam
920 727 1034 760 paratur.
1067 722 1098 749 fr.

259 770 296 795 ¹2.
316 769 337 802 5.
354 770 394 794 10.
414 767 447 794 de
466 768 542 793 instr.
556 766 606 802 leg.
625 768 667 792 33.
688 768 711 792 7.
748 766 883 802 Aquarum
897 765 1098 802 magnitudines.

256 811 304 837 Vis
324 821 414 847 aquae.
438 810 468 837 fr.
489 811 531 836 23.
551 809 583 836 (le
602 809 633 835 R.
654 809 671 835 1.
692 811 733 835 50.
755 811 794 835 17.
816 808 847 835 sr.
861 811 886 835 2.
905 809 928 843 5.
942 811 966 835 5.
987 808 1019 835 de
1033 818 1099 844 aqua
1120 838 1122 843 ‚

255 860 279 880 et
300 864 359 891 aqu.
380 854 451 891 pluv.
471 855 513 880 39.
532 854 556 879 3.
594 852 657 878 Sive
676 851 810 878 derivetur
830 862 908 888 aqua.
934 857 961 878 ut
981 852 1099 887 exiguior

255 898 321 923 saeta
341 898 427 923 minus
447 898 481 923 sit
501 895 669 931 navigabiliS,
693 894 736 921 vel
756 896 779 921 si
799 894 936 926 dilatetur,
955 899 984 921 ut
1003 894 1098 920 diffusa

256 940 361 967 brevem
381 950 474 976 aquam
494 939 569 965 faciat
589 943 637 964 etc.
663 937 693 964 sr.
715 939 737 964 1.
757 938 835 971 515.
856 937 888 964 de
908 937 1035 964 ssuminib.
1056 938 1098 963 43.

257 986 296 1010 12.
317 983 349 1009 el'.
370 982 400 1009 fr.
423 984 444 1008 1.
464 993 503 1019 pr.
529 992 561 1008 ue
581 991 624 1018 qu.
649 981 676 1007 iu
695 981 766 1007 ssum.
786 980 849 1018 pub.
873 981 914 1006 43.
936 981 976 1007 13,
1014 979 1099 1006 Fistu-

256 1027 294 1053 lae
314 1031 339 1052 et
358 1024 469 1057 canales,
490 1030 516 1051 et
535 1029 658 1055 crateres,
679 1028 704 1049 et
723 1025 746 1050 si
766 1034 817 1060 qua
835 1028 897 1050 sunt
911 1023 958 1049 alia
973 1022 1005 1049 ad
1018 1032 1098 1059 aquas

255 1069 379 1095 salientes
399 1069 554 1094 necessaria.
579 1067 609 1094 l'r.
632 1069 671 1093 12.
693 1067 715 1100 5.
734 1068 776 1093 24.
797 1066 829 1093 de
848 1067 923 1092 instr.
944 1065 993 1101 leg.
1012 1067 1054 1092 33.
1075 1066 1097 1091 7.

255 1113 286 1139 el'.
308 1112 338 1138 l'i'.
361 1113 399 1138 17.
420 1111 442 1145 5.
462 1113 486 1137 9.
512 1110 545 1137 de
563 1110 595 1136 Α.
616 1110 646 1136 E.
666 1108 698 1136 V.
726 1111 765 1136 19.
787 1111 809 1136 l.
846 1125 879 1129 —
911 1110 942 1143 ᾖ.
963 1110 998 1135 2·
1030 1110 1098 1140 1118,

255 1158 367 1183 aliena
387 1164 470 1189 aqua
490 1154 611 1180 utendi.
648 1152 667 1179 I.
685 1154 746 1187 Sy.
766 1152 887 1179 Servitus
902 1161 991 1188 aquae.
1010 1151 1041 1178 fr.
1058 1152 1098 1177 l7.

255 1209 294 1236 pr.
320 1198 353 1224 de
377 1207 444 1233 aqua
468 1201 494 1223 et:
517 1206 575 1233 aqu.
601 1195 674 1232 ltluv.
698 1197 740 1222 39.
759 1197 783 1222 3.
821 1194 942 1221 Servitus
962 1199 1098 1221 nocturna.

255 1241 391 1268 Nocturna
416 1249 490 1276 aqua.
524 1240 554 1266 sr.
582 1241 621 1265 10.
650 1239 720 1272 5.1.
753 1237 882 1274 Quemad.
907 1239 997 1264 servit.
1025 1238 1050 1264 S.
1074 1238 1098 1264 6.

255 1285 298 1311 111.
320 1285 385 1312 Gn.
421 1282 562 1314 Alimenta,
582 1286 607 1308 et
627 1291 719 1318 aquam
739 1291 844 1318 quoque
863 1282 923 1318 (per
941 1280 1098 1308 fideicomm.

255 1326 426 1363 relinquere).
447 1325 477 1352 fr.
499 1327 521 1352 1.
541 1324 572 1351 fr.
594 1326 633 1351 14.
653 1325 675 1358 5.
689 1326 714 1351 3.
734 1324 767 1351 de
786 1324 855 1351 alim.
875 1334 899 1351 v.
920 1324 1000 1351 cibar.
1018 1325 1060 1350 34.
1075 1325 1098 1350 l.

254 1371 290 1398 Et
309 1370 372 1397 alias
393 1368 533 1396 utilitates.
555 1372 579 1393 et
599 1369 740 1393 servitutes
759 1383 792 1387 -—
811 1372 960 1404 praestare,
979 1372 1042 1404 puta
1062 1366 1099 1394 lu-

255 1415 354 1441 minum
377 1418 402 1439 et
426 1421 558 1448 aquarum.
587 1410 617 1437 sr.
638 1412 660 1437 1.
686 1411 707 1445 5.
727 1412 750 1437 4.
778 1411 800 1436 si
825 1410 921 1437 ususfr.
948 1415 1001 1447 pet.
1030 1411 1054 1436 7.
1073 1411 1097 1436 6.

255 1457 285 1484 Si
305 1458 344 1483 sie,
363 1456 504 1482 constituta
524 1455 559 1481 sit
578 1464 656 1490 aqua,
682 1458 710 1479 ut
735 1452 778 1479 vel
797 1458 896 1480 aestate
916 1453 1026 1480 dueatur
1044 1457 1099 1479 tau-

256 1505 310 1526 tum
330 1504 378 1526 etc.
399 1499 429 1525 fr.
450 1500 473 1524 7.
503 1496 631 1533 Quemad.
652 1497 741 1523 servit.
760 1497 784 1523 8.
805 1498 829 1522 6.
860 1495 892 1523 cf.
912 1495 943 1523 fr.
963 1498 987 1523 5.
1006 1506 1045 1533 pr.
1066 1495 1099 1522 de

255 1553 314 1579 aqu.
335 1546 407 1578 quot.
427 1542 468 1567 43.
488 1543 530 1566 20.
567 1539 670 1566 Habere
689 1549 782 1576 aquam
802 1539 930 1571 diurnam,
949 1549 973 1565 v.
994 1543 1099 1565 noctur-

255 1596 322 1613 nam.
342 1585 372 1611 t'r.
394 1586 434 1610 17.
454 1593 493 1621 pr.
514 1583 535 1617 5.
556 1584 579 1608 1.
599 1582 632 1609 de
651 1592 716 1619 aqua
736 1587 763 1609 et
781 1592 840 1619 aqu.
860 1582 896 1619 pl.
916 1580 959 1609 39.
977 1584 1002 1608 3.
1022 1581 1053 1608 l'r.
1073 1582 1097 1608 6.

255 1629 289 1656 ‹le
302 1638 367 1665 aqua
381 1631 453 1664 quot.
468 1628 509 1652 43.
520 1628 562 1652 20.
578 1641 610 1645 -
630 1626 660 1659 §.
676 1627 713 1652 3.
733 1627 817 1652 Fons
836 1635 953 1660 aquae,
973 1626 1098 1659 Aquae-

254 1675 376 1699 ductus.
413 1669 456 1696 III.
476 1670 542 1697 Cn.
570 1668 646 1705 Aqua
667 1667 786 1700 Claudia,
806 1678 826 1694 s.
847 1667 958 1694 Claudia
977 1668 1022 1704 (p.
1042 1667 1097 1700 se).

256 1715 287 1742 l'r.
306 1716 331 1741 2.
356 1714 378 1748 5.
398 1714 440 1740 36.
465 1712 498 1739 de
522 1711 554 1738 Ο.
575 1711 593 1738 1.
620 1713 641 1738 1.
660 1713 685 1738 2.
723 1710 773 1738 Th.
793 1710 825 1737 C.
843 1710 902 1737 XV.
926 1712 951 1737 2.
976 1720 997 1737 c.
1018 1711 1041 1736 9.
1065 1709 1098 1736 de

256 1757 364 1794 aquaed.
401 1756 536 1793 Aquarum
554 1764 741 1792 possessores,
765 1764 813 1791 per
832 1763 944 1790 quorum
961 1753 1029 1780 fines
1049 1752 1099 1779 for-

256 1810 355 1827 marum
373 1804 473 1826 meatus
493 1802 637 1825 transeunt.
664 1797 701 1824 lb.
722 1807 743 1824 c.
759 1799 781 1824 1.
802 1796 818 1823 l.
833 1796 849 1823 1.
886 1796 972 1833 Aqua,
992 1797 1099 1832 quaein

256 1843 338 1870 fundo
359 1842 527 1873 nascebatur,
552 1846 578 1867 et
596 1842 664 1867 circa
684 1850 739 1866 eam
764 1850 857 1876 aquam
880 1839 932 1866 late
949 1839 983 1866 X.
1007 1838 1099 1876 pedeS.

257 1886 288 1913 l'r.
307 1888 350 1912 30.
369 1885 402 1911 de
421 1885 449 1911 S.
468 1884 496 1911 P.
516 1884 548 1910 R.
567 1887 591 1910 8.
611 1885 635 1909 3.
678 1883 707 1909 Si
731 1884 790 1919 quis
810 1899 843 1902 —
862 1893 942 1919 aquas
961 1892 1100 1919 spurcave-

258 1931 304 1960 rit,
333 1928 449 1959 listulas,
478 1927 563 1958 lacus,
594 1925 690 1962 quidve
718 1925 790 1952 aliud
818 1942 850 1945 —
875 1926 1098 1952 contaminaverit.

258 1971 330 1998 Paul.
351 1971 383 1998 V.
403 1972 427 1997 4.
448 1971 470 2005 5.
492 1972 530 1997 13.
552 1969 583 1995 cf.
604 1969 634 1995 fr.
656 1970 695 1995 11.
715 1978 754 2005 pr.
777 1968 828 2004 Qu.
842 1969 868 1994 vi
888 1973 931 1995 aut
950 1968 982 1995 cl.
1001 1969 1043 1995 43.
1056 1968 1098 1994 24.

258 2014 336 2041 lN'ulla
360 2014 409 2040 alia
433 2024 499 2050 aqua
523 2013 583 2040 duci
608 2016 710 2049 potest,
739 2012 791 2037 nisi
815 2021 881 2048 quae
906 2012 1030 2048 perennis
1051 2016 1098 2037 est.

259 2058 288 2084 [r.
311 2060 332 2084 1.
353 2058 375 2091 5.
395 2059 419 2083 5.
445 2057 477 2083 de
497 2067 563 2093 aqua
583 2060 654 2092 quot.
678 2056 718 2081 43.
738 2056 780 2080 20.
822 2054 897 2090 Aqua
916 2055 976 2080 viva
995 2054 1098 2091 (portio

258 2102 312 2137 agri
331 2100 462 2133 vide-tur).
492 2099 523 2126 fr.
543 2101 566 2125 l.
591 2109 629 2136 pr.
660 2098 711 2133 Qu.
735 2098 762 2123 vi
785 2102 829 2124 aut
854 2097 885 2123 el.
913 2099 956 2124 43.
980 2099 1022 2124 24.
1058 2097 1099 2124 Ex

258 2145 311 2171 tuis
331 2143 445 2180 praediis
465 2152 546 2179 aquae
565 2152 656 2178 agmen
675 2145 761 2167 ortum
781 2156 813 2160 —
833 2140 865 2167 ad
889 2140 999 2167 aliorum
1023 2150 1100 2167 usum

257 2188 404 2214 vicinorum
423 2187 516 2213 iniuria
539 2185 685 2222 propagari.
714 2194 736 2211 c.
756 2185 780 2211 6.
809 2183 842 2210 de
865 2184 954 2210 servit.
980 2189 1007 2210 et.
1024 2194 1099 2221 aqua.

257 2231 282 2257 3.
301 2231 343 2256 34.

293 2273 575 2306 Aquaeductus.
612 2272 643 2305 §.
663 2272 698 2297 1.
737 2271 825 2304 opua
844 2279 936 2296 manu
950 2271 1098 2306 factum,

259 2328 318 2352 quo
337 2326 421 2351 αιμια
439 2317 621 2341 deducitur.
659 2314 701 2340 IlI.
725 2315 790 2341 Gn.
818 2312 938 2350 Aquaed.
958 2314 1004 2350 qui
1023 2322 1099 2340 usum

259 2370 340 2397 aquae
359 2363 475 2396 praestatv
493 2357 648 2394 Daphnensi
668 2357 774 2394 palatio.
803 2356 854 2382 Th.
869 2355 900 2383 C.
914 2355 973 2383 XV.
993 2358 1017 2382 2.
1039 2366 1060 2382 c.
1074 2358 1099 2382 2.

260 2403 292 2429 de
312 2401 419 2438 aquaed.
455 2401 495 2427 Ex
522 2400 686 2436 aquaeductu
711 2399 818 2437 publico
841 2399 936 2435 magis,
965 2409 1042 2435 quam
1067 2409 1100 2425 ex

261 2445 376 2471 east-»llis
396 2454 492 2481 aquae,
510 2443 629 2470 derivare.
648 2452 740 2480 aquam
759 2442 792 2469 ad
813 2452 889 2468 sumn
909 2441 1026 2468 fundum.
1061 2441 1098 2468 Ib.

261 2498 281 2513 e.
302 2489 325 2513 4.
346 2498 366 2513 c.
387 2489 412 2514 6.
447 2486 572 2513 Mundare
591 2495 715 2522 aquarum
734 2485 829 2511 (luctus
849 2484 990 2518 (sordibus
1010 2484 1101 2521 opple·

261 2531 329 2563 tos).
355 2530 391 2556 lb.
411 2529 550 2557 c.1.l.l.
577 2544 607 2548 —
632 2529 663 2562 δ.
684 2529 720 2554 2·
748 2530 803 2555 lun
823 2538 928 2562 aquae
944 2530 1100 2562 privatae

260 2575 428 2599 ducendae.
466 2572 483 2598 1.
499 2574 562 2607 Sy.
589 2571 718 2602 Servitus,
738 2580 761 2597 v.
782 2570 834 2601 Ius,
854 2580 943 2606 aquae.
963 2570 994 2596 fr.
1005 2572 1050 2597 31.
1067 2570 1100 2597 de

261 2615 289 2641 S.
310 2614 336 2641 P.
362 2614 392 2641 ll.
416 2618 440 2642 8.
463 2617 488 2642 3.
516 2615 547 2642 l'r.
572 2616 614 2641 47.
639 2614 670 2640 l'r.
690 2615 731 2640 49.
761 2613 793 2639 de
818 2617 901 2640 contr.
926 2618 986 2640 emt.
1011 2615 1052 2640 18.
1076 2616 1099 2640 1.

262 2658 359 2684 Ductio
379 2658 493 2693 (aquae).
530 2658 573 2684 Ius
593 2656 706 2684 ducendi
725 2666 830 2692 aquam,
855 2666 879 2682 v.
905 2666 986 2692 aquae.
1005 2656 1100 2682 ducen-

262 2700 317 2726 dae.
337 2700 366 2726 sr.
391 2702 428 2726 10.
448 2701 484 2733 55.
506 2702 528 2726 l.
548 2711 588 2737 sq.
609 2700 640 2726 de
660 2710 725 2737 aqua
745 2704 771 2725 et.
789 2709 847 2735 aqu.
868 2698 904 2735 pl.
923 2701 965 2725 39.
985 2701 1009 2726 3.
1030 2700 1061 2726 fr.
1078 2702 1098 2725 l.

261 2753 300 2780 pr.
321 2742 350 2768 sr.
370 2745 412 2768 25.
431 2752 471 2779 sq.
492 2743 524 2769 de
544 2744 570 2769 S.
592 2743 619 2769 P.
639 2743 669 2770 lt.
689 2746 713 2770 8.
732 2744 756 2769 3.
786 2741 816 2768 fr.
837 2744 860 2768 2.
890 2741 922 2767 de
941 2752 1008 2778 aqua
1027 2747 1098 2778 quot.

262 2788 304 2813 213.
322 2788 364 2811 20.
401 2785 442 2811 111.
463 2787 529 2813 Cn.
558 2785 619 2814 wa.
639 2787 696 2819 iter,
717 2791 799 2818 actus,
818 2784 1004 2821 aquaeductus.
1025 2785 1055 2812 l'r.
1076 2787 1098 2812 7.

265 2829 279 2854 l,
300 2829 316 2855 l.
336 2830 377 2855 43.
396 2830 437 2854 20.
458 2828 487 2854 [Γ.
509 2831 530 2854 1.
551 2838 589 2865 pr.
610 2828 641 2855 de
661 2830 688 2856 S.
709 2828 735 2855 P.
756 2828 787 2856 R.
807 2830 832 2855 8.
850 2829 874 2854 3.

1140 335 1264 365 haustus.
1284 346 1307 362 v.
1328 346 1409 372 aquae
1428 336 1593 364 hauriendae.
1631 338 1747 364 Haustus
1767 339 1809 375 (p.
1830 340 1884 371 se).
1905 339 1936 366 fr.
1960 341 1981 366 1.

1141 379 1162 413 ς.
1185 381 1207 405 ι,
1227 378 1258 404 fr.
1277 380 1301 405 2.
1326 379 1364 413 §51
1387 381 1408 405 1.
1428 389 1468 416 sq.
1493 380 1524 407 fr.
1542 382 1566 407 3.
1590 381 1612 415 ς’.
1631 383 1656 408 3.
1683 381 1713 408 fr.
1733 383 1757 408 9.
1782 381 1798 408 1.
1819 381 1835 408 1.
1855 384 1879 408 s.
1898 384 1923 408 3.
1952 382 1982 409 fr.

1118 415 1119 435 l
1144 423 1182 448 14.
1202 422 1224 455 5
1243 422 1267 448 3.
1288 421 1320 448 de
1340 421 1408 448 alim.
1428 432 1452 448 v.
1472 422 1551 450 cibar.
1570 426 1612 451 34.
1634 426 1656 450 1.
1683 424 1712 450 se.
1734 426 1773 451 17.
1800 425 1837 458 55.
1856 426 1882 450 2.
1901 426 1925 451 4.
1950 424 1983 451 de

256 473 279 494 et
301 478 377 494 mare.
403 467 432 494 sr.
452 469 476 493 2.
498 467 562 500 5.1.
583 465 615 492 de
636 466 668 492 D.
682 465 714 492 R.
736 468 795 492 Lis.
835 467 909 503 Aqua
930 470 953 491 et
974 465 1026 501 igni
1047 465 1098 498 (in—
1119 491 1120 495 ,

1141 474 1207 501 aqua
1227 469 1253 491 et
1271 475 1330 501 aqu.
1350 464 1386 502 pl.
1405 466 1448 492 39.
1466 467 1491 492 3.

1175 508 1402 542 Aquagium.
1421 510 1537 541 Laczu,
1555 512 1851 544 2.Receptaczc111n1‚
1871 520 1982 544 aquae.

1119 586 1121 592 y
1142 550 1183 576 III.
1207 552 1273 578 Gn.
1306 550 1434 577 Fistulam
1459 552 1484 577 in
1513 552 1569 578 rivo
1592 563 1704 590 ponere.
1732 569 1764 572 -
1789 551 1930 579 dummodo
1950 562 1983 579 ne

255 597 285 623 Si
305 606 370 632 aqua
390 595 491 633 pluvia,
511 594 552 621 vel
572 605 638 631 quae
657 594 745 632 pluvia
765 595 874 621 crescit.
894 599 993 620 noceat.
1023 593 1052 620 fr.
1075 595 1097 620 l.
1119 606 1120 619 t

1142 593 1251 620 fundum
1271 593 1390 624 domino.
1410 598 1453 620 aut
1472 596 1609 631 aquagium
1628 595 1671 629 [al.
1691 596 1836 632 aquarium]
1857 595 1984 622 rivalibus

1143 636 1259 662 deterius
1278 636 1362 662 saciat.
1383 636 1413 663 l‘r.
1431 638 1456 663 3.
1476 638 1498 671 5.
1518 640 1541 664 5.
1562 637 1594 664 de
1613 649 1678 675 aqua
1698 644 1770 675 quot.
1790 640 1830 665 43.
1844 640 1886 665 20.
1907 638 1938 665 cl'.
1952 638 1983 665 l'r.

1144 681 1184 705 15.
1205 679 1236 705 de
1256 678 1283 706 S.
1304 678 1332 705 P.
1351 678 1382 705 R.
1402 681 1426 706 8.
1446 682 1470 706 3.
1508 681 1583 717 Aqua
1607 682 1629 707 si
1653 682 1679 708 in
1701 687 1802 719 pai-tem
1827 682 1929 718 aquagii
1947 682 1984 708 in-

1143 722 1228 748 fluxit.
1249 722 1279 748 fr.
1299 724 1323 748 9.
1343 722 1471 758 Quemad.
1491 732 1560 749 serv.
1579 726 1604 749 ὅ.
1623 724 1647 750 6.

1177 765 1380 798 Aquarius.
1402 764 1518 799 (Subst.)
1552 768 1716 801 Aquarum
1736 772 1855 799 custos,
1876 777 1898 793 v.
1918 768 1985 794 dis-

1141 814 1305 843 pensator.
1348 807 1390 834 111.
1415 809 1481 835 Cn.
1510 808 1613 835 Vrbnna
1638 808 1745 840 familia.
1769 810 1831 835 item
1854 810 1984 841 artifices,

1144 856 1170 877 et
1188 852 1314 882 vestiarii,
1334 855 1360 877 et
1378 852 1481 883 zetarii,
1502 856 1527 878 et
1546 852 1645 888 aquarii
1665 851 1749 878 eidem
1768 852 1856 878 domui
1870 853 1985 879 servien-

1144 898 1192 919 tes.
1221 892 1293 919 Paul.
1313 892 1355 920 III.
1375 895 1399 920 6.
1419 894 1440 928 5.
1460 896 1501 920 58.
1522 894 1553 920 el'.
1574 895 1604 921 l'r.
1626 896 1665 920 12.
1686 895 1707 928 5.
1727 896 1768 921 42.
1789 894 1821 921 de
1840 896 1914 922 instr.
1935 895 1983 931 leg.

1142 938 1184 962 33.
1200 938 1222 962 7.
1251 936 1369 972 Aquarii,
1390 936 1431 963 vel
1446 947 1570 974 aquarum
1585 937 1718 964 custodes.
1739 948 1760 964 c.
1776 939 1815 964 10.
1830 937 1862 964 de
1875 938 1983 975 aquaed.

1145 981 1184 1005 ll.
1204 981 1245 1005 42.

1177 1022 1380 1055 Aquarius.
1405 1022 1544 1056 (Adiect.)
1581 1025 1694 1058 Aquae
1712 1025 1919 1057 recipiendae
1937 1026 1984 1051 iu-

1142 1067 1295 1091 serviens.
1333 1065 1375 1091 III.
1396 1067 1462 1093 Cn.
1490 1066 1560 1092 Vasa
1580 1067 1696 1103 aquaria.
1716 1065 1820 1103 pelves,
1845 1068 1985 1103 aqnimiua—

1143 1107 1185 1134 lia.
1209 1107 1239 1134 fr.
1258 1109 1282 1134 3.
1303 1118 1342 1145 pr.
1363 1108 1395 1135 (le
1415 1108 1508 1146 supell.
1529 1109 1577 1145 leg.
1597 1112 1639 1136 33.
1661 1111 1699 1135 10,
1730 1108 1798 1135 Rota
1818 1111 1931 1146 aquaria.
1952 1126 1984 1130 -—

1143 1150 1217 1177 Sulci
1241 1152 1348 1187 aquarii.
1381 1150 1453 1178 Paul.
1472 1151 1516 1178 III.
1541 1154 1565 1178 6.
1590 1153 1612 1186 5.
1632 1154 1673 1178 65.
1699 1151 1728 1178 t'r.
1750 1153 1772 1178 l.
1799 1153 1821 1186 5.
1841 1155 1865 1179 5.
1891 1152 1922 1179 fr.
1941 1155 1983 1180 24.

1143 1194 1165 1227 5.
1187 1196 1209 1220 1.
1229 1193 1262 1220 de
1282 1204 1347 1231 aqua
1367 1199 1392 1221 et
1411 1205 1468 1231 aqu.
1488 1194 1524 1232 pl.
1544 1196 1586 1221 39.
1605 1197 1630 1222 3.

1177 1237 1328 1270 Aquila.
1350 1239 1486 1273 Signum
1505 1240 1670 1274 legionum
1692 1239 1723 1264 R.
1748 1237 1790 1264 ffl.
1804 1238 1870 1265 Gn.
1889 1236 1985 1264 Victri-

1143 1280 1217 1307 cibus
1242 1280 1337 1317 aquilis
1360 1281 1464 1307 sociari.
1500 1280 1550 1308 Th.
1575 1280 1606 1308 C.
1630 1280 1686 1308 VII.
1708 1281 1748 1307 18.
1773 1291 1794 1307 c.
1813 1282 1837 1307 9.
1861 1281 1884 1315 5.
1905 1282 1927 1307 l.
1951 1280 1985 1307 de

1143 1323 1272 1349 desertor.

1178 1366 1367 1399 Aquileia.
1386 1368 1575 1401 Emporium
1596 1369 1813 1403 Illyricarum
1829 1368 1984 1402 gentium.

1142 1409 1185 1436 III.
1206 1411 1272 1437 Cn.
1309 1408 1408 1436 Navem
1427 1410 1561 1442 conduxit,
1581 1415 1610 1437 ut.
1628 1411 1661 1437 de
1679 1411 1815 1448 provincia
1835 1409 1983 1446 Cymenensi

1142 1452 1291 1489 Aquileiam
1310 1453 1450 1489 navigaret.
1474 1452 1505 1480 l'r.
1524 1455 1566 1480 61.
1585 1454 1607 1487 5.
1628 1455 1651 1480 l.
1671 1453 1748 1480 locat.
1769 1455 1809 1479 19.
1829 1455 1853 1479 2.

1177 1496 1353 1529 Aquilex.
1384 1498 1552 1531 Aquarum
1571 1503 1752 1529 scrutator,
1772 1498 1820 1523 vel
1837 1497 1983 1522 librator.

1142 1538 1161 1565 I.
1180 1540 1242 1573 Sy.
1269 1538 1393 1565 Librator
1411 1549 1500 1575 aquae.
1530 1539 1583 1575 Qui
1604 1550 1728 1576 aquarum
1746 1541 1869 1566 inventos
1889 1537 1984 1565 ductus

1143 1586 1168 1608 et
1187 1581 1280 1608 modos
1300 1581 1380 1608 docili
1399 1581 1540 1609 libratione
1559 1582 1683 1609 ostendit.
1716 1582 1746 1609 fr.
1765 1583 1789 1608 6.
1814 1581 1846 1608 de
1864 1582 1920 1608 iure
1938 1582 1984 1607 im-

1142 1635 1212 1652 mun.
1231 1627 1272 1651 50.
1292 1626 1316 1651 6.
1346 1623 1395 1650 Th.
1416 1623 1447 1651 C.
1465 1624 1534 1651 XIII.
1554 1627 1578 1652 4.
1599 1635 1620 1652 c.
1633 1627 1658 1652 2.
1678 1635 1717 1661 sq.
1738 1624 1770 1651 de
1790 1634 1879 1651 excuS.
1898 1623 1966 1650 artif.

1177 1667 1343 1701 Aquilia.
1371 1667 1402 1700 δ.
1417 1669 1452 1694 l.
1476 1669 1550 1700 Lex,
1570 1678 1651 1702 quae
1669 1670 1705 1694 de
1723 1670 1834 1694 damno
1853 1668 1984 1694 iniuria

1143 1714 1217 1738 dato
1240 1713 1312 1737 lala
1335 1717 1390 1737 eu.
1425 1710 1468 1737 III.
1492 1712 1557 1738 Cn.
1586 1710 1636 1737 Per
1655 1710 1737 1747 legem
1756 1709 1898 1746 Aquiliam,
1918 1719 1985 1746 quae

1143 1753 1175 1780 de
1199 1753 1293 1780 damno
1316 1752 1368 1779 lata
1393 1758 1440 1780 est.
1470 1753 1526 1780 Gai.
1551 1753 1594 1780 III.
1618 1755 1677 1779 202.
1706 1752 1778 1779 Paul.
1803 1751 1821 1779 I.
1847 1754 1887 1780 19.
1916 1753 1939 1787 5.
1960 1754 1983 1779 l.

1143 1797 1218 1832 Quae
1236 1796 1280 1823 lex
1298 1796 1404 1833 Aquilia
1426 1796 1595 1834 plebiscitum
1618 1801 1666 1823 est.
1701 1795 1731 1822 fr.
1752 1797 1775 1822 l.
1800 1796 1822 1830 5.
1843 1798 1867 1822 l.
1894 1795 1927 1822 ad
1951 1794 1983 1822 L.

1143 1839 1211 1876 Aqu.
1232 1841 1255 1866 9.
1275 1841 1299 1865 2.
1328 1855 1361 1858 —
1390 1840 1420 1873 §0
1441 1841 1477 1866 ἓ.
1506 1841 1600 1867 Actio
1623 1849 1661 1866 ex
1683 1841 1753 1874 lege
1776 1840 1838 1866 illa
1856 1841 1984 1866 descen-

1142 1885 1224 1909 dens.
1265 1881 1307 1909 HI.
1329 1883 1395 1910 Gn.
1422 1883 1553 1910 Damnum
1576 1883 1670 1909 iniuria
1694 1881 1783 1908 datum
1801 1881 1907 1918 Aquilia
1925 1890 1983 1918 per-

1144 1926 1228 1962 sequi.
1249 1924 1279 1952 sr.
1299 1927 1340 1952 49.
1360 1925 1382 1959 5.
1403 1927 1426 1952 l.
1446 1925 1463 1952 l.
1483 1925 1500 1952 l.
1519 1928 1544 1953 9.
1562 1927 1587 1952 2.
1607 1925 1639 1951 cf.
1659 1924 1690 1951 fr.
1703 1926 1744 1950 34.
1759 1934 1798 1961 pr.
1819 1924 1851 1951 de
1864 1924 1898 1950 0.
1912 1928 1938 1950 et
1950 1923 1981 1950 A.

1143 1970 1175 1994 44
1205 1970 1228 1995 7.
1265 1968 1437 1995 Commodius
1456 1973 1509 2000 cst,
1535 1968 1593 1995 utili
1611 1968 1668 2004 lege
1687 1967 1794 2003 Aquilia
1814 1976 1873 1993 eum
1892 1966 1981 1993 teneri.

1144 2011 1174 2038 t'r.
1193 2013 1217 2037 4.
1237 2011 1270 2037 de
1289 2021 1366 2037 servo
1386 2021 1452 2037 corr.
1473 2013 1512 2037 ll.
1531 2013 1556 2037 3.

1177 2054 1395 2087 Aquiliana.
1426 2055 1693 2088 stipulationum
1709 2062 1824 2088 genus,
1844 2054 1927 2087 quod
1944 2054 1983 2079 ab

1145 2098 1281 2131 Aquilio
1313 2099 1408 2123 Gallo
1440 2098 1528 2123 [Clo
1559 2106 1668 2123 nomen
1698 2097 1831 2130 aceepit.
1873 2094 1891 2121 I.
1920 2095 1983 2129 Sy.

1143 2140 1167 2165 A
1193 2138 1270 2165 Gallo
1294 2139 1400 2175 Aquilia
1424 2140 1557 2176 exposita,
1582 2149 1606 2165 v.
1631 2139 1776 2175 composita
1800 2136 1981 2174 (stipulatio).
2035 2162 2040 2167 ,

1144 2182 1174 2209 1ἰ·.
1193 2184 1234 2209 38.
1256 2181 1288 2208 de
1307 2181 1331 2208 d.
1351 2192 1384 2208 m.
1403 2183 1427 2208 4.
1446 2184 1470 2208 3.
1491 2182 1521 2208 fr.
1534 2184 1558 2208 2.
1579 2182 1643 2208 stud.
1657 2191 1697 2218 sq.
1718 2180 1748 2207 l'r.
1768 2182 1791 2207 9.
1811 2181 1833 2214 5.
1851 2182 1876 2206 2.
1895 2180 1925 2206 fr.
1941 2182 1982 2207 15.

1145 2225 1177 2251 de
1201 2229 1323 2251 trausact.
1350 2227 1374 2251 2.
1401 2227 1441 2252 15.
1473 2224 1504 2252 sr.
1524 2227 1564 2252 1³.
1588 2225 1611 2258 5.
1631 2226 1654 2250 l.
1686 2223 1718 2250 de
1742 2223 1861 2259 acceptil.
1890 2224 1932 2250 46.
1957 2224 1982 2250 4.

1144 2268 1186 2294 III.
1209 2269 1274 2296 Gn.
1301 2268 1442 2304 Aquiliana
1461 2268 1631 2306 stipulatione
1650 2271 1675 2293 et
1688 2265 1887 2302 acceptilatione
1906 2265 1982 2299 (libe-

1145 2322 1201 2338 rare
1221 2311 1387 2344 debitorem).
1407 2311 1437 2337 t'r.
1451 2312 1492 2337 35.
1513 2311 1545 2337 de
1558 2310 1582 2337 d.
1596 2319 1628 2335 m.
1648 2311 1672 2335 4.
1691 2310 1716 2335 3.
1753 2308 1832 2335 Paeto
1852 2313 1982 2335 convento

1145 2355 1214 2391 Aqu.
1234 2354 1369 2392 stipulatio
1390 2354 1515 2381 subiecta.
1535 2369 1567 2373 --
1592 2352 1747 2379 Transactio
1767 2356 1792 2378 et
1811 2351 1880 2388 Aqu.
1900 2352 1982 2388 stipu-

1144 2398 1207 2424 latio
1232 2399 1396 2434 interposita.
1429 2396 1500 2424 Paul.
1521 2396 1539 2423 I.
1564 2397 1586 2422 l.
1610 2396 1632 2430 5.
1651 2396 1675 2421 3.
1702 2405 1723 2422 c.
1742 2396 1766 2421 3.
1792 2405 1813 2421 c.
1832 2396 1873 2421 32.
1898 2404 1919 2421 c.
1938 2395 1980 2420 40.

1145 2441 1177 2468 de
1196 2445 1318 2467 transact.
1337 2443 1362 2467 2.
1382 2442 1406 2466 4.

1177 2484 1390 2517 Aquilinus.
1428 2483 1545 2509 Nomen
1564 2482 1658 2508 servi.
1690 2480 1732 2507 111.
1752 2481 1817 2508 Cn.
1836 2479 1900 2506 Eius
1919 2479 1982 2507 fidei

1145 2527 1288 2559 commisit,
1312 2531 1341 2553 ut
1364 2525 1517 2562 Aquilinum
1541 2534 1646 2550 servum
1665 2539 1697 2543 —
1716 2523 1918 2551 manumitteret.
1949 2522 1979 2549 sr.

1145 2572 1184 2597 19.
1204 2571 1225 2604 ς’.
1248 2572 1269 2596 1.
1290 2569 1321 2596 de
1340 2568 1426 2595 fideic.
1445 2567 1509 2594 libb.
1529 2569 1569 2593 40.
1589 2568 1613 2593 ;5.

1178 2612 1432 2646 Aquinuinale.
1469 2612 1652 2645 Aquarium
1672 2619 1734 2636 vas.
1771 2608 1814 2634 111.
1837 2609 1903 2636 Cn·
1933 2606 1980 2634 Su-

1144 2655 1270 2693 pellectili
1284 2654 1366 2691 legata
1380 2654 1443 2680 haec
1456 2654 1634 2679 eontinentur:
1649 2668 1681 2672 —-
1696 2652 1812 2688 imperia,
1831 2661 1892 2678 vasa
1904 2660 1980 2686 aqua-

1144 2700 1195 2729 ria,
1214 2697 1321 2735 pelves.
1346 2696 1510 2733 aquiminalia
1531 2696 1579 2730 [al.
1600 2694 1798 2733 aquiminariaj,
1827 2692 1980 2720 candelabra

1145 2741 1277 2772 lucernae,
1304 2740 1403 2766 trullae.
1435 2739 1466 2766 sr.
1489 2741 1512 2766 3.
1537 2749 1577 2777 pr.
1603 2739 1636 2765 de
1659 2737 1772 2775 suppell.
1798 2737 1848 2773 leg.
1871 2736 1914 2762 33.
1939 2737 1979 2761 10.

1144 2783 1215 2811 Paul.
1235 2783 1275 2809 Ill.
1296 2785 1320 2808 6.
1339 2783 1361 2817 5.
1381 2784 1422 2808 56.

1178 2825 1496 2860 Aquiminarium.
1530 2827 1591 2852 Vas
1610 2825 1850 2852 minian-audac
1868 2830 1978 2855 aquae.
