2197 3121
285 179 347 210 462

288 262 327 287 17.
347 262 371 286 2.
403 259 451 285 111.
478 260 543 286 Cn.
572 257 604 284 Si
624 257 689 284 alter
708 257 768 294 plus
789 266 892 294 operae,
911 254 1064 287 industriae,
1084 265 1127 292 pe-
1147 255 1150 287 J

287 304 378 330 cuniae
401 303 426 328 in
450 302 603 328 societatem
629 300 773 327 collaturus
793 301 834 326 sit.
859 299 890 326 sr.
915 300 956 325 26.
977 298 1006 325 fr.
1026 300 1068 325 29.
1088 308 1126 336 pr.
1148 331 1149 334 Ἰ

287 347 309 381 5.
331 348 352 372 1.
373 345 403 371 sr.
421 345 463 371 80.
484 344 518 371 ib.
540 346 579 370 17.
598 345 623 370 2.
661 343 714 378 Qui
734 342 767 368 ob
787 342 944 378 singularem
963 340 1127 372 industriam,
1148 338 1149 344 ¹

288 405 321 410 —-
340 387 474 425 explorata
494 396 583 413 eorum
608 385 659 412 lide
684 391 709 412 et
728 386 866 422 gravitate,
887 384 931 419 (ad
950 383 1027 410 huius
1047 383 1128 410 officii

287 430 490 467 magnitudinem
510 428 688 461 adhibentur.)
713 428 742 455 l‘r.
764 430 786 455 l.
810 429 832 462 5.
854 430 875 454 1.
896 427 928 454 de
948 427 992 453 off.
1011 426 1064 453 Prf.
1084 425 1125 453 Pr.

289 477 311 501 1.
335 476 372 500 11.
408 473 450 500 Ad
470 471 630 510 perorandas
650 481 750 503 causas,
770 470 875 498 laudum
889 475 967 506 atque
983 468 1127 496 industriae

288 527 378 544 amore
397 516 465 543 duci.
486 514 535 541 Th.
557 514 587 541 C.
608 514 664 541 Xll.
686 516 708 541 l.
735 524 756 540 c.
778 516 834 540 116.
860 513 892 540 de
917 512 1052 539 decurion.
1089 511 1128 538 ln-

288 560 404 587 dustriae
424 558 514 585 favore
534 557 646 584 tolerare
665 558 861 590 (necessitatem
880 555 1035 593 publicam.)
1054 554 1091 581 lb.
1111 554 1127 581 1.
1148 561 1150 569 '¹

288 603 305 630 1.
350 602 389 629 Ne
413 601 541 628 industria
566 610 664 638 poenas
684 599 800 627 desidiae
818 598 913 625 solvat.
933 609 954 625 c.
975 600 1014 624 12.
1035 597 1067 624 de
1086 597 1129 624 de·
1149 603 1150 606 ’

288 656 345 684 pos.
364 648 387 672 4.
401 646 442 671 34.
462 660 494 664 —
514 644 545 677 §0
557 645 591 671 2.
612 645 776 674 Scienffu,
797 643 992 669 Consilium.
1006 641 1151 683 111.(3ῑ11.1

288 689 318 716 Si
337 690 416 715 vitem
435 688 527 718 tenuit,
549 703 579 706 —
599 687 621 713 si
641 697 673 712 ex
692 685 820 712 industria
840 684 924 720 fregit.
950 683 981 710 fr.
1002 686 1042 710 13.
1062 685 1084 718 5.
1103 685 1127 710 4.
1149 687 1151 696 ¹

288 731 321 759 de
339 731 370 758 R.
390 731 424 759 Μ.
443 732 485 757 49.
500 732 540 757 16.
578 730 607 756 Si
627 728 659 756 de
675 728 803 755 industria
822 730 888 759 (non
907 728 1028 754 venerint
1046 728 1072 753 in
1092 727 1129 753 iu-

289 774 406 807 dicium.)
426 773 456 800 sr.
476 774 517 799 62.
537 773 559 807 5.
576 774 597 798 l.
618 771 650 798 de
670 772 792 798 eviction.
805 772 847 797 21.
860 773 885 797 2.
924 769 1004 806 Quod
1023 769 1129 806 quidem

288 827 367 855 saepe
390 816 421 843 fit
444 815 584 847 industria.
610 816 632 841 si
657 819 706 841 etc.
732 814 782 841 Th.
808 813 839 840 C.
863 813 907 840 XI.
927 814 969 840 30.
995 823 1016 839 c.
1038 814 1077 839 11.
1097 811 1130 838 de

289 871 349 898 app.
371 865 396 886 et
415 869 491 896 poen.

325 902 554 930 Industrius.
588 899 717 933 (Adiect.)
749 901 944 932 Studiosun,
964 900 1129 934 Diligens.

289 946 333 973 III.
358 947 423 973 Gn.
444 944 510 971 Num
530 945 552 970 is
573 960 603 963 -
625 943 736 979 diligens
756 942 890 979 paterfam.
911 941 998 973 fuerit.
1017 941 1131 968 actibus·

290 999 341 1026 que
360 987 474 1018 puhlicis
493 986 652 1013 industrium
671 996 700 1012 se
719 985 846 1012 docuerit.
867 996 887 1012 c.
909 987 932 1012 l.
953 984 1006 1020 Qui
1027 989 1053 1010 et
1071 983 1128 1010 adv.
1151 980 1153 1028 ἱ

290 1041 365 1069 quos.
385 1034 408 1057 2.
428 1032 469 1056 42.
506 1029 654 1056 Industrius
675 1029 794 1065 quisque,
816 1033 842 1055 et
860 1027 952 1054 labore
971 1037 1024 1053 non
1043 1028 1130 1053 minus
1152 1031 1153 1035 ¹

290 1084 367 1111 quam
386 1083 480 1109 genere
499 1072 605 1099 nobilis.
626 1071 675 1099 Th.
695 1071 726 1098 C.
746 1071 763 1098 l.
783 1073 807 1098 9.
828 1081 848 1098 c.
861 1073 885 1097 3.
904 1070 1009 1103 (wok.)
1030 1070 1062 1096 de
1082 1070 1126 1096 off.

290 1127 355 1153 mag.
375 1116 443 1143 offic.
480 1115 595 1142 Alumno
619 1116 704 1142 minus
728 1114 858 1141 industrio
882 1118 1053 1151 prospectum
1072 1122 1131 1139 esse

290 1159 367 1187 velle.
389 1159 419 1186 l'r.
441 1161 480 1185 71.
501 1169 541 1196 pr.
567 1158 599 1185 de
619 1157 694 1184 cond.
715 1161 740 1183 et
759 1157 825 1183 dem.
844 1158 885 1183 35.
907 1158 928 1183 l.

326 1202 561 1230 IndutoriuS·
599 1200 728 1233 (Adiect.)
766 1202 812 1227 Aa
831 1201 1021 1226 induendum
1040 1200 1132 1225 hahi-
1153 1198 1155 1221 Ῑ

290 1249 341 1273 lis.
380 1245 422 1272 111.
437 1246 503 1272 (⁷11.
524 1244 599 1279 Quae
619 1254 650 1270 ex
670 1243 726 1269 lana
747 1248 771 1269 et
791 1242 844 1269 lino
864 1246 934 1268 texta
955 1240 1132 1279 sunt‚-pel-

292 1289 331 1316 les
351 1298 457 1325 quoque
476 1287 632 1313 indntoriae.
652 1285 724 1312 Paul.
744 1285 784 1312 Ill.
806 1287 829 1312 6.
849 1285 871 1318 5.
892 1286 932 1311 79.

327 1332 502 1359 Indutus.
540 1329 657 1363 (Subst.)
699 1330 937 1356 vestimentum.
974 1327 993 1354 1.
1012 1329 1074 1362 Sy.
1093 1327 1133 1354 In-

293 1374 453 1401 dumentum.
473 1372 516 1399 Cf.
535 1372 560 1399 li.
580 1383 604 1399 v.

328 1417 478 1444 Inedia.
516 1417 725 1442 Abstinentia
749 1425 765 1441 α
789 1416 863 1441 cibo.
898 1413 944 1440 III.
967 1415 1034 1442 Gn.
1055 1413 1134 1440 Duri·

293 1461 336 1492 tia,
354 1459 397 1486 vel
416 1459 510 1489 inedia,
530 1464 608 1495 atque
627 1457 782 1484 verberibus
807 1468 852 1484 eos
877 1458 926 1490 (sc.
946 1457 1052 1490 servos)
1071 1456 1136 1483 adfi-
1154 1460 1157 1480 ἲ

293 1513 360 1530 cere.
381 1513 401 1529 c.
421 1504 462 1528 22.
483 1501 514 1528 de
534 1500 627 1527 admin.
648 1506 695 1527 tut.
715 1503 738 1527 5.
757 1502 799 1527 37.
837 1499 933 1531 Inedia,
956 1505 1001 1526 aut
1019 1507 1141 1537 quocun:

293 1556 344 1583 que
363 1545 450 1577 modo.
470 1544 607 1571 exhaurire
627 1543 774 1580 (aliquem.)
795 1543 843 1570 Th.
864 1543 895 1570 C.
915 1543 959 1570 IX.
975 1545 1000 1570 3.
1021 1554 1042 1570 c.
1064 1545 1085 1570 l.
1111 1544 1134 1578 5.

295 1591 317 1615 l.
338 1588 370 1615 de
389 1593 455 1614 cust.
475 1596 543 1614 reor.

329 1632 556 1659 Iness'eetus·
593 1628 635 1656 Cf.
655 1639 679 1655 v.
700 1628 823 1655 insectus.
1156 1640 1158 1657 ς

329 1685 604 1714 Inefficaciter.
628 1683 739 1717 (Advb.)
765 1685 842 1710 Sine
861 1684 994 1719 effectu.
1014 1683 1045 1710 11.
1067 1685 1134 1718 Op.

294 1729 372 1756 Vires
391 1728 487 1755 habere
507 1727 697 1760 (sententiam.)
718 1742 750 1746 —
769 1725 842 1752 Ineff.
858 1726 1058 1753 condemnatum
1078 1737 1135 1753 eum
1156 1714 1159 1759 l

294 1772 386 1799 videri.
407 1771 437 1798 fr.
457 1773 482 1797 2.
502 1780 540 1807 pr.
560 1769 582 1803 5.
604 1771 625 1796 1.
656 1769 708 1805 Qu.
727 1773 793 1795 sent.
814 1770 871 1795 sine
891 1779 949 1806 app.
970 1770 1011 1796 49.
1031 1770 1055 1795 8.
1092 1769 1135 1795 111.

296 1816 362 1843 Gn.
382 1814 456 1841 Inefl'.
475 1819 501 1840 te
520 1812 650 1840 codicillis
672 1817 786 1849 rogatam
806 1822 874 1838 csse.
890 1822 911 1838 c.
925 1814 948 1838 2.
969 1811 1002 1838 de
1022 1811 1136 1839 codicill.
1159 1832 1160 1838 .

296 1860 319 1885 6.
339 1860 380 1884 36.

332 1908 532 1935 Inefficax.
570 1906 699 1938 (Adiect.)
736 1907 924 1938 lammam,
945 1907 1091 1932 Inutilis.
1118 1905 1136 1932 I.

298 1952 360 1986 Sy.
379 1949 457 1976 Nulla
478 1949 611 1982 (alienatio
632 1949 693 1981 etc.)
718 1947 748 1974 sr.
767 1949 808 1974 35.
829 1958 868 1984 sq.
889 1947 921 1974 de
939 1948 970 1975 A.
990 1948 1021 1975 R.
1042 1948 1075 1975 D.
1095 1949 1136 1975 41.
1159 1945 1162 1969 i

299 1997 322 2021 l.
359 1992 471 2020 Inutilis.
491 1992 522 2019 fr.
543 1993 582 2018 14.
602 1992 624 2025 5.
647 1993 667 2017 1.
688 1990 720 2017 dc
740 1990 814 2016 adini.
830 1989 904 2026 legat.
924 1992 965 2016 34.
980 1993 1002 2017 4.
1023 1990 1053 2018 II.
1070 1993 1137 2025 Op.
1158 1971 1161 2033 l

298 2036 404 2068 Valere,
423 2035 555 2062 Proficerc
575 2034 606 2060 ad
626 2038 673 2060 etc.
695 2049 726 2053 —
747 2033 870 2060 Inesficax
890 2043 956 2060 esse.
976 2033 1006 2060 fr.
1020 2036 1061 2060 27.
1081 2035 1136 2068 53.
1159 2057 1161 2070 A

300 2079 332 2106 de
350 2083 418 2116 pact.
437 2080 459 2104 2.
485 2080 524 2104 14.
545 2077 574 2103 sr.
593 2079 634 2102 24.
656 2076 737 2110 55.1.
758 2086 797 2112 sq.
818 2076 850 2102 de
869 2075 954 2102 fideic.
975 2076 1038 2103 libb.
1058 2078 1098 2102 40.
1114 2079 1137 2103 5.
1159 2077 1161 2120 ἶ

299 2122 341 2148 111.
357 2123 422 2149 (7η.
442 2120 501 2147 'Non
522 2121 595 2157 prius
615 2135 647 2138 ——-
668 2129 743 2155 quarn
764 2119 879 2145 conditio
899 2120 1038 2151 exstiterit,
1059 2129 1091 2146 nc
1105 2121 1139 2146 sit
1160 2121 1161 2160 l

301 2165 421 2191 inefficax
441 2164 579 2190 deficiente
599 2161 757 2188 conditione.
779 2162 808 2188 sr.
830 2164 869 2188 11.
889 2163 911 2196 5
928 2164 951 2188 5.
972 2161 1004 2187 de
1023 2172 1074 2188 rec.
1096 2172 1138 2199 qu.
1160 2171 1161 2175 ¹

301 2207 354 2233 arb.
374 2209 397 2232 4.
417 2210 440 2233 8.
477 2206 527 2233 Per
551 2205 605 2232 doli
631 2206 813 2242 exceptionem
839 2204 998 2231 inefficacem
1017 2205 1074 2231 fieri
1094 2206 1139 2238 (ex
1160 2183 1162 2215 l

302 2249 430 2286 stipulatu
449 2250 598 2281 actionem.)
618 2248 648 2274 fr.
664 2249 703 2274 13.
724 2247 756 2274 de
775 2249 831 2274 iure
851 2247 904 2274 dot.
917 2249 958 2274 23.
971 2250 995 2273 3.
1027 2247 1140 2274 Perinde
1161 2258 1163 2276 ι

303 2292 423 2319 inel'licax
443 2297 481 2317 est
502 2292 647 2323 decretum,
673 2296 750 2327 atque
774 2291 797 2317 si
821 2290 891 2317 nulla
911 2290 1021 2317 iudicata
1041 2301 1084 2317 res
1104 2292 1140 2317 in-

304 2336 470 2362 tervenisset.
491 2334 520 2360 fr.
540 2336 563 2360 3.
584 2334 616 2361 dc
636 2333 729 2360 collus.
744 2333 828 2370 deteg.
845 2335 885 2359 40.
903 2335 941 2359 16.
977 2333 1141 2360 lnel'ficaceui
1162 2335 1163 2364 I

304 2379 432 2405 actionem
452 2377 587 2402 constituit
608 2376 769 2408 (diuturnum
795 2376 949 2409 silentium.)
974 2386 995 2403 c.
1016 2378 1038 2402 1.
1059 2377 1081 2403 si
1101 2376 1140 2403 ad.

305 2420 374 2447 cred.
396 2429 435 2457 pr.
454 2429 515 2456 opp.
536 2421 558 2445 7.
578 2420 619 2444 36.

340 2470 615 2497 Inefsrenatus.
653 2469 693 2495 Cl'.
713 2479 736 2496 v.
757 2469 911 2496 infrenatus.

341 2522 559 2554 lnelegans.
592 2518 720 2552 (Adiect.)
752 2521 907 2546 Rationis
927 2526 955 2546 ee
974 2521 1143 2546 subtilita-

307 2566 352 2590 tis
369 2573 490 2597 ezpers.
527 2561 570 2588 111.
590 2563 655 2589 Gn.
680 2561 783 2588 Inutilis
803 2567 845 2588 est
864 2561 924 2588 talis
944 2561 1090 2599 stipulatio,
1111 2578 1142 2581 —

308 2616 365 2631 nain
384 2605 516 2641 inelegans
537 2614 595 2631 csse
614 2605 699 2631 visum
719 2609 759 2630 est
784 2609 834 2630 etc.
859 2604 915 2631 Gai.
935 2604 977 2631 Ill.
999 2606 1055 2631 100.
1091 2604 1144 2631 Ab-

309 2648 416 2673 surduni
436 2653 514 2684 atque
533 2646 673 2683 inelegans.
693 2657 714 2673 c.
733 2649 757 2673 3.
778 2646 809 2672 dc
829 2657 898 2673 usur.
919 2648 956 2674 rei
975 2647 1027 2674 iud.
1048 2649 1070 2674 7.
1090 2649 1132 2673 54.

1162 2432 1164 2449 A

1163 2457 1165 2475 l

1165 2595 1167 2602 >

347 2698 602 2732 luch-gauter.
634 2697 745 2730 (Advb.)
783 2699 1004 2725 Insubtilirer.
1023 2697 1066 2724 111.
1079 2699 1145 2726 Cn.

311 2738 370 2765 Non
390 2740 480 2774 ineleg.
501 2739 561 2771 dici.
582 2750 604 2766 v.
625 2740 743 2777 probari,
769 2750 792 2765 v.
818 2739 921 2765 defendi
941 2750 1020 2777 posse
1039 2745 1087 2767 ctc.
1115 2740 1145 2767 fr.

311 2783 336 2807 3.
358 2791 396 2818 pr.
416 2781 447 2807 de·
467 2784 558 2808 minor.
578 2785 601 2809 4.
621 2785 645 2808 4.
666 2783 695 2809 l'r.
716 2784 757 2808 42.
778 2781 810 2808 de
829 2781 916 2808 liered.
937 2784 997 2808 inst.
1017 2785 1058 2809 28.
1073 2786 1096 2810 5.
1115 2783 1147 2809 fr.

311 2825 353 2850 66.
373 2824 394 2857 5.
418 2825 437 2849 1.
460 2823 490 2849 :le
511 2824 584 2859 legat.
606 2824 634 2851 11.
654 2826 731 2858 (31.)
757 2825 786 2851 l'r.
805 2827 829 2851 2.
854 2825 886 2851 de
912 2835 973 2851 auro
993 2835 1043 2861 arg.
1062 2827 1104 2852 34.
1123 2828 1149 2851 2.
1168 2820 1171 2881 ν

1162 2406 1163 2425 ἱ
1185 2410 1209 2426 v.
1230 2399 1337 2436 Ineptia.

1026 173 1103 204 IND
1128 190 1170 195 —
1181 173 1276 204 11NE.

1171 254 1252 290 Quod
1275 264 1328 281 non
1351 254 1443 292 ineleg.
1467 271 1500 276 —-
1525 266 1582 282 cum
1610 258 1680 283 omni
1704 256 1850 284 subtilitate
1876 257 2009 295 disposuit

1171 296 1336 335 (leianus.)
1357 307 1377 324 e.
1400 300 1421 324 1.
1441 298 1463 332 §.
1483 300 1507 326 9.
1528 298 1560 325 de
1580 299 1668 326 caduc.
1688 299 1745 326 toll.
1764 300 1788 326 6.
1807 302 1849 327 51.

1207 341 1462 375 lnelegantia.
1510 343 1776 375 Inconcinnitas,
1807 343 2009 378 Diu-repan-

1171 386 1226 411 tia.
1263 383 1308 410 III.
1323 384 1388 410 Gn·
1409 382 1464 410 Sed
1481 389 1574 421 postea
1593 385 1628 412 D.
1641 385 1797 416 Hadrianus,
1816 386 1953 422 iniquitate
1972 387 2010 413 rei

1173 431 1198 453 et
1218 425 1374 462 inelegantia
1397 426 1462 452 iuris
1481 432 1580 460 motus,
1601 428 1731 461 (restituit
1754 429 1818 455 iuris
1836 429 1953 464 gentium
1971 439 2010 455 re-

1171 469 1278 506 gulam.)
1299 468 1356 495 Gai.
1376 468 1394 495 1.
1414 469 1455 495 84.
1476 478 1516 506 sq.

1207 511 1486 540 Ineluctabilis.
1524 512 1653 545 (Adiect.)
1692 515 1759 541 Non
1782 515 1968 546 evitandae,
1987 524 2010 541 v.

1148 580 1150 597 Ι
1169 557 1419 591 profligandas.
1456 553 1578 583 mon.
1597 556 1754 588 Aestimare‚
1773 572 1806 576 -—
1825 561 1911 582 utrum
1930 556 2012 584 inelu-

1173 597 1276 624 ctabilis
1299 599 1444 624 necessitas
1468 598 1652 630 (venditorem
1670 599 1747 626 saciat
1772 598 1920 633 curialem.)
1944 598 2011 626 Nov.

1172 640 1305 668 maim-ian.
1326 640 1359 667 de
1377 640 1468 667 curial.
1489 640 1532 667 [V.
1552 642 1575 668 7.
1595 651 1616 669 c.
1638 643 1660 668 l.
1680 642 1701 676 5.
1721 644 1745 669 9.

1208 685 1393 711 Inemtus.
1425 683 1555 717 (Adiect.)
1590 686 1740 712 Emtn'oni
1757 691 1913 717 exemtus,
1936 686 2013 712 Fen-

1173 728 1298 753 ditione
1316 736 1377 753 non
1395 729 1650 761 comprehensus.
1686 726 1704 754 I.
1719 728 1782 762 Sy.
1802 727 1964 755 Invenditus.
1980 727 2013 755 fr.

1175 771 1214 795 10.
1234 779 1273 806 pr.
1301 769 1323 803 5.
1343 771 1366 796 1.
1391 769 1423 796 de
1442 779 1508 796 rese.
1528 769 1605 797 vend.
1626 771 1666 796 18.
1686 773 1709 797 5.
1746 770 1869 803 Resolvi,
1888 770 2014 807 Retroagi

1175 813 1344 845 (emtionem,
1364 821 1385 839 s.
1405 812 1610 846 venditionem.)
1629 812 1756 840 Inemtum
1775 813 1841 840 fieri.
1865 813 1895 841 fr.
1916 815 1956 840 17.
1981 813 2014 840 de

1174 857 1200 882 in
1219 854 1288 882 diem
1307 854 1365 882 add.
1387 856 1426 882 18.
1445 857 1470 881 2.
1489 855 1520 882 fr.
1541 857 1580 882 19.
1601 855 1634 882 de
1653 866 1744 893 usurp.
1763 858 1804 883 41.
1823 858 1848 884 3.
1884 856 1927 884 ΙΠ.
1946 858 2014 885 Gn·

1174 898 1244 935 Lege
1262 897 1423 924 venditionis
1441 899 1538 925 inemto
1557 898 1665 936 praedio
1685 899 1762 926 facto.
1781 898 1866 926 Vatic.
1885 900 1907 934 5.
1922 901 1962 926 14.
1982 899 2014 926 fr.

1151 966 1153 974 ,
1173 943 1198 967 2.
1219 940 1248 967 fr.
1268 942 1292 967 5.
1317 940 1350 967 de
1372 939 1403 967 L.
1427 942 1559 968 commiss.
1586 942 1624 968 18.
1644 943 1669 968 3.
1690 941 1719 968 sr.
1742 944 1781 969 ll.
1801 942 1823 976 5.
1843 944 1884 969 13.
1916 942 1968 978 Qu.
1988 943 2015 969 vi

1176 988 1219 1011 aut
1237 983 1269 1010 cl.
1288 985 1330 1010 43.
1349 985 1393 1010 24.
1430 983 1537 1011 Fundos
1561 986 1674 1011 inemtos
1697 984 1767 1017 sore,
1791 990 1817 1011 et
1842 985 1868 1012 id
1888 984 1959 1022 quod
1977 994 2016 1011 ar-

1175 1037 1227 1058 rae,
1246 1026 1288 1053 vel
1307 1025 1359 1053 alio
1378 1027 1483 1053 nomine
1501 1026 1590 1054 datum
1609 1032 1688 1059 esset,
1709 1027 1777 1065 apud
1796 1027 1960 1055 venditorem
1977 1037 2016 1054 re-

1175 1079 1333 1096 mansurum.
1352 1069 1382 1096 fr.
1404 1071 1427 1096 6.
1453 1079 1491 1107 pr.
1518 1069 1549 1096 fr.
1568 1071 1592 1096 8.
1617 1070 1650 1097 de
1673 1070 1704 1096 L.
1729 1081 1822 1098 comm.
1849 1072 1889 1097 18.
1912 1072 1937 1097 3.
1974 1070 2017 1097 De

1176 1113 1336 1139 ornamentis
1355 1112 1541 1145 restituendis,
1561 1113 1718 1139 iumentisve
1737 1129 1770 1133 —-
1789 1113 1970 1145 redhibendis,
1989 1114 2017 1140 in

1176 1155 1269 1183 diebus
1289 1154 1359 1187 LX,
1383 1155 1469 1182 morbi
1489 1160 1574 1182 autem
1593 1157 1684 1182 vitiive
1703 1166 1780 1183 causa
1799 1157 1904 1183 inemtis
1923 1156 2017 1183 facien-

1176 1198 1226 1231 dis.
1246 1199 1272 1225 in
1292 1198 1336 1224 VI.
1355 1198 1490 1225 mensibus
1510 1214 1543 1218 —-
1562 1197 1688 1225 iudicium
1711 1199 1787 1227 dabo.
1813 1199 1844 1226 fr.
1863 1201 1904 1225 38.
1924 1209 1964 1236 pr.
1984 1198 2017 1226 de

1175 1241 1263 1268 Aedil.
1284 1241 1361 1268 edict.
1380 1243 1422 1268 21.
1443 1243 1466 1267 l.

1212 1285 1379 1318 Ineptin.
1418 1284 1448 1317 ξ.
1469 1285 1504 1310 1.
1536 1286 1704 1311 Stultitia.
1742 1284 1785 1311 111.
1813 1285 1880 1312 Cn.
1916 1284 1959 1311 Ob
1978 1294 2017 1311 se-

1177 1328 1295 1364 gnitiam,
1319 1326 1361 1353 vel
1381 1327 1569 1359 rusticitatem,
1595 1328 1728 1359 inertiam,
1747 1326 1955 1365 simplicitatem,
1974 1326 2018 1354 vel

1177 1371 1302 1408 ineptiam
1321 1370 1473 1403 (remotus.)
1496 1369 1528 1396 fr.
1547 1372 1571 1396 3.
1596 1371 1617 1404 5.
1638 1371 1678 1397 18.
1703 1370 1736 1396 de
1755 1380 1828 1408 susp.
1847 1375 1894 1397 tut.
1913 1372 1955 1397 26.
1977 1371 2017 1396 lo.

1178 1415 1209 1448 ᾖ.
1229 1415 1264 1440 2.
1280 1415 1443 1448 Ineptiae,
1463 1414 1480 1439 i.
1494 1423 1514 1440 e.
1534 1415 1593 1440 Res
1612 1415 1737 1448 inepta.
1758 1415 1879 1449 Nugae.
1899 1412 2017 1440 HLG‘n·

1178 1456 1218 1484 Ne
1238 1457 1297 1494 quis
1316 1457 1421 1482 omnino
1436 1456 1586 1483 huiusmodi
1605 1457 1712 1494 ineptiis
1725 1466 1754 1482 se
1767 1457 1933 1483 immisceret.
1948 1454 2011 1482 Coll

1178 1499 1232 1527 LL.
1252 1499 1285 1527 Μ.
1304 1498 1363 1525 XV.
1382 1501 1407 1525 2.

1214 1544 1387 1576 luemus,
1424 1541 1565 1575 (Adiect.)
1604 1542 1634 1575 ξ.
1655 1543 1690 1568 l.
1721 1543 1894 1569 Inlmhilis.
1919 1540 1974 1574 (Cf.
1993 1551 2017 1567 v.

1178 1585 1308 1622 InaptuS.)
1329 1601 1361 1604 —
1381 1585 1412 1618 ξ.
1437 1586 1472 1612 2.
1494 1587 1715 1620 Nngatoriua,
1738 1586 1874 1611 Stultus.
1913 1584 1932 1611 1.
1955 1585 2018 1618 Sy.

1157 1663 1158 1669 ἵ
1180 1627 1326 1654 Ridiculus.
1347 1627 1377 1654 fr.
1397 1629 1439 1654 86.
1458 1638 1498 1665 pr.
1519 1627 1551 1654 de
1574 1627 1663 1654 hered.
1687 1628 1748 1654 inst.
1767 1628 1809 1654 28.
1828 1629 1852 1653 5.
1889 1626 1932 1653 111.
1953 1628 2020 1654 Gn·

1156 1672 1158 1688 5
1179 1670 1261 1706 Quod
1280 1675 1364 1697 totum
1383 1675 1409 1697 et
1431 1671 1549 1708 ineptum
1574 1675 1599 1697 et
1622 1671 1747 1696 vitiosum
1770 1674 1818 1696 est.
1842 1669 1873 1696 sr.
1893 1671 1933 1696 59.
1953 1670 1975 1703 5.
1996 1671 2019 1696 1.

1181 1714 1215 1740 ib.
1234 1714 1276 1740 28.
1296 1715 1320 1739 5.
1357 1713 1386 1740 In
1403 1714 1544 1750 proposito
1569 1723 1601 1740 ne
1623 1713 1762 1750 possibilis
1785 1712 1891 1749 quidem
1909 1713 2021 1750 reperiri

1157 1765 1159 1771 '
1180 1761 1274 1794 posset
1292 1756 1341 1789 (sc.
1362 1755 1500 1789 conditio‚)
1521 1760 1591 1782 certe
1611 1757 1633 1782 si
1652 1756 1742 1782 verbis
1761 1756 1965 1792 exprimeretur,
1984 1756 2021 1782 in-

1182 1804 1240 1837 epta
1260 1799 1344 1826 fieret.
1364 1798 1394 1826 fr.
1414 1800 1456 1825 86.
1476 1809 1515 1836 pr.
1535 1798 1570 1825 ib.
1589 1800 1630 1825 28.
1644 1800 1668 1824 5.
1697 1797 1802 1835 Ineptae
1815 1797 1966 1825 voluntates
1978 1798 2021 1825 de-

1158 1857 1159 1867 η
1181 1842 1337 1870 functorum.
1362 1841 1393 1868 fr.
1419 1843 1476 1868 113.
1500 1842 1522 1875 5.
1541 1843 1565 1868 5.
1591 1841 1624 1868 do
1647 1841 1722 1877 legat.
1743 1840 1761 1867 I.
1782 1842 1849 1874 (30.)
1885 1841 2020 1879 Ineptissi-

1182 1895 1251 1912 inum
1270 1890 1311 1912 est
1330 1889 1378 1911 etc.
1398 1884 1429 1912 fr.
1447 1886 1472 1911 3.
1492 1885 1514 1919 5.
1533 1886 1575 1911 23.
1594 1884 1627 1911 de
1646 1884 1678 1910 A.
1697 1894 1722 1911 v.
1741 1884 1772 1910 A.
1793 1883 1821 1910 Ρ.
1840 1885 1882 1910 41.
1901 1886 1926 1910 2.

1218 1927 1397 1955 Inermis.
1434 1927 1572 1961 (Adiect.)
1610 1928 1677 1954 Non
1702 1933 1860 1954 armatur.
1896 1926 1927 1952 Π.
1952 1927 2020 1960 012.

1182 1971 1314 1998 Armatus.
1335 1970 1376 1997 Cl'.
1396 1970 1421 1997 h.
1441 1981 1465 1997 v.
1485 1971 1506 2004 5.
1529 1973 1550 1997 l.
1588 1969 1631 1996 Ill.
1652 1971 1717 1997 Cn.
1737 1970 1795 1996 Etsi
1813 1970 1926 1995 inermes
1944 1979 2021 1995 vene-

1182 2019 1254 2047 rant,
1278 2015 1301 2040 si
1325 2015 1351 2040 in
1375 2015 1432 2051 ipsa
1456 2014 1651 2040 concertatione
1670 2028 1702 2032 ·——
1722 2022 1753 2038 eo
1771 2016 1972 2048 processerunt,
1991 2016 2021 2038 ut

1183 2057 1266 2084 fustes
1289 2062 1333 2083 aut
1358 2056 1459 2094 lapides
1484 2060 1624 2083 sumerent.
1650 2055 1680 2081 fr.
1704 2056 1728 2081 3.
1754 2054 1776 2088 5.
1795 2055 1819 2079 4.
1845 2053 1878 2080 de
1901 2055 1926 2080 vi
1950 2059 1976 2080 et
1994 2055 2019 2080 vi

1183 2110 1244 2126 arm.
1264 2101 1305 2125 43.
1330 2101 1369 2125 16.

1218 2145 1342 2170 Iners·
1362 2141 1491 2174 (Adiect.)
1512 2142 1702 2171 Imbecillis.
1723 2141 1879 2174 Ignavus.
1899 2139 1941 2165 111.
1954 2141 2020 2167 Cn.

1183 2185 1284 2221 Vulgus
1304 2186 1384 2211 iners.
1403 2183 1444 2210 Th
1473 2183 1503 2210 C.
1524 2182 1629 2209 V111.7.
1649 2183 1722 2208 c.10.
1743 2181 1774 2208 de
1793 2181 1845 2208 div.
1866 2180 1935 2208 offic.
1967 2182 2021 2217 Qui

1185 2229 1278 2255 castris
1297 2227 1407 2254 idoneos
1427 2228 1534 2253 iuvenes
1554 2225 1642 2252 studio
1665 2225 1756 2251 inertis
1776 2224 1897 2260 obsequii
1915 2229 2021 2262 putave-

1161 2283 1163 2291 .
1185 2273 1237 2298 rint
1256 2270 1424 2297 occulendos.
1444 2269 1480 2296 lb.
1500 2268 1555 2295 Vll.
1577 2270 1598 2294 1.
1619 2277 1640 2294 c.
1662 2269 1701 2293 10.
1721 2266 1753 2293 de
1772 2266 1802 2293 R.
1823 2266 1855 2293 M.

1220 2313 1382 2342 luen-tia.
1421 2313 1573 2343 Desidia,
1593 2311 1742 2345 [gnatia.
1780 2309 1822 2335 111.
1845 2311 1911 2337 Cn.
1931 2309 2021 2347 Segni-

1185 2358 1228 2388 tia,
1248 2356 1290 2383 vel
1310 2356 1457 2386 rusticitas,
1477 2354 1582 2384 inertia,
1602 2352 1769 2389 simplicitas.
1793 2352 1835 2378 vel
1853 2353 1959 2389 ineptia.
1979 2352 2020 2379 Cf.

1375 2397 1435 2424 Non
1459 2396 1537 2423 debet
1562 2395 1669 2421 alterius
1694 2394 1841 2421 collusione
1864 2400 1907 2421 aut
1929 2396 2021 2422 inertia

1187 2442 1262 2468 alteri
1283 2441 1326 2475 [al.
1347 2440 1465 2473 alterius]
1486 2441 1526 2465 ius
1545 2439 1685 2474 corrumpi.
1711 2437 1742 2464 fr.
1762 2439 1785 2464 9.
1805 2447 1844 2475 pr.
1868 2437 1901 2464 de
1919 2437 2021 2465 liberali

1163 2486 1165 2502 ¹
1188 2495 1209 2511 c.
1228 2486 1270 2511 40.
1293 2486 1331 2510 12.

1224 2529 1367 2555 Inesse.
1388 2526 1575 2556 contineri,
1596 2524 1837 2558 Comprehendi.
1856 2522 1875 2549 Ι.
1889 2523 1952 2557 Sy.
1970 2522 2020 2549 Co-

1188 2570 1304 2602 haerere,
1330 2568 1475 2595 Inhaerere.
1499 2566 1529 2593 fr.
1550 2568 1572 2593 1,
1596 2567 1618 2600 5.
1639 2568 1661 2592 1.
1688 2565 1720 2592 de
1739 2565 1782 2591 off.
1803 2566 1867 2592 eius.
1887 2567 1910 2592 1.
1929 2566 1969 2591 21.
1988 2563 2018 2590 fr.

1187 2616 1212 2640 3.
1233 2612 1265 2639 de
1283 2610 1374 2638 iurisd.
1393 2611 1416 2636 2.
1439 2611 1460 2636 1.
1481 2620 1502 2636 c.
1521 2612 1544 2636 2.
1566 2619 1657 2635 comm.
1677 2608 1710 2635 de
1728 2608 1803 2644 legat.
1817 2610 1841 2635 6.
1855 2609 1895 2634 43.
1932 2606 2021 2633 Conti-

1166 2678 1168 2684 .
1191 2656 1256 2687 neri,
1275 2653 1371 2680 Haberi
1390 2654 1510 2685 (numero
1530 2653 1591 2685 etc.)
1610 2651 1640 2678 fr.
1662 2653 1700 2677 14.
1720 2651 1741 2685 5
1756 2653 1795 2677 10.
1816 2651 1867 2686 Qu.
1886 2654 1943 2676 met.
1964 2650 2019 2675 c.4.

1189 2700 1214 2724 2.
1233 2697 1264 2724 fr.
1285 2698 1324 2722 12.
1343 2695 1382 2729 55.
1401 2697 1441 2721 40.
1462 2705 1520 2731 sqq.
1541 2694 1570 2721 l'r.
1592 2696 1631 2721 18.
1656 2695 1693 2728 55.
1720 2696 1741 2719 l.
1761 2703 1800 2730 sq.
1826 2693 1858 2720 de
1879 2693 1952 2718 instr.
1972 2691 2019 2727 leg.

1190 2741 1230 2767 33.
1251 2740 1274 2765 7.
1294 2737 1324 2764 sr.
1344 2739 1385 2764 27.
1406 2738 1442 2772 55.
1463 2740 1486 2764 5.
1506 2748 1545 2774 sq.
1565 2737 1597 2764 de
1616 2747 1678 2763 auro
1698 2746 1749 2772 arg.
1762 2738 1803 2762 34.
1816 2738 1840 2762 2.
1876 2733 1966 2760 Tacite
1978 2744 2020 2760 va-

1192 2782 1254 2809 lere.
1274 2780 1304 2807 sr.
1324 2783 1348 2806 4.
1369 2790 1407 2818 pr.
1427 2781 1449 2814 5.
1468 2781 1492 2807 3.
1512 2780 1544 2806 de
1563 2784 1629 2817 pact.
1648 2782 1672 2806 2.
1693 2781 1733 2806 14.
1768 2778 1798 2805 II.
1825 2778 1890 2810 011-
1910 2776 2019 2803 Deesse.

1193 2823 1233 2851 Cl'.
1255 2823 1280 2850 li.
1297 2833 1323 2853 .v.
1343 2824 1365 2857 5.
1391 2825 1412 2849 1.
1449 2823 1621 2850 Extrinsecus
1646 2823 1742 2849 venire.
1763 2836 1794 2841 -
1813 2819 1904 2846 Tacite
1926 2821 2018 2846 inesse.
