2197 3121
251 191 313 221 342

255 272 371 299 tendere.
393 271 428 297 111.
449 272 470 305 3
493 272 548 297 152.
587 270 753 296 Denunciare
772 269 863 297 debet.
884 274 909 296 et
928 268 1000 295 adire
1017 267 1094 295 Prae-

255 321 350 342 torem.
376 319 398 341 et
427 313 529 340 titulum
551 314 728 339 excusationis
753 322 816 339 suae
835 312 905 350 apud
924 322 981 338 cum
1001 321 1094 348 expro-

253 368 331 385 merev
353 357 387 383 lb.
409 358 509 391 3156.
529 357 561 382 cl'.
581 357 602 389 3.
625 357 681 382 155.
720 354 755 382 Vt
768 360 878 382 tutores.
898 360 939 381 ant
961 359 1094 381 curatores

254 401 357 428 dentur.
378 400 459 426 officii
479 399 667 426 admoneantur
686 403 828 425 cessantes.
849 399 1033 425 excusationes
1053 397 1095 424 ad—

254 444 380 479 legentur.
401 443 430 469 sr.
449 446 473 469 2.
494 442 525 468 de
545 441 625 468 scriis.
650 443 675 469 2.
696 444 736 468 12.
775 441 828 477 Qui
853 442 945 467 muniti
970 445 1033 467 sunt
1051 440 1096 467 ali·
1118 445 1119 450 ¹

254 497 306 523 quo
326 485 477 523 privilegio.
504 484 645 521 aliquando
670 495 722 511 non
748 484 920 511 admittuntur
939 483 972 510 ad
991 493 1097 510 excusa·
1118 492 1119 495 ¹

255 531 360 555 tionem.
382 528 464 554 tatic.
485 529 602 562 33.151.
621 529 679 554 223.
717 527 792 555 Haud
812 529 967 564 impetrasse
987 531 1028 559 ut,
1055 526 1098 553 de·
1119 547 1120 552 .

254 577 325 598 serto
346 573 401 597 inre
420 572 566 608 potiorum.
587 571 618 597 ad
639 573 837 597 excusationem
857 581 885 596 se
905 574 1097 596 converterent.

254 615 290 642 lb.
312 616 332 648 3.
353 616 411 640 212.
433 614 463 640 cs.
484 615 520 648 33.
540 616 599 640 207.
620 624 679 651 sqq.
716 614 758 640 Ad
777 623 892 640 munera.
911 612 954 649 vel
973 613 1097 645 honores,

253 658 397 685 excusatio.
417 658 447 683 tr.
467 659 491 683 4.
512 657 576 691 3.1.
598 657 630 683 de
649 667 718 683 mun.
739 662 764 683 et
784 656 845 682 lion.
865 658 906 682 50.
920 658 946 682 4.
1121 684 1122 690 ἵ

289 702 514 728 Excussare.
552 702 725 727 Excutere.
746 699 788 726 111.
805 701 870 727 Gn.
891 696 952 726 Non
971 699 1046 736 prius
1067 697 1099 725 ad
1120 711 1121 716 ¹

254 754 299 771 eos
329 747 382 775 (sc.
410 744 595 780 magistratus)
623 743 720 772 reverti
748 742 867 780 pupillus
891 746 994 780 potest.
1022 744 1121 778 quam*

253 796 344 813 omnes
363 791 465 813 tutores
485 787 617 813 excussati
637 785 680 819 [al.
701 786 819 820 excussi]
839 785 945 812 fuerint.
967 785 998 812 l'r.
1015 787 1056 811 46.
1076 785 1098 819 3.
1120 801 1121 804 =

253 833 277 856 6.
298 829 330 856 de
351 829 417 855 adm.
439 834 464 855 et
483 830 562 866 peric.
583 830 624 854 26.
645 830 667 855 7.

288 874 492 900 Excutere.
530 872 561 905 §-
577 873 611 898 l.
634 872 804 898 Det-utere.
823 870 948 899 111011.
968 871 997 897 Si
1017 870 1098 897 talum
1121 876 1122 884 ¹

1120 829 1121 836 ¹
1144 833 1192 854 etc.
1212 826 1284 853 Paul.
1304 825 1350 853 IV.
1368 828 1393 853 6.
1411 827 1433 860 3
1455 829 1476 853 1.

991 185 1075 217 [XC
1099 203 1140 208 -—
1164 186 1257 216 EXE.

1139 278 1179 305 ap.
1201 270 1244 294 29.
1262 269 1287 294 3.
1312 266 1341 294 fr.
1364 270 1386 294 1.
1411 268 1447 302 33.
1467 269 1491 294 5.
1512 270 1534 295 7.
1559 268 1591 295 de
1614 268 1644 295 B.
1665 269 1693 296 P.
1720 279 1740 296 5.
1761 275 1778 297 t.
1797 272 1840 298 37.
1861 273 1900 297 ll.
1937 271 1979 297 111.

1139 312 1205 339 sn.
1226 311 1307 337 Binac
1328 310 1432 337 tabulae
1456 313 1617 339 testamenti.
1647 312 1739 339 eodem
1758 318 1876 351 tempore
1895 325 1980 341 exem-

1139 353 1214 391 plat-ii
1237 364 1313 380 causa
1334 355 1456 391 scriptae.
1483 354 1512 380 fr.
1532 357 1572 382 47.
1597 355 1630 382 de
1654 355 1729 391 legat.
1754 355 1784 382 11.
1809 357 1877 390 (31.)
1897 356 1928 383 ct'.
1949 357 1980 384 Γπ.

1143 399 1181 423 10.
1201 407 1243 434 pr.
1262 396 1278 423 l.
1299 398 1340 423 29.
1359 399 1384 423 3.
1405 396 1436 423 sr.
1457 399 1479 423 1.
1499 398 1520 431 3.
1540 400 1563 424 5.
1584 398 1600 424 l.
1619 399 1661 425 37.
1684 401 1722 425 ll.

1176 441 1415 473 Exemplum.
1453 440 1483 473 ᾖ.
1503 441 1538 467 1.
1569 443 1760 476 Scriptura,
1780 445 1982 477 autographi

1141 493 1269 510 carmen
1288 485 1442 519 referens.
1463 482 1481 509 1.
1496 484 1557 517 Sy.
1576 484 1726 521 Exemplar.
1742 484 1773 511 cl'.
1787 484 1812 511 11.
1826 495 1850 511 v.
1870 484 1901 511 11.
1915 486 1981 519 01).

1143 526 1261 553 Tabulae
1281 525 1452 552 authenticae.
1473 526 1503 552 l'r.
1517 528 1541 552 4.
1561 527 1582 560 3
1596 528 1619 553 3.
1640 527 1698 554 sam.
1719 529 1810 554 ercisc.
1826 529 1865 554 10.
1878 530 1902 554 2.
1924 527 1982 554 Non

1119 582 1121 607 χ,
1144 580 1175 595 ex
1196 569 1290 595 indice.
1310 568 1353 595 v··l
1373 568 1494 605 exemplo
1514 568 1624 596 alicuius
1644 572 1803 608 scripturae,
1823 570 1871 597 sed
1890 581 1921 597 ex
1941 581 1983 597 au-

1120 622 1121 643 3
1144 612 1269 639 tlientieo.
1290 612 1459 645 (conveniri.)
1479 611 1550 638 Paul.
1571 611 1602 639 V.
1624 615 1662 639 12.
1683 614 1765 647 311.
1804 613 1846 640 III.
1867 615 1933 641 Cn.
1953 613 1983 640 Si

1120 659 1121 665 ¹
1144 665 1222 681 unum
1243 654 1332 681 fect-rit
1347 655 1420 691 quasi
1436 659 1627 687 testamentum.
1648 656 1717 683 aliud
1737 657 1812 693 quasi
1826 656 1982 694 exemplum.

1144 698 1175 724 l'r.
1196 700 1218 724 1.
1243 698 1264 731 3.
1285 699 1308 724 7.
1333 697 1365 724 de
1383 698 1414 724 B.
1435 697 1462 724 P.
1488 708 1508 724 5.
1529 703 1546 724 t.
1571 700 1613 724 37.
1634 701 1674 725 ll.
1699 700 1730 726 ct'.
1751 700 1782 726 fr.
1801 701 1843 726 24.
1876 699 1928 735 Qu.
1948 704 1984 725 te-

1145 746 1219 767 stam.
1239 740 1286 767 fac.
1306 750 1331 777 p.
1350 742 1392 767 28.
1413 742 1436 767 l.
1473 740 1615 778 Aperiatur
1639 746 1664 768 et
1687 744 1813 769 recitetur
1836 746 1886 776 (sc.
1906 747 1984 769 testa-

1145 784 1292 816 mentum.)
1317 788 1395 820 atque
1418 784 1452 810 ita
1477 784 1644 811 describendi
1667 785 1780 823 exempli
1800 786 1843 812 fiat
1864 791 1983 823 potestas

1520 826 1612 853 Fiscus
1637 832 1752 855 actorum
1771 839 1879 856 suorum
1898 839 1983 856 exem-

1143 870 1187 908 pla
1206 870 1255 896 liae
1274 869 1425 896 conditione
1445 869 1498 896 edit
1518 875 1566 897 etc.
1587 870 1618 897 sr.
1637 873 1679 897 45.
1705 872 1726 905 3.
1746 873 1770 898 6.
1790 871 1823 898 de
1842 873 1897 899 iure
1916 872 1982 898 fisci.

254 916 379 943 excussit.
405 915 434 941 fr.
456 916 513 941 101.
539 914 560 948 3.
579 916 604 940 2.
631 914 664 940 de
683 913 715 941 V.
737 914 764 941 S.
785 916 826 941 50.
848 915 887 941 16.
924 913 1027 940 Alienis
1047 914 1100 950 spi·
1120 917 1122 953 ζ
1143 916 1184 940 49.
1207 915 1245 939 14.
1266 928 1298 932 -
1319 912 1350 946 §0
1374 914 1409 939 ἓ.
1431 914 1559 940 Similis
1578 916 1715 948 specim,
1736 916 1856 942 Instar.
1876 915 1895 941 I.
1921 916 1983 950 Sy.

254 961 292 986 cis
313 968 453 985 excussum
473 957 640 984 frumentum.
665 957 695 984 sr.
716 959 740 984 7.
759 957 781 991 3.
803 959 826 983 7.
846 956 879 984 de
898 957 929 984 Α.
949 956 980 983 R.
1001 956 1035 983 D.
1056 958 1097 982 41.
1145 956 1303 993 Tamquam,
1327 954 1369 981 Ad
1393 955 1554 993 exemplum.
1577 956 1619 983 Ad
1639 958 1730 983 instar.
1755 957 1812 984 Gai.
1831 957 1862 984 II.
1880 960 1940 985 257.
1961 968 1982 985 c.

256 1005 277 1029 1.
299 1002 330 1029 cf.
356 1001 385 1028 t'r.
413 1003 452 1027 13.
477 1002 529 1036 Qu.
553 1000 623 1027 mod.
648 1000 746 1027 ususfr.
772 1001 796 1026 7.
820 1002 845 1026 4.
865 1016 897 1020 —-
917 1001 948 1034 §.
964 1001 1000 1026 2.
1020 1001 1099 1026 Eri·
1120 1012 1121 1016 ¹
1142 1003 1167 1027 3.
1188 999 1220 1026 de
1239 998 1314 1025 liber.
1335 998 1394 1025 exli.
1414 1000 1438 1026 8.
1457 1002 1481 1025 ὅ.
1502 1009 1523 1025 c.
1545 1001 1567 1026 1.
1587 999 1619 1026 de
1639 1009 1738 1037 precar.
1758 1002 1782 1026 8.
1802 1002 1826 1027 9.
1854 1000 1896 1027 111.
1918 1003 1983 1029 Cn.

252 1056 341 1081 pere,
361 1046 564 1071 :theti-altere.
602 1043 621 1070 Ι.
646 1045 707 1078 Sy.
739 1042 909 1075 subtrahere,
929 1043 1090 1079 lutei-cipere
1120 1053 1121 1057 ¹
1143 1042 1271 1069 Illaiorum
1290 1051 1411 1073 suorum,
1435 1051 1459 1068 v.
1479 1041 1648 1068 Domesticae
1667 1041 1766 1069 laudis.
1787 1043 1914 1081 exempla.
1934 1043 1984 1071 Th.

255 1090 284 1115 11.
304 1090 345 1114 38.
366 1087 404 1121 33.
423 1090 447 1114 2.
468 1097 508 1123 sq.
529 1086 561 1113 de
580 1096 640 1113 nox.
661 1091 710 1113 act.
730 1088 754 1113 9.
774 1088 798 1112 4.
819 1086 861 1113 111.
873 1088 939 1114 Cn.
959 1087 1012 1122 Qui
1027 1095 1099 1112 mun-
1120 1110 1121 1115 ,
1144 1085 1175 1113 C.
1196 1085 1263 1112 tht.
1284 1087 1308 1111 4.
1328 1094 1350 1111 e.
1369 1086 1412 1111 28.
1433 1084 1465 1111 de
1485 1084 1611 1112 cohortal.
1630 1085 1675 1112 IX.
1691 1087 1731 1111 13.
1751 1096 1772 1112 c.
1789 1088 1810 1112 1.
1831 1086 1864 1113 de
1883 1087 1985 1114 emend.

254 1142 311 1158 mos
331 1131 379 1157 tibi
400 1131 526 1161 excussit,
547 1134 634 1156 utens
648 1129 714 1156 alius
728 1129 886 1167 subriperet.
907 1129 964 1156 Gai.
983 1129 1027 1155 HI.
1038 1130 1098 1155 202.
1120 1120 1122 1161 l
1144 1130 1286 1167 propiuqu.
1322 1128 1378 1164 Ego
1403 1127 1552 1165 exemplunm
1577 1129 1633 1154 eius
1653 1130 1702 1161 (sc.
1722 1131 1903 1166 praeceptoris
1921 1131 1985 1162 mei)

255 1175 309 1210 Qui
329 1172 475 1200 custodiam
499 1172 578 1199 militi
602 1173 773 1210 prosequenti
800 1183 890 1209 magna
909 1182 987 1198 manu
1006 1181 1098 1198 excus-
1119 1173 1122 1227 ⁴
1143 1177 1251 1199 secutus
1270 1176 1320 1198 etc.
1339 1171 1370 1198 fr.
1382 1173 1406 1197 5.
1427 1170 1460 1197 de
1478 1181 1590 1197 manum.
1609 1171 1681 1198 vind.
1700 1173 1742 1198 40.
1756 1174 1780 1198 2.
1818 1172 1870 1199 Sed
1891 1183 1923 1200 ne
1943 1183 1986 1200 res

254 1218 346 1244 serint.
384 1215 456 1242 Paul.
481 1215 513 1242 V.
537 1218 580 1242 31.
604 1217 625 1250 3.
649 1218 674 1242 2.
706 1232 738 1235 —
770 1216 801 1249 §-
827 1217 864 1242 3.
890 1216 1098 1248 Destituere,
1144 1211 1272 1253 exemplis
1293 1219 1374 1251 egeat,
1394 1215 1485 1251 paucis
1505 1224 1584 1251 agam.
1605 1214 1635 1241 fr.
1657 1216 1679 1241 1.
1699 1225 1737 1252 pr.
1758 1215 1790 1241 de
1807 1225 1923 1253 praescr.
1943 1226 1984 1243 vv.

254 1263 402 1288 Prirare.
438 1258 483 1285 Ill.
504 1260 569 1286 Cn.
599 1259 628 1285 Si
648 1268 798 1296 possessor.
820 1259 911 1296 primis
932 1258 1037 1285 dicendi
1055 1268 1099 1284 ne·
1144 1260 1184 1286 19.
1205 1261 1228 1284 5.
1266 1257 1320 1284 Sed
1340 1257 1372 1284 de
1391 1257 1441 1284 hoc
1455 1257 1668 1284 deliberabimus.
1704 1258 1800 1284 Exstat
1818 1259 1924 1295 quidem
1943 1269 1985 1286 ex-

254 1304 318 1340 gotii
339 1302 502 1340 temporibus
522 1311 650 1328 excussus
671 1306 719 1328 etc.
739 1301 790 1328 Th.
812 1301 843 1328 C.
857 1301 903 1328 XI.
922 1303 964 1328 31.
985 1312 1006 1328 c.
1022 1303 1046 1328 7.
1065 1301 1099 1328 de
1144 1301 1259 1339 emplum
1278 1302 1334 1328 eius
1354 1305 1402 1327 etc.
1422 1300 1453 1327 fr.
1474 1302 1496 1327 l.
1516 1301 1538 1335 3.
1557 1303 1582 1326 5.
1602 1300 1635 1327 de
1653 1300 1751 1338 postul.
1771 1303 1796 1327 3.
1817 1303 1840 1327 l.
1861 1301 1892 1328 cf.
1913 1302 1943 1328 fr.
1959 1303 1982 1328 l.

257 1356 341 1383 repar.
361 1355 420 1383 app.
453 1359 487 1364 —-
519 1345 550 1378 §-
572 1347 610 1372 -1,
643 1347 771 1372 Iudicio
797 1347 833 1372 ab
852 1347 963 1379 aliquo
980 1351 1098 1379 petere.
1143 1345 1166 1379 3.
1187 1347 1210 1372 l.
1235 1344 1268 1371 de
1291 1344 1335 1371 off.
1359 1343 1412 1371 Prf.
1436 1343 1479 1371 Pr.
1501 1345 1522 1370 1.
1544 1345 1584 1370 11.
1626 1343 1669 1370 Ad
1687 1343 1835 1381 exemplum
1858 1346 1923 1382 reip.
1943 1344 1986 1372 ba-

255 1391 402 1417 .4cocare
420 1398 490 1415 rem.
528 1387 546 1414 1.
564 1389 626 1422 Sy.
663 1387 822 1415 Convenire.
843 1398 865 1414 c.
884 1389 909 1414 2,
929 1387 991 1423 Quo
1011 1388 1098 1424 quisq.
1120 1408 1122 1432 ἦ
1144 1388 1206 1415 bere
1230 1397 1273 1414 res
1298 1397 1449 1414 communes
1473 1392 1522 1414 etc.
1546 1386 1578 1413 fr.
1604 1388 1625 1413 l.
1650 1387 1672 1421 3.
1699 1389 1722 1413 l.
1760 1386 1811 1422 Qu.
1837 1389 1886 1414 cui.
1914 1389 1985 1415 univ.

255 1432 312 1459 ord.
333 1433 373 1458 ll.
386 1433 434 1457 35.
472 1431 514 1457 111.
536 1432 602 1458 Cn·
639 1431 668 1458 Si
687 1431 845 1458 mandavero
864 1430 926 1463 tibi,
947 1436 976 1458 ut
994 1436 1099 1458 excute·
1121 1434 1123 1441 ¹
1144 1441 1213 1458 nom.
1233 1433 1257 1457 3.
1277 1432 1301 1457 4.
1338 1430 1452 1457 Dabitur
1471 1431 1548 1462 actio.
1571 1429 1603 1456 ad
1622 1429 1734 1467 exempl.
1754 1431 1866 1457 actionis
1886 1436 1935 1458 etc.
1954 1430 1985 1458 fr.

255 1486 299 1503 res
318 1476 388 1501 vires
408 1474 589 1500 hereditarias.
609 1474 639 1501 fr.
658 1476 700 1501 42.
721 1473 806 1500 mand.
833 1475 873 1501 17.
895 1476 918 1500 1.
955 1473 1011 1501 'Nec
1031 1475 1099 1501 enim
1121 1467 1123 1486 ³
1144 1476 1185 1501 :31.
1204 1483 1244 1511 pr.
1265 1473 1298 1500 de
1316 1472 1348 1500 Ν
1370 1473 1402 1500 G.
1421 1476 1445 1501 3.
1465 1475 1489 1500 5.
1527 1473 1679 1500 Secundum
1699 1473 1848 1511 exemplum
1867 1475 1923 1500 eius
1937 1479 1985 1501 etc.

256 1519 374 1546 fortunas
395 1518 523 1553 cuiusque
541 1522 619 1544 nauta
639 1522 762 1544 excutere
781 1517 867 1544 debet.
887 1517 918 1544 fr.
937 1519 961 1544 2.
981 1518 1003 1552 3.
1023 1520 1047 1544 6.
1067 1517 1100 1544 de
1145 1517 1176 1544 fr.
1196 1519 1237 1544 71.
1257 1517 1280 1551 3.
1302 1518 1325 1543 l.
1345 1516 1377 1543 de
1396 1516 1428 1543 A.
1447 1526 1471 1542 v.
1492 1516 1525 1543 Ο.
1545 1516 1577 1543 H.
1600 1518 1642 1543 29.
1662 1518 1686 1543 2.
1728 1516 1825 1543 Putant
1843 1526 1902 1543 esse
1921 1518 1986 1549 eius.

256 1562 285 1589 L.
305 1560 392 1587 Ithod.
414 1562 454 1586 14.
472 1563 498 1587 2.
535 1560 606 1587 Ante
619 1559 719 1587 Titium
736 1570 886 1588 excussum.
905 1570 957 1586 non
971 1565 1043 1586 recte
1056 1570 1101 1597 pe·
1121 1559 1123 1603 ;
1146 1559 1268 1597 exemplo
1288 1564 1337 1586 ete.
1362 1559 1419 1586 Gai.
1443 1559 1474 1586 11.
1497 1561 1558 1586 200.
1595 1559 1685 1586 Movet
1709 1570 1750 1586 me
1769 1559 1917 1597 exemplum
1937 1565 1986 1587 etc.

255 1610 326 1631 tetur
345 1606 374 1636 (a
394 1603 521 1635 Naevio.)
546 1603 576 1630 sr.
598 1604 655 1629 116.
680 1603 713 1630 de
732 1602 764 1629 V.
789 1603 823 1630 0,
847 1605 889 1630 45.
915 1605 937 1629 l.
957 1619 990 1623 -—
1009 1604 1040 1637 ὓ.
1062 1604 1099 1630 5.
1122 1609 1123 1631 Ξ
1144 1604 1175 1630 sr.
1195 1605 1219 1630 4.
1240 1602 1322 1639 Quib.
1341 1602 1373 1629 ad
1392 1602 1480 1629 libert.
1499 1602 1582 1640 procl.
1602 1605 1644 1629 40.
1662 1604 1702 1629 13.
1741 1602 1821 1639 Quod
1839 1602 1987 1640 exemplum

258 1650 444 1683 Inquirere,
466 1647 672 1673 Examinare.
710 1645 728 1672 1.
753 1647 815 1680 Sy.
835 1645 984 1681 Quaerere.
1003 1645 1101 1682 Requi·
1122 1646 1123 1652 ¹
1146 1652 1171 1673 et
1190 1648 1216 1673 in
1236 1646 1347 1673 caeteris
1367 1647 1442 1682 sequi
1461 1655 1510 1672 nos
1531 1645 1635 1672 debere.
1655 1645 1686 1672 fr.
1708 1647 1748 1672 13.
1769 1646 1791 1680 3.
1810 1647 1834 1672 6.
1855 1645 1888 1672 de
1906 1646 1937 1673 R.
1952 1646 1986 1673 M.

257 1701 321 1718 rere.
343 1690 372 1716 t'r.
393 1692 416 1717 5.
436 1690 459 1722 3.
479 1690 503 1715 9.
524 1688 558 1715 de
577 1688 631 1715 reb.
653 1699 705 1715 cor.
727 1699 770 1725 qu.
789 1699 810 1715 s.
830 1694 878 1716 tut.
897 1691 938 1715 27.
953 1690 977 1715 9.
1014 1688 1100 1725 luqui-
1122 1715 1123 1721 .
1146 1692 1187 1717 49.
1209 1690 1248 1716 16.
1269 1688 1300 1715 cf.
1320 1687 1350 1714 fr.
1373 1690 1412 1714 11.
1433 1689 1454 1722 3.
1474 1690 1498 1714 2.
1519 1688 1550 1714 ad
1571 1688 1597 1714 S.
1613 1688 1644 1715 C.
1663 1687 1743 1715 Treb.
1762 1690 1803 1715 36.
1826 1690 1934 1722 1.—§.
1949 1690 1986 1716 3.

256 1744 323 1765 ΝΜ»,
343 1733 499 1769 Exquirere.
521 1730 551 1758 f1-‚
573 1733 612 1758 17.
633 1742 671 1768 pr,
692 1732 730 1766 §3.
752 1734 773 1758 1.
794 1742 852 1768 sqq.
873 1732 906 1758 de
925 1731 1013 1769 adopt.
1035 1734 1057 1758 l.
1076 1733 1099 1758 7.
1122 1731 1124 1780 l
1146 1725 1376 1767 Praesagium,
1396 1733 1567 1758 Indicium.
1605 1731 1648 1757 111.
1669 1733 1731 1759 Cn.
1757 1731 1832 1767 Quae
1858 1742 1910 1758 non
1931 1734 1987 1769 qui-

257 1777 286 1803 t'r.
309 1778 348 1802 1⁴1.
369 1775 402 1802 de
422 1780 505 1801 contr.
525 1779 584 1801 emt.
606 1776 646 1801 18.
669 1777 690 1802 l.
728 1775 770 1801 111.
795 1776 861 1802 Cn.
880 1774 982 1801 Vocare
1001 1784 1056 1803 eos,
1075 1779 1101 1801 et
1122 1809 1123 1814 1
1145 1775 1204 1802 dem
1223 1774 1291 1801 malo
1311 1776 1406 1801 animo.
1425 1774 1472 1801 sed
1491 1773 1559 1801 malo
1574 1774 1694 1812 exemplo
1712 1774 1941 1807 (medicamentum
1955 1775 1987 1802 ad

259 1829 361 1846 causam
391 1823 478 1844 tantae
505 1817 678 1853 negligentiae
706 1823 837 1845 excutere.
869 1817 900 1844 I'r.
930 1819 969 1844 14.
1000 1817 1032 1844 de
1056 1817 1100 1844 off.
1122 1818 1124 1841 ἶ
1146 1818 1345 1855 conceptionem
1365 1817 1466 1851 dedit.)
1490 1817 1521 1844 sr.
1540 1819 1565 1844 3.
1590 1818 1611 1852 3.
1631 1819 1655 1844 2.
1681 1817 1713 1844 ad
1736 1817 1765 1844 L.
1787 1817 1868 1844 Corn.
1888 1818 1921 1845 de
1939 1819 1986 1845 sic.

260 1862 346 1889 t’raes.
368 1863 389 1887 1.
411 1862 451 1887 18.
489 1860 573 1887 Cuius
593 1862 646 1893 (sc.
671 1861 820 1895 Praetoris)
845 1862 934 1888 officio
958 1862 986 1887 in
1008 1861 1101 1898 primis
1145 1863 1186 1888 48.
1207 1865 1230 1887 δ’.
1255 1860 1327 1887 Paul.
1348 1860 1380 1886 V.
1404 1862 1446 1887 23.
1471 1860 1493 1894 3.
1520 1862 1560 1887 14.
1602 1861 1739 1887 Eiusmodi
1764 1860 1912 1898 exemplum
1934 1870 1986 1887 non

260 1906 309 1931 linc
334 1904 454 1930 convenit
480 1908 616 1935 excutere.
641 1915 672 1930 an
697 1904 803 1931 aliunde
826 1905 914 1942 possit
937 1905 1048 1941 pecnnia
1068 1919 1100 1923 —
1122 1915 1123 1918 ¹

260 1946 388 1985 expediri.
409 1946 438 1972 t'r.
459 1948 482 1972 5.
502 1946 525 1979 3.
544 1947 568 1972 9.
589 1946 622 1972 de
641 1947 697 1973 reb.
719 1958 772 1974 eor.
792 1958 835 1984 qn.
855 1958 875 1974 s.
896 1952 944 1974 tut.
963 1949 1005 1974 27.
1024 1949 1048 1973 9.
1069 1946 1100 1973 cf.

260 1992 289 2017 t'r.
309 1992 350 2016 35.
370 1990 396 2023 3.
418 1991 439 2015 1.
459 1989 491 2015 ad
505 1989 600 2015 munic.
614 1992 655 2016 50.
672 1992 694 2016 1.
732 1990 875 2017 Plurimum
895 1992 920 2017 in
945 1989 1102 2017 excutienda

261 2035 370 2060 veritate
390 2048 422 2052 ·—
442 2033 600 2068 cognitionis
620 2032 727 2059 subtilis
750 2033 884 2069 diligentia
904 2033 995 2059 adfert.
1015 2033 1046 2059 fr.
1061 2035 1101 2059 10.
1124 2042 1125 2046 ¹

259 2078 281 2110 3.
301 2078 325 2102 5.
347 2075 379 2102 de
399 2076 545 2112 quaestion.
565 2076 606 2101 48.
630 2077 668 2102 la.
706 2077 740 2102 Et
763 2078 876 2114 primum
901 2076 1007 2113 quidem
1026 2086 1102 2102 excu-

262 2119 377 2146 tiendum
402 2120 464 2146 erit.
489 2134 521 2138 —
546 2123 575 2145 ut
598 2120 750 2146 aestimetur
776 2125 825 2146 etc.
853 2119 883 2146 sr.
911 2121 950 2145 17.
979 2119 1001 2153 3.
1025 2121 1050 2145 2.
1070 2118 1103 2145 dc
1124 2139 1125 2143 .

261 2162 349 2199 adopt.
371 2164 392 2188 1.
414 2163 436 2188 7.
457 2161 488 2187 cs.
510 2162 539 2188 l't'.
562 2163 601 2188 13.
621 2162 643 2195 3.
665 2164 688 2188 1.
708 2162 740 2189 de
760 2163 803 2189 off.
824 2162 911 2189 Prae-s.
933 2164 956 2188 l.
977 2163 1016 2187 18.
1054 2161 1104 2187 Ra-

262 2207 361 2231 tionum
381 2204 571 2231 rcddcndarum
592 2205 708 2231 conditio
729 2220 760 2223 —
781 2215 833 2242 quo
847 2205 879 2232 ad
893 2206 949 2242 ipsa
969 2204 1102 2231 volumina
1124 2192 1126 2221 l

261 2249 391 2275 rationum
411 2247 545 2274 tradenda.
565 2248 812 2285 perenntamlasquc
826 2254 849 2275 et
865 2247 1050 2275 examinandas
1065 2258 1104 2274 ra·
1124 2236 1126 2250 Ι

262 2293 361 2322 tiones.
387 2294 412 2316 et
431 2289 627 2327 dispungendas
651 2296 729 2328 atque
747 2291 926 2323 excutiendas,
946 2290 1043 2318 factum
1061 2291 1104 2317 ha-

261 2335 313 2360 twt.
334 2333 364 2359 fr.
385 2334 408 2359 6.
428 2333 450 2366 3.
472 2334 494 2359 7.
520 2333 552 2359 dc
576 2334 692 2361 statulib.
718 2337 759 2361 40.
780 2337 803 2361 7.
830 2334 862 2361 cs.
882 2334 912 2361 sr.
937 2336 960 2360 5.
985 2334 1007 2368 3.
1028 2336 1050 2360 l.
1071 2333 1104 2360 de
1125 2332 1126 2354 l

262 2387 373 2404 manum.
393 2378 434 2402 40,
457 2378 478 2402 1.
504 2376 533 2402 t'r.
555 2378 596 2403 59.
622 2378 644 2410 3.
663 2380 688 2404 2.
713 2378 746 2405 de
764 2388 876 2404 manum.
896 2382 997 2404 testam.
1017 2378 1058 2404 40.
1079 2378 1102 2403 4.

262 2420 349 2446 Verba
374 2420 462 2455 itaque
486 2418 567 2445 S.Cti
591 2421 761 2447 excutiamus.
787 2421 817 2448 fr.
836 2424 860 2447 2.
884 2421 905 2455 3.
925 2422 950 2446 2.
970 2419 1003 2446 ad
1022 2419 1049 2446 S.
1071 2419 1101 2447 C.

265 2462 357 2489 Vellei.
378 2463 417 2488 16.
435 2463 457 2487 1.

296 2504 547 2532 Execrabilts.
584 2505 781 2533 Executio.
801 2511 850 2533 etc.
871 2506 902 2533 cl'.
923 2516 947 2532 v.
966 2505 1062 2532 Exsee.

300 2548 464 2574 Exedra.
515 2549 693 2574 camenus
724 2550 756 2575 in
787 2552 913 2577 diaetis
942 2551 1127 2583 publicis„

267 2592 477 2616 Prot-elatum
497 2592 529 2616 iu
549 2592 622 2617 aede
639 2592 786 2624 privata.
823 2592 866 2618 111.
888 2593 954 2619 Cn·
974 2591 1103 2623 Exedrae,

266 2642 332 2669 quae
351 2632 551 2669 septentrionali
569 2632 692 2660 videntur
711 2633 852 2660 adhaerere
865 2635 987 2671 porticui.
1007 2633 1057 2660 Th.
1072 2634 1103 2661 C.

266 2674 324 2701 XV.
355 2676 375 2700 1.
401 2686 421 2701 c.
446 2677 487 2701 53.
511 2675 544 2702 de
568 2686 630 2713 opp.
654 2676 716 2713 pub.
754 2676 793 2702 Ex
813 2678 887 2703 euius
907 2676 1042 2709 cubiculo.
1060 2676 1105 2703 vel
1125 2693 1127 2716 ι

267 2716 362 2743 exedra
382 2717 510 2744 deit-ctum
530 2723 577 2745 est.
598 2718 628 2745 fr.
648 2721 671 2745 5.
691 2720 713 2754 3.
730 2721 755 2746 2.
775 2719 807 2745 de
827 2718 852 2745 11.
872 2729 914 2755 qu.
934 2719 1016 2746 deice.
1029 2721 1053 2747 9.
1066 2722 1090 2746 3.

300 2760 524 2792 Exemplar,
550 2771 570 2788 s.
596 2762 895 2796 Exemplarium.
947 2764 1038 2795 Quod
1066 2773 1105 2790 ex
1126 2777 1127 2792 l

267 2804 476 2836 autographo
500 2806 696 2839 descriptum
718 2811 771 2832 est.
808 2804 825 2831 I.
851 2806 914 2839 Sy.
938 2805 1104 2842 Exemplum,

266 2843 391 2871 Tabulae.
413 2843 443 2870 fr.
466 2846 504 2870 10.
525 2856 563 2882 pr.
587 2847 623 2880 33

662 2870 666 2874 .
691 2857 731 2884 sq.
762 2857 781 2874 r.
803 2849 842 2874 12.
863 2852 964 2874 testam.
984 2848 1103 2885 quemad.
1126 2878 1128 2894 ι

1146 1905 1248 1932 admitti
1268 1905 1385 1930 interest.
1406 1902 1436 1930 fr.
1455 1904 1497 1930 24.
1523 1903 1554 1929 dc
1578 1903 1631 1930 mil.
1652 1908 1753 1930 testam.
1772 1906 1814 1930 29.
1837 1906 1857 1929 l.
1895 1903 1987 1930 Exem-

1150 1948 1195 1986 plo
1217 1947 1274 1974 aliis
1294 1946 1326 1973 ad
1346 1946 1501 1973 deterrenda
1525 1946 1651 1973 malt-licia
1677 1957 1744 1973 esse.
1768 1946 1799 1973 fr.
1818 1948 1859 1972 31.
1884 1956 1923 1983 pr.
1944 1945 1986 1972 (11·-

1147 2001 1203 2028 pos.
1226 1991 1264 2017 16.
1285 1992 1308 2016 3.
1329 1989 1361 2016 cf.
1381 1990 1412 2016 fr.
1432 1992 1455 2017 6.
1475 1989 1497 2023 3.
1524 1991 1546 2016 l.
1571 1989 1603 2016 dc
1622 2000 1698 2027 poen.
1722 1991 1763 2015 48.
1790 1991 1829 2015 19.
1849 1988 1942 2024 Iniqui.
1961 1999 1985 2014 v,

1146 2034 1216 2066 Mali.
1237 2032 1352 2070 exempli
1370 2043 1438 2059 esse.
1458 2032 1488 2059 sr.
1508 2034 1549 2059 47.
1569 2032 1602 2059 de
1619 2032 1698 2059 iudic.
1719 2034 1742 2058 5.
1764 2034 1786 2058 l.
1806 2030 1878 2057 Paul.
1897 2031 1924 2057 Υ.
1944 2034 1984 2057 23.

1124 2103 1125 2110 ἶ
1147 2078 1168 2110 3.
1185 2078 1224 2102 14.
1252 2075 1371 2102 Pessime
1385 2074 1506 2112 exemplo
1520 2074 1668 2107 (foenerare
1687 2075 1749 2107 etc.)
1770 2074 1798 2100 sr.
1816 2076 1837 2099 l.
1858 2084 1896 2110 pr.
1912 2073 1944 2100 d·-
1958 2074 1984 2100 S.

1148 2120 1178 2146 C.
1199 2118 1297 2146 Maced.
1318 2119 1358 2144 14.
1377 2120 1401 2145 6.
1421 2118 1451 2144 fr.
1471 2119 1495 2144 3.
1515 2118 1537 2151 3.
1556 2119 1580 2143 2.
1600 2117 1633 2143 ad
1653 2117 1681 2144 L.
1701 2117 1746 2143 1111.
1767 2116 1800 2143 dc
1818 2117 1843 2142 vi
1863 2116 1924 2153 pub.
1944 2120 1985 2143 45.

1124 2185 1125 2190 ,
1147 2164 1172 2189 6.
1192 2178 1223 2182 -
1243 2162 1274 2195 ξ.
1290 2162 1329 2188 ⁴.
1345 2163 1488 2195 Species,
1512 2162 1709 2187 Momentum.
1730 2159 1819 2194 [Sy.
1832 2159 1986 2186 Remedium

1148 2205 1294 2239 (Mucianae
1313 2204 1463 2237 cautionis)
1488 2203 1518 2230 sr.
1539 2205 1579 2230 72.
1603 2204 1624 2237 3.
1644 2205 1668 2229 2.
1688 2202 1780 2238 fr.,77.
1805 2203 1826 2236 3.
1850 2205 1873 2228 2.
1896 2203 1925 2228 t‘r.
1946 2204 1985 2229 79.

1125 2255 1126 2282 ᾗ
1148 2249 1185 2283 33.
1205 2250 1229 2274 2.
1249 2256 1289 2283 sq.
1309 2246 1343 2273 de
1369 2246 1444 2273 cond.
1470 2252 1495 2273 et
1520 2246 1587 2273 dem.
1610 2248 1652 2272 35.
1678 2247 1700 2271 l.
1737 2245 1779 2271 111.
1805 2247 1870 2272 sn.
1896 2245 1987 2272 luduci

1149 2289 1268 2327 exempla
1287 2289 1427 2316 S.Ctorum
1447 2295 1496 2316 etc.
1516 2289 1546 2316 t'r.
1566 2291 1607 2316 67.
1627 2288 1659 2315 tle
1673 2287 1749 2315 iudic.
1764 2290 1787 2314 5.
1804 2290 1825 2314 l.
1848 2288 1918 2315 Coll.
1932 2288 1985 2315 LL.

1149 2334 1181 2361 M.
1203 2333 1248 2360 VI.
1267 2335 1291 2359 4.
1328 2332 1400 2359 Inter
1419 2338 1519 2359 caetera
1538 2347 1571 2352 —-
1590 2332 1641 2358 hoc
1664 2341 1769 2368 quoque
1794 2332 1882 2358 remisi
1903 2341 1986 2358 exem-

1148 2377 1229 2415 plum.
1250 2376 1280 2403 fr.
1301 2378 1323 2402 1.
1344 2375 1377 2402 de
1395 2375 1489 2403 interd.
1509 2380 1533 2401 et
1553 2374 1630 2410 relcg.
1651 2376 1695 2400 45.
1712 2377 1753 2400 22.
1782 2374 1939 2412 Exemplum
1958 2374 1986 2401 li-

1125 2449 1127 2468 3
1148 2419 1221 2452 belli.
1241 2419 1295 2446 dati
1314 2418 1385 2445 mihi.
1405 2418 1436 2445 fr.
1454 2419 1496 2444 33.
1520 2417 1553 2444 de.
1576 2427 1604 2444 re
1628 2417 1680 2444 iud.
1705 2419 1746 2444 42.
1768 2419 1789 2444 1.
1811 2417 1840 2444 fr.
1861 2419 1884 2444 6.
1905 2417 1937 2444 ad
1955 2416 1985 2444 L.

1148 2463 1196 2490 Iul.
1221 2462 1254 2489 de
1276 2462 1303 2488 vi
1327 2461 1388 2499 pub.
1415 2462 1456 2487 48.
1480 2462 1504 2487 6.
1542 2460 1662 2497 Exempl.
1687 2460 1831 2487 relationis.
1856 2460 1885 2487 sr.
1906 2462 1929 2486 6.
1954 2459 1986 2487 de

1149 2516 1208 2544 app.
1228 2515 1280 2532 rec.
1300 2506 1342 2531 49.
1361 2506 1385 2530 5.

1184 2546 1395 2576 Exemfilis.
1433 2546 1561 2579 (Adiect.)
1601 2549 1663 2579 Qui
1681 2548 1912 2580 arimipotest.
1942 2545 1984 2571 111.

1125 2592 1127 2618 Ῐ
1150 2594 1211 2620 Cn.
1232 2591 1382 2626 Margarita,
1406 2590 1429 2615 si
1450 2599 1502 2615 non
1527 2589 1612 2615 soluta
1633 2594 1706 2615 sunt.
1731 2588 1772 2615 vel
1797 2589 1841 2625 qui
1862 2588 1905 2614 alii
1924 2588 1985 2625 lapi-

1126 2660 1127 2663 ,
1149 2635 1209 2661 des.
1238 2635 1261 2660 si
1286 2632 1391 2669 quidem
1415 2632 1550 2659 exemtiles
1575 2633 1627 2658 sint
1648 2637 1697 2658 etc.
1724 2631 1752 2658 [Γ.
1777 2633 1818 2658 25.
1845 2631 1867 2665 3.
1888 2632 1926 2656 11.
1952 2629 1984 2656 d«-

1148 2687 1210 2704 auro
1230 2686 1280 2713 arg.
1299 2677 1341 2702 34.
1359 2677 1384 2701 2.

1183 2719 1369 2747 Exemfio·
1406 2718 1437 2751 §-
1458 2719 1492 2744 1.
1513 2720 1673 2749 Ademtio,
1694 2719 1837 2744 :li-ulain.
1857 2715 1899 2741 111.
1919 2716 1984 2742 Cn.

1148 2762 1295 2790 Permisisti
1315 2760 1386 2788 mihi.
1406 2765 1501 2787 cretam
1522 2761 1635 2787 eximere
1649 2759 1681 2786 de
1695 2770 1755 2796 agro
1774 2764 1868 2786 tuo.—
1881 2757 1983 2793 Quodsi

1148 2809 1211 2843 post
1234 2805 1406 2831 exemtionem
1430 2809 1515 2831 cretae
1539 2802 1676 2841 replevero
1701 2807 1749 2829 etc.
1774 2801 1804 2828 fr.
1828 2802 1868 2827 16.
1892 2810 1932 2837 pr.
1953 2800 1984 2827 (11·

1149 2855 1262 2885 praescr.
1287 2856 1328 2873 vv.
1355 2849 1392 2873 19.
1418 2849 1441 2873 5.
1472 2863 1502 2866 —
1535 2846 1566 2879 §-
1588 2847 1623 2872 2.
1656 2846 1804 2872 Reaentio
1831 2845 1982 2870 alterius.
