2197 3121
928 152 1010 183 GES
1035 170 1074 176 —-
1101 150 1196 182 GLA.

204 240 302 272 stimi.)
322 237 504 275 gesticulandi,
523 236 566 264 vel
585 236 661 263 aliter
679 245 708 261 se
727 234 849 261 movendi
863 235 951 271 gratia.
971 234 1001 261 fr.
1021 235 1044 260 8.

204 283 226 316 5.
249 284 287 309 11.
309 282 341 308 de
360 292 436 319 poen.
456 282 499 307 48.
521 281 560 306 19.

241 325 382 352 Gestio.
421 324 466 357 (cf.
486 333 511 349 v.
532 321 654 353 Geritio.)
693 323 792 353 Cura,
823 322 1046 347 Administra-

205 369 262 394 tio.
300 367 342 393 111.
360 369 425 395 Cn.
445 366 615 402 Negotiorum
634 365 726 400 gestio.
758 363 795 390 Cf
819 373 843 390 v.
863 362 1011 398 Negotium.

242 411 404 437 Gestire.
442 411 585 436 Inlaiare.
605 407 648 433 Ill.
664 409 729 434 Cn.
750 406 889 442 Suggestio
909 410 960 437 tua,
981 415 1046 441 quae

205 454 344 490 proposito
370 457 460 478 nostro
485 451 588 488 placere
613 451 727 487 gestiens
755 454 803 475 etc.
829 447 895 474 Nov.
925 448 982 474 val.
1004 447 1045 474 111.

207 495 240 521 de
259 495 357 531 indulg.
378 495 471 531 reliqu.
491 494 521 520 11.
544 496 565 520 l.
595 504 615 520 c.
638 495 657 519 l.
679 493 700 527 5
723 494 744 518 1.
782 490 879 517 Nostra
900 490 1045 521 clementia.

206 538 414 575 provincialibus
438 538 492 563 suis
517 537 670 573 prospicere
694 536 817 572 gestiens.
838 533 904 560 Nov.
925 534 1045 560 Mart-ian.
1068 534 1070 552 l

206 582 302 607 nemin.
333 580 418 607 exliib.
448 579 479 605 de
504 589 578 616 prov.
603 579 644 605 111.
670 581 691 605 1,
718 588 738 604 c.
766 580 787 604 l.
812 587 851 614 pr.
889 576 994 613 Legatis
1014 592 1046 596 ——
1068 595 1069 598 .

207 624 341 650 exinanire.
364 624 469 659 gestivit
493 622 575 655 (duas
602 622 718 653 uncias.)
744 630 764 646 c.
787 621 809 646 1.
835 619 867 646 de
892 619 964 645 inoff.
985 618 1045 644 don.

207 668 231 693 3.
250 669 292 693 29.

243 710 389 736 Gestor.
405 709 683 738 Administrator,
704 704 1046 732 Procurator.111.0n.

208 751 378 786 Negotiorum
403 756 499 786 gestor.
537 749 577 776 Cf.
603 760 626 775 v.
652 748 798 785 Negotium.
835 748 983 784 Religiosae
1003 747 1047 773 do-

207 804 266 821 mus
286 793 494 821 administrator.
519 792 562 819 vel
586 793 765 827 cuiuscunque
793 801 870 817 curae
891 790 1048 817 ecclesiasti-

210 847 255 864 cae
275 842 371 873 gestor.
391 836 438 862 Iul.
460 846 499 872 ep.
520 846 580 861 nov.
601 846 622 861 c.
644 837 700 861 115.
721 835 742 868 5.
762 836 821 860 452.

245 881 414 907 Gestum.
453 878 572 911 (Partic.)
609 878 640 911 §.
667 879 700 904 1.
725 879 784 904 Res
800 883 904 912 gesta.
942 875 960 902 I.
988 877 1048 910 Sy.

209 922 317 949 Gestus.
350 921 391 948 Cf.
412 921 436 948 h.
455 931 479 947 v.
518 921 631 947 Factum.
664 920 705 946 Cf.
725 920 749 946 11.
769 930 793 946 v.
819 920 840 953 5
862 921 883 945 1.
922 918 964 945 III.
984 920 1049 946 (Ὓη.

208 965 263 992 Res
282 970 366 1001 gesta.
394 964 478 990 Metus
504 974 525 990 c.
551 969 653 999 gestum
677 969 725 989 etc.
753 962 793 989 Cf.
814 973 837 988 v.
858 963 964 989 Gerere.
984 963 1006 996 5.
1025 964 1049 988 3.

210 1008 247 1034 Vt
266 1013 337 1044 gesta
357 1017 404 1044 per
423 1006 505 1033 filium
530 1009 603 1037 (rata
622 1006 701 1039 sint.)
730 1005 780 1032 Th.
801 1005 831 1032 C.
851 1005 896 1032 IX.
916 1007 957 1032 43.
984 1016 1005 1032 c.
1028 1007 1049 1031 1.

210 1051 233 1085 5.
255 1053 276 1077 l.
299 1050 331 1077 de
351 1055 417 1076 sent.
437 1059 508 1086 pass.
546 1049 696 1086 Culpabilia
715 1053 795 1084 gesta.
816 1048 852 1074 lh.
868 1048 910 1074 Vl.
929 1050 971 1075 29.
991 1058 1011 1074 c.
1026 1050 1050 1074 3.

210 1093 244 1120 de
263 1094 358 1119 curios.
394 1093 435 1119 Ex
459 1097 518 1118 ante
543 1097 617 1128 gesto
644 1091 784 1129 (postulari
808 1092 910 1128 posse.)
935 1091 964 1117 fr.
984 1093 1008 1117 3.
1028 1092 1050 1125 5.

211 1139 251 1163 10.
272 1136 304 1162 de
323 1146 395 1172 susp.
417 1140 464 1161 tut.
483 1137 524 1162 26,
547 1137 586 1161 10.
607 1135 660 1168 [Cf.
680 1145 704 1161 v.
720 1135 825 1160 Gerere.
842 1134 862 1167 5
876 1134 912 1167 -3.]
926 1150 956 1153 —-
970 1135 1000 1168 ξ.
1015 1135 1049 1160 2.

212 1182 324 1210 Gesta,
344 1180 360 1204 i.
376 1189 397 1205 e.
418 1180 501 1205 Acta
519 1180 896 1212 p1chlica‚.⁷tlouumenta
916 1179 1050 1211 scripta.

210 1221 228 1248 Ῑ.
249 1223 310 1256 sy.
330 1221 512 1247 Instrumenta.
538 1231 559 1247 c.
584 1222 609 1246 4.
633 1231 672 1257 pr.
698 1220 730 1247 de
754 1226 883 1247 castrens.
910 1223 949 1247 12.
968 1222 1010 1246 26.
1031 1231 1051 1247 c.

209 1266 234 1290 3.
258 1265 280 1298 5.
300 1266 322 1290 2.
349 1264 380 1290 de
406 1265 473 1301 priv.
498 1263 580 1290 schol.
610 1266 648 1290 12.
672 1266 713 1290 30.
757 1264 923 1290 Monumenta
947 1263 1052 1300 publica

211 1307 339 1333 confecta.
360 1307 409 1333 Th.
431 1307 461 1333 C.
482 1307 525 1333 XI.
545 1309 586 1332 30.
607 1317 629 1333 c.
648 1308 689 1333 29.
711 1309 784 1333 c.3l.
806 1307 837 1333 de
857 1317 914 1343 app.
936 1311 959 1332 et
975 1317 1050 1343 poen.

209 1350 284 1376 Acta.
304 1350 340 1376 lb.
362 1349 417 1376 VII.
439 1351 478 1376 16.
499 1360 520 1376 c.
539 1351 564 1375 3.
584 1349 616 1375 de
636 1349 706 1376 litor.
726 1354 751 1375 et.
770 1350 826 1375 itin.
847 1354 913 1375 cust.
925 1348 990 1375 Vlll.
1013 1351 1052 1376 12.

211 1403 233 1419 c.
255 1395 276 1419 1.
297 1393 318 1426 5
338 1395 363 1419 2.
384 1403 405 1419 c.
424 1394 448 1419 3.
469 1403 490 1419 c.
511 1395 534 1418 5.
560 1403 581 1419 c.
601 1395 624 1419 8.
645 1392 677 1418 de
696 1391 784 1418 donat.
822 1391 864 1418 111.
889 1393 954 1419 Gn.
986 1391 1053 1418 Iudi-

212 1445 271 1467 ces,
294 1436 337 1462 vel
361 1436 401 1461 ius
427 1440 560 1471 gestorum
584 1435 718 1461 habentes
747 1446 767 1461 c.
794 1436 834 1461 14.
859 1436 880 1469 5.
901 1437 925 1461 4.
951 1434 983 1461 de
1004 1434 1052 1461 SS.

212 1478 276 1505 eccl.
298 1481 319 1505 l.
339 1481 363 1504 2.
402 1478 491 1509 Gesta.
512 1489 578 1515 quae
605 1483 666 1504 sunt
687 1477 811 1503 translata
831 1478 857 1503 in
876 1478 981 1515 publica
1001 1488 1054 1504 mo-

212 1526 343 1548 numenta.
364 1531 385 1547 e.
405 1522 428 1547 6.
449 1521 482 1547 dc
501 1531 528 1547 re
549 1520 600 1547 iud.
617 1523 639 1547 7.
654 1523 695 1547 52.
733 1521 894 1547 Securitates
913 1520 995 1547 semel
1009 1531 1054 1557 pu—

212 1564 333 1597 blicatae,
354 1568 379 1590 et
398 1565 480 1599 gestis
498 1563 590 1590 lectae.
611 1563 661 1590 Th.
675 1563 706 1590 C.
720 1563 778 1590 XII.
798 1565 821 1589 6.
841 1574 863 1590 c.
883 1565 924 1590 26.
946 1564 978 1590 de
998 1574 1054 1589 sus·
1075 1561 1077 1594 ἰ

215 1611 314 1644 ceptor.
334 1617 455 1644 praepos.
494 1607 569 1642 Quos
591 1608 687 1643 negotii
707 1611 794 1632 textus
812 1606 986 1643 amplectitur.
1005 1617 1055 1633 una

216 1659 273 1675 cum
292 1650 373 1685 gestis
393 1650 523 1679 omnibus.
544 1649 727 1686 praesentibus
748 1654 825 1686 atque
844 1651 1002 1687 praeteritis,
1022 1666 1054 1669 —

216 1693 365 1718 transmitti.
391 1692 428 1718 lb.
448 1692 493 1719 IX.
519 1694 558 1718 16.
584 1703 604 1718 c.
627 1694 666 1719 10.
693 1692 725 1718 de
745 1692 854 1719 malefic.
893 1693 968 1728 Quae
988 1692 1055 1718 lecta

216 1739 286 1766 suut,
306 1751 337 1754 —
358 1736 438 1771 gestis
458 1734 644 1761 adhaerebunt.
659 1735 740 1761 Gesta
760 1736 785 1761 in
800 1735 860 1761 Sen.
881 1735 913 1761 de
933 1746 983 1762 ree.
1005 1735 1054 1761 Th.

217 1776 248 1803 C.
273 1776 368 1810 (Wek.
390 1787 416 1814 p.
440 1778 481 1809 6.)
519 1777 574 1803 Sub
600 1779 787 1804 testificatione
810 1783 944 1813 gestorum
970 1777 1055 1809 (tradi

218 1821 280 1851 etc.)
300 1819 349 1846 Th.
371 1819 401 1846 C.
421 1819 477 1846 XII.
498 1821 520 1846 6.
542 1831 562 1846 c.
582 1822 624 1846 28.
645 1820 677 1846 de
697 1826 843 1857 susceptor.
858 1820 916 1846 XV.
938 1823 960 1846 l.
982 1822 1054 1846 c.-1l.
1077 1822 1079 1829 ¹

217 1862 250 1889 de
269 1872 330 1899 opp.
351 1862 413 1899 pub.
451 1862 646 1899 lllunicipalium
673 1868 806 1898 gestorum
830 1863 968 1889 confectio.
988 1863 1055 1889 Νῦν.

218 1905 274 1932 Υ111,
296 1905 337 1931 111.
359 1905 391 1931 de.
411 1905 499 1931 tribut.
520 1905 576 1931 fise.
597 1905 626 1931 II.
648 1907 687 1931 19.
708 1916 728 1931 c.
752 1908 773 1932 1.
793 1906 814 1939 5
837 1908 876 1932 10.

253 1950 401 1975 Gestus.
422 1947 539 1980 (Subst.)
559 1950 685 1980 Gratia,
702 1950 974 1979 Administratio.
995 1951 1056 1976 ,Ne-

215 1994 344 2027 gotium
366 1997 501 2026 geslum.
543 1990 561 2016 I.
579 1992 639 2025 sy.
671 1991 788 2018 Gestum.
813 1992 842 2018 fr.
866 1993 890 2018 3.
915 1992 952 2026 55.
972 1994 995 2018 9.
1016 2002 1056 2028 sq.

219 2033 252 2061 de
270 2044 341 2070 susp.
362 2038 410 2059 tut.
429 2034 470 2059 26.
493 2035 531 2059 10.
561 2033 590 2059 II.
610 2036 676 2067 Op.
696 2034 724 2060 In
744 2036 802 2071 ipso
822 2040 896 2071 gestu
915 2036 1010 2072 posita.
1025 2051 1056 2054 -

218 2076 364 2103 Houoraria
382 2076 579 2113 (praefectura.)
599 2076 646 2103 Iul.
667 2087 707 2114 ep.
722 2087 781 2103 nov.
802 2088 823 2104 e.
838 2079 878 2104 64.
900 2078 921 2111 5.
935 2079 994 2104 216.
1015 2077 1057 2103 ΠΙ.

220 2121 286 2147 Gn.
306 2119 418 2155 Quodsi.
438 2124 609 2156 posteaquam
629 2121 727 2155 gessit,
753 2124 815 2146 tunc
838 2130 866 2146 se
886 2125 961 2156 gestu
980 2120 1059 2147 absti-

221 2163 285 2188 nuit.
309 2162 339 2188 t'r.
359 2164 382 2188 5.
407 2161 429 2194 5.
449 2164 473 2188 2.
494 2161 526 2188 de
546 2161 611 2188 adm.
636 2167 662 2188 et
685 2163 764 2199 peric.
788 2164 830 2189 26.
851 2165 873 2189 7.
912 2162 1059 2200 Suspectus
1080 2156 1081 2160 ¹

222 2204 350 2241 postulari
373 2215 404 2231 ex
427 2214 457 2230 eo
482 2209 570 2239 gestu.
595 2215 671 2241 quem
696 2205 886 2232 administravit
909 2206 1060 2242 (antequam
1081 2221 1082 2226 =

222 2251 295 2272 trans
313 2256 382 2273 mare
400 2247 526 2279 abesset.)
546 2247 576 2273 fr.
595 2250 619 2273 3.
640 2248 661 2281 5.
675 2249 698 2274 9.
719 2248 751 2274 de
771 2258 843 2285 susp.
864 2253 942 2275 tutor.
962 2250 1059 2274 2610,
1081 2263 1083 2282 i

224 2288 253 2315 Si
273 2288 418 2321 dubitetur,
442 2301 474 2316 an
494 2295 565 2316 tutor
584 2292 630 2318 sit.
654 2290 696 2317 vel
716 2301 747 2317 an
767 2291 843 2317 duret
862 2296 948 2323 tutor,
967 2291 1009 2317 vel
1028 2301 1059 2317 an
1081 2290 1083 2310 <¹

224 2335 314 2367 gestus
334 2330 371 2356 illi
392 2334 546 2359 commissus
566 2334 608 2360 sit.
629 2333 659 2359 fr.
678 2335 720 2359 23.
741 2333 773 2359 de
793 2333 859 2360 adm.
880 2339 906 2360 ct
924 2335 1004 2371 peric.
1017 2336 1059 2360 26.

226 2375 249 2399 7.
269 2373 300 2399 fr.
321 2375 360 2399 14.
381 2374 445 2406 5.1.
466 2376 498 2402 de
517 2376 595 2403 solut.
616 2378 656 2402 46.
676 2378 700 2402 3.

261 2416 500 2444 Gibberosus.
543 2419 672 2452 (Adiect.)
710 2420 846 2446 Dorsum
872 2421 986 2446 habens
1011 2426 1061 2445 ta-
1083 2412 1084 2417 ¹

227 2469 309 2485 more
330 2461 504 2486 incurvum.
540 2461 582 2488 111.
607 2463 673 2489 Gn.
702 2461 852 2491 Gihberosi,
873 2462 916 2495 [al.
936 2462 1060 2498 gibbosi]

227 2501 269 2527 vel
288 2501 369 2532 curvi,
388 2501 430 2527 vel
449 2503 614 2538 pruriginosi.
634 2504 664 2530 fr.
682 2506 707 2531 3.
728 2505 760 2531 de
773 2505 859 2532 Aedil.
880 2505 956 2532 edict.
970 2507 1012 2531 21.
1029 2507 1050 2532 l.

263 2544 440 2577 Gignere.
479 2546 649 2578 Geuerare,
671 2549 857 2575 Procreare.
895 2547 949 2581 (Cf.
970 2558 994 2574 v.
1014 2547 1063 2574 Ge-

229 2586 319 2618 Πῑῑυδλ)
356 2585 399 2612 Ill·
424 2588 490 2614 (7η.
522 2586 550 2613 Si
576 2597 625 2623 qua
647 2589 700 2616 filia
719 2591 781 2617 mihi
801 2592 914 2627 gignitur
933 2590 976 2624 [al.
995 2592 1064 2627 geni-

228 2629 290 2661 tur.]
312 2628 341 2654 fr.
364 2630 402 2654 17.
422 2630 444 2663 5.
466 2631 487 2655 l.
508 2629 540 2656 de
559 2629 627 2666 legat
649 2631 747 2665 1.(30.)
786 2634 862 2669 Quos
882 2636 931 2667 (sc.
952 2634 1063 2666 liberos)

229 2677 280 2697 tam
299 2670 396 2697 nefaria
421 2673 605 2699 coniunctione
629 2676 770 2708 genuerint.
795 2675 865 2703 Coll.
894 2676 947 2704 LL.
968 2677 1000 2704 M.
1020 2676 1067 2703 VI.

230 2716 253 2740 4.
291 2714 366 2750 Quae
386 2715 412 2740 in
431 2714 472 2741 his
492 2716 578 2746 terris,
598 2726 663 2752 quas
683 2717 812 2751 incolunt,
833 2725 910 2756 atque
928 2721 954 2746 in
974 2719 1065 2746 eodem

231 2767 291 2783 rure
309 2758 456 2793 gignuntur.
477 2757 526 2784 Th.
547 2757 578 2784 C.
597 2758 666 2785 XIII.
688 2761 709 2784 l.
730 2770 750 2786 c.
770 2762 794 2787 3.
814 2762 846 2788 de
865 2762 940 2789 lustr,
961 2762 1047 2789 collat⁴

267 2800 478 2827 Gladiator.
515 2801 546 2834 §-
572 2803 606 2828 1.
639 2804 829 2830 Gladiorum
853 2808 1066 2832 cadendorum

1864 153 1926 183 403

1091 235 1227 270 artifex.
1265 233 1307 259 111.
1333 234 1397 261 Cn.
1422 233 1499 261 Fabri
1519 234 1658 270 sagittarii,
1679 233 1784 265 aerarii,
1803 247 1836 251 —
1855 243 1927 259 scan-

1091 276 1194 309 dularii⁷
1213 276 1370 313 gladiatores
1391 281 1438 303 etc.
1460 277 1489 303 fr.
1509 278 1533 303 6.
1554 277 1585 303 do.
1605 278 1660 303 iure
1679 277 1784 302 immun.
1804 278 1844 302 50.
1859 277 1927 301 6.-

1091 320 1121 352 §.
1146 321 1181 346 2.
1204 321 1267 353 Qui
1283 322 1399 354 gladio
1417 327 1544 355 pugnat
1564 322 1595 347 in
1614 329 1722 346 arena.
1758 318 1777 345 I.
1794 320 1854 353 Sy.
1874 319 1928 354 Qui

1091 362 1256 400 depugnandi
1276 372 1352 388 causa
1373 367 1521 388 auctoratus
1541 367 1589 388 est.
1614 362 1678 388 Tab.
1699 361 1801 388 Herael.
1821 362 1866 388 lin.
1885 364 1926 388 38.

1091 415 1129 441 sq.
1150 407 1191 431 64.
1212 415 1251 441 sq.
1271 415 1321 431 aer.
1343 404 1423 441 Neap.
1452 405 1494 431 111.
1513 406 1577 432 Cn.
1599 404 1627 431 Si
1647 404 1804 441 gladiatores
1824 415 1852 430 ea
1872 404 1929 441 lege

1092 448 1138 473 tibi
1159 448 1323 479 tradiderim.
1348 452 1376 474 ut
1399 452 1447 473 etc.
1475 447 1530 473 Gai.
1556 447 1598 473 III.
1626 449 1681 473 146.
1718 446 1816 480 Ludis,
1837 458 1929 474 eumve

1091 490 1248 527 gladiatores
1268 491 1304 517 ibi
1323 490 1483 528 pugnabunt.
1505 490 1569 516 Tab.
1590 490 1690 516 Heracl.
1711 489 1758 516 1.1.
1778 489 1822 516 1111.
1844 492 1884 516 64.
1898 505 1927 510 -—

1092 534 1122 566 §0
1147 535 1183 560 3.
1204 535 1414 560 Damnandae
1433 535 1601 567 nequitiae
1620 535 1714 559 Ιιοηιη.
1752 533 1795 559 111.
1814 534 1879 560 Cn.
1899 532 1928 559 Si

1092 586 1150 602 cum
1170 577 1289 602 convicio
1309 576 1418 602 dixerit:
1439 591 1470 595 -
1490 574 1572 602 ..Non
1592 575 1663 601 filius
1682 586 1763 607 meus.
1782 575 1859 608 latro,
1878 575 1929 611 gla-

1069 631 1070 636 ¹
1092 619 1204 645 diators·
1225 618 1254 645 fr.
1274 621 1297 645 3.
1318 629 1357 656 pr.
1378 618 1410 645 de
1430 618 1474 644 lib.
1496 623 1521 644 et
1540 618 1627 655 posth.
1646 621 1688 645 25.
1707 621 1731 645 2.

1128 662 1401 689 Gladiatorius.
1422 661 1551 694 (Adiect.)
1573 663 1618 687 Ad
1633 663 1843 696 gladiatores
1861 672 1929 696 spe-

1092 711 1190 731 ctans.
1228 704 1269 731 III.
1286 706 1351 732 Cn.
1372 704 1400 730 lu
1420 703 1508 730 ludum
1529 703 1709 739 gladiatorium
1729 704 1817 737 (dari.)
1838 704 1929 731 Th.C.

1093 747 1137 774 lx.
1159 749 1197 773 18.
1223 758 1242 774 c.
1265 749 1287 773 l.
1312 747 1344 774 ad
1368 747 1397 773 L.
1422 747 1483 773 Fah.
1507 746 1565 773 XV.
1588 748 1627 773 12.
1654 757 1674 773 c.
1698 749 1722 773 3.
1743 746 1775 773 de
1795 747 1929 783 gladiator.

1094 791 1146 825 Qui
1167 792 1193 816 in
1213 791 1277 816 urbe
1296 790 1377 816 Roma
1398 789 1580 826 gladiatorium
1599 799 1693 816 munus
1713 790 1874 826 impendunt.
1894 790 1929 816 Ib.

1093 833 1151 860 XV.
1174 835 1213 859 12.
1235 844 1255 859 c.
1276 835 1300 859 2.
1338 833 1499 859 Gladiatoria
1519 833 1629 865 (arena.)
1650 832 1733 859 Vatic.
1754 833 1774 866 5.
1796 835 1836 858 72.

1130 876 1300 903 Gladius.
1338 876 1368 908 §.
1402 877 1436 902 1.
1471 878 1641 902 Armorum
1673 878 1797 909 species
1829 878 1931 902 antis-

1096 921 1184 945 sima.
1221 918 1239 944 1.
1259 919 1320 952 Sy.
1341 918 1456 944 Ferrum.
1478 918 1518 945 Cf.
1539 917 1563 944 h.
1585 928 1609 943 v.
1629 918 1650 951 5.
1670 920 1694 944 2.
1715 918 1756 944 111.
1769 920 1834 946 (m,
1853 918 1932 945 Arma

1095 961 1232 993 alienasse,
1252 977 1284 980 —-
1304 960 1419 991 loricam,
1440 966 1551 993 scutum,
1570 960 1676 997 galeam,
1696 960 1809 997 gladium
1823 966 1870 988 etc.
1891 961 1932 988 Cf.

1094 1015 1118 1031 v.
1139 1004 1227 1030 Galea.
1268 1003 1364 1035 Gladii.
1384 1003 1482 1034 hastae.
1503 1004 1620 1030 frameae.
1642 1003 1672 1030 sr.
1693 1006 1717 1030 3.
1738 1004 1759 1038 5.
1772 1006 1796 1031 2.
1817 1004 1849 1031 de
1869 1005 1895 1030 vi
1908 1009 1934 1030 et

1096 1058 1157 1074 arm.
1177 1049 1273 1074 4:516.
1312 1046 1341 1073 Si
1360 1046 1474 1083 gladium
1493 1048 1637 1077 strinxerit.
1658 1052 1682 1074 et
1701 1048 1726 1073 in
1747 1057 1777 1073 eo
1798 1057 1934 1083 percusse-

1096 1091 1137 1116 rit.
1158 1090 1188 1116 sr.
1210 1092 1232 1116 1.
1252 1091 1273 1124 5.
1293 1091 1317 1116 3
1338 1089 1369 1115 ad
1387 1089 1417 1116 L.
1438 1089 1519 1116 Corn.
1540 1089 1571 1116 de
1590 1091 1665 1116 alcar.
1685 1093 1725 1116 43.
1751 1091 1774 1116 8.
1795 1106 1826 1109 -
1847 1090 1877 1122 §.
1898 1091 1933 1116 2.

1096 1135 1213 1160 Ensis.
1239 1143 1297 1168 qua
1317 1139 1416 1167 eaput
1439 1138 1630 1167 amputetur
1649 1134 1768 1159 noxiis.
1805 1132 1847 1159 111.
1868 1134 1934 1160 Cn.

1096 1176 1277 1202 Animadverti
1301 1175 1387 1212 gladio
1414 1181 1531 1212 oportet,
1556 1185 1608 1201 non
1628 1176 1727 1205 securi.
1752 1175 1793 1201 vel
1812 1175 1865 1201 telo
1885 1180 1934 1201 etc.

1098 1220 1126 1246 l‘r.
1147 1223 1170 1245 δ.
1191 1219 1212 1252 5.
1236 1221 1256 1245 l.
1278 1218 1309 1245 de
1328 1229 1406 1256 poen.
1426 1221 1467 1244 45.
1488 1219 1527 1244 19.
1556 1217 1651 1244 Haberi
1671 1217 1749 1253 gladii
1768 1223 1934 1255 potestatem,

1097 1262 1129 1288 ad
1149 1261 1405 1288 animadvertendum
1425 1262 1475 1294 (in)
1496 1260 1659 1287 facinorosos
1673 1260 1800 1286 homines
1820 1260 1849 1286 fr.
1863 1262 1887 1286 3.
1903 1260 1935 1287 de

1074 1332 1075 1336 ,
1098 1305 1188 1332 iurisd.
1208 1307 1232 1331 2.
1254 1307 1276 1331 1.
1313 1304 1434 1330 Potestas
1453 1303 1546 1340 gladii,
1569 1303 1612 1329 vel
1631 1302 1738 1329 alterius
1759 1304 1934 1330 coercitionis.

1098 1348 1127 1375 fr.
1148 1350 1171 1374 6.
1191 1358 1230 1385 pr.
1251 1347 1282 1374 de
1307 1348 1350 1373 off.
1370 1347 1445 1373 Proc.
1467 1352 1493 1373 et
1511 1346 1572 1383 Leg.
1599 1348 1620 1372 l.
1647 1347 1686 1372 16.
1724 1346 1753 1372 Si
1773 1357 1849 1383 quem
1870 1346 1936 1372 forte

1098 1391 1200 1428 gladius
1220 1390 1290 1417 ultor
1308 1390 1449 1421 adflixerit,
1469 1389 1551 1416 aliave
1571 1388 1704 1426 quaelibet
1722 1390 1801 1415 vitam
1820 1388 1936 1415 adimens

1098 1445 1182 1472 poena
1203 1434 1385 1460 consumserit.
1406 1433 1455 1459 Th.
1477 1432 1508 1459 C.
1528 1432 1572 1458 IX.
1592 1433 1633 1458 42.
1661 1442 1682 1458 c.
1701 1433 1725 1458 2,
1747 1431 1779 1458 de
1798 1432 1858 1458 bon.
1878 1442 1937 1469 pro-

1098 1488 1148 1504 scr.
1195 1476 1223 1503 ln
1248 1486 1293 1502 eos
1314 1493 1345 1496 -—
1365 1476 1462 1502 vindex
1487 1475 1571 1511 legum
1599 1474 1700 1511 gladius
1728 1479 1871 1501 exseratur.
1899 1475 1936 1501 lb.

1098 1520 1168 1547 XIV.
1196 1522 1236 1547 17.
1262 1530 1283 1546 c.
1308 1521 1331 1545 6.
1358 1519 1389 1545 de
1414 1529 1508 1545 annon.
1534 1519 1581 1544 civ.
1620 1517 1709 1543 Puniri
1734 1517 1828 1553 gladio.
1848 1518 1885 1544 lb.
1903 1517 1936 1544 X.

1100 1566 1140 1590 lo.
1161 1574 1181 1589 e.
1204 1565 1243 1589 10.
1265 1562 1297 1588 de
1318 1563 1392 1599 petit.
1413 1567 1438 1588 et
1457 1561 1526 1588 ultro
1546 1561 1598 1587 dat.
1627 1576 1659 1580 --
1688 1561 1718 1594 ξ.
1745 1561 1781 1586 3.
1803 1562 1937 1588 Gladia-

1099 1614 1202 1633 torum
1223 1607 1434 1640 depugnatio.
1463 1604 1481 1631 I.
1498 1605 1559 1638 Sy.
1580 1604 1632 1638 Qui
1653 1608 1847 1629 auctoramento
1866 1613 1938 1639 roga-

1100 1655 1141 1676 tus
1162 1653 1202 1675 est
1221 1648 1253 1675 ad
1272 1648 1392 1684 gladium.
1431 1647 1484 1683 Qui
1499 1645 1665 1683 depugnandi
1686 1656 1762 1672 causa
1789 1651 1938 1672 auctoratus

1100 1697 1147 1719 est.
1168 1691 1238 1718 Coll.
1258 1690 1310 1717 LL.
1330 1690 1363 1717 M.
1383 1689 1426 1716 IV.
1450 1692 1473 1716 3.
1500 1690 1531 1716 cf.
1556 1688 1619 1715 Tab.
1645 1688 1746 1714 Heracl.
1772 1688 1816 1715 lin.
1835 1690 1877 1716 38.
1897 1699 1937 1726 sq.

1100 1745 1150 1761 aer.
1170 1734 1250 1770 Neap.
1288 1733 1331 1759 111.
1360 1734 1425 1760 Cn.
1457 1732 1510 1767 Qui
1534 1731 1566 1758 ad
1589 1731 1703 1767 gladium
1727 1731 1833 1763 dantur,
1859 1732 1939 1765 (intra

1101 1787 1195 1803 annum
1221 1775 1391 1802 consumendi
1416 1775 1502 1807 sunt.)
1527 1774 1598 1800 Paul.
1619 1773 1650 1801 V.
1679 1776 1717 1800 17.
1742 1774 1763 1807 5.
1783 1776 1807 1800 3.
1845 1773 1939 1811 Capite

1101 1821 1246 1848 damnatus.
1266 1818 1308 1845 vel
1323 1818 1354 1844 ad
1368 1818 1475 1849 bestias.
1495 1817 1537 1843 vel
1551 1817 1583 1843 ad
1596 1816 1718 1853 gladium,
1737 1816 1779 1843 vel
1793 1816 1842 1843 alia
1855 1827 1938 1854 poena

1101 1873 1166 1900 quae
1186 1863 1263 1888 vitam
1284 1861 1380 1888 adimit.
1406 1860 1435 1887 fr.
1456 1862 1478 1886 6.
1504 1860 1525 1893 5
1546 1861 1569 1886 6.
1594 1859 1627 1886 de
1651 1860 1739 1886 iniust.
1764 1865 1832 1897 rupt.
1852 1861 1894 1886 28.
1914 1861 1938 1886 3.

1102 1906 1133 1932 cf.
1153 1905 1183 1932 fr.
1202 1907 1244 1931 25.
1265 1905 1286 1938 5.
1306 1906 1330 1930 3.
1351 1903 1383 1930 (le
1402 1903 1433 1929 A.
1453 1913 1477 1929 v.
1498 1903 1530 1929 Ο.
1551 1901 1582 1928 Η.
1601 1903 1643 1929 29.
1662 1904 1687 1928 2.
1724 1902 1773 1928 Est
1792 1902 1940 1929 differentia

1102 1951 1169 1975 inter
1189 1958 1250 1980 eos,
1271 1948 1315 1984 qui
1335 1947 1366 1973 ad
1386 1946 1513 1982 gladium,
1538 1950 1563 1972 et
1587 1955 1632 1971 eos
1658 1945 1702 1981 qui
1728 1944 1759 1971 ad
1783 1944 1873 1971 ludum
1898 1945 1940 1972 da-

1102 1996 1230 2018 mnantur.
1251 1989 1321 2016 Colt.
1340 1989 1394 2016 LL.
1414 1989 1439 2016 Μ
1465 1988 1510 2015 XI.
1531 1990 1553 2015 7.
1575 1988 1609 2014 cf.
1629 1989 1652 2014 6.

1138 2036 1267 2061 Glans.
1320 2035 1475 2059 Arborum
1504 2033 1708 2058 silvestrium
1735 2032 1879 2067 fructus.
1921 2031 1939 2057 Ι.

1103 2079 1164 2111 Sy.
1184 2077 1278 2103 Omnis
1299 2077 1411 2113 speeieS‚
1431 2085 1452 2101 s.
1473 2074 1573 2101 fructus
1592 2073 1722 2100 arborum.
1741 2073 1771 2100 fr.
1787 2075 1807 2100 l.
1828 2074 1887 2107 5.1.
1908 2073 1940 2100 de

1103 2120 1196 2156 glande
1216 2119 1264 2155 leg.
1285 2121 1326 2145 43.
1345 2120 1386 2144 28.
1408 2117 1437 2144 fr.
1456 2119 1515 2144 236.
1536 2118 1557 2151 5.
1580 2119 1601 2144 l.
1622 2116 1654 2143 de
1674 2116 1705 2143 V.
1725 2116 1752 2142 S.
1772 2118 1811 2142 50.
1834 2118 1872 2143 16.
1898 2116 1939 2142 III.

1104 2164 1169 2190 Gn.
1190 2162 1218 2189 Si
1238 2161 1311 2198 glans
1336 2172 1367 2187 ex
1393 2161 1485 2187 arbore
1509 2166 1552 2186 tua
1576 2161 1602 2186 iu
1626 2169 1711 2186 meum
1732 2159 1839 2186 fundum
1859 2159 1940 2189 cadat,

1104 2216 1212 2242 eamque
1232 2215 1279 2241 ego
1299 2205 1416 2231 immisso
1436 2213 1531 2241 pecore
1551 2202 1696 2239 depascam.
1717 2202 1748 2229 fr.
1769 2205 1808 2229 14.
1828 2203 1848 2236 5.
1865 2204 1888 2228 3.
1909 2201 1940 2227 de

1103 2259 1218 2286 praescr.
1238 2258 1279 2275 vv.
1301 2249 1340 2273 19.
1361 2250 1384 2274 5.
1422 2246 1504 2273 Glans
1533 2245 1636 2272 caduca.
1662 2245 1692 2271 sr.
1712 2247 1753 2272 30.
1773 2246 1794 2279 5.
1814 2248 1837 2271 4.
1858 2244 1889 2270 de
1909 2243 1939 2270 V.

1105 2292 1132 2318 S.
1152 2294 1192 2317 50.
1214 2292 1253 2317 16.
1292 2290 1433 2320 Glandem.
1454 2299 1520 2325 quae
1541 2298 1573 2314 ex
1592 2287 1666 2314 illius
1686 2298 1746 2324 agro
1767 2289 1792 2314 in
1812 2293 1882 2313 tuum
1902 2296 1941 2312 ca-

1082 2369 1083 2372 Ἴ
1105 2334 1157 2365 dat,
1178 2334 1316 2370 quominus
1336 2332 1375 2359 illi
1395 2333 1472 2358 tertio
1493 2341 1598 2367 quoque
1618 2330 1660 2357 die
1680 2331 1774 2367 legere,
1795 2329 1894 2356 auferre
1912 2328 1941 2355 li-

1106 2383 1169 2409 ceat.
1189 2378 1242 2403 vim
1261 2377 1318 2402 fieri
1337 2381 1405 2401 veto.
1427 2375 1455 2401 sr.
1478 2376 1500 2400 1.
1520 2384 1560 2411 pr.
1582 2373 1614 2400 de
1633 2373 1726 2410 glande
1745 2373 1792 2408 leg.
1813 2373 1853 2397 43.
1872 2372 1914 2397 28.

1141 2422 1294 2447 Glarea.
1333 2419 1512 2453 Congeries
1542 2419 1689 2451 lapidum
1721 2416 1939 2441 minutiorum.

1110 2464 1209 2490 Terra
1227 2464 1390 2488 sabulosa.
1415 2460 1457 2486 III.
1479 2461 1544 2487 Cn.
1565 2460 1593 2486 Si
1614 2461 1638 2485 vi
1658 2459 1771 2485 fluminis
1796 2466 1855 2493 ager
1874 2456 1941 2483 dele-

1107 2511 1149 2532 tus
1169 2506 1212 2537 sit,
1233 2509 1261 2531 ut
1279 2503 1364 2540 glarea
1384 2504 1486 2535 iniecta,
1506 2508 1549 2529 aut
1569 2502 1638 2529 fossa
1658 2501 1719 2527 limo
1738 2499 1846 2537 repleta.
1860 2498 1940 2526 sr.ll.

1107 2549 1131 2582 5.
1154 2549 1178 2574 6.
1203 2547 1235 2573 de
1259 2557 1324 2582 aqua
1349 2551 1375 2572 et
1398 2556 1456 2583 aqu.
1481 2545 1516 2583 pl.
1541 2547 1581 2571 39.
1605 2547 1629 2570 3.
1672 2543 1700 2569 In
1723 2543 1790 2568 viam
1814 2547 1942 2569 terrenam

1108 2591 1220 2627 glaream
1239 2590 1354 2616 iniicere..
1377 2589 1408 2615 sr.
1430 2591 1451 2615 1.
1476 2589 1497 2622 5.
1517 2590 1540 2614 2.
1566 2587 1597 2613 de
1621 2587 1661 2612 via
1680 2585 1741 2623 pub.
1762 2590 1788 2612 et
1806 2585 1860 2611 itin.
1879 2584 1941 2622 pub.

1107 2635 1148 2660 43.
1166 2635 1204 2659 ll.

1146 2676 1447 2708 Glauce-Tycha
1486 2674 1601 2699 Nomen
1620 2673 1776 2698 mulieris.
1814 2670 1856 2697 111.
1877 2671 1941 2698 Gn.

1109 2719 1210 2746 Naevio
1230 2717 1285 2744 CC.
1305 2717 1413 2753 legavit.
1439 2720 1464 2741 et
1482 2713 1543 2740 fidei
1563 2715 1619 2740 eius
1639 2714 1780 2746 commisit,
1804 2717 1833 2740 ut
1851 2712 1882 2739 C.
1901 2712 1942 2738 da—

1112 2767 1151 2789 ret
1170 2759 1395 2796 Glauce-Tyche,
1416 2757 1463 2791 [al.
1484 2756 1725 2793 Glaucaeffychae,
1745 2767 1769 2783 v.
1789 2755 1941 2787 Claudiae]

1112 2804 1203 2842 Elpidi
1223 2808 1308 2830 autem
1327 2802 1356 2828 L.
1377 2801 1406 2827 fr.
1426 2802 1467 2826 37.
1487 2800 1552 2833 5.1.
1573 2799 1605 2826 de
1623 2799 1698 2836 legat.
1718 2800 1759 2826 Ill.
1780 2799 1846 2832 (32.)

1447 2845 1477 2868 51
1490 2844 1503 2856 ἦ
