<?xml version="1.0" encoding="UTF-8"?>
<!DOCTYPE html PUBLIC "-//W3C//DTD XHTML 1.0 Transitional//EN"
    "http://www.w3.org/TR/xhtml1/DTD/xhtml1-transitional.dtd">
<html xmlns="http://www.w3.org/1999/xhtml" xml:lang="en" lang="en">
 <head>
  <title>
</title>
<meta http-equiv="Content-Type" content="text/html;charset=utf-8" />
  <meta name='ocr-system' content='tesseract 3.04.00' />
  <meta name='ocr-capabilities' content='ocr_page ocr_carea ocr_par ocr_line ocrx_word'/>
</head>
<body>
  <div class='ocr_page' id='page_1' title='image "./manualelatinitat00dirk_0597.png"; bbox 0 0 2197 3121; ppageno 0'>
   <div class='ocr_carea' id='block_1_1' title="bbox 930 187 1188 218">
    <p class='ocr_par' dir='ltr' id='par_1_1' title="bbox 930 187 1188 218">
     <span class='ocr_line' id='line_1_1' title="bbox 930 187 1188 218; baseline 0.008 -2"><span class='ocrx_word' id='word_1_1' title='bbox 930 187 1015 217; x_wconf 78' lang='lat' dir='ltr'>MES</span> <span class='ocrx_word' id='word_1_2' title='bbox 1031 206 1068 210; x_wconf 93' lang='lat'>—-</span> <span class='ocrx_word' id='word_1_3' title='bbox 1085 188 1188 218; x_wconf 78' lang='lat' dir='ltr'>MET.</span> 
     </span>
    </p>
   </div>
   <div class='ocr_carea' id='block_1_2' title="bbox 187 269 1029 438">
    <p class='ocr_par' dir='ltr' id='par_1_2' title="bbox 187 269 1029 438">
     <span class='ocr_line' id='line_1_2' title="bbox 188 269 1029 310; baseline -0.004 -12"><span class='ocrx_word' id='word_1_4' title='bbox 188 273 209 306; x_wconf 87' lang='lat'>5.</span> <span class='ocrx_word' id='word_1_5' title='bbox 229 274 252 298; x_wconf 78' lang='lat' dir='ltr'>S.</span> <span class='ocrx_word' id='word_1_6' title='bbox 273 272 302 298; x_wconf 84' lang='lat' dir='ltr'>fr.</span> <span class='ocrx_word' id='word_1_7' title='bbox 326 274 363 299; x_wconf 86' lang='lat'>13.</span> <span class='ocrx_word' id='word_1_8' title='bbox 384 283 422 310; x_wconf 88' lang='lat' dir='ltr'>pr.</span> <span class='ocrx_word' id='word_1_9' title='bbox 444 272 473 299; x_wconf 81' lang='lat' dir='ltr'>fr.</span> <span class='ocrx_word' id='word_1_10' title='bbox 491 274 529 298; x_wconf 87' lang='lat'>14.</span> <span class='ocrx_word' id='word_1_11' title='bbox 550 272 584 298; x_wconf 88' lang='lat' dir='ltr'>ib.</span> <span class='ocrx_word' id='word_1_12' title='bbox 600 273 638 297; x_wconf 91' lang='lat'>14.</span> <span class='ocrx_word' id='word_1_13' title='bbox 659 272 682 296; x_wconf 84' lang='lat'>3.</span> <span class='ocrx_word' id='word_1_14' title='bbox 721 270 788 296; x_wconf 79' lang='lat' dir='ltr'>Cum</span> <span class='ocrx_word' id='word_1_15' title='bbox 809 271 834 295; x_wconf 93' lang='lat' dir='ltr'>in</span> <span class='ocrx_word' id='word_1_16' title='bbox 855 269 943 295; x_wconf 76' lang='lat' dir='ltr'>eadem</span> <span class='ocrx_word' id='word_1_17' title='bbox 964 280 1029 295; x_wconf 85' lang='lat' dir='ltr'>nave</span> 
     </span>
     <span class='ocr_line' id='line_1_3' title="bbox 187 313 1028 352; baseline -0.004 -11"><span class='ocrx_word' id='word_1_18' title='bbox 187 316 256 341; x_wconf 85' lang='lat' dir='ltr'>varia</span> <span class='ocrx_word' id='word_1_19' title='bbox 276 317 401 342; x_wconf 77' lang='lat' dir='ltr'>mercium</span> <span class='ocrx_word' id='word_1_20' title='bbox 420 326 513 352; x_wconf 76' lang='lat' dir='ltr'>genera</span> <span class='ocrx_word' id='word_1_21' title='bbox 534 314 682 351; x_wconf 75' lang='lat' dir='ltr'>complures</span> <span class='ocrx_word' id='word_1_22' title='bbox 697 318 854 339; x_wconf 68' lang='lat' dir='ltr'>mercatores</span> <span class='ocrx_word' id='word_1_23' title='bbox 869 313 1028 348; x_wconf 61' lang='lat' dir='ltr'>cofigissent.</span> 
     </span>
     <span class='ocr_line' id='line_1_4' title="bbox 189 356 1028 392; baseline -0.004 -8"><span class='ocrx_word' id='word_1_24' title='bbox 189 358 217 384; x_wconf 76' lang='lat' dir='ltr'>fr.</span> <span class='ocrx_word' id='word_1_25' title='bbox 237 360 260 384; x_wconf 87' lang='grc'>2.</span> <span class='ocrx_word' id='word_1_26' title='bbox 285 359 306 392; x_wconf 90' lang='lat'>5</span> <span class='ocrx_word' id='word_1_27' title='bbox 327 360 350 384; x_wconf 79' lang='grc'>2.</span> <span class='ocrx_word' id='word_1_28' title='bbox 376 358 408 384; x_wconf 82' lang='lat' dir='ltr'>de</span> <span class='ocrx_word' id='word_1_29' title='bbox 432 357 459 384; x_wconf 74' lang='lat' dir='ltr'>L.</span> <span class='ocrx_word' id='word_1_30' title='bbox 485 357 570 385; x_wconf 79' lang='lat' dir='ltr'>Rhod.</span> <span class='ocrx_word' id='word_1_31' title='bbox 598 359 637 383; x_wconf 90' lang='lat'>14.</span> <span class='ocrx_word' id='word_1_32' title='bbox 657 359 681 382; x_wconf 77' lang='lat'>2.</span> <span class='ocrx_word' id='word_1_33' title='bbox 708 356 740 383; x_wconf 75' lang='lat' dir='ltr'>cI&#39;.</span> <span class='ocrx_word' id='word_1_34' title='bbox 767 356 795 382; x_wconf 75' lang='grc' dir='ltr'>[ι’.</span> <span class='ocrx_word' id='word_1_35' title='bbox 816 357 839 382; x_wconf 82' lang='lat'>4.</span> <span class='ocrx_word' id='word_1_36' title='bbox 866 356 888 389; x_wconf 90' lang='lat'>5.</span> <span class='ocrx_word' id='word_1_37' title='bbox 908 358 933 381; x_wconf 73' lang='grc'>2.</span> <span class='ocrx_word' id='word_1_38' title='bbox 959 360 1028 381; x_wconf 84' lang='lat' dir='ltr'>naut.</span> 
     </span>
     <span class='ocr_line' id='line_1_5' title="bbox 188 397 1029 438; baseline -0.005 -11"><span class='ocrx_word' id='word_1_39' title='bbox 188 411 260 438; x_wconf 82' lang='lat' dir='ltr'>caup.</span> <span class='ocrx_word' id='word_1_40' title='bbox 286 403 309 427; x_wconf 80' lang='lat'>4.</span> <span class='ocrx_word' id='word_1_41' title='bbox 333 403 357 428; x_wconf 85' lang='lat'>9.</span> <span class='ocrx_word' id='word_1_42' title='bbox 384 401 414 427; x_wconf 63' lang='lat' dir='ltr'>I‘r.</span> <span class='ocrx_word' id='word_1_43' title='bbox 434 403 476 426; x_wconf 83' lang='grc'>31.</span> <span class='ocrx_word' id='word_1_44' title='bbox 500 400 576 426; x_wconf 84' lang='lat' dir='ltr'>locat.</span> <span class='ocrx_word' id='word_1_45' title='bbox 604 401 642 426; x_wconf 88' lang='lat'>19.</span> <span class='ocrx_word' id='word_1_46' title='bbox 666 401 689 425; x_wconf 89' lang='grc'>2.</span> <span class='ocrx_word' id='word_1_47' title='bbox 728 399 757 425; x_wconf 93' lang='lat' dir='ltr'>Si</span> <span class='ocrx_word' id='word_1_48' title='bbox 780 408 879 424; x_wconf 81' lang='lat' dir='ltr'>merces</span> <span class='ocrx_word' id='word_1_49' title='bbox 909 397 1029 424; x_wconf 78' lang='lat' dir='ltr'>vendidit</span> 
     </span>
    </p>
   </div>
   <div class='ocr_carea' id='block_1_3' title="bbox 187 530 422 555">
    <p class='ocr_par' dir='ltr' id='par_1_3' title="bbox 187 530 422 555">
     <span class='ocr_line' id='line_1_6' title="bbox 187 530 422 555; baseline -0.004 0"><span class='ocrx_word' id='word_1_50' title='bbox 187 531 247 555; x_wconf 81' lang='lat' dir='ltr'>iust.</span> <span class='ocrx_word' id='word_1_51' title='bbox 268 534 316 555; x_wconf 82' lang='lat' dir='ltr'>act.</span> <span class='ocrx_word' id='word_1_52' title='bbox 338 531 378 555; x_wconf 80' lang='lat'>14.</span> <span class='ocrx_word' id='word_1_53' title='bbox 398 530 422 554; x_wconf 81' lang='grc'>3.</span> 
     </span>
    </p>
   </div>
   <div class='ocr_carea' id='block_1_4' title="bbox 186 573 1027 649">
    <p class='ocr_par' dir='ltr' id='par_1_4' title="bbox 186 573 1027 649">
     <span class='ocr_line' id='line_1_7' title="bbox 220 573 457 599; baseline -0.008 0"><span class='ocrx_word' id='word_1_54' title='bbox 220 573 457 599; x_wconf 71' lang='lat' dir='ltr'>Mesouauta.</span> 
     </span>
     <span class='ocr_line' id='line_1_8' title="bbox 186 611 1027 649; baseline -0.005 -8"><span class='ocrx_word' id='word_1_55' title='bbox 186 617 321 649; x_wconf 79' lang='lat' dir='ltr'><em>remiges</em></span> <span class='ocrx_word' id='word_1_56' title='bbox 349 617 451 640; x_wconf 79' lang='lat' dir='ltr'>locum</span> <span class='ocrx_word' id='word_1_57' title='bbox 479 620 572 640; x_wconf 78' lang='lat' dir='ltr'>tenet.</span> <span class='ocrx_word' id='word_1_58' title='bbox 615 613 657 640; x_wconf 89' lang='lat' dir='ltr'>III.</span> <span class='ocrx_word' id='word_1_59' title='bbox 679 615 744 640; x_wconf 73' lang='lat' dir='ltr'>Cn.</span> <span class='ocrx_word' id='word_1_60' title='bbox 774 611 829 638; x_wconf 66' lang='lat' dir='ltr'>Mc</span> <span class='ocrx_word' id='word_1_61' title='bbox 854 613 922 637; x_wconf 82' lang='lat' dir='ltr'>euim</span> <span class='ocrx_word' id='word_1_62' title='bbox 947 611 1027 638; x_wconf 81' lang='lat' dir='ltr'>dehet</span> 
     </span>
    </p>
   </div>
   <div class='ocr_carea' id='block_1_5' title="bbox 180 656 1027 908">
    <p class='ocr_par' dir='ltr' id='par_1_5' title="bbox 185 656 1027 779">
     <span class='ocr_line' id='line_1_9' title="bbox 185 656 1027 693; baseline -0.005 -10"><span class='ocrx_word' id='word_1_63' title='bbox 185 659 239 690; x_wconf 81' lang='lat' dir='ltr'>(sc.</span> <span class='ocrx_word' id='word_1_64' title='bbox 260 658 303 693; x_wconf 86' lang='lat' dir='ltr'>qui</span> <span class='ocrx_word' id='word_1_65' title='bbox 323 667 414 683; x_wconf 85' lang='lat' dir='ltr'>navem</span> <span class='ocrx_word' id='word_1_66' title='bbox 436 658 569 689; x_wconf 66' lang='lat' dir='ltr'>exercet.)</span> <span class='ocrx_word' id='word_1_67' title='bbox 595 673 625 677; x_wconf 56' lang='grc'>«-</span> <span class='ocrx_word' id='word_1_68' title='bbox 651 666 697 693; x_wconf 82' lang='lat' dir='ltr'>per</span> <span class='ocrx_word' id='word_1_69' title='bbox 716 656 852 691; x_wconf 76' lang='lat' dir='ltr'>remigem,</span> <span class='ocrx_word' id='word_1_70' title='bbox 881 659 924 680; x_wconf 85' lang='lat' dir='ltr'>aut</span> <span class='ocrx_word' id='word_1_71' title='bbox 943 665 1027 680; x_wconf 86' lang='lat' dir='ltr'>meso-</span> 
     </span>
     <span class='ocr_line' id='line_1_10' title="bbox 185 698 1025 736; baseline -0.004 -10"><span class='ocrx_word' id='word_1_72' title='bbox 185 705 287 726; x_wconf 71' lang='lat' dir='ltr'>nautam</span> <span class='ocrx_word' id='word_1_73' title='bbox 306 699 431 736; x_wconf 70' lang='lat' dir='ltr'>obligari,</span> <span class='ocrx_word' id='word_1_74' title='bbox 451 699 498 725; x_wconf 80' lang='lat' dir='ltr'>sed</span> <span class='ocrx_word' id='word_1_75' title='bbox 518 710 565 736; x_wconf 80' lang='lat' dir='ltr'>per</span> <span class='ocrx_word' id='word_1_76' title='bbox 584 709 625 730; x_wconf 79' lang='lat' dir='ltr'>se,</span> <span class='ocrx_word' id='word_1_77' title='bbox 646 698 685 725; x_wconf 88' lang='lat' dir='ltr'>veI</span> <span class='ocrx_word' id='word_1_78' title='bbox 704 708 752 736; x_wconf 83' lang='lat' dir='ltr'>per</span> <span class='ocrx_word' id='word_1_79' title='bbox 771 698 845 723; x_wconf 86' lang='lat' dir='ltr'>navis</span> <span class='ocrx_word' id='word_1_80' title='bbox 865 699 1025 734; x_wconf 78' lang='lat' dir='ltr'>magistrum.</span> 
     </span>
     <span class='ocr_line' id='line_1_11' title="bbox 185 742 615 779; baseline 0 -11"><span class='ocrx_word' id='word_1_81' title='bbox 185 742 214 768; x_wconf 73' lang='grc' dir='ltr'>[ι’.</span> <span class='ocrx_word' id='word_1_82' title='bbox 237 745 258 768; x_wconf 95' lang='lat' dir='ltr'>l.</span> <span class='ocrx_word' id='word_1_83' title='bbox 278 743 299 776; x_wconf 89' lang='lat'>5.</span> <span class='ocrx_word' id='word_1_84' title='bbox 320 745 343 769; x_wconf 91' lang='grc'>2.</span> <span class='ocrx_word' id='word_1_85' title='bbox 364 747 434 768; x_wconf 82' lang='lat' dir='ltr'>naut.</span> <span class='ocrx_word' id='word_1_86' title='bbox 455 752 529 779; x_wconf 87' lang='lat' dir='ltr'>caup.</span> <span class='ocrx_word' id='word_1_87' title='bbox 548 744 572 768; x_wconf 69' lang='lat'>4.</span> <span class='ocrx_word' id='word_1_88' title='bbox 592 743 615 768; x_wconf 96' lang='lat'>9.</span> 
     </span>
    </p>

    <p class='ocr_par' dir='ltr' id='par_1_6' title="bbox 180 785 1025 908">
     <span class='ocr_line' id='line_1_12' title="bbox 217 785 1025 819; baseline -0.004 -7"><span class='ocrx_word' id='word_1_89' title='bbox 217 786 504 819; x_wconf 71' lang='lat' dir='ltr'>Mesopotaluia.</span> <span class='ocrx_word' id='word_1_90' title='bbox 557 786 658 819; x_wconf 72' lang='lat' dir='ltr'>Regio</span> <span class='ocrx_word' id='word_1_91' title='bbox 692 785 808 815; x_wconf 73' lang='lat' dir='ltr'>Asiae,</span> <span class='ocrx_word' id='word_1_92' title='bbox 848 785 933 810; x_wconf 77' lang='lat' dir='ltr'>iuter</span> <span class='ocrx_word' id='word_1_93' title='bbox 962 785 1025 810; x_wconf 87' lang='grc' dir='ltr'><em>Ειι-</em></span> 
     </span>
     <span class='ocr_line' id='line_1_13' title="bbox 180 825 1025 863; baseline -0.002 -9"><span class='ocrx_word' id='word_1_94' title='bbox 180 829 329 862; x_wconf 74' lang='lat' dir='ltr'>phratem</span> <span class='ocrx_word' id='word_1_95' title='bbox 349 834 377 854; x_wconf 83' lang='lat' dir='ltr'>et</span> <span class='ocrx_word' id='word_1_96' title='bbox 400 830 529 863; x_wconf 78' lang='lat' dir='ltr'><em>Tigrim</em></span> <span class='ocrx_word' id='word_1_97' title='bbox 549 829 622 854; x_wconf 84' lang='lat' dir='ltr'>sita.</span> <span class='ocrx_word' id='word_1_98' title='bbox 660 826 702 852; x_wconf 88' lang='grc'>111.</span> <span class='ocrx_word' id='word_1_99' title='bbox 720 827 785 854; x_wconf 78' lang='lat' dir='ltr'>Gn.</span> <span class='ocrx_word' id='word_1_100' title='bbox 806 825 855 852; x_wconf 82' lang='lat' dir='ltr'>Per</span> <span class='ocrx_word' id='word_1_101' title='bbox 874 827 1025 863; x_wconf 81' lang='lat' dir='ltr'>provincias</span> 
     </span>
     <span class='ocr_line' id='line_1_14' title="bbox 182 869 1025 908; baseline -0.001 -12"><span class='ocrx_word' id='word_1_102' title='bbox 182 870 406 908; x_wconf 74' lang='lat' dir='ltr'>Mesopotamiam,</span> <span class='ocrx_word' id='word_1_103' title='bbox 427 872 584 901; x_wconf 69' lang='lat' dir='ltr'>Osroenam.</span> <span class='ocrx_word' id='word_1_104' title='bbox 602 869 812 906; x_wconf 80' lang='lat' dir='ltr'>Euphratensem</span> <span class='ocrx_word' id='word_1_105' title='bbox 827 874 874 895; x_wconf 85' lang='lat' dir='ltr'>etc.</span> <span class='ocrx_word' id='word_1_106' title='bbox 896 879 916 895; x_wconf 87' lang='lat' dir='ltr'>c.</span> <span class='ocrx_word' id='word_1_107' title='bbox 939 871 977 895; x_wconf 92' lang='lat'>10.</span> <span class='ocrx_word' id='word_1_108' title='bbox 993 869 1025 895; x_wconf 81' lang='lat' dir='ltr'>de</span> 
     </span>
    </p>
   </div>
   <div class='ocr_carea' id='block_1_6' title="bbox 182 911 1047 951">
    <p class='ocr_par' dir='ltr' id='par_1_7' title="bbox 182 911 1047 951">
     <span class='ocr_line' id='line_1_15' title="bbox 182 911 1047 951; baseline -0.002 -12"><span class='ocrx_word' id='word_1_109' title='bbox 182 912 258 939; x_wconf 81' lang='lat' dir='ltr'>aedif.</span> <span class='ocrx_word' id='word_1_110' title='bbox 278 914 344 950; x_wconf 84' lang='lat' dir='ltr'>priv.</span> <span class='ocrx_word' id='word_1_111' title='bbox 365 915 389 940; x_wconf 82' lang='lat'>8.</span> <span class='ocrx_word' id='word_1_112' title='bbox 412 915 451 940; x_wconf 96' lang='lat'>10.</span> <span class='ocrx_word' id='word_1_113' title='bbox 477 924 497 940; x_wconf 92' lang='lat' dir='ltr'>c.</span> <span class='ocrx_word' id='word_1_114' title='bbox 518 915 540 940; x_wconf 82' lang='lat'>8.</span> <span class='ocrx_word' id='word_1_115' title='bbox 566 913 598 939; x_wconf 85' lang='lat' dir='ltr'>de</span> <span class='ocrx_word' id='word_1_116' title='bbox 621 912 693 938; x_wconf 77' lang='lat' dir='ltr'>fund.</span> <span class='ocrx_word' id='word_1_117' title='bbox 718 913 820 949; x_wconf 75' lang='lat' dir='ltr'>patrini.</span> <span class='ocrx_word' id='word_1_118' title='bbox 841 914 880 938; x_wconf 94' lang='lat' dir='ltr'>lI.</span> <span class='ocrx_word' id='word_1_119' title='bbox 900 913 941 938; x_wconf 83' lang='lat'>61.</span> <span class='ocrx_word' id='word_1_120' title='bbox 979 911 1024 938; x_wconf 71' lang='lat' dir='ltr'>Vi-</span> <span class='ocrx_word' id='word_1_121' title='bbox 1046 945 1047 951; x_wconf 15' lang='grc' dir='ltr'>ἵ</span> 
     </span>
    </p>
   </div>
   <div class='ocr_carea' id='block_1_7' title="bbox 181 954 1024 1025">
    <p class='ocr_par' dir='ltr' id='par_1_8' title="bbox 181 954 1024 1025">
     <span class='ocr_line' id='line_1_16' title="bbox 182 954 1024 993; baseline -0.002 -11"><span class='ocrx_word' id='word_1_122' title='bbox 182 957 276 987; x_wconf 87' lang='lat' dir='ltr'>carius,</span> <span class='ocrx_word' id='word_1_123' title='bbox 296 966 319 982; x_wconf 89' lang='lat' dir='ltr'>v.</span> <span class='ocrx_word' id='word_1_124' title='bbox 341 956 410 987; x_wconf 78' lang='lat' dir='ltr'>Dux,</span> <span class='ocrx_word' id='word_1_125' title='bbox 430 956 642 993; x_wconf 70' lang='lat' dir='ltr'>Mesopotamiae.</span> <span class='ocrx_word' id='word_1_126' title='bbox 662 955 712 981; x_wconf 97' lang='lat' dir='ltr'>Th.</span> <span class='ocrx_word' id='word_1_127' title='bbox 733 954 763 981; x_wconf 88' lang='lat' dir='ltr'>C.</span> <span class='ocrx_word' id='word_1_128' title='bbox 785 954 851 981; x_wconf 73' lang='lat' dir='ltr'>VIII.</span> <span class='ocrx_word' id='word_1_129' title='bbox 872 956 895 981; x_wconf 87' lang='lat'>4.</span> <span class='ocrx_word' id='word_1_130' title='bbox 916 966 937 981; x_wconf 85' lang='lat' dir='ltr'>e.</span> <span class='ocrx_word' id='word_1_131' title='bbox 950 956 972 981; x_wconf 82' lang='lat'>4.</span> <span class='ocrx_word' id='word_1_132' title='bbox 992 955 1024 981; x_wconf 82' lang='lat' dir='ltr'>de</span> 
     </span>
     <span class='ocr_line' id='line_1_17' title="bbox 181 998 308 1025; baseline 0.008 -1"><span class='ocrx_word' id='word_1_133' title='bbox 181 998 308 1025; x_wconf 79' lang='lat' dir='ltr'>eohortal.</span> 
     </span>
    </p>
   </div>
   <div class='ocr_carea' id='block_1_8' title="bbox 215 1042 864 1077">
    <p class='ocr_par' dir='ltr' id='par_1_9' title="bbox 215 1042 864 1077">
     <span class='ocr_line' id='line_1_18' title="bbox 215 1042 864 1077; baseline -0.003 -9"><span class='ocrx_word' id='word_1_134' title='bbox 215 1042 448 1068; x_wconf 80' lang='lat' dir='ltr'>Messaliani.</span> <span class='ocrx_word' id='word_1_135' title='bbox 486 1043 736 1068; x_wconf 77' lang='lat' dir='ltr'>Haereticornm</span> <span class='ocrx_word' id='word_1_136' title='bbox 754 1052 812 1077; x_wconf 76' lang='lat' dir='ltr'>gen</span> <span class='ocrx_word' id='word_1_137' title='bbox 822 1051 864 1066; x_wconf 81' lang='lat' dir='ltr'>ns.</span> 
     </span>
    </p>
   </div>
   <div class='ocr_carea' id='block_1_9' title="bbox 176 1125 1023 1335">
    <p class='ocr_par' dir='ltr' id='par_1_10' title="bbox 180 1125 773 1160">
     <span class='ocr_line' id='line_1_19' title="bbox 180 1125 773 1160; baseline 0 -8"><span class='ocrx_word' id='word_1_138' title='bbox 180 1125 229 1152; x_wconf 92' lang='lat' dir='ltr'>Th.</span> <span class='ocrx_word' id='word_1_139' title='bbox 252 1126 282 1152; x_wconf 91' lang='lat' dir='ltr'>C.</span> <span class='ocrx_word' id='word_1_140' title='bbox 302 1127 371 1154; x_wconf 81' lang='lat' dir='ltr'>XVI.</span> <span class='ocrx_word' id='word_1_141' title='bbox 392 1130 416 1153; x_wconf 85' lang='lat'>5.</span> <span class='ocrx_word' id='word_1_142' title='bbox 437 1138 458 1153; x_wconf 85' lang='lat' dir='ltr'>c.</span> <span class='ocrx_word' id='word_1_143' title='bbox 479 1128 519 1153; x_wconf 82' lang='lat'>65.</span> <span class='ocrx_word' id='word_1_144' title='bbox 540 1127 561 1160; x_wconf 90' lang='lat'>5.</span> <span class='ocrx_word' id='word_1_145' title='bbox 580 1128 604 1152; x_wconf 80' lang='grc'>2.</span> <span class='ocrx_word' id='word_1_146' title='bbox 625 1126 657 1152; x_wconf 82' lang='grc'>(1(-</span> <span class='ocrx_word' id='word_1_147' title='bbox 677 1126 773 1153; x_wconf 80' lang='lat' dir='ltr'>haeret.</span> 
     </span>
    </p>

    <p class='ocr_par' dir='ltr' id='par_1_11' title="bbox 176 1169 1023 1335">
     <span class='ocr_line' id='line_1_20' title="bbox 214 1169 1023 1205; baseline 0.001 -10"><span class='ocrx_word' id='word_1_148' title='bbox 214 1169 358 1196; x_wconf 62' lang='lat' dir='ltr'>messis.</span> <span class='ocrx_word' id='word_1_149' title='bbox 383 1170 413 1202; x_wconf 66' lang='grc' dir='ltr'>ξ.</span> <span class='ocrx_word' id='word_1_150' title='bbox 426 1171 460 1196; x_wconf 91' lang='lat' dir='ltr'>l.</span> <span class='ocrx_word' id='word_1_151' title='bbox 482 1172 580 1196; x_wconf 73' lang='lat' dir='ltr'>Actus</span> <span class='ocrx_word' id='word_1_152' title='bbox 601 1171 749 1201; x_wconf 70' lang='lat' dir='ltr'>metendi,</span> <span class='ocrx_word' id='word_1_153' title='bbox 771 1171 931 1196; x_wconf 63' lang='lat' dir='ltr'>Collecti«)</span> <span class='ocrx_word' id='word_1_154' title='bbox 946 1171 1023 1205; x_wconf 84' lang='lat' dir='ltr'>fru-</span> 
     </span>
     <span class='ocr_line' id='line_1_21' title="bbox 176 1211 1022 1250; baseline 0.001 -12"><span class='ocrx_word' id='word_1_155' title='bbox 176 1222 259 1247; x_wconf 78' lang='lat' dir='ltr'>gum.</span> <span class='ocrx_word' id='word_1_156' title='bbox 296 1211 328 1238; x_wconf 91' lang='grc'>11.</span> <span class='ocrx_word' id='word_1_157' title='bbox 347 1213 414 1246; x_wconf 77' lang='lat' dir='ltr'>Op.</span> <span class='ocrx_word' id='word_1_158' title='bbox 435 1212 523 1250; x_wconf 80' lang='lat' dir='ltr'>Spica.</span> <span class='ocrx_word' id='word_1_159' title='bbox 544 1222 609 1248; x_wconf 81' lang='lat' dir='ltr'>quae</span> <span class='ocrx_word' id='word_1_160' title='bbox 630 1216 696 1238; x_wconf 77' lang='lat' dir='ltr'>terra</span> <span class='ocrx_word' id='word_1_161' title='bbox 716 1217 842 1239; x_wconf 86' lang='lat' dir='ltr'>teneatur.</span> <span class='ocrx_word' id='word_1_162' title='bbox 858 1229 889 1232; x_wconf 96' lang='lat'><strong>—</strong></span> <span class='ocrx_word' id='word_1_163' title='bbox 909 1212 1022 1250; x_wconf 78' lang='lat' dir='ltr'>Stipula.</span> 
     </span>
     <span class='ocr_line' id='line_1_22' title="bbox 179 1255 1021 1290; baseline 0.002 -10"><span class='ocrx_word' id='word_1_164' title='bbox 179 1264 244 1290; x_wconf 82' lang='lat' dir='ltr'>quae</span> <span class='ocrx_word' id='word_1_165' title='bbox 263 1255 288 1280; x_wconf 90' lang='lat' dir='ltr'>in</span> <span class='ocrx_word' id='word_1_166' title='bbox 310 1265 397 1281; x_wconf 84' lang='lat' dir='ltr'>messe</span> <span class='ocrx_word' id='word_1_167' title='bbox 416 1256 490 1282; x_wconf 80' lang='lat' dir='ltr'>iacet.</span> <span class='ocrx_word' id='word_1_168' title='bbox 511 1255 541 1281; x_wconf 81' lang='lat' dir='ltr'>fr.</span> <span class='ocrx_word' id='word_1_169' title='bbox 563 1257 602 1281; x_wconf 76' lang='grc'>13.</span> <span class='ocrx_word' id='word_1_170' title='bbox 627 1255 678 1290; x_wconf 77' lang='lat' dir='ltr'>Qu.</span> <span class='ocrx_word' id='word_1_171' title='bbox 699 1255 767 1281; x_wconf 87' lang='lat' dir='ltr'>mod.</span> <span class='ocrx_word' id='word_1_172' title='bbox 789 1256 884 1282; x_wconf 82' lang='lat' dir='ltr'>usussr.</span> <span class='ocrx_word' id='word_1_173' title='bbox 906 1258 929 1282; x_wconf 87' lang='lat'>7.</span> <span class='ocrx_word' id='word_1_174' title='bbox 948 1258 972 1282; x_wconf 92' lang='lat'>4.</span> <span class='ocrx_word' id='word_1_175' title='bbox 992 1256 1021 1282; x_wconf 79' lang='lat' dir='ltr'>I&#39;r.</span> 
     </span>
     <span class='ocr_line' id='line_1_23' title="bbox 176 1297 1022 1335; baseline 0.002 -12"><span class='ocrx_word' id='word_1_176' title='bbox 176 1300 217 1323; x_wconf 83' lang='lat'>30.</span> <span class='ocrx_word' id='word_1_177' title='bbox 237 1297 302 1331; x_wconf 92' lang='lat'>5.1.</span> <span class='ocrx_word' id='word_1_178' title='bbox 323 1297 355 1324; x_wconf 87' lang='lat' dir='ltr'>de</span> <span class='ocrx_word' id='word_1_179' title='bbox 375 1297 406 1324; x_wconf 93' lang='lat' dir='ltr'>V.</span> <span class='ocrx_word' id='word_1_180' title='bbox 427 1298 455 1324; x_wconf 92' lang='lat' dir='ltr'>S.</span> <span class='ocrx_word' id='word_1_181' title='bbox 475 1301 516 1324; x_wconf 77' lang='lat'>50.</span> <span class='ocrx_word' id='word_1_182' title='bbox 537 1299 577 1324; x_wconf 86' lang='lat'>16.</span> <span class='ocrx_word' id='word_1_183' title='bbox 614 1298 658 1323; x_wconf 90' lang='lat' dir='ltr'>III.</span> <span class='ocrx_word' id='word_1_184' title='bbox 675 1299 741 1325; x_wconf 77' lang='lat' dir='ltr'>Cn.</span> <span class='ocrx_word' id='word_1_185' title='bbox 762 1299 885 1335; x_wconf 70' lang='lat' dir='ltr'>segetes,</span> <span class='ocrx_word' id='word_1_186' title='bbox 906 1304 931 1325; x_wconf 77' lang='lat' dir='ltr'>et</span> <span class='ocrx_word' id='word_1_187' title='bbox 951 1299 1022 1335; x_wconf 82' lang='lat' dir='ltr'>qnod</span> 
     </span>
    </p>
   </div>
   <div class='ocr_carea' id='block_1_10' title="bbox 177 1340 1906 1422">
    <p class='ocr_par' dir='ltr' id='par_1_12' title="bbox 177 1340 1906 1422">
     <span class='ocr_line' id='line_1_24' title="bbox 177 1340 1044 1375; baseline 0.002 -9"><span class='ocrx_word' id='word_1_188' title='bbox 177 1350 209 1366; x_wconf 84' lang='lat' dir='ltr'>ex</span> <span class='ocrx_word' id='word_1_189' title='bbox 228 1340 360 1366; x_wconf 76' lang='lat' dir='ltr'>messibus</span> <span class='ocrx_word' id='word_1_190' title='bbox 381 1340 521 1367; x_wconf 79' lang='lat' dir='ltr'>collectum</span> <span class='ocrx_word' id='word_1_191' title='bbox 542 1342 598 1367; x_wconf 79' lang='lat' dir='ltr'>crit.</span> <span class='ocrx_word' id='word_1_192' title='bbox 624 1340 654 1367; x_wconf 86' lang='lat' dir='ltr'>fr.</span> <span class='ocrx_word' id='word_1_193' title='bbox 674 1344 715 1367; x_wconf 88' lang='grc'>25.</span> <span class='ocrx_word' id='word_1_194' title='bbox 741 1342 762 1375; x_wconf 94' lang='lat'>5.</span> <span class='ocrx_word' id='word_1_195' title='bbox 786 1344 806 1368; x_wconf 93' lang='grc'>1,</span> <span class='ocrx_word' id='word_1_196' title='bbox 832 1342 864 1368; x_wconf 83' lang='grc'>(1(·</span> <span class='ocrx_word' id='word_1_197' title='bbox 889 1352 958 1368; x_wconf 77' lang='lat' dir='ltr'>usur.</span> <span class='ocrx_word' id='word_1_198' title='bbox 978 1345 1020 1368; x_wconf 78' lang='grc'>22.</span> <span class='ocrx_word' id='word_1_199' title='bbox 1042 1352 1044 1372; x_wconf 74' lang='grc'>;</span> 
     </span>
     <span class='ocr_line' id='line_1_25' title="bbox 1042 1378 1906 1422; baseline 0.002 -13"><span class='ocrx_word' id='word_1_200' title='bbox 1042 1378 1043 1389; x_wconf 53' lang='lat'><strong>³</strong></span> <span class='ocrx_word' id='word_1_201' title='bbox 1067 1386 1106 1410; x_wconf 77' lang='lat'>16.</span> <span class='ocrx_word' id='word_1_202' title='bbox 1144 1383 1247 1410; x_wconf 79' lang='lat' dir='ltr'>Metalla</span> <span class='ocrx_word' id='word_1_203' title='bbox 1267 1384 1348 1410; x_wconf 84' lang='lat' dir='ltr'>multa</span> <span class='ocrx_word' id='word_1_204' title='bbox 1368 1394 1476 1411; x_wconf 75' lang='lat' dir='ltr'>numero</span> <span class='ocrx_word' id='word_1_205' title='bbox 1501 1391 1576 1417; x_wconf 65' lang='lat' dir='ltr'>sunt3</span> <span class='ocrx_word' id='word_1_206' title='bbox 1600 1391 1626 1412; x_wconf 82' lang='lat' dir='ltr'>et</span> <span class='ocrx_word' id='word_1_207' title='bbox 1650 1385 1776 1422; x_wconf 79' lang='lat' dir='ltr'>quaedam</span> <span class='ocrx_word' id='word_1_208' title='bbox 1801 1385 1906 1422; x_wconf 79' lang='lat' dir='ltr'>quidem</span> 
     </span>
    </p>
   </div>
   <div class='ocr_carea' id='block_1_11' title="bbox 1041 1426 1906 1464">
    <p class='ocr_par' dir='ltr' id='par_1_13' title="bbox 1041 1426 1906 1464">
     <span class='ocr_line' id='line_1_26' title="bbox 1041 1426 1906 1464; baseline 0.003 -13"><span class='ocrx_word' id='word_1_209' title='bbox 1041 1440 1043 1451; x_wconf 56' lang='lat' dir='ltr'><em>z</em></span> <span class='ocrx_word' id='word_1_210' title='bbox 1064 1427 1216 1464; x_wconf 87' lang='lat' dir='ltr'>provinciae</span> <span class='ocrx_word' id='word_1_211' title='bbox 1234 1426 1340 1459; x_wconf 76' lang='lat' dir='ltr'>habent,</span> <span class='ocrx_word' id='word_1_212' title='bbox 1361 1428 1486 1464; x_wconf 77' lang='lat' dir='ltr'>quaedam</span> <span class='ocrx_word' id='word_1_213' title='bbox 1507 1439 1559 1455; x_wconf 89' lang='lat' dir='ltr'>non</span> <span class='ocrx_word' id='word_1_214' title='bbox 1579 1428 1683 1455; x_wconf 85' lang='lat' dir='ltr'>habent.</span> <span class='ocrx_word' id='word_1_215' title='bbox 1704 1429 1733 1455; x_wconf 87' lang='lat' dir='ltr'>sr.</span> <span class='ocrx_word' id='word_1_216' title='bbox 1749 1431 1773 1455; x_wconf 71' lang='grc' dir='ltr'>ὅ.</span> <span class='ocrx_word' id='word_1_217' title='bbox 1793 1429 1814 1462; x_wconf 89' lang='lat'>5</span> <span class='ocrx_word' id='word_1_218' title='bbox 1830 1430 1853 1455; x_wconf 79' lang='lat'>4.</span> <span class='ocrx_word' id='word_1_219' title='bbox 1874 1428 1906 1454; x_wconf 77' lang='lat' dir='ltr'>(Ie</span> 
     </span>
    </p>
   </div>
   <div class='ocr_carea' id='block_1_12' title="bbox 174 1383 1020 1592">
    <p class='ocr_par' dir='ltr' id='par_1_14' title="bbox 174 1383 1020 1592">
     <span class='ocr_line' id='line_1_27' title="bbox 178 1383 1019 1421; baseline 0.002 -12"><span class='ocrx_word' id='word_1_220' title='bbox 178 1385 199 1409; x_wconf 92' lang='lat' dir='ltr'>l.</span> <span class='ocrx_word' id='word_1_221' title='bbox 242 1383 350 1415; x_wconf 62' lang='lat' dir='ltr'>Messis.</span> <span class='ocrx_word' id='word_1_222' title='bbox 375 1383 617 1420; x_wconf 76' lang='lat' dir='ltr'>vindemiarumque</span> <span class='ocrx_word' id='word_1_223' title='bbox 643 1389 768 1421; x_wconf 79' lang='lat' dir='ltr'>tempore.</span> <span class='ocrx_word' id='word_1_224' title='bbox 793 1401 824 1404; x_wconf 92' lang='lat'>—</span> <span class='ocrx_word' id='word_1_225' title='bbox 851 1386 879 1411; x_wconf 81' lang='lat' dir='ltr'>Si</span> <span class='ocrx_word' id='word_1_226' title='bbox 904 1385 1019 1411; x_wconf 82' lang='lat' dir='ltr'>nondum</span> 
     </span>
     <span class='ocr_line' id='line_1_28' title="bbox 175 1426 1019 1464; baseline 0.002 -12"><span class='ocrx_word' id='word_1_227' title='bbox 175 1427 270 1452; x_wconf 85' lang='lat' dir='ltr'>messis</span> <span class='ocrx_word' id='word_1_228' title='bbox 290 1426 454 1452; x_wconf 78' lang='lat' dir='ltr'>vindemiave</span> <span class='ocrx_word' id='word_1_229' title='bbox 473 1426 538 1452; x_wconf 74' lang='lat' dir='ltr'>facta</span> <span class='ocrx_word' id='word_1_230' title='bbox 559 1429 601 1453; x_wconf 77' lang='lat' dir='ltr'>sit.</span> <span class='ocrx_word' id='word_1_231' title='bbox 623 1427 652 1453; x_wconf 78' lang='lat' dir='ltr'>fr.</span> <span class='ocrx_word' id='word_1_232' title='bbox 674 1429 696 1453; x_wconf 93' lang='grc'>1.</span> <span class='ocrx_word' id='word_1_233' title='bbox 718 1437 755 1458; x_wconf 72' lang='lat' dir='ltr'>pr.</span> <span class='ocrx_word' id='word_1_234' title='bbox 781 1427 810 1453; x_wconf 72' lang='lat' dir='ltr'>l&#39;r.</span> <span class='ocrx_word' id='word_1_235' title='bbox 830 1429 854 1454; x_wconf 74' lang='lat'>3.</span> <span class='ocrx_word' id='word_1_236' title='bbox 875 1438 913 1464; x_wconf 86' lang='lat' dir='ltr'>pr.</span> <span class='ocrx_word' id='word_1_237' title='bbox 935 1428 966 1454; x_wconf 72' lang='lat' dir='ltr'>(le</span> <span class='ocrx_word' id='word_1_238' title='bbox 986 1428 1019 1454; x_wconf 82' lang='lat' dir='ltr'>fe-</span> 
     </span>
     <span class='ocr_line' id='line_1_29' title="bbox 175 1469 1020 1507; baseline 0.002 -12"><span class='ocrx_word' id='word_1_239' title='bbox 175 1469 228 1495; x_wconf 86' lang='lat' dir='ltr'>riis.</span> <span class='ocrx_word' id='word_1_240' title='bbox 248 1472 272 1496; x_wconf 85' lang='grc'>2.</span> <span class='ocrx_word' id='word_1_241' title='bbox 295 1471 334 1495; x_wconf 83' lang='grc'>12.</span> <span class='ocrx_word' id='word_1_242' title='bbox 356 1469 385 1495; x_wconf 83' lang='lat' dir='ltr'>sr.</span> <span class='ocrx_word' id='word_1_243' title='bbox 408 1471 429 1495; x_wconf 90' lang='grc'>1.</span> <span class='ocrx_word' id='word_1_244' title='bbox 450 1470 472 1503; x_wconf 91' lang='lat'>5.</span> <span class='ocrx_word' id='word_1_245' title='bbox 486 1472 527 1496; x_wconf 81' lang='grc'>25.</span> <span class='ocrx_word' id='word_1_246' title='bbox 548 1470 580 1496; x_wconf 83' lang='lat' dir='ltr'>de</span> <span class='ocrx_word' id='word_1_247' title='bbox 599 1475 691 1496; x_wconf 76' lang='lat' dir='ltr'>ventre</span> <span class='ocrx_word' id='word_1_248' title='bbox 711 1471 737 1496; x_wconf 88' lang='lat' dir='ltr'>in</span> <span class='ocrx_word' id='word_1_249' title='bbox 756 1481 828 1507; x_wconf 86' lang='lat' dir='ltr'>poss.</span> <span class='ocrx_word' id='word_1_250' title='bbox 842 1473 884 1497; x_wconf 76' lang='lat'>37.</span> <span class='ocrx_word' id='word_1_251' title='bbox 899 1474 922 1497; x_wconf 74' lang='lat'>9.</span> <span class='ocrx_word' id='word_1_252' title='bbox 944 1470 1020 1497; x_wconf 85' lang='lat' dir='ltr'>Tem-</span> 
     </span>
     <span class='ocr_line' id='line_1_30' title="bbox 174 1513 1020 1549; baseline 0.002 -11"><span class='ocrx_word' id='word_1_253' title='bbox 174 1521 239 1549; x_wconf 86' lang='lat' dir='ltr'>pore</span> <span class='ocrx_word' id='word_1_254' title='bbox 258 1513 383 1538; x_wconf 72' lang='lat' dir='ltr'>messium</span> <span class='ocrx_word' id='word_1_255' title='bbox 403 1517 429 1539; x_wconf 81' lang='lat' dir='ltr'>et</span> <span class='ocrx_word' id='word_1_256' title='bbox 448 1523 572 1539; x_wconf 78' lang='lat' dir='ltr'>arearum.</span> <span class='ocrx_word' id='word_1_257' title='bbox 602 1513 632 1539; x_wconf 76' lang='lat' dir='ltr'>fr.</span> <span class='ocrx_word' id='word_1_258' title='bbox 656 1515 694 1539; x_wconf 84' lang='lat'>15.</span> <span class='ocrx_word' id='word_1_259' title='bbox 716 1514 780 1547; x_wconf 86' lang='lat'>5.1.</span> <span class='ocrx_word' id='word_1_260' title='bbox 802 1516 834 1540; x_wconf 79' lang='lat' dir='ltr'>(le</span> <span class='ocrx_word' id='word_1_261' title='bbox 853 1513 921 1540; x_wconf 85' lang='lat' dir='ltr'>alim.</span> <span class='ocrx_word' id='word_1_262' title='bbox 942 1524 965 1540; x_wconf 77' lang='lat' dir='ltr'>v.</span> <span class='ocrx_word' id='word_1_263' title='bbox 986 1515 1020 1540; x_wconf 81' lang='lat' dir='ltr'>ci-</span> 
     </span>
     <span class='ocr_line' id='line_1_31' title="bbox 174 1555 1018 1592; baseline 0.004 -12"><span class='ocrx_word' id='word_1_264' title='bbox 174 1555 227 1581; x_wconf 85' lang='lat' dir='ltr'>bar.</span> <span class='ocrx_word' id='word_1_265' title='bbox 248 1557 288 1582; x_wconf 80' lang='lat'>34.</span> <span class='ocrx_word' id='word_1_266' title='bbox 311 1557 333 1582; x_wconf 93' lang='lat' dir='ltr'>l.</span> <span class='ocrx_word' id='word_1_267' title='bbox 372 1555 400 1581; x_wconf 91' lang='lat' dir='ltr'>Si</span> <span class='ocrx_word' id='word_1_268' title='bbox 428 1556 487 1592; x_wconf 86' lang='lat' dir='ltr'>quis</span> <span class='ocrx_word' id='word_1_269' title='bbox 507 1566 619 1582; x_wconf 80' lang='lat' dir='ltr'>messem</span> <span class='ocrx_word' id='word_1_270' title='bbox 640 1556 728 1587; x_wconf 78' lang='lat' dir='ltr'>saciat,</span> <span class='ocrx_word' id='word_1_271' title='bbox 753 1556 871 1583; x_wconf 83' lang='lat' dir='ltr'>arborem</span> <span class='ocrx_word' id='word_1_272' title='bbox 891 1557 1018 1589; x_wconf 81' lang='lat' dir='ltr'>succidat,</span> 
     </span>
    </p>
   </div>
   <div class='ocr_carea' id='block_1_13' title="bbox 173 1598 1041 1635">
    <p class='ocr_par' dir='ltr' id='par_1_15' title="bbox 173 1598 1041 1635">
     <span class='ocr_line' id='line_1_32' title="bbox 173 1598 1041 1635; baseline 0.005 -12"><span class='ocrx_word' id='word_1_273' title='bbox 173 1598 275 1624; x_wconf 82' lang='lat' dir='ltr'>vineam</span> <span class='ocrx_word' id='word_1_274' title='bbox 295 1603 377 1635; x_wconf 74' lang='lat' dir='ltr'>putet.</span> <span class='ocrx_word' id='word_1_275' title='bbox 398 1598 429 1624; x_wconf 83' lang='lat' dir='ltr'>fr.</span> <span class='ocrx_word' id='word_1_276' title='bbox 452 1601 472 1624; x_wconf 93' lang='lat'>1.</span> <span class='ocrx_word' id='word_1_277' title='bbox 492 1599 574 1632; x_wconf 72' lang='lat'>5.12.</span> <span class='ocrx_word' id='word_1_278' title='bbox 596 1599 628 1625; x_wconf 86' lang='lat' dir='ltr'>(le</span> <span class='ocrx_word' id='word_1_279' title='bbox 649 1600 680 1625; x_wconf 86' lang='lat'>0.</span> <span class='ocrx_word' id='word_1_280' title='bbox 697 1599 727 1625; x_wconf 81' lang='lat' dir='ltr'>N.</span> <span class='ocrx_word' id='word_1_281' title='bbox 742 1599 773 1625; x_wconf 84' lang='lat' dir='ltr'>N.</span> <span class='ocrx_word' id='word_1_282' title='bbox 788 1601 830 1626; x_wconf 76' lang='lat'>39.</span> <span class='ocrx_word' id='word_1_283' title='bbox 849 1602 870 1626; x_wconf 90' lang='lat'>1.</span> <span class='ocrx_word' id='word_1_284' title='bbox 887 1616 918 1619; x_wconf 97' lang='lat'><strong>—</strong></span> <span class='ocrx_word' id='word_1_285' title='bbox 940 1601 1017 1633; x_wconf 71' lang='lat'>§.20</span> <span class='ocrx_word' id='word_1_286' title='bbox 1039 1625 1041 1633; x_wconf 62' lang='grc'>,</span> 
     </span>
    </p>
   </div>
   <div class='ocr_carea' id='block_1_14' title="bbox 176 1641 1016 1678">
    <p class='ocr_par' dir='ltr' id='par_1_16' title="bbox 176 1641 1016 1678">
     <span class='ocr_line' id='line_1_33' title="bbox 176 1641 1016 1678; baseline 0.004 -12"><span class='ocrx_word' id='word_1_287' title='bbox 176 1642 323 1676; x_wconf 76' lang='lat' dir='ltr'>Segetes‚</span> <span class='ocrx_word' id='word_1_288' title='bbox 344 1643 478 1676; x_wconf 74' lang='lat' dir='ltr'>Fruges.</span> <span class='ocrx_word' id='word_1_289' title='bbox 517 1641 534 1667; x_wconf 92' lang='lat' dir='ltr'>I.</span> <span class='ocrx_word' id='word_1_290' title='bbox 549 1643 610 1676; x_wconf 73' lang='lat' dir='ltr'>Sy.</span> <span class='ocrx_word' id='word_1_291' title='bbox 631 1642 722 1678; x_wconf 72' lang='lat' dir='ltr'>Seges.</span> <span class='ocrx_word' id='word_1_292' title='bbox 743 1642 812 1669; x_wconf 83' lang='lat' dir='ltr'>Coll.</span> <span class='ocrx_word' id='word_1_293' title='bbox 833 1642 885 1669; x_wconf 88' lang='lat' dir='ltr'>LL.</span> <span class='ocrx_word' id='word_1_294' title='bbox 906 1643 939 1669; x_wconf 89' lang='lat' dir='ltr'>M.</span> <span class='ocrx_word' id='word_1_295' title='bbox 959 1643 1016 1670; x_wconf 80' lang='lat' dir='ltr'>XII.</span> 
     </span>
    </p>
   </div>
   <div class='ocr_carea' id='block_1_15' title="bbox 172 1724 1016 2018">
    <p class='ocr_par' dir='ltr' id='par_1_17' title="bbox 173 1724 1016 1847">
     <span class='ocr_line' id='line_1_34' title="bbox 175 1724 511 1761; baseline 0.006 -10"><span class='ocrx_word' id='word_1_296' title='bbox 175 1726 235 1751; x_wconf 86' lang='lat' dir='ltr'>inst.</span> <span class='ocrx_word' id='word_1_297' title='bbox 261 1724 327 1752; x_wconf 81' lang='lat' dir='ltr'>Gaii.</span> <span class='ocrx_word' id='word_1_298' title='bbox 348 1727 377 1753; x_wconf 91' lang='grc'>11.</span> <span class='ocrx_word' id='word_1_299' title='bbox 400 1729 420 1753; x_wconf 99' lang='lat' dir='ltr'>l.</span> <span class='ocrx_word' id='word_1_300' title='bbox 446 1727 468 1761; x_wconf 89' lang='lat'>5.</span> <span class='ocrx_word' id='word_1_301' title='bbox 488 1729 511 1753; x_wconf 85' lang='lat'>4.</span> 
     </span>
     <span class='ocr_line' id='line_1_35' title="bbox 174 1768 1016 1805; baseline 0.006 -12"><span class='ocrx_word' id='word_1_302' title='bbox 174 1777 239 1799; x_wconf 79' lang='lat' dir='ltr'>rum,</span> <span class='ocrx_word' id='word_1_303' title='bbox 260 1768 429 1796; x_wconf 80' lang='lat' dir='ltr'>olivarumve.</span> <span class='ocrx_word' id='word_1_304' title='bbox 450 1769 520 1796; x_wconf 83' lang='lat' dir='ltr'>Coll.</span> <span class='ocrx_word' id='word_1_305' title='bbox 540 1769 593 1796; x_wconf 90' lang='lat' dir='ltr'>LL.</span> <span class='ocrx_word' id='word_1_306' title='bbox 613 1770 646 1797; x_wconf 83' lang='lat' dir='ltr'>M.</span> <span class='ocrx_word' id='word_1_307' title='bbox 667 1771 723 1797; x_wconf 79' lang='lat' dir='ltr'>XII.</span> <span class='ocrx_word' id='word_1_308' title='bbox 743 1773 766 1798; x_wconf 81' lang='grc'>3.</span> <span class='ocrx_word' id='word_1_309' title='bbox 788 1772 817 1797; x_wconf 66' lang='grc' dir='ltr'>[ι’.</span> <span class='ocrx_word' id='word_1_310' title='bbox 840 1773 878 1798; x_wconf 87' lang='lat'>16.</span> <span class='ocrx_word' id='word_1_311' title='bbox 898 1773 919 1805; x_wconf 88' lang='lat'><em>5</em></span> <span class='ocrx_word' id='word_1_312' title='bbox 940 1774 963 1798; x_wconf 95' lang='lat'>9.</span> <span class='ocrx_word' id='word_1_313' title='bbox 984 1772 1016 1798; x_wconf 79' lang='lat' dir='ltr'>(le</span> 
     </span>
     <span class='ocr_line' id='line_1_36' title="bbox 173 1812 374 1847; baseline 0.01 -12"><span class='ocrx_word' id='word_1_314' title='bbox 173 1820 251 1847; x_wconf 85' lang='lat' dir='ltr'>poen.</span> <span class='ocrx_word' id='word_1_315' title='bbox 271 1812 313 1837; x_wconf 71' lang='lat'>48.</span> <span class='ocrx_word' id='word_1_316' title='bbox 335 1813 374 1837; x_wconf 87' lang='grc'>19.</span> 
     </span>
    </p>

    <p class='ocr_par' dir='ltr' id='par_1_18' title="bbox 172 1854 1015 1966">
     <span class='ocr_line' id='line_1_37' title="bbox 208 1854 1015 1893; baseline 0.005 -14"><span class='ocrx_word' id='word_1_317' title='bbox 208 1854 379 1881; x_wconf 71' lang='lat' dir='ltr'>Messius.</span> <span class='ocrx_word' id='word_1_318' title='bbox 410 1856 524 1881; x_wconf 75' lang='lat' dir='ltr'>Nomen</span> <span class='ocrx_word' id='word_1_319' title='bbox 546 1857 565 1882; x_wconf 86' lang='lat'>1.</span> <span class='ocrx_word' id='word_1_320' title='bbox 575 1857 628 1882; x_wconf 77' lang='lat' dir='ltr'>Cli</span> <span class='ocrx_word' id='word_1_321' title='bbox 648 1858 678 1882; x_wconf 76' lang='lat' dir='ltr'>R.</span> <span class='ocrx_word' id='word_1_322' title='bbox 716 1856 758 1882; x_wconf 92' lang='lat' dir='ltr'>III.</span> <span class='ocrx_word' id='word_1_323' title='bbox 771 1857 836 1883; x_wconf 71' lang='lat' dir='ltr'>Cn.</span> <span class='ocrx_word' id='word_1_324' title='bbox 856 1856 1015 1893; x_wconf 78' lang='lat' dir='ltr'>Papinianus</span> 
     </span>
     <span class='ocr_line' id='line_1_38' title="bbox 173 1896 1015 1930; baseline 0.005 -8"><span class='ocrx_word' id='word_1_325' title='bbox 173 1901 198 1922; x_wconf 84' lang='lat' dir='ltr'>et</span> <span class='ocrx_word' id='word_1_326' title='bbox 218 1896 330 1923; x_wconf 85' lang='lat' dir='ltr'>Messius</span> <span class='ocrx_word' id='word_1_327' title='bbox 352 1900 463 1928; x_wconf 87' lang='lat' dir='ltr'>(novam</span> <span class='ocrx_word' id='word_1_328' title='bbox 482 1899 638 1924; x_wconf 77' lang='lat' dir='ltr'>sententiam</span> <span class='ocrx_word' id='word_1_329' title='bbox 663 1898 847 1930; x_wconf 77' lang='lat' dir='ltr'>induxerunt.)</span> <span class='ocrx_word' id='word_1_330' title='bbox 873 1899 901 1926; x_wconf 89' lang='lat' dir='ltr'>sr.</span> <span class='ocrx_word' id='word_1_331' title='bbox 922 1902 962 1926; x_wconf 88' lang='lat'>50.</span> <span class='ocrx_word' id='word_1_332' title='bbox 984 1899 1015 1926; x_wconf 83' lang='lat' dir='ltr'>de</span> 
     </span>
     <span class='ocr_line' id='line_1_39' title="bbox 172 1939 437 1966; baseline 0.004 -1"><span class='ocrx_word' id='word_1_333' title='bbox 172 1940 228 1965; x_wconf 90' lang='lat' dir='ltr'>iure</span> <span class='ocrx_word' id='word_1_334' title='bbox 247 1939 314 1965; x_wconf 78' lang='lat' dir='ltr'>fisci.</span> <span class='ocrx_word' id='word_1_335' title='bbox 336 1941 375 1966; x_wconf 88' lang='lat'>49.</span> <span class='ocrx_word' id='word_1_336' title='bbox 399 1942 437 1966; x_wconf 80' lang='lat'>14.</span> 
     </span>
    </p>

    <p class='ocr_par' dir='ltr' id='par_1_19' title="bbox 206 1982 1012 2018">
     <span class='ocr_line' id='line_1_40' title="bbox 206 1982 1012 2018; baseline 0.004 -10"><span class='ocrx_word' id='word_1_337' title='bbox 206 1982 402 2009; x_wconf 79' lang='lat' dir='ltr'>Messivus.</span> <span class='ocrx_word' id='word_1_338' title='bbox 423 1982 552 2015; x_wconf 45' lang='lat' dir='ltr'>(Adit-ci.)</span> <span class='ocrx_word' id='word_1_339' title='bbox 573 1986 620 2010; x_wconf 66' lang='lat' dir='ltr'>Ad</span> <span class='ocrx_word' id='word_1_340' title='bbox 638 1995 763 2011; x_wconf 73' lang='lat' dir='ltr'>messem</span> <span class='ocrx_word' id='word_1_341' title='bbox 783 1991 941 2018; x_wconf 78' lang='lat' dir='ltr'>spectans.</span> <span class='ocrx_word' id='word_1_342' title='bbox 970 1984 1012 2012; x_wconf 90' lang='lat' dir='ltr'>III.</span> 
     </span>
    </p>
   </div>
   <div class='ocr_carea' id='block_1_16' title="bbox 172 2024 1036 2064">
    <p class='ocr_par' dir='ltr' id='par_1_20' title="bbox 172 2024 1036 2064">
     <span class='ocr_line' id='line_1_41' title="bbox 172 2024 1036 2064; baseline 0.002 -12"><span class='ocrx_word' id='word_1_343' title='bbox 172 2026 238 2052; x_wconf 75' lang='lat' dir='ltr'>Gn.</span> <span class='ocrx_word' id='word_1_344' title='bbox 264 2024 387 2051; x_wconf 82' lang='lat' dir='ltr'>Messivis</span> <span class='ocrx_word' id='word_1_345' title='bbox 412 2025 485 2051; x_wconf 80' lang='lat' dir='ltr'>I&#39;eriis</span> <span class='ocrx_word' id='word_1_346' title='bbox 510 2031 535 2052; x_wconf 85' lang='lat' dir='ltr'>et</span> <span class='ocrx_word' id='word_1_347' title='bbox 553 2026 763 2054; x_wconf 76' lang='lat' dir='ltr'>vindemialibus.</span> <span class='ocrx_word' id='word_1_348' title='bbox 789 2027 818 2053; x_wconf 91' lang='lat' dir='ltr'>L.</span> <span class='ocrx_word' id='word_1_349' title='bbox 838 2027 913 2054; x_wconf 83' lang='lat' dir='ltr'>Rom.</span> <span class='ocrx_word' id='word_1_350' title='bbox 934 2028 1012 2064; x_wconf 69' lang='lat' dir='ltr'>Burg.</span> <span class='ocrx_word' id='word_1_351' title='bbox 1035 2043 1036 2050; x_wconf 41' lang='grc' dir='ltr'><strong>κ</strong></span> 
     </span>
    </p>
   </div>
   <div class='ocr_carea' id='block_1_17' title="bbox 169 2067 1012 2873">
    <p class='ocr_par' dir='ltr' id='par_1_21' title="bbox 174 2067 977 2105">
     <span class='ocr_line' id='line_1_42' title="bbox 174 2067 977 2105; baseline 0.005 -12"><span class='ocrx_word' id='word_1_352' title='bbox 174 2069 212 2093; x_wconf 90' lang='lat' dir='ltr'>ll.</span> <span class='ocrx_word' id='word_1_353' title='bbox 232 2067 281 2101; x_wconf 93' lang='lat' dir='ltr'>(aI.</span> <span class='ocrx_word' id='word_1_354' title='bbox 303 2069 361 2101; x_wconf 83' lang='grc'>12.)</span> <span class='ocrx_word' id='word_1_355' title='bbox 381 2068 477 2105; x_wconf 79' lang='lat' dir='ltr'>Iuterp.</span> <span class='ocrx_word' id='word_1_356' title='bbox 498 2069 530 2095; x_wconf 87' lang='lat' dir='ltr'>ad</span> <span class='ocrx_word' id='word_1_357' title='bbox 550 2069 598 2096; x_wconf 84' lang='lat' dir='ltr'>Th.</span> <span class='ocrx_word' id='word_1_358' title='bbox 620 2070 651 2096; x_wconf 80' lang='lat' dir='ltr'>C.</span> <span class='ocrx_word' id='word_1_359' title='bbox 671 2070 700 2096; x_wconf 89' lang='lat' dir='ltr'>II.</span> <span class='ocrx_word' id='word_1_360' title='bbox 721 2074 743 2096; x_wconf 72' lang='grc' dir='ltr'>ὅ.</span> <span class='ocrx_word' id='word_1_361' title='bbox 766 2080 786 2096; x_wconf 87' lang='lat' dir='ltr'>c.</span> <span class='ocrx_word' id='word_1_362' title='bbox 801 2073 825 2096; x_wconf 75' lang='grc'>2.</span> <span class='ocrx_word' id='word_1_363' title='bbox 846 2070 878 2097; x_wconf 83' lang='lat' dir='ltr'>de</span> <span class='ocrx_word' id='word_1_364' title='bbox 897 2071 977 2097; x_wconf 84' lang='lat' dir='ltr'>feriis.</span> 
     </span>
    </p>

    <p class='ocr_par' dir='ltr' id='par_1_22' title="bbox 172 2111 1012 2237">
     <span class='ocr_line' id='line_1_43' title="bbox 206 2111 1012 2147; baseline 0.004 -10"><span class='ocrx_word' id='word_1_365' title='bbox 206 2111 420 2138; x_wconf 74' lang='lat' dir='ltr'>Messorius.</span> <span class='ocrx_word' id='word_1_366' title='bbox 441 2111 571 2145; x_wconf 73' lang='lat' dir='ltr'>(Adieet.)</span> <span class='ocrx_word' id='word_1_367' title='bbox 592 2115 639 2139; x_wconf 62' lang='lat' dir='ltr'>..ld</span> <span class='ocrx_word' id='word_1_368' title='bbox 653 2123 818 2139; x_wconf 80' lang='lat' dir='ltr'>messorem</span> <span class='ocrx_word' id='word_1_369' title='bbox 837 2116 1012 2147; x_wconf 73' lang='lat' dir='ltr'>pertinens.</span> 
     </span>
     <span class='ocr_line' id='line_1_44' title="bbox 172 2151 1012 2189; baseline 0.006 -11"><span class='ocrx_word' id='word_1_370' title='bbox 172 2151 201 2178; x_wconf 90' lang='lat' dir='ltr'>II.</span> <span class='ocrx_word' id='word_1_371' title='bbox 217 2154 283 2186; x_wconf 76' lang='lat'>01).</span> <span class='ocrx_word' id='word_1_372' title='bbox 302 2153 459 2186; x_wconf 75' lang='lat' dir='ltr'>Putatoriae.</span> <span class='ocrx_word' id='word_1_373' title='bbox 475 2170 506 2174; x_wconf 81' lang='lat'><em>-</em></span> <span class='ocrx_word' id='word_1_374' title='bbox 521 2155 671 2185; x_wconf 74' lang='lat' dir='ltr'>Messoriae.</span> <span class='ocrx_word' id='word_1_375' title='bbox 683 2172 715 2175; x_wconf 92' lang='lat'><strong>—</strong></span> <span class='ocrx_word' id='word_1_376' title='bbox 735 2155 878 2182; x_wconf 82' lang='lat' dir='ltr'>Foenariae</span> <span class='ocrx_word' id='word_1_377' title='bbox 897 2156 1012 2189; x_wconf 74' lang='lat' dir='ltr'>(falces)</span> 
     </span>
     <span class='ocr_line' id='line_1_45' title="bbox 172 2194 992 2237; baseline 0.006 -16"><span class='ocrx_word' id='word_1_378' title='bbox 172 2194 202 2221; x_wconf 73' lang='lat' dir='ltr'>I&#39;r.</span> <span class='ocrx_word' id='word_1_379' title='bbox 222 2196 245 2221; x_wconf 81' lang='lat'>8.</span> <span class='ocrx_word' id='word_1_380' title='bbox 265 2206 302 2232; x_wconf 86' lang='lat' dir='ltr'>pr.</span> <span class='ocrx_word' id='word_1_381' title='bbox 323 2196 354 2223; x_wconf 84' lang='lat' dir='ltr'>de</span> <span class='ocrx_word' id='word_1_382' title='bbox 374 2198 448 2223; x_wconf 83' lang='lat' dir='ltr'>instr.</span> <span class='ocrx_word' id='word_1_383' title='bbox 469 2197 517 2233; x_wconf 76' lang='lat' dir='ltr'>leg.</span> <span class='ocrx_word' id='word_1_384' title='bbox 537 2200 578 2224; x_wconf 80' lang='lat'>33.</span> <span class='ocrx_word' id='word_1_385' title='bbox 600 2199 622 2224; x_wconf 88' lang='lat'>7.</span> <span class='ocrx_word' id='word_1_386' title='bbox 642 2198 715 2225; x_wconf 86' lang='lat' dir='ltr'>Paul.</span> <span class='ocrx_word' id='word_1_387' title='bbox 735 2199 776 2225; x_wconf 88' lang='lat' dir='ltr'>III.</span> <span class='ocrx_word' id='word_1_388' title='bbox 797 2200 820 2225; x_wconf 90' lang='lat'>6.</span> <span class='ocrx_word' id='word_1_389' title='bbox 841 2200 878 2233; x_wconf 86' lang='lat'>55.</span> <span class='ocrx_word' id='word_1_390' title='bbox 891 2202 932 2226; x_wconf 84' lang='grc'>35.</span> <span class='ocrx_word' id='word_1_391' title='bbox 953 2210 992 2237; x_wconf 86' lang='lat' dir='ltr'>sq.</span> 
     </span>
    </p>

    <p class='ocr_par' dir='ltr' id='par_1_23' title="bbox 169 2238 1010 2734">
     <span class='ocr_line' id='line_1_46' title="bbox 206 2238 321 2264; baseline 0 0"><span class='ocrx_word' id='word_1_392' title='bbox 206 2238 321 2264; x_wconf 77' lang='lat' dir='ltr'>Meta.</span> 
     </span>
     <span class='ocr_line' id='line_1_47' title="bbox 172 2281 1010 2318; baseline 0.01 -14"><span class='ocrx_word' id='word_1_393' title='bbox 172 2281 225 2306; x_wconf 86' lang='lat' dir='ltr'>rior</span> <span class='ocrx_word' id='word_1_394' title='bbox 244 2290 305 2317; x_wconf 84' lang='lat' dir='ltr'>pars</span> <span class='ocrx_word' id='word_1_395' title='bbox 325 2281 414 2309; x_wconf 82' lang='lat' dir='ltr'>molae.</span> <span class='ocrx_word' id='word_1_396' title='bbox 450 2283 518 2310; x_wconf 81' lang='lat' dir='ltr'>Meta</span> <span class='ocrx_word' id='word_1_397' title='bbox 538 2283 706 2310; x_wconf 83' lang='lat' dir='ltr'>inoleudaria.</span> <span class='ocrx_word' id='word_1_398' title='bbox 727 2284 756 2310; x_wconf 86' lang='lat' dir='ltr'>fr.</span> <span class='ocrx_word' id='word_1_399' title='bbox 773 2286 812 2311; x_wconf 82' lang='lat'>18.</span> <span class='ocrx_word' id='word_1_400' title='bbox 827 2285 848 2318; x_wconf 85' lang='lat'>5</span> <span class='ocrx_word' id='word_1_401' title='bbox 863 2287 886 2311; x_wconf 77' lang='lat'>5.</span> <span class='ocrx_word' id='word_1_402' title='bbox 907 2286 923 2312; x_wconf 92' lang='lat' dir='ltr'>l.</span> <span class='ocrx_word' id='word_1_403' title='bbox 938 2286 954 2312; x_wconf 92' lang='lat' dir='ltr'>l.</span> <span class='ocrx_word' id='word_1_404' title='bbox 969 2288 1010 2313; x_wconf 86' lang='lat'>33.</span> 
     </span>
     <span class='ocr_line' id='line_1_48' title="bbox 174 2322 1010 2360; baseline 0.01 -13"><span class='ocrx_word' id='word_1_405' title='bbox 174 2324 196 2348; x_wconf 81' lang='lat'>7.</span> <span class='ocrx_word' id='word_1_406' title='bbox 217 2322 261 2354; x_wconf 80' lang='lat' dir='ltr'>(cf.</span> <span class='ocrx_word' id='word_1_407' title='bbox 282 2332 306 2348; x_wconf 87' lang='lat' dir='ltr'>v.</span> <span class='ocrx_word' id='word_1_408' title='bbox 327 2322 460 2358; x_wconf 78' lang='lat' dir='ltr'>Catillus.)</span> <span class='ocrx_word' id='word_1_409' title='bbox 481 2343 511 2346; x_wconf 86' lang='lat'>—-</span> <span class='ocrx_word' id='word_1_410' title='bbox 532 2327 562 2360; x_wconf 69' lang='lat'>§.</span> <span class='ocrx_word' id='word_1_411' title='bbox 583 2328 617 2353; x_wconf 74' lang='lat'>2.</span> <span class='ocrx_word' id='word_1_412' title='bbox 645 2328 827 2359; x_wconf 77' lang='lat' dir='ltr'>Terminus,</span> <span class='ocrx_word' id='word_1_413' title='bbox 848 2330 955 2356; x_wconf 81' lang='lat' dir='ltr'>Finis.</span> <span class='ocrx_word' id='word_1_414' title='bbox 992 2329 1010 2356; x_wconf 94' lang='lat' dir='ltr'>I.</span> 
     </span>
     <span class='ocr_line' id='line_1_49' title="bbox 171 2364 1009 2406; baseline 0.011 -17"><span class='ocrx_word' id='word_1_415' title='bbox 171 2366 232 2399; x_wconf 72' lang='lat' dir='ltr'>Sy.</span> <span class='ocrx_word' id='word_1_416' title='bbox 253 2364 399 2398; x_wconf 85' lang='lat' dir='ltr'>Curricula,</span> <span class='ocrx_word' id='word_1_417' title='bbox 418 2367 557 2406; x_wconf 76' lang='lat' dir='ltr'>Tempora,</span> <span class='ocrx_word' id='word_1_418' title='bbox 576 2370 659 2396; x_wconf 74' lang='lat' dir='ltr'>Melae</span> <span class='ocrx_word' id='word_1_419' title='bbox 678 2371 823 2403; x_wconf 79' lang='lat' dir='ltr'>(annietc.)</span> <span class='ocrx_word' id='word_1_420' title='bbox 844 2370 893 2397; x_wconf 89' lang='lat' dir='ltr'>Th.</span> <span class='ocrx_word' id='word_1_421' title='bbox 914 2371 945 2398; x_wconf 89' lang='lat' dir='ltr'>C.</span> <span class='ocrx_word' id='word_1_422' title='bbox 965 2372 1009 2399; x_wconf 82' lang='lat' dir='ltr'>IX.</span> 
     </span>
     <span class='ocr_line' id='line_1_50' title="bbox 170 2409 1008 2451; baseline 0.01 -17"><span class='ocrx_word' id='word_1_423' title='bbox 170 2410 211 2434; x_wconf 81' lang='grc'>36.</span> <span class='ocrx_word' id='word_1_424' title='bbox 232 2418 252 2434; x_wconf 88' lang='lat' dir='ltr'>c.</span> <span class='ocrx_word' id='word_1_425' title='bbox 272 2410 296 2434; x_wconf 85' lang='grc'>2.</span> <span class='ocrx_word' id='word_1_426' title='bbox 317 2413 345 2434; x_wconf 87' lang='lat' dir='ltr'>ut</span> <span class='ocrx_word' id='word_1_427' title='bbox 364 2409 430 2434; x_wconf 80' lang='lat' dir='ltr'>iutra</span> <span class='ocrx_word' id='word_1_428' title='bbox 450 2421 506 2437; x_wconf 87' lang='lat' dir='ltr'>ann.</span> <span class='ocrx_word' id='word_1_429' title='bbox 527 2412 571 2438; x_wconf 82' lang='lat' dir='ltr'>XI.</span> <span class='ocrx_word' id='word_1_430' title='bbox 591 2414 632 2438; x_wconf 80' lang='lat'>30.</span> <span class='ocrx_word' id='word_1_431' title='bbox 653 2423 674 2439; x_wconf 80' lang='lat' dir='ltr'>c.</span> <span class='ocrx_word' id='word_1_432' title='bbox 695 2414 735 2438; x_wconf 85' lang='lat'>67.</span> <span class='ocrx_word' id='word_1_433' title='bbox 757 2412 788 2438; x_wconf 83' lang='lat' dir='ltr'>de</span> <span class='ocrx_word' id='word_1_434' title='bbox 808 2423 866 2450; x_wconf 88' lang='lat' dir='ltr'>app.</span> <span class='ocrx_word' id='word_1_435' title='bbox 888 2419 914 2440; x_wconf 81' lang='lat' dir='ltr'>et</span> <span class='ocrx_word' id='word_1_436' title='bbox 932 2425 1008 2451; x_wconf 80' lang='lat' dir='ltr'>poen.</span> 
     </span>
     <span class='ocr_line' id='line_1_51' title="bbox 170 2450 1010 2495; baseline 0.008 -18"><span class='ocrx_word' id='word_1_437' title='bbox 170 2450 213 2477; x_wconf 86' lang='grc'>111,</span> <span class='ocrx_word' id='word_1_438' title='bbox 233 2452 298 2478; x_wconf 76' lang='lat' dir='ltr'>Cn.</span> <span class='ocrx_word' id='word_1_439' title='bbox 318 2451 398 2477; x_wconf 73' lang='lat' dir='ltr'>Extra</span> <span class='ocrx_word' id='word_1_440' title='bbox 417 2457 498 2478; x_wconf 82' lang='lat' dir='ltr'>metas</span> <span class='ocrx_word' id='word_1_441' title='bbox 517 2456 639 2491; x_wconf 82' lang='lat' dir='ltr'>propriae</span> <span class='ocrx_word' id='word_1_442' title='bbox 659 2456 772 2481; x_wconf 85' lang='lat' dir='ltr'>civitatis</span> <span class='ocrx_word' id='word_1_443' title='bbox 793 2456 934 2487; x_wconf 74' lang='lat' dir='ltr'>(extollere</span> <span class='ocrx_word' id='word_1_444' title='bbox 953 2463 1010 2495; x_wconf 91' lang='lat' dir='ltr'>pot-</span> 
     </span>
     <span class='ocr_line' id='line_1_52' title="bbox 171 2493 1009 2528; baseline 0.011 -10"><span class='ocrx_word' id='word_1_445' title='bbox 171 2499 280 2520; x_wconf 77' lang='lat' dir='ltr'>estatem</span> <span class='ocrx_word' id='word_1_446' title='bbox 299 2493 428 2525; x_wconf 81' lang='lat' dir='ltr'>fascium.)</span> <span class='ocrx_word' id='word_1_447' title='bbox 449 2494 485 2520; x_wconf 91' lang='lat' dir='ltr'>lb.</span> <span class='ocrx_word' id='word_1_448' title='bbox 498 2495 554 2522; x_wconf 87' lang='lat' dir='ltr'>XII.</span> <span class='ocrx_word' id='word_1_449' title='bbox 570 2499 590 2523; x_wconf 97' lang='grc'>1.</span> <span class='ocrx_word' id='word_1_450' title='bbox 611 2500 705 2524; x_wconf 80' lang='lat' dir='ltr'>c.174.</span> <span class='ocrx_word' id='word_1_451' title='bbox 726 2498 758 2524; x_wconf 81' lang='lat' dir='ltr'>de</span> <span class='ocrx_word' id='word_1_452' title='bbox 778 2498 910 2526; x_wconf 79' lang='lat' dir='ltr'>decurion.</span> <span class='ocrx_word' id='word_1_453' title='bbox 939 2501 1009 2528; x_wconf 87' lang='lat' dir='ltr'>Anni</span> 
     </span>
     <span class='ocr_line' id='line_1_53' title="bbox 170 2536 1008 2579; baseline 0.007 -16"><span class='ocrx_word' id='word_1_454' title='bbox 170 2542 251 2563; x_wconf 79' lang='lat' dir='ltr'>metas</span> <span class='ocrx_word' id='word_1_455' title='bbox 276 2536 370 2563; x_wconf 80' lang='lat' dir='ltr'>habeat</span> <span class='ocrx_word' id='word_1_456' title='bbox 394 2536 516 2573; x_wconf 76' lang='lat' dir='ltr'>litigator.</span> <span class='ocrx_word' id='word_1_457' title='bbox 547 2538 583 2565; x_wconf 88' lang='lat' dir='ltr'>lb.</span> <span class='ocrx_word' id='word_1_458' title='bbox 603 2540 646 2566; x_wconf 85' lang='lat' dir='ltr'>XI.</span> <span class='ocrx_word' id='word_1_459' title='bbox 666 2542 708 2567; x_wconf 80' lang='lat'>30.</span> <span class='ocrx_word' id='word_1_460' title='bbox 740 2552 759 2567; x_wconf 89' lang='lat' dir='ltr'>c.</span> <span class='ocrx_word' id='word_1_461' title='bbox 780 2543 820 2567; x_wconf 77' lang='lat'>67.</span> <span class='ocrx_word' id='word_1_462' title='bbox 848 2542 880 2568; x_wconf 84' lang='lat' dir='ltr'>de</span> <span class='ocrx_word' id='word_1_463' title='bbox 903 2553 961 2579; x_wconf 89' lang='lat' dir='ltr'>app.</span> <span class='ocrx_word' id='word_1_464' title='bbox 983 2549 1008 2570; x_wconf 74' lang='lat' dir='ltr'>et</span> 
     </span>
     <span class='ocr_line' id='line_1_54' title="bbox 170 2579 1007 2621; baseline 0.01 -17"><span class='ocrx_word' id='word_1_465' title='bbox 170 2589 246 2616; x_wconf 86' lang='lat' dir='ltr'>poen.</span> <span class='ocrx_word' id='word_1_466' title='bbox 284 2579 320 2605; x_wconf 80' lang='lat' dir='ltr'>Vt</span> <span class='ocrx_word' id='word_1_467' title='bbox 343 2581 369 2605; x_wconf 91' lang='lat' dir='ltr'>in</span> <span class='ocrx_word' id='word_1_468' title='bbox 393 2590 423 2606; x_wconf 86' lang='lat' dir='ltr'>eo</span> <span class='ocrx_word' id='word_1_469' title='bbox 448 2581 573 2607; x_wconf 70' lang='lat' dir='ltr'>arctiores</span> <span class='ocrx_word' id='word_1_470' title='bbox 595 2587 677 2609; x_wconf 77' lang='lat' dir='ltr'>metae</span> <span class='ocrx_word' id='word_1_471' title='bbox 696 2589 842 2621; x_wconf 81' lang='lat' dir='ltr'>temporum</span> <span class='ocrx_word' id='word_1_472' title='bbox 862 2591 1007 2613; x_wconf 71' lang='lat' dir='ltr'>serventur.</span> 
     </span>
     <span class='ocr_line' id='line_1_55' title="bbox 170 2622 1008 2662; baseline 0.008 -14"><span class='ocrx_word' id='word_1_473' title='bbox 170 2622 206 2648; x_wconf 83' lang='lat' dir='ltr'>lb.</span> <span class='ocrx_word' id='word_1_474' title='bbox 227 2622 272 2648; x_wconf 82' lang='lat' dir='ltr'>XI.</span> <span class='ocrx_word' id='word_1_475' title='bbox 291 2624 332 2648; x_wconf 86' lang='grc'>31.</span> <span class='ocrx_word' id='word_1_476' title='bbox 357 2632 378 2649; x_wconf 88' lang='lat' dir='ltr'>c.</span> <span class='ocrx_word' id='word_1_477' title='bbox 401 2625 422 2649; x_wconf 88' lang='lat' dir='ltr'>l.</span> <span class='ocrx_word' id='word_1_478' title='bbox 446 2623 478 2649; x_wconf 86' lang='lat' dir='ltr'>de</span> <span class='ocrx_word' id='word_1_479' title='bbox 502 2633 584 2660; x_wconf 81' lang='lat' dir='ltr'>repar.</span> <span class='ocrx_word' id='word_1_480' title='bbox 605 2635 662 2662; x_wconf 82' lang='lat' dir='ltr'>app.</span> <span class='ocrx_word' id='word_1_481' title='bbox 700 2626 728 2652; x_wconf 89' lang='lat' dir='ltr'>Si</span> <span class='ocrx_word' id='word_1_482' title='bbox 749 2643 779 2646; x_wconf 97' lang='lat'><strong>—</strong></span> <span class='ocrx_word' id='word_1_483' title='bbox 800 2629 905 2654; x_wconf 65' lang='lat' dir='ltr'>triennii</span> <span class='ocrx_word' id='word_1_484' title='bbox 924 2634 1008 2655; x_wconf 81' lang='lat' dir='ltr'>metae</span> 
     </span>
     <span class='ocr_line' id='line_1_56' title="bbox 172 2665 1005 2703; baseline 0.01 -12"><span class='ocrx_word' id='word_1_485' title='bbox 172 2682 201 2685; x_wconf 91' lang='lat'><strong>—</strong></span> <span class='ocrx_word' id='word_1_486' title='bbox 221 2666 272 2691; x_wconf 84' lang='lat' dir='ltr'>iam</span> <span class='ocrx_word' id='word_1_487' title='bbox 291 2675 374 2702; x_wconf 85' lang='lat' dir='ltr'>prope</span> <span class='ocrx_word' id='word_1_488' title='bbox 392 2666 419 2691; x_wconf 88' lang='lat' dir='ltr'>in</span> <span class='ocrx_word' id='word_1_489' title='bbox 438 2665 516 2692; x_wconf 88' lang='lat' dir='ltr'>finem</span> <span class='ocrx_word' id='word_1_490' title='bbox 535 2667 647 2693; x_wconf 85' lang='lat' dir='ltr'>veniant.</span> <span class='ocrx_word' id='word_1_491' title='bbox 676 2678 697 2694; x_wconf 87' lang='lat' dir='ltr'>c.</span> <span class='ocrx_word' id='word_1_492' title='bbox 718 2671 757 2696; x_wconf 84' lang='lat'>13.</span> <span class='ocrx_word' id='word_1_493' title='bbox 782 2670 803 2703; x_wconf 91' lang='lat'>5.</span> <span class='ocrx_word' id='word_1_494' title='bbox 823 2673 847 2697; x_wconf 90' lang='grc'>2.</span> <span class='ocrx_word' id='word_1_495' title='bbox 872 2671 904 2697; x_wconf 81' lang='lat' dir='ltr'>(Ie</span> <span class='ocrx_word' id='word_1_496' title='bbox 927 2672 1005 2698; x_wconf 82' lang='lat' dir='ltr'>Iudic.</span> 
     </span>
     <span class='ocr_line' id='line_1_57' title="bbox 169 2709 237 2734; baseline 0 -1"><span class='ocrx_word' id='word_1_497' title='bbox 169 2710 193 2734; x_wconf 86' lang='grc'>3.</span> <span class='ocrx_word' id='word_1_498' title='bbox 214 2709 237 2734; x_wconf 90' lang='lat' dir='ltr'>l.</span> 
     </span>
    </p>

    <p class='ocr_par' dir='ltr' id='par_1_24' title="bbox 169 2750 1005 2873">
     <span class='ocr_line' id='line_1_58' title="bbox 204 2750 1005 2787; baseline 0.011 -11"><span class='ocrx_word' id='word_1_499' title='bbox 204 2750 453 2777; x_wconf 77' lang='lat' dir='ltr'>Metallarius.</span> <span class='ocrx_word' id='word_1_500' title='bbox 493 2753 555 2783; x_wconf 80' lang='lat' dir='ltr'>Qui</span> <span class='ocrx_word' id='word_1_501' title='bbox 578 2753 612 2778; x_wconf 79' lang='lat' dir='ltr'>in</span> <span class='ocrx_word' id='word_1_502' title='bbox 635 2754 838 2787; x_wconf 77' lang='lat' dir='ltr'>effodiendis</span> <span class='ocrx_word' id='word_1_503' title='bbox 860 2759 1005 2784; x_wconf 79' lang='lat' dir='ltr'>metallis</span> 
     </span>
     <span class='ocr_line' id='line_1_59' title="bbox 169 2792 1003 2837; baseline 0.01 -20"><span class='ocrx_word' id='word_1_504' title='bbox 169 2795 305 2820; x_wconf 81' lang='lat' dir='ltr'>laborat.</span> <span class='ocrx_word' id='word_1_505' title='bbox 344 2793 362 2819; x_wconf 88' lang='lat'>1.</span> <span class='ocrx_word' id='word_1_506' title='bbox 382 2794 444 2827; x_wconf 76' lang='lat' dir='ltr'>Sy.</span> <span class='ocrx_word' id='word_1_507' title='bbox 467 2792 621 2821; x_wconf 71' lang='lat' dir='ltr'>metallicus.</span> <span class='ocrx_word' id='word_1_508' title='bbox 643 2794 691 2821; x_wconf 89' lang='lat' dir='ltr'>Th.</span> <span class='ocrx_word' id='word_1_509' title='bbox 707 2796 737 2822; x_wconf 92' lang='lat' dir='ltr'>C.</span> <span class='ocrx_word' id='word_1_510' title='bbox 755 2798 789 2825; x_wconf 85' lang='lat' dir='ltr'>X.</span> <span class='ocrx_word' id='word_1_511' title='bbox 809 2801 848 2826; x_wconf 82' lang='lat'>19.</span> <span class='ocrx_word' id='word_1_512' title='bbox 868 2810 889 2826; x_wconf 86' lang='lat' dir='ltr'>e.</span> <span class='ocrx_word' id='word_1_513' title='bbox 906 2802 945 2827; x_wconf 83' lang='lat'>15.</span> <span class='ocrx_word' id='word_1_514' title='bbox 964 2810 1003 2837; x_wconf 82' lang='lat' dir='ltr'>pr.</span> 
     </span>
     <span class='ocr_line' id='line_1_60' title="bbox 170 2835 772 2873; baseline 0.007 -12"><span class='ocrx_word' id='word_1_515' title='bbox 170 2835 190 2867; x_wconf 91' lang='lat'>5.</span> <span class='ocrx_word' id='word_1_516' title='bbox 209 2837 232 2861; x_wconf 83' lang='lat'>2.</span> <span class='ocrx_word' id='word_1_517' title='bbox 252 2835 284 2862; x_wconf 81' lang='lat' dir='ltr'>de</span> <span class='ocrx_word' id='word_1_518' title='bbox 303 2835 398 2862; x_wconf 75' lang='lat' dir='ltr'>metall.</span> <span class='ocrx_word' id='word_1_519' title='bbox 437 2836 612 2873; x_wconf 82' lang='lat' dir='ltr'>Aurilegulus.</span> <span class='ocrx_word' id='word_1_520' title='bbox 643 2837 683 2864; x_wconf 81' lang='lat' dir='ltr'>Cf.</span> <span class='ocrx_word' id='word_1_521' title='bbox 704 2838 728 2864; x_wconf 90' lang='lat' dir='ltr'>h.</span> <span class='ocrx_word' id='word_1_522' title='bbox 748 2849 772 2865; x_wconf 78' lang='lat' dir='ltr'>v.</span> 
     </span>
    </p>
   </div>
   <div class='ocr_carea' id='block_1_18' title="bbox 497 572 1049 603">
    <p class='ocr_par' dir='ltr' id='par_1_25' title="bbox 497 572 1049 603">
     <span class='ocr_line' id='line_1_61' title="bbox 497 572 1049 603; baseline -0.004 -6"><span class='ocrx_word' id='word_1_523' title='bbox 497 572 560 603; x_wconf 79' lang='lat' dir='ltr'>Qui</span> <span class='ocrx_word' id='word_1_524' title='bbox 579 573 713 597; x_wconf 80' lang='lat' dir='ltr'>medinm</span> <span class='ocrx_word' id='word_1_525' title='bbox 742 574 828 596; x_wconf 81' lang='lat' dir='ltr'>inter</span> <span class='ocrx_word' id='word_1_526' title='bbox 847 576 979 596; x_wconf 76' lang='lat' dir='ltr'>nautam</span> <span class='ocrx_word' id='word_1_527' title='bbox 999 573 1049 600; x_wconf 77' lang='lat' dir='ltr'>el]</span> 
     </span>
    </p>
   </div>
   <div class='ocr_carea' id='block_1_19' title="bbox 358 2240 1034 2276">
    <p class='ocr_par' dir='ltr' id='par_1_26' title="bbox 358 2240 1034 2276">
     <span class='ocr_line' id='line_1_62' title="bbox 358 2240 1034 2276; baseline 0.004 -10"><span class='ocrx_word' id='word_1_528' title='bbox 358 2240 388 2272; x_wconf 82' lang='lat'>§.</span> <span class='ocrx_word' id='word_1_529' title='bbox 411 2242 446 2267; x_wconf 89' lang='grc'>1.</span> <span class='ocrx_word' id='word_1_530' title='bbox 476 2243 601 2275; x_wconf 76' lang='lat' dir='ltr'>Corpus</span> <span class='ocrx_word' id='word_1_531' title='bbox 627 2243 780 2268; x_wconf 76' lang='lat' dir='ltr'>conicum.</span> <span class='ocrx_word' id='word_1_532' title='bbox 818 2241 836 2268; x_wconf 92' lang='grc'>1.</span> <span class='ocrx_word' id='word_1_533' title='bbox 858 2244 919 2276; x_wconf 72' lang='lat' dir='ltr'>Sy.</span> <span class='ocrx_word' id='word_1_534' title='bbox 947 2243 1034 2276; x_wconf 46' lang='lat' dir='ltr'>Infe-¹</span> 
     </span>
    </p>
   </div>
   <div class='ocr_carea' id='block_1_20' title="bbox 1027 275 1055 2907">
    <p class='ocr_par' dir='ltr' id='par_1_27' title="bbox 1027 275 1055 2907">
     <span class='ocr_line' id='line_1_63' title="bbox 1027 275 1055 2907; baseline 0 0"><span class='ocrx_word' id='word_1_535' title='bbox 1027 275 1055 2907; x_wconf 95' lang='lat' dir='ltr'> </span> 
     </span>
    </p>
   </div>
   <div class='ocr_carea' id='block_1_21' title="bbox 1855 191 1918 221">
    <p class='ocr_par' dir='ltr' id='par_1_28' title="bbox 1855 191 1918 221">
     <span class='ocr_line' id='line_1_64' title="bbox 1855 191 1918 221; baseline 0.016 -1"><span class='ocrx_word' id='word_1_536' title='bbox 1855 191 1918 221; x_wconf 63' lang='lat'>553</span> 
     </span>
    </p>
   </div>
   <div class='ocr_carea' id='block_1_22' title="bbox 1073 270 1915 436">
    <p class='ocr_par' dir='ltr' id='par_1_29' title="bbox 1073 270 1915 436">
     <span class='ocr_line' id='line_1_65' title="bbox 1109 270 1914 305; baseline 0.001 -9"><span class='ocrx_word' id='word_1_537' title='bbox 1109 270 1333 297; x_wconf 69' lang='lat' dir='ltr'>metallicus.</span> <span class='ocrx_word' id='word_1_538' title='bbox 1371 270 1500 302; x_wconf 57' lang='lat' dir='ltr'>(Adii-cr.)</span> <span class='ocrx_word' id='word_1_539' title='bbox 1539 273 1586 298; x_wconf 51' lang='grc' dir='ltr'>,ΔΜ</span> <span class='ocrx_word' id='word_1_540' title='bbox 1604 274 1737 298; x_wconf 73' lang='lat' dir='ltr'>metalla</span> <span class='ocrx_word' id='word_1_541' title='bbox 1758 278 1914 305; x_wconf 71' lang='lat' dir='ltr'>spectans.</span> 
     </span>
     <span class='ocr_line' id='line_1_66' title="bbox 1077 313 1915 351; baseline 0 -13"><span class='ocrx_word' id='word_1_542' title='bbox 1077 314 1211 339; x_wconf 74' lang='lat' dir='ltr'>Metalla</span> <span class='ocrx_word' id='word_1_543' title='bbox 1231 319 1392 339; x_wconf 75' lang='lat' dir='ltr'>constans.</span> <span class='ocrx_word' id='word_1_544' title='bbox 1412 313 1430 339; x_wconf 94' lang='lat' dir='ltr'>I.</span> <span class='ocrx_word' id='word_1_545' title='bbox 1442 317 1504 348; x_wconf 65' lang='lat' dir='ltr'>Sy.</span> <span class='ocrx_word' id='word_1_546' title='bbox 1519 313 1626 345; x_wconf 83' lang='lat' dir='ltr'>Metalli,</span> <span class='ocrx_word' id='word_1_547' title='bbox 1640 313 1798 340; x_wconf 81' lang='lat' dir='ltr'>Metallieum</span> <span class='ocrx_word' id='word_1_548' title='bbox 1814 316 1915 351; x_wconf 71' lang='lat' dir='ltr'>(opus.)</span> 
     </span>
     <span class='ocr_line' id='line_1_67' title="bbox 1074 355 1914 392; baseline 0.002 -12"><span class='ocrx_word' id='word_1_549' title='bbox 1074 355 1103 381; x_wconf 84' lang='lat' dir='ltr'>l&#39;r.</span> <span class='ocrx_word' id='word_1_550' title='bbox 1124 358 1164 382; x_wconf 64' lang='lat'>235.</span> <span class='ocrx_word' id='word_1_551' title='bbox 1184 356 1205 389; x_wconf 91' lang='lat'>5.</span> <span class='ocrx_word' id='word_1_552' title='bbox 1227 358 1249 381; x_wconf 88' lang='lat'>6.</span> <span class='ocrx_word' id='word_1_553' title='bbox 1275 355 1306 381; x_wconf 82' lang='lat' dir='ltr'>de</span> <span class='ocrx_word' id='word_1_554' title='bbox 1326 366 1401 392; x_wconf 76' lang='lat' dir='ltr'>poen.</span> <span class='ocrx_word' id='word_1_555' title='bbox 1423 358 1463 382; x_wconf 77' lang='lat'>48.</span> <span class='ocrx_word' id='word_1_556' title='bbox 1487 358 1525 383; x_wconf 88' lang='lat'>19.</span> <span class='ocrx_word' id='word_1_557' title='bbox 1563 356 1606 383; x_wconf 92' lang='grc'>111.</span> <span class='ocrx_word' id='word_1_558' title='bbox 1625 358 1690 384; x_wconf 76' lang='grc' dir='ltr'>οη.</span> <span class='ocrx_word' id='word_1_559' title='bbox 1715 356 1768 382; x_wconf 76' lang='lat' dir='ltr'>Seu</span> <span class='ocrx_word' id='word_1_560' title='bbox 1793 358 1818 382; x_wconf 91' lang='lat' dir='ltr'>in</span> <span class='ocrx_word' id='word_1_561' title='bbox 1843 367 1914 387; x_wconf 83' lang='lat' dir='ltr'>auro,</span> 
     </span>
     <span class='ocr_line' id='line_1_68' title="bbox 1073 399 1914 436; baseline 0.004 -13"><span class='ocrx_word' id='word_1_562' title='bbox 1073 408 1119 423; x_wconf 81' lang='lat' dir='ltr'>seu</span> <span class='ocrx_word' id='word_1_563' title='bbox 1138 399 1164 424; x_wconf 86' lang='lat' dir='ltr'>in</span> <span class='ocrx_word' id='word_1_564' title='bbox 1184 403 1299 434; x_wconf 72' lang='lat' dir='ltr'>argento,</span> <span class='ocrx_word' id='word_1_565' title='bbox 1319 408 1366 424; x_wconf 85' lang='lat' dir='ltr'>seu</span> <span class='ocrx_word' id='word_1_566' title='bbox 1386 400 1411 424; x_wconf 89' lang='lat' dir='ltr'>in</span> <span class='ocrx_word' id='word_1_567' title='bbox 1430 399 1579 436; x_wconf 75' lang='lat' dir='ltr'>speciebus.</span> <span class='ocrx_word' id='word_1_568' title='bbox 1598 399 1641 426; x_wconf 83' lang='lat' dir='ltr'>vel</span> <span class='ocrx_word' id='word_1_569' title='bbox 1660 401 1686 426; x_wconf 90' lang='lat' dir='ltr'>in</span> <span class='ocrx_word' id='word_1_570' title='bbox 1704 399 1833 425; x_wconf 79' lang='lat' dir='ltr'>metallica</span> <span class='ocrx_word' id='word_1_571' title='bbox 1854 410 1914 436; x_wconf 88' lang='lat' dir='ltr'>qua-</span> 
     </span>
    </p>
   </div>
   <div class='ocr_carea' id='block_1_23' title="bbox 187 430 1913 480">
    <p class='ocr_par' dir='ltr' id='par_1_30' title="bbox 187 430 1913 480">
     <span class='ocr_line' id='line_1_69' title="bbox 187 430 1913 480; baseline -0.001 -11"><span class='ocrx_word' id='word_1_572' title='bbox 187 449 259 470; x_wconf 73' lang='lat' dir='ltr'>certo</span> <span class='ocrx_word' id='word_1_573' title='bbox 279 443 343 475; x_wconf 78' lang='lat' dir='ltr'>loci,</span> <span class='ocrx_word' id='word_1_574' title='bbox 367 443 409 470; x_wconf 80' lang='lat' dir='ltr'>vel</span> <span class='ocrx_word' id='word_1_575' title='bbox 428 443 575 480; x_wconf 74' lang='lat' dir='ltr'>disposuit,</span> <span class='ocrx_word' id='word_1_576' title='bbox 599 442 642 469; x_wconf 82' lang='lat' dir='ltr'>vel</span> <span class='ocrx_word' id='word_1_577' title='bbox 662 442 829 480; x_wconf 83' lang='lat' dir='ltr'>comparavit.</span> <span class='ocrx_word' id='word_1_578' title='bbox 850 440 880 467; x_wconf 80' lang='lat' dir='ltr'>fr.</span> <span class='ocrx_word' id='word_1_579' title='bbox 903 443 940 467; x_wconf 84' lang='lat'>19.</span> <span class='ocrx_word' id='word_1_580' title='bbox 961 441 983 474; x_wconf 87' lang='lat'>5.</span> <span class='ocrx_word' id='word_1_581' title='bbox 1002 443 1026 466; x_wconf 79' lang='grc'>2.</span> <span class='ocrx_word' id='word_1_582' title='bbox 1049 430 1051 461; x_wconf 58' lang='lat' dir='ltr'>l</span> <span class='ocrx_word' id='word_1_583' title='bbox 1073 451 1176 477; x_wconf 77' lang='lat' dir='ltr'>cunque</span> <span class='ocrx_word' id='word_1_584' title='bbox 1195 442 1307 467; x_wconf 84' lang='lat' dir='ltr'>materia.</span> <span class='ocrx_word' id='word_1_585' title='bbox 1328 440 1395 467; x_wconf 80' lang='lat' dir='ltr'>Nov.</span> <span class='ocrx_word' id='word_1_586' title='bbox 1415 441 1537 468; x_wconf 81' lang='lat' dir='ltr'>Marcian.</span> <span class='ocrx_word' id='word_1_587' title='bbox 1557 442 1589 468; x_wconf 80' lang='lat' dir='ltr'>de</span> <span class='ocrx_word' id='word_1_588' title='bbox 1609 442 1706 478; x_wconf 72' lang='lat' dir='ltr'>indulg.</span> <span class='ocrx_word' id='word_1_589' title='bbox 1727 442 1819 479; x_wconf 88' lang='lat' dir='ltr'>reliqu.</span> <span class='ocrx_word' id='word_1_590' title='bbox 1834 442 1913 468; x_wconf 72' lang='grc'>1112.</span> 
     </span>
    </p>
   </div>
   <div class='ocr_carea' id='block_1_24' title="bbox 186 483 1607 560">
    <p class='ocr_par' dir='ltr' id='par_1_31' title="bbox 186 483 1607 560">
     <span class='ocr_line' id='line_1_70' title="bbox 186 483 1093 519; baseline -0.004 -6"><span class='ocrx_word' id='word_1_591' title='bbox 186 486 219 513; x_wconf 80' lang='lat' dir='ltr'>de</span> <span class='ocrx_word' id='word_1_592' title='bbox 239 486 316 513; x_wconf 84' lang='lat' dir='ltr'>indic.</span> <span class='ocrx_word' id='word_1_593' title='bbox 336 489 359 512; x_wconf 87' lang='lat'>5.</span> <span class='ocrx_word' id='word_1_594' title='bbox 381 488 403 512; x_wconf 90' lang='lat'>1.</span> <span class='ocrx_word' id='word_1_595' title='bbox 424 486 456 512; x_wconf 85' lang='lat' dir='ltr'>cf.</span> <span class='ocrx_word' id='word_1_596' title='bbox 476 486 505 512; x_wconf 83' lang='lat' dir='ltr'>I&#39;r.</span> <span class='ocrx_word' id='word_1_597' title='bbox 527 488 566 512; x_wconf 70' lang='lat'>18.</span> <span class='ocrx_word' id='word_1_598' title='bbox 587 485 608 519; x_wconf 94' lang='lat'>5.</span> <span class='ocrx_word' id='word_1_599' title='bbox 628 487 651 511; x_wconf 84' lang='lat'>3.</span> <span class='ocrx_word' id='word_1_600' title='bbox 673 485 704 511; x_wconf 80' lang='lat' dir='ltr'>de</span> <span class='ocrx_word' id='word_1_601' title='bbox 724 485 747 511; x_wconf 88' lang='grc'>(1.</span> <span class='ocrx_word' id='word_1_602' title='bbox 768 495 800 511; x_wconf 88' lang='lat' dir='ltr'>m.</span> <span class='ocrx_word' id='word_1_603' title='bbox 821 485 844 510; x_wconf 97' lang='lat'>4.</span> <span class='ocrx_word' id='word_1_604' title='bbox 863 486 888 509; x_wconf 82' lang='grc'>3.</span> <span class='ocrx_word' id='word_1_605' title='bbox 909 483 938 510; x_wconf 84' lang='lat' dir='ltr'>fr.</span> <span class='ocrx_word' id='word_1_606' title='bbox 952 485 974 509; x_wconf 84' lang='lat'>4.</span> <span class='ocrx_word' id='word_1_607' title='bbox 996 483 1027 509; x_wconf 81' lang='lat' dir='ltr'>dc</span> <span class='ocrx_word' id='word_1_608' title='bbox 1048 512 1050 516; x_wconf 25' lang='lat' dir='ltr'>y</span> <span class='ocrx_word' id='word_1_609' title='bbox 1073 494 1093 509; x_wconf 83' lang='lat' dir='ltr'>e.</span> 
     </span>
     <span class='ocr_line' id='line_1_71' title="bbox 1049 526 1607 560; baseline 0.004 -8"><span class='ocrx_word' id='word_1_610' title='bbox 1049 542 1050 546; x_wconf 69' lang='lat'><em>=</em></span> <span class='ocrx_word' id='word_1_611' title='bbox 1071 526 1104 552; x_wconf 85' lang='lat' dir='ltr'>X.</span> <span class='ocrx_word' id='word_1_612' title='bbox 1127 528 1164 553; x_wconf 86' lang='lat'>19.</span> <span class='ocrx_word' id='word_1_613' title='bbox 1185 537 1205 552; x_wconf 82' lang='lat' dir='ltr'>c.</span> <span class='ocrx_word' id='word_1_614' title='bbox 1226 528 1249 553; x_wconf 84' lang='lat'>4.</span> <span class='ocrx_word' id='word_1_615' title='bbox 1270 536 1291 552; x_wconf 85' lang='lat' dir='ltr'>c.</span> <span class='ocrx_word' id='word_1_616' title='bbox 1313 528 1352 553; x_wconf 85' lang='grc'>15.</span> <span class='ocrx_word' id='word_1_617' title='bbox 1373 527 1393 560; x_wconf 91' lang='lat'>5.</span> <span class='ocrx_word' id='word_1_618' title='bbox 1416 529 1438 553; x_wconf 95' lang='lat' dir='ltr'>l.</span> <span class='ocrx_word' id='word_1_619' title='bbox 1459 527 1491 553; x_wconf 82' lang='lat' dir='ltr'>de</span> <span class='ocrx_word' id='word_1_620' title='bbox 1510 528 1607 554; x_wconf 77' lang='lat' dir='ltr'>metall.</span> 
     </span>
    </p>
   </div>
   <div class='ocr_carea' id='block_1_25' title="bbox 1116 483 1912 524">
    <p class='ocr_par' dir='ltr' id='par_1_32' title="bbox 1116 483 1912 524">
     <span class='ocr_line' id='line_1_72' title="bbox 1116 483 1912 524; baseline 0.003 -15"><span class='ocrx_word' id='word_1_621' title='bbox 1116 486 1136 509; x_wconf 90' lang='lat'>1.</span> <span class='ocrx_word' id='word_1_622' title='bbox 1157 484 1221 517; x_wconf 88' lang='lat'><em>5.1.</em></span> <span class='ocrx_word' id='word_1_623' title='bbox 1260 483 1351 510; x_wconf 91' lang='lat' dir='ltr'>Canon</span> <span class='ocrx_word' id='word_1_624' title='bbox 1371 484 1527 511; x_wconf 81' lang='lat' dir='ltr'>metallicus.</span> <span class='ocrx_word' id='word_1_625' title='bbox 1556 484 1625 512; x_wconf 87' lang='lat' dir='ltr'>Loca</span> <span class='ocrx_word' id='word_1_626' title='bbox 1645 485 1782 524; x_wconf 73' lang='lat' dir='ltr'>metallica.</span> <span class='ocrx_word' id='word_1_627' title='bbox 1812 485 1861 511; x_wconf 91' lang='lat' dir='ltr'>Th.</span> <span class='ocrx_word' id='word_1_628' title='bbox 1882 485 1912 511; x_wconf 82' lang='lat' dir='ltr'>C.</span> 
     </span>
    </p>
   </div>
   <div class='ocr_carea' id='block_1_26' title="bbox 1068 569 1912 993">
    <p class='ocr_par' dir='ltr' id='par_1_33' title="bbox 1069 569 1912 902">
     <span class='ocr_line' id='line_1_73' title="bbox 1106 569 1912 608; baseline 0.002 -13"><span class='ocrx_word' id='word_1_629' title='bbox 1106 570 1332 596; x_wconf 77' lang='lat' dir='ltr'>Metallieus.</span> <span class='ocrx_word' id='word_1_630' title='bbox 1352 569 1469 603; x_wconf 76' lang='lat' dir='ltr'>(Subst.)</span> <span class='ocrx_word' id='word_1_631' title='bbox 1507 573 1542 597; x_wconf 87' lang='lat' dir='ltr'>In</span> <span class='ocrx_word' id='word_1_632' title='bbox 1567 574 1772 598; x_wconf 78' lang='lat' dir='ltr'>metallorum</span> <span class='ocrx_word' id='word_1_633' title='bbox 1791 573 1912 608; x_wconf 73' lang='lat' dir='ltr'>sodium</span> 
     </span>
     <span class='ocr_line' id='line_1_74' title="bbox 1072 613 1912 648; baseline 0.002 -11"><span class='ocrx_word' id='word_1_634' title='bbox 1072 622 1150 646; x_wconf 71' lang='lat' dir='ltr'>opus</span> <span class='ocrx_word' id='word_1_635' title='bbox 1167 618 1362 646; x_wconf 69' lang='lat' dir='ltr'>perpetuum</span> <span class='ocrx_word' id='word_1_636' title='bbox 1380 614 1497 648; x_wconf 80' lang='lat' dir='ltr'>facere</span> <span class='ocrx_word' id='word_1_637' title='bbox 1520 616 1703 640; x_wconf 70' lang='lat' dir='ltr'>damnatus.</span> <span class='ocrx_word' id='word_1_638' title='bbox 1741 614 1758 641; x_wconf 89' lang='grc'>1.</span> <span class='ocrx_word' id='word_1_639' title='bbox 1779 615 1841 648; x_wconf 68' lang='lat' dir='ltr'>sy.</span> <span class='ocrx_word' id='word_1_640' title='bbox 1860 613 1912 639; x_wconf 74' lang='lat' dir='ltr'>Mc-</span> 
     </span>
     <span class='ocr_line' id='line_1_75' title="bbox 1071 654 1912 694; baseline 0.002 -14"><span class='ocrx_word' id='word_1_641' title='bbox 1071 654 1195 681; x_wconf 83' lang='lat' dir='ltr'>taIlarius.</span> <span class='ocrx_word' id='word_1_642' title='bbox 1225 654 1265 681; x_wconf 80' lang='lat' dir='ltr'>Cf.</span> <span class='ocrx_word' id='word_1_643' title='bbox 1286 655 1310 681; x_wconf 90' lang='lat' dir='ltr'>h.</span> <span class='ocrx_word' id='word_1_644' title='bbox 1330 665 1355 681; x_wconf 88' lang='lat' dir='ltr'>v.</span> <span class='ocrx_word' id='word_1_645' title='bbox 1392 655 1434 682; x_wconf 88' lang='lat' dir='ltr'>III.</span> <span class='ocrx_word' id='word_1_646' title='bbox 1455 657 1521 683; x_wconf 77' lang='lat' dir='ltr'>Gn.</span> <span class='ocrx_word' id='word_1_647' title='bbox 1545 656 1609 682; x_wconf 85' lang='lat' dir='ltr'>Eam</span> <span class='ocrx_word' id='word_1_648' title='bbox 1634 667 1686 683; x_wconf 90' lang='lat' dir='ltr'>non</span> <span class='ocrx_word' id='word_1_649' title='bbox 1711 658 1862 694; x_wconf 80' lang='lat' dir='ltr'>oportuisse</span> <span class='ocrx_word' id='word_1_650' title='bbox 1886 657 1912 682; x_wconf 88' lang='lat' dir='ltr'>iu</span> 
     </span>
     <span class='ocr_line' id='line_1_76' title="bbox 1071 697 1910 736; baseline 0.001 -13"><span class='ocrx_word' id='word_1_651' title='bbox 1071 699 1243 724; x_wconf 84' lang='lat' dir='ltr'>ministerium</span> <span class='ocrx_word' id='word_1_652' title='bbox 1258 697 1456 727; x_wconf 67' lang='lat' dir='ltr'>melanium-um,</span> <span class='ocrx_word' id='word_1_653' title='bbox 1477 708 1524 725; x_wconf 87' lang='lat' dir='ltr'>nec</span> <span class='ocrx_word' id='word_1_654' title='bbox 1538 699 1564 725; x_wconf 92' lang='lat' dir='ltr'>in</span> <span class='ocrx_word' id='word_1_655' title='bbox 1578 709 1645 736; x_wconf 85' lang='lat' dir='ltr'>opus</span> <span class='ocrx_word' id='word_1_656' title='bbox 1660 700 1757 726; x_wconf 78' lang='lat' dir='ltr'>metalli</span> <span class='ocrx_word' id='word_1_657' title='bbox 1772 700 1834 726; x_wconf 86' lang='lat' dir='ltr'>dari.</span> <span class='ocrx_word' id='word_1_658' title='bbox 1855 709 1876 725; x_wconf 87' lang='lat' dir='ltr'>c.</span> <span class='ocrx_word' id='word_1_659' title='bbox 1888 702 1910 726; x_wconf 96' lang='lat'>9.</span> 
     </span>
     <span class='ocr_line' id='line_1_77' title="bbox 1071 740 1910 779; baseline 0.002 -13"><span class='ocrx_word' id='word_1_660' title='bbox 1071 740 1103 766; x_wconf 73' lang='lat' dir='ltr'>(Ie</span> <span class='ocrx_word' id='word_1_661' title='bbox 1127 750 1204 777; x_wconf 81' lang='lat' dir='ltr'>poen.</span> <span class='ocrx_word' id='word_1_662' title='bbox 1229 742 1252 767; x_wconf 88' lang='grc'>9.</span> <span class='ocrx_word' id='word_1_663' title='bbox 1273 742 1313 766; x_wconf 84' lang='lat'>47.</span> <span class='ocrx_word' id='word_1_664' title='bbox 1342 740 1373 766; x_wconf 85' lang='lat' dir='ltr'>sr.</span> <span class='ocrx_word' id='word_1_665' title='bbox 1394 742 1417 766; x_wconf 77' lang='grc'>8.</span> <span class='ocrx_word' id='word_1_666' title='bbox 1446 741 1468 774; x_wconf 97' lang='lat'>5</span> <span class='ocrx_word' id='word_1_667' title='bbox 1488 743 1511 767; x_wconf 80' lang='grc'>8.</span> <span class='ocrx_word' id='word_1_668' title='bbox 1537 741 1567 768; x_wconf 81' lang='lat' dir='ltr'>I&#39;r.</span> <span class='ocrx_word' id='word_1_669' title='bbox 1586 744 1628 768; x_wconf 77' lang='lat'>36.</span> <span class='ocrx_word' id='word_1_670' title='bbox 1653 742 1685 768; x_wconf 81' lang='lat' dir='ltr'>de</span> <span class='ocrx_word' id='word_1_671' title='bbox 1709 752 1785 779; x_wconf 85' lang='lat' dir='ltr'>poen.</span> <span class='ocrx_word' id='word_1_672' title='bbox 1808 745 1849 768; x_wconf 67' lang='lat'>48.</span> <span class='ocrx_word' id='word_1_673' title='bbox 1873 744 1910 768; x_wconf 79' lang='lat'>19.</span> 
     </span>
     <span class='ocr_line' id='line_1_78' title="bbox 1071 783 1911 822; baseline 0.004 -14"><span class='ocrx_word' id='word_1_674' title='bbox 1071 783 1124 818; x_wconf 81' lang='lat' dir='ltr'>Qui</span> <span class='ocrx_word' id='word_1_675' title='bbox 1144 794 1176 810; x_wconf 79' lang='lat' dir='ltr'>ex</span> <span class='ocrx_word' id='word_1_676' title='bbox 1196 794 1271 809; x_wconf 82' lang='lat' dir='ltr'>causa</span> <span class='ocrx_word' id='word_1_677' title='bbox 1297 785 1322 809; x_wconf 89' lang='lat' dir='ltr'>in</span> <span class='ocrx_word' id='word_1_678' title='bbox 1342 783 1475 810; x_wconf 84' lang='lat' dir='ltr'>metallum</span> <span class='ocrx_word' id='word_1_679' title='bbox 1500 783 1553 810; x_wconf 79' lang='lat' dir='ltr'>dati</span> <span class='ocrx_word' id='word_1_680' title='bbox 1578 790 1651 817; x_wconf 80' lang='lat' dir='ltr'>sunt,</span> <span class='ocrx_word' id='word_1_681' title='bbox 1676 790 1701 811; x_wconf 76' lang='lat' dir='ltr'>et</span> <span class='ocrx_word' id='word_1_682' title='bbox 1720 791 1782 822; x_wconf 79' lang='lat' dir='ltr'>post</span> <span class='ocrx_word' id='word_1_683' title='bbox 1800 786 1850 812; x_wconf 89' lang='lat' dir='ltr'>hoc</span> <span class='ocrx_word' id='word_1_684' title='bbox 1869 785 1911 811; x_wconf 86' lang='lat' dir='ltr'>(Ie-</span> 
     </span>
     <span class='ocr_line' id='line_1_79' title="bbox 1069 825 1909 863; baseline 0.004 -12"><span class='ocrx_word' id='word_1_685' title='bbox 1069 825 1216 862; x_wconf 81' lang='lat' dir='ltr'>liqnerunt,</span> <span class='ocrx_word' id='word_1_686' title='bbox 1240 827 1266 852; x_wconf 91' lang='lat' dir='ltr'>in</span> <span class='ocrx_word' id='word_1_687' title='bbox 1292 836 1338 852; x_wconf 82' lang='lat' dir='ltr'>eos</span> <span class='ocrx_word' id='word_1_688' title='bbox 1363 831 1492 863; x_wconf 81' lang='lat' dir='ltr'>tamquam</span> <span class='ocrx_word' id='word_1_689' title='bbox 1512 827 1659 854; x_wconf 78' lang='lat' dir='ltr'>metallicos</span> <span class='ocrx_word' id='word_1_690' title='bbox 1679 829 1804 854; x_wconf 82' lang='lat' dir='ltr'>constitui</span> <span class='ocrx_word' id='word_1_691' title='bbox 1824 828 1909 854; x_wconf 84' lang='lat' dir='ltr'>debet.</span> 
     </span>
     <span class='ocr_line' id='line_1_80' title="bbox 1069 868 1413 902; baseline 0.003 -8"><span class='ocrx_word' id='word_1_692' title='bbox 1069 868 1099 894; x_wconf 67' lang='lat' dir='ltr'>I‘r.</span> <span class='ocrx_word' id='word_1_693' title='bbox 1122 870 1160 894; x_wconf 82' lang='lat' dir='ltr'>lo.</span> <span class='ocrx_word' id='word_1_694' title='bbox 1181 869 1246 902; x_wconf 88' lang='lat'>5.1.</span> <span class='ocrx_word' id='word_1_695' title='bbox 1267 869 1300 895; x_wconf 88' lang='lat' dir='ltr'>ib.</span> <span class='ocrx_word' id='word_1_696' title='bbox 1317 871 1358 895; x_wconf 65' lang='lat'>45.</span> <span class='ocrx_word' id='word_1_697' title='bbox 1375 871 1413 896; x_wconf 88' lang='lat'>19.</span> 
     </span>
    </p>

    <p class='ocr_par' dir='ltr' id='par_1_34' title="bbox 1068 912 1909 993">
     <span class='ocr_line' id='line_1_81' title="bbox 1104 912 1908 946; baseline 0.002 -9"><span class='ocrx_word' id='word_1_698' title='bbox 1104 912 1313 938; x_wconf 74' lang='lat' dir='ltr'>Metallum.</span> <span class='ocrx_word' id='word_1_699' title='bbox 1351 913 1381 945; x_wconf 79' lang='lat'>§-</span> <span class='ocrx_word' id='word_1_700' title='bbox 1402 914 1435 938; x_wconf 87' lang='lat' dir='ltr'>l.</span> <span class='ocrx_word' id='word_1_701' title='bbox 1463 914 1610 940; x_wconf 65' lang='lat' dir='ltr'>NIateria</span> <span class='ocrx_word' id='word_1_702' title='bbox 1637 916 1736 946; x_wconf 84' lang='lat' dir='ltr'>aeris,</span> <span class='ocrx_word' id='word_1_703' title='bbox 1764 916 1809 940; x_wconf 80' lang='lat' dir='ltr'>vel</span> <span class='ocrx_word' id='word_1_704' title='bbox 1828 916 1908 940; x_wconf 59' lang='lat' dir='ltr'>sani.</span> 
     </span>
     <span class='ocr_line' id='line_1_82' title="bbox 1068 953 1909 993; baseline 0.001 -13"><span class='ocrx_word' id='word_1_705' title='bbox 1068 953 1087 980; x_wconf 91' lang='lat' dir='ltr'>I.</span> <span class='ocrx_word' id='word_1_706' title='bbox 1102 956 1164 988; x_wconf 71' lang='lat' dir='ltr'>Sy.</span> <span class='ocrx_word' id='word_1_707' title='bbox 1184 954 1288 980; x_wconf 83' lang='lat' dir='ltr'>Saxum.</span> <span class='ocrx_word' id='word_1_708' title='bbox 1310 954 1359 981; x_wconf 88' lang='lat' dir='ltr'>Th.</span> <span class='ocrx_word' id='word_1_709' title='bbox 1374 954 1404 981; x_wconf 89' lang='lat' dir='ltr'>C.</span> <span class='ocrx_word' id='word_1_710' title='bbox 1423 955 1455 981; x_wconf 81' lang='lat' dir='ltr'>X.</span> <span class='ocrx_word' id='word_1_711' title='bbox 1478 957 1516 982; x_wconf 87' lang='lat'>19.</span> <span class='ocrx_word' id='word_1_712' title='bbox 1538 966 1558 982; x_wconf 87' lang='lat' dir='ltr'>c.</span> <span class='ocrx_word' id='word_1_713' title='bbox 1584 959 1603 982; x_wconf 96' lang='lat' dir='ltr'>I.</span> <span class='ocrx_word' id='word_1_714' title='bbox 1623 966 1662 993; x_wconf 86' lang='lat' dir='ltr'>sq.</span> <span class='ocrx_word' id='word_1_715' title='bbox 1684 956 1717 983; x_wconf 83' lang='lat' dir='ltr'>de</span> <span class='ocrx_word' id='word_1_716' title='bbox 1736 956 1832 982; x_wconf 75' lang='lat' dir='ltr'>metall.</span> <span class='ocrx_word' id='word_1_717' title='bbox 1863 955 1909 982; x_wconf 86' lang='lat' dir='ltr'>La-</span> 
     </span>
    </p>
   </div>
   <div class='ocr_carea' id='block_1_27' title="bbox 901 997 1908 1068">
    <p class='ocr_par' dir='ltr' id='par_1_35' title="bbox 901 997 1908 1068">
     <span class='ocr_line' id='line_1_83' title="bbox 1045 997 1908 1041; baseline 0.002 -18"><span class='ocrx_word' id='word_1_718' title='bbox 1045 1021 1047 1041; x_wconf 81' lang='lat'>&#39;;</span> <span class='ocrx_word' id='word_1_719' title='bbox 1069 997 1212 1034; x_wconf 78' lang='lat' dir='ltr'>pidicinae,</span> <span class='ocrx_word' id='word_1_720' title='bbox 1237 997 1279 1023; x_wconf 87' lang='lat' dir='ltr'>vel</span> <span class='ocrx_word' id='word_1_721' title='bbox 1300 997 1483 1030; x_wconf 74' lang='lat' dir='ltr'>cretisodinae,</span> <span class='ocrx_word' id='word_1_722' title='bbox 1507 999 1549 1025; x_wconf 88' lang='lat' dir='ltr'>veI</span> <span class='ocrx_word' id='word_1_723' title='bbox 1569 1009 1669 1025; x_wconf 80' lang='lat' dir='ltr'>arenae.</span> <span class='ocrx_word' id='word_1_724' title='bbox 1696 999 1808 1026; x_wconf 79' lang='lat' dir='ltr'>Metalla.</span> <span class='ocrx_word' id='word_1_725' title='bbox 1836 999 1865 1025; x_wconf 84' lang='lat' dir='ltr'>I&#39;r.</span> <span class='ocrx_word' id='word_1_726' title='bbox 1885 1001 1908 1025; x_wconf 89' lang='lat'>9.</span> 
     </span>
     <span class='ocr_line' id='line_1_84' title="bbox 901 1040 1046 1068; baseline 0.014 -2"><span class='ocrx_word' id='word_1_727' title='bbox 901 1040 944 1067; x_wconf 86' lang='lat' dir='ltr'>III.</span> <span class='ocrx_word' id='word_1_728' title='bbox 957 1042 1023 1068; x_wconf 75' lang='lat' dir='ltr'>Gn.</span> <span class='ocrx_word' id='word_1_729' title='bbox 1045 1045 1046 1057; x_wconf 66' lang='lat'>¹</span> 
     </span>
    </p>
   </div>
   <div class='ocr_carea' id='block_1_28' title="bbox 180 1083 1046 1123">
    <p class='ocr_par' dir='ltr' id='par_1_36' title="bbox 180 1083 1046 1123">
     <span class='ocr_line' id='line_1_85' title="bbox 180 1083 1046 1123; baseline -0.001 -13"><span class='ocrx_word' id='word_1_730' title='bbox 180 1084 344 1115; x_wconf 78' lang='lat' dir='ltr'>Eunomiani,</span> <span class='ocrx_word' id='word_1_731' title='bbox 360 1084 544 1115; x_wconf 75' lang='lat' dir='ltr'>Valentiniani.</span> <span class='ocrx_word' id='word_1_732' title='bbox 560 1083 741 1115; x_wconf 74' lang='lat' dir='ltr'>Montanistae,</span> <span class='ocrx_word' id='word_1_733' title='bbox 760 1100 790 1104; x_wconf 88' lang='lat'>—-</span> <span class='ocrx_word' id='word_1_734' title='bbox 811 1083 960 1110; x_wconf 78' lang='lat' dir='ltr'>Messaliani</span> <span class='ocrx_word' id='word_1_735' title='bbox 974 1089 1022 1110; x_wconf 68' lang='lat' dir='ltr'>etc.</span> <span class='ocrx_word' id='word_1_736' title='bbox 1044 1093 1046 1123; x_wconf 50' lang='grc' dir='ltr'>ξ</span> 
     </span>
    </p>
   </div>
   <div class='ocr_carea' id='block_1_29' title="bbox 1067 1039 1909 1248">
    <p class='ocr_par' dir='ltr' id='par_1_37' title="bbox 1067 1039 1909 1248">
     <span class='ocr_line' id='line_1_86' title="bbox 1068 1039 1909 1079; baseline 0.004 -14"><span class='ocrx_word' id='word_1_737' title='bbox 1068 1040 1105 1073; x_wconf 88' lang='lat'>55.</span> <span class='ocrx_word' id='word_1_738' title='bbox 1124 1042 1149 1066; x_wconf 87' lang='grc'>2,</span> <span class='ocrx_word' id='word_1_739' title='bbox 1169 1050 1208 1076; x_wconf 89' lang='lat' dir='ltr'>sq.</span> <span class='ocrx_word' id='word_1_740' title='bbox 1229 1039 1261 1066; x_wconf 83' lang='lat' dir='ltr'>de</span> <span class='ocrx_word' id='word_1_741' title='bbox 1287 1040 1368 1067; x_wconf 83' lang='lat' dir='ltr'>usufr.</span> <span class='ocrx_word' id='word_1_742' title='bbox 1389 1043 1411 1067; x_wconf 81' lang='lat'>7.</span> <span class='ocrx_word' id='word_1_743' title='bbox 1433 1043 1454 1067; x_wconf 90' lang='lat'>1.</span> <span class='ocrx_word' id='word_1_744' title='bbox 1492 1041 1534 1068; x_wconf 90' lang='lat' dir='ltr'>III.</span> <span class='ocrx_word' id='word_1_745' title='bbox 1556 1043 1621 1069; x_wconf 64' lang='lat'>(7⁷11.</span> <span class='ocrx_word' id='word_1_746' title='bbox 1647 1041 1735 1068; x_wconf 80' lang='lat' dir='ltr'>Venae</span> <span class='ocrx_word' id='word_1_747' title='bbox 1758 1042 1909 1079; x_wconf 79' lang='lat' dir='ltr'>lapidicina-</span> 
     </span>
     <span class='ocr_line' id='line_1_87' title="bbox 1068 1083 1908 1119; baseline 0.002 -10"><span class='ocrx_word' id='word_1_748' title='bbox 1068 1093 1138 1115; x_wconf 88' lang='lat' dir='ltr'>rum,</span> <span class='ocrx_word' id='word_1_749' title='bbox 1168 1088 1193 1109; x_wconf 87' lang='lat' dir='ltr'>et</span> <span class='ocrx_word' id='word_1_750' title='bbox 1217 1083 1366 1109; x_wconf 88' lang='lat' dir='ltr'>huiusmodi</span> <span class='ocrx_word' id='word_1_751' title='bbox 1385 1084 1557 1111; x_wconf 81' lang='lat' dir='ltr'>metallorum.</span> <span class='ocrx_word' id='word_1_752' title='bbox 1582 1085 1612 1112; x_wconf 77' lang='lat' dir='ltr'>fr.</span> <span class='ocrx_word' id='word_1_753' title='bbox 1634 1087 1672 1112; x_wconf 83' lang='lat'>13.</span> <span class='ocrx_word' id='word_1_754' title='bbox 1697 1086 1719 1119; x_wconf 90' lang='lat'>5</span> <span class='ocrx_word' id='word_1_755' title='bbox 1739 1087 1762 1111; x_wconf 87' lang='grc'>5.</span> <span class='ocrx_word' id='word_1_756' title='bbox 1787 1085 1821 1111; x_wconf 86' lang='lat' dir='ltr'>ib.</span> <span class='ocrx_word' id='word_1_757' title='bbox 1842 1087 1864 1111; x_wconf 86' lang='lat'>7.</span> <span class='ocrx_word' id='word_1_758' title='bbox 1886 1087 1908 1111; x_wconf 95' lang='lat' dir='ltr'>l.</span> 
     </span>
     <span class='ocr_line' id='line_1_88' title="bbox 1068 1125 1909 1163; baseline 0.004 -12"><span class='ocrx_word' id='word_1_759' title='bbox 1068 1126 1098 1152; x_wconf 80' lang='lat' dir='ltr'>fr.</span> <span class='ocrx_word' id='word_1_760' title='bbox 1117 1128 1142 1152; x_wconf 83' lang='grc'>3.</span> <span class='ocrx_word' id='word_1_761' title='bbox 1163 1126 1222 1159; x_wconf 85' lang='lat'>56.</span> <span class='ocrx_word' id='word_1_762' title='bbox 1243 1125 1275 1152; x_wconf 68' lang='lat' dir='ltr'>tle</span> <span class='ocrx_word' id='word_1_763' title='bbox 1294 1126 1348 1152; x_wconf 79' lang='lat' dir='ltr'>reb.</span> <span class='ocrx_word' id='word_1_764' title='bbox 1370 1137 1422 1152; x_wconf 85' lang='lat' dir='ltr'>cor.</span> <span class='ocrx_word' id='word_1_765' title='bbox 1444 1137 1485 1163; x_wconf 81' lang='lat' dir='ltr'>qu.</span> <span class='ocrx_word' id='word_1_766' title='bbox 1506 1137 1526 1153; x_wconf 92' lang='lat' dir='ltr'>s.</span> <span class='ocrx_word' id='word_1_767' title='bbox 1546 1132 1592 1153; x_wconf 74' lang='lat' dir='ltr'>tui.</span> <span class='ocrx_word' id='word_1_768' title='bbox 1612 1129 1653 1154; x_wconf 79' lang='grc'>27.</span> <span class='ocrx_word' id='word_1_769' title='bbox 1673 1129 1696 1154; x_wconf 87' lang='grc'>9.</span> <span class='ocrx_word' id='word_1_770' title='bbox 1735 1128 1800 1154; x_wconf 84' lang='lat' dir='ltr'>Auri</span> <span class='ocrx_word' id='word_1_771' title='bbox 1820 1128 1909 1154; x_wconf 73' lang='lat' dir='ltr'>metal-</span> 
     </span>
     <span class='ocr_line' id='line_1_89' title="bbox 1068 1168 1906 1201; baseline 0.004 -7"><span class='ocrx_word' id='word_1_772' title='bbox 1068 1169 1121 1195; x_wconf 87' lang='lat' dir='ltr'>lum</span> <span class='ocrx_word' id='word_1_773' title='bbox 1146 1170 1285 1201; x_wconf 74' lang='lat' dir='ltr'>(sectari.)</span> <span class='ocrx_word' id='word_1_774' title='bbox 1313 1168 1363 1195; x_wconf 89' lang='lat' dir='ltr'>Th.</span> <span class='ocrx_word' id='word_1_775' title='bbox 1385 1169 1415 1195; x_wconf 88' lang='lat' dir='ltr'>C.</span> <span class='ocrx_word' id='word_1_776' title='bbox 1440 1169 1456 1196; x_wconf 94' lang='grc'>1.</span> <span class='ocrx_word' id='word_1_777' title='bbox 1481 1169 1497 1196; x_wconf 93' lang='lat' dir='ltr'>l.</span> <span class='ocrx_word' id='word_1_778' title='bbox 1519 1180 1539 1196; x_wconf 87' lang='lat' dir='ltr'>e.</span> <span class='ocrx_word' id='word_1_779' title='bbox 1561 1172 1582 1196; x_wconf 87' lang='lat'>7.</span> <span class='ocrx_word' id='word_1_780' title='bbox 1625 1170 1742 1197; x_wconf 66' lang='lat' dir='ltr'>Caedere</span> <span class='ocrx_word' id='word_1_781' title='bbox 1767 1171 1906 1197; x_wconf 73' lang='lat' dir='ltr'>metallum.</span> 
     </span>
     <span class='ocr_line' id='line_1_90' title="bbox 1067 1211 1906 1248; baseline 0.002 -11"><span class='ocrx_word' id='word_1_782' title='bbox 1067 1212 1197 1238; x_wconf 59' lang='lat' dir='ltr'>Exere-ere</span> <span class='ocrx_word' id='word_1_783' title='bbox 1210 1211 1347 1248; x_wconf 71' lang='lat' dir='ltr'>quodlibet</span> <span class='ocrx_word' id='word_1_784' title='bbox 1360 1223 1532 1239; x_wconf 84' lang='lat' dir='ltr'>marmoreum</span> <span class='ocrx_word' id='word_1_785' title='bbox 1545 1213 1685 1239; x_wconf 76' lang='lat' dir='ltr'>metallum.</span> <span class='ocrx_word' id='word_1_786' title='bbox 1705 1214 1742 1240; x_wconf 73' lang='lat' dir='ltr'>II).</span> <span class='ocrx_word' id='word_1_787' title='bbox 1757 1225 1778 1240; x_wconf 84' lang='lat' dir='ltr'>c.</span> <span class='ocrx_word' id='word_1_788' title='bbox 1794 1216 1815 1241; x_wconf 91' lang='grc'>1.</span> <span class='ocrx_word' id='word_1_789' title='bbox 1830 1224 1850 1239; x_wconf 76' lang='lat' dir='ltr'>c.</span> <span class='ocrx_word' id='word_1_790' title='bbox 1868 1216 1906 1239; x_wconf 95' lang='lat'>11.</span> 
     </span>
    </p>
   </div>
   <div class='ocr_carea' id='block_1_30' title="bbox 1043 1249 1906 1335">
    <p class='ocr_par' dir='ltr' id='par_1_38' title="bbox 1043 1249 1906 1335">
     <span class='ocr_line' id='line_1_91' title="bbox 1043 1249 1905 1289; baseline 0.003 -9"><span class='ocrx_word' id='word_1_791' title='bbox 1043 1249 1045 1267; x_wconf 56' lang='lat'><em>³</em></span> <span class='ocrx_word' id='word_1_792' title='bbox 1067 1265 1087 1281; x_wconf 89' lang='lat' dir='ltr'>c.</span> <span class='ocrx_word' id='word_1_793' title='bbox 1110 1257 1148 1281; x_wconf 76' lang='lat'>13.</span> <span class='ocrx_word' id='word_1_794' title='bbox 1174 1254 1190 1280; x_wconf 87' lang='lat' dir='ltr'>I.</span> <span class='ocrx_word' id='word_1_795' title='bbox 1216 1254 1232 1281; x_wconf 94' lang='lat' dir='ltr'>l.</span> <span class='ocrx_word' id='word_1_796' title='bbox 1260 1271 1291 1274; x_wconf 97' lang='lat'><strong>—</strong></span> <span class='ocrx_word' id='word_1_797' title='bbox 1317 1256 1347 1288; x_wconf 70' lang='lat'>§-</span> <span class='ocrx_word' id='word_1_798' title='bbox 1368 1257 1402 1282; x_wconf 68' lang='grc' dir='ltr'>ἓ.</span> <span class='ocrx_word' id='word_1_799' title='bbox 1431 1258 1559 1283; x_wconf 75' lang='lat' dir='ltr'>Fodina</span> <span class='ocrx_word' id='word_1_800' title='bbox 1584 1259 1684 1289; x_wconf 63' lang='lat' dir='ltr'>(te-rix,</span> <span class='ocrx_word' id='word_1_801' title='bbox 1708 1267 1905 1283; x_wconf 48' lang='lat' dir='ltr'>samur-utnon</span> 
     </span>
     <span class='ocr_line' id='line_1_92' title="bbox 1043 1297 1906 1335; baseline 0.002 -11"><span class='ocrx_word' id='word_1_802' title='bbox 1043 1302 1044 1310; x_wconf 67' lang='lat'>¹</span> <span class='ocrx_word' id='word_1_803' title='bbox 1066 1298 1108 1324; x_wconf 92' lang='lat' dir='ltr'>III.</span> <span class='ocrx_word' id='word_1_804' title='bbox 1131 1300 1196 1325; x_wconf 71' lang='lat' dir='ltr'>Cn.</span> <span class='ocrx_word' id='word_1_805' title='bbox 1227 1297 1342 1334; x_wconf 69' lang='lat' dir='ltr'>Vectigal</span> <span class='ocrx_word' id='word_1_806' title='bbox 1363 1303 1469 1335; x_wconf 81' lang='lat' dir='ltr'>porlus,</span> <span class='ocrx_word' id='word_1_807' title='bbox 1499 1299 1540 1325; x_wconf 79' lang='lat' dir='ltr'>vel</span> <span class='ocrx_word' id='word_1_808' title='bbox 1565 1299 1694 1325; x_wconf 77' lang='lat' dir='ltr'>venalium</span> <span class='ocrx_word' id='word_1_809' title='bbox 1720 1310 1819 1329; x_wconf 74' lang='lat' dir='ltr'>rerum.</span> <span class='ocrx_word' id='word_1_810' title='bbox 1845 1301 1906 1326; x_wconf 80' lang='lat' dir='ltr'>item</span> 
     </span>
    </p>
   </div>
   <div class='ocr_carea' id='block_1_31' title="bbox 1066 1341 1905 1376">
    <p class='ocr_par' dir='ltr' id='par_1_39' title="bbox 1066 1341 1905 1376">
     <span class='ocr_line' id='line_1_93' title="bbox 1066 1341 1905 1376; baseline 0.001 -9"><span class='ocrx_word' id='word_1_811' title='bbox 1066 1341 1214 1371; x_wconf 75' lang='lat' dir='ltr'>salinarum.</span> <span class='ocrx_word' id='word_1_812' title='bbox 1235 1345 1261 1367; x_wconf 77' lang='lat' dir='ltr'>et</span> <span class='ocrx_word' id='word_1_813' title='bbox 1280 1341 1444 1368; x_wconf 79' lang='lat' dir='ltr'>metallorum</span> <span class='ocrx_word' id='word_1_814' title='bbox 1464 1347 1513 1368; x_wconf 77' lang='lat' dir='ltr'>eie.</span> <span class='ocrx_word' id='word_1_815' title='bbox 1534 1342 1564 1368; x_wconf 85' lang='lat' dir='ltr'>I&#39;r.</span> <span class='ocrx_word' id='word_1_816' title='bbox 1586 1344 1624 1368; x_wconf 79' lang='lat'>17.</span> <span class='ocrx_word' id='word_1_817' title='bbox 1645 1343 1666 1376; x_wconf 88' lang='lat'>5.</span> <span class='ocrx_word' id='word_1_818' title='bbox 1689 1344 1710 1368; x_wconf 97' lang='lat' dir='ltr'>l.</span> <span class='ocrx_word' id='word_1_819' title='bbox 1731 1342 1763 1369; x_wconf 78' lang='lat' dir='ltr'>de</span> <span class='ocrx_word' id='word_1_820' title='bbox 1777 1342 1808 1369; x_wconf 80' lang='lat' dir='ltr'>V.</span> <span class='ocrx_word' id='word_1_821' title='bbox 1822 1342 1849 1368; x_wconf 89' lang='lat' dir='ltr'>S.</span> <span class='ocrx_word' id='word_1_822' title='bbox 1865 1345 1905 1368; x_wconf 83' lang='lat'>50.</span> 
     </span>
    </p>
   </div>
   <div class='ocr_carea' id='block_1_32' title="bbox 1062 1470 1905 1679">
    <p class='ocr_par' dir='ltr' id='par_1_40' title="bbox 1062 1470 1905 1679">
     <span class='ocr_line' id='line_1_94' title="bbox 1064 1470 1904 1507; baseline 0.002 -12"><span class='ocrx_word' id='word_1_823' title='bbox 1064 1481 1140 1507; x_wconf 83' lang='lat' dir='ltr'>poen.</span> <span class='ocrx_word' id='word_1_824' title='bbox 1165 1472 1206 1496; x_wconf 59' lang='lat'>43.</span> <span class='ocrx_word' id='word_1_825' title='bbox 1229 1471 1268 1495; x_wconf 85' lang='lat'>19.</span> <span class='ocrx_word' id='word_1_826' title='bbox 1297 1470 1346 1497; x_wconf 87' lang='lat' dir='ltr'>Th.</span> <span class='ocrx_word' id='word_1_827' title='bbox 1368 1470 1398 1497; x_wconf 88' lang='lat' dir='ltr'>C.</span> <span class='ocrx_word' id='word_1_828' title='bbox 1419 1471 1463 1497; x_wconf 71' lang='lat' dir='ltr'>XI.</span> <span class='ocrx_word' id='word_1_829' title='bbox 1484 1473 1525 1497; x_wconf 79' lang='lat'>28.</span> <span class='ocrx_word' id='word_1_830' title='bbox 1551 1482 1572 1497; x_wconf 86' lang='lat' dir='ltr'>c.</span> <span class='ocrx_word' id='word_1_831' title='bbox 1592 1474 1618 1498; x_wconf 87' lang='lat'>9.</span> <span class='ocrx_word' id='word_1_832' title='bbox 1644 1482 1663 1498; x_wconf 87' lang='lat' dir='ltr'>c.</span> <span class='ocrx_word' id='word_1_833' title='bbox 1686 1474 1725 1498; x_wconf 88' lang='grc'>11,</span> <span class='ocrx_word' id='word_1_834' title='bbox 1751 1472 1783 1498; x_wconf 78' lang='lat' dir='ltr'>de</span> <span class='ocrx_word' id='word_1_835' title='bbox 1806 1471 1904 1507; x_wconf 72' lang='lat' dir='ltr'>indulg.</span> 
     </span>
     <span class='ocr_line' id='line_1_95' title="bbox 1064 1512 1905 1551; baseline 0.002 -13"><span class='ocrx_word' id='word_1_836' title='bbox 1064 1513 1174 1539; x_wconf 72' lang='lat' dir='ltr'>debitor.</span> <span class='ocrx_word' id='word_1_837' title='bbox 1196 1512 1266 1539; x_wconf 91' lang='lat' dir='ltr'>CoII.</span> <span class='ocrx_word' id='word_1_838' title='bbox 1282 1512 1333 1539; x_wconf 86' lang='lat' dir='ltr'>LL.</span> <span class='ocrx_word' id='word_1_839' title='bbox 1349 1513 1381 1539; x_wconf 84' lang='lat' dir='ltr'>M.</span> <span class='ocrx_word' id='word_1_840' title='bbox 1396 1513 1454 1540; x_wconf 75' lang='lat' dir='ltr'>XV.</span> <span class='ocrx_word' id='word_1_841' title='bbox 1474 1515 1498 1540; x_wconf 80' lang='grc'>3.</span> <span class='ocrx_word' id='word_1_842' title='bbox 1537 1514 1565 1540; x_wconf 90' lang='lat' dir='ltr'>Si</span> <span class='ocrx_word' id='word_1_843' title='bbox 1585 1516 1644 1551; x_wconf 82' lang='lat' dir='ltr'>quis</span> <span class='ocrx_word' id='word_1_844' title='bbox 1664 1525 1695 1541; x_wconf 77' lang='lat' dir='ltr'>ex</span> <span class='ocrx_word' id='word_1_845' title='bbox 1715 1514 1826 1541; x_wconf 86' lang='lat' dir='ltr'>metallis</span> <span class='ocrx_word' id='word_1_846' title='bbox 1841 1514 1905 1541; x_wconf 82' lang='lat' dir='ltr'>Cae-</span> 
     </span>
     <span class='ocr_line' id='line_1_96' title="bbox 1063 1556 1903 1592; baseline 0.004 -11"><span class='ocrx_word' id='word_1_847' title='bbox 1063 1557 1172 1582; x_wconf 84' lang='lat' dir='ltr'>sarianis</span> <span class='ocrx_word' id='word_1_848' title='bbox 1193 1566 1291 1587; x_wconf 84' lang='lat' dir='ltr'>aurum,</span> <span class='ocrx_word' id='word_1_849' title='bbox 1311 1561 1491 1592; x_wconf 79' lang='lat' dir='ltr'>argentumve.</span> <span class='ocrx_word' id='word_1_850' title='bbox 1512 1556 1611 1583; x_wconf 85' lang='lat' dir='ltr'>furatus</span> <span class='ocrx_word' id='word_1_851' title='bbox 1632 1557 1715 1584; x_wconf 82' lang='lat' dir='ltr'>fuerit.</span> <span class='ocrx_word' id='word_1_852' title='bbox 1740 1558 1771 1584; x_wconf 83' lang='lat' dir='ltr'>fr.</span> <span class='ocrx_word' id='word_1_853' title='bbox 1791 1559 1814 1584; x_wconf 84' lang='lat'>6.</span> <span class='ocrx_word' id='word_1_854' title='bbox 1839 1559 1860 1592; x_wconf 89' lang='lat'>5.</span> <span class='ocrx_word' id='word_1_855' title='bbox 1879 1560 1903 1583; x_wconf 73' lang='lat'>2.</span> 
     </span>
     <span class='ocr_line' id='line_1_97' title="bbox 1063 1598 1902 1638; baseline 0.002 -14"><span class='ocrx_word' id='word_1_856' title='bbox 1063 1599 1094 1625; x_wconf 85' lang='lat' dir='ltr'>ad</span> <span class='ocrx_word' id='word_1_857' title='bbox 1114 1598 1143 1625; x_wconf 91' lang='lat' dir='ltr'>L.</span> <span class='ocrx_word' id='word_1_858' title='bbox 1164 1599 1210 1625; x_wconf 87' lang='lat' dir='ltr'>lul.</span> <span class='ocrx_word' id='word_1_859' title='bbox 1231 1599 1315 1636; x_wconf 80' lang='lat' dir='ltr'>pecul.</span> <span class='ocrx_word' id='word_1_860' title='bbox 1335 1601 1376 1626; x_wconf 69' lang='lat'>48.</span> <span class='ocrx_word' id='word_1_861' title='bbox 1393 1601 1431 1625; x_wconf 77' lang='lat'>13.</span> <span class='ocrx_word' id='word_1_862' title='bbox 1453 1600 1482 1625; x_wconf 80' lang='lat' dir='ltr'>cI&#39;.</span> <span class='ocrx_word' id='word_1_863' title='bbox 1504 1600 1533 1626; x_wconf 80' lang='lat' dir='ltr'>fr.</span> <span class='ocrx_word' id='word_1_864' title='bbox 1550 1601 1591 1626; x_wconf 78' lang='grc'>38,</span> <span class='ocrx_word' id='word_1_865' title='bbox 1612 1610 1650 1637; x_wconf 90' lang='lat' dir='ltr'>pr.</span> <span class='ocrx_word' id='word_1_866' title='bbox 1670 1600 1702 1626; x_wconf 75' lang='lat' dir='ltr'>de</span> <span class='ocrx_word' id='word_1_867' title='bbox 1723 1602 1850 1638; x_wconf 67' lang='lat' dir='ltr'>pocn.48.</span> <span class='ocrx_word' id='word_1_868' title='bbox 1864 1602 1902 1627; x_wconf 90' lang='lat'>19.</span> 
     </span>
     <span class='ocr_line' id='line_1_98' title="bbox 1062 1641 1904 1679; baseline 0.002 -12"><span class='ocrx_word' id='word_1_869' title='bbox 1062 1642 1090 1668; x_wconf 93' lang='lat' dir='ltr'>In</span> <span class='ocrx_word' id='word_1_870' title='bbox 1114 1641 1261 1674; x_wconf 77' lang='lat' dir='ltr'>metallum.</span> <span class='ocrx_word' id='word_1_871' title='bbox 1289 1647 1333 1668; x_wconf 87' lang='lat' dir='ltr'>ant</span> <span class='ocrx_word' id='word_1_872' title='bbox 1358 1644 1383 1668; x_wconf 93' lang='lat' dir='ltr'>in</span> <span class='ocrx_word' id='word_1_873' title='bbox 1410 1652 1477 1679; x_wconf 86' lang='lat' dir='ltr'>opus</span> <span class='ocrx_word' id='word_1_874' title='bbox 1501 1643 1612 1674; x_wconf 72' lang='lat' dir='ltr'>metalli,</span> <span class='ocrx_word' id='word_1_875' title='bbox 1636 1653 1657 1669; x_wconf 89' lang='lat' dir='ltr'>s.</span> <span class='ocrx_word' id='word_1_876' title='bbox 1681 1645 1706 1669; x_wconf 93' lang='lat' dir='ltr'>in</span> <span class='ocrx_word' id='word_1_877' title='bbox 1730 1645 1904 1670; x_wconf 81' lang='lat' dir='ltr'>ministerium</span> 
     </span>
    </p>
   </div>
   <div class='ocr_carea' id='block_1_33' title="bbox 174 1683 1902 1723">
    <p class='ocr_par' dir='ltr' id='par_1_41' title="bbox 174 1680 1902 1723">
     <span class='ocr_line' id='line_1_99' title="bbox 174 1683 1902 1723; baseline 0.003 -15"><span class='ocrx_word' id='word_1_878' title='bbox 174 1685 197 1708; x_wconf 78' lang='lat'>2.</span> <span class='ocrx_word' id='word_1_879' title='bbox 213 1693 251 1719; x_wconf 85' lang='lat' dir='ltr'>sq.</span> <span class='ocrx_word' id='word_1_880' title='bbox 272 1683 393 1711; x_wconf 66' lang='grc'>111011.</span> <span class='ocrx_word' id='word_1_881' title='bbox 414 1684 443 1709; x_wconf 86' lang='lat' dir='ltr'>Si</span> <span class='ocrx_word' id='word_1_882' title='bbox 462 1694 574 1711; x_wconf 83' lang='lat' dir='ltr'>messem</span> <span class='ocrx_word' id='word_1_883' title='bbox 594 1687 619 1711; x_wconf 89' lang='lat' dir='ltr'>in</span> <span class='ocrx_word' id='word_1_884' title='bbox 640 1695 731 1722; x_wconf 87' lang='lat' dir='ltr'>campo</span> <span class='ocrx_word' id='word_1_885' title='bbox 751 1687 926 1712; x_wconf 79' lang='lat' dir='ltr'>seminaverit.</span> <span class='ocrx_word' id='word_1_886' title='bbox 946 1687 1017 1723; x_wconf 77' lang='lat' dir='ltr'>Epit.</span> <span class='ocrx_word' id='word_1_887' title='bbox 1061 1684 1265 1717; x_wconf 75' lang='lat' dir='ltr'>inetallicoru1n,</span> <span class='ocrx_word' id='word_1_888' title='bbox 1286 1685 1372 1718; x_wconf 82' lang='lat' dir='ltr'>(dari,</span> <span class='ocrx_word' id='word_1_889' title='bbox 1401 1695 1421 1711; x_wconf 88' lang='lat' dir='ltr'>s.</span> <span class='ocrx_word' id='word_1_890' title='bbox 1446 1685 1587 1718; x_wconf 76' lang='lat' dir='ltr'>damnari.)</span> <span class='ocrx_word' id='word_1_891' title='bbox 1612 1686 1641 1712; x_wconf 77' lang='lat' dir='ltr'>I&#39;r.</span> <span class='ocrx_word' id='word_1_892' title='bbox 1660 1688 1701 1712; x_wconf 77' lang='lat'>36.</span> <span class='ocrx_word' id='word_1_893' title='bbox 1726 1686 1743 1713; x_wconf 92' lang='lat' dir='ltr'>l.</span> <span class='ocrx_word' id='word_1_894' title='bbox 1764 1687 1780 1713; x_wconf 88' lang='lat' dir='ltr'>l.</span> <span class='ocrx_word' id='word_1_895' title='bbox 1800 1688 1841 1713; x_wconf 77' lang='lat'>48.</span> <span class='ocrx_word' id='word_1_896' title='bbox 1862 1688 1902 1713; x_wconf 86' lang='grc'>19.</span> 
     </span>
    </p>
   </div>
   <div class='ocr_carea' id='block_1_34' title="bbox 1039 1721 1901 1763">
    <p class='ocr_par' dir='ltr' id='par_1_42' title="bbox 1039 1721 1901 1763">
     <span class='ocr_line' id='line_1_100' title="bbox 1039 1721 1901 1763; baseline 0.003 -10"><span class='ocrx_word' id='word_1_897' title='bbox 1039 1721 1040 1729; x_wconf 37' lang='lat'>¹</span> <span class='ocrx_word' id='word_1_898' title='bbox 1061 1728 1091 1754; x_wconf 87' lang='lat' dir='ltr'>sr.</span> <span class='ocrx_word' id='word_1_899' title='bbox 1111 1730 1135 1754; x_wconf 97' lang='lat'>3</span> <span class='ocrx_word' id='word_1_900' title='bbox 1160 1728 1181 1761; x_wconf 93' lang='lat'>5.</span> <span class='ocrx_word' id='word_1_901' title='bbox 1204 1730 1225 1754; x_wconf 90' lang='lat' dir='ltr'>l.</span> <span class='ocrx_word' id='word_1_902' title='bbox 1246 1728 1278 1753; x_wconf 73' lang='lat' dir='ltr'>d»-</span> <span class='ocrx_word' id='word_1_903' title='bbox 1296 1728 1327 1754; x_wconf 81' lang='lat' dir='ltr'>R.</span> <span class='ocrx_word' id='word_1_904' title='bbox 1348 1728 1381 1754; x_wconf 81' lang='lat' dir='ltr'>M.</span> <span class='ocrx_word' id='word_1_905' title='bbox 1401 1729 1442 1754; x_wconf 84' lang='lat'>49.</span> <span class='ocrx_word' id='word_1_906' title='bbox 1464 1730 1503 1754; x_wconf 81' lang='grc'>16.</span> <span class='ocrx_word' id='word_1_907' title='bbox 1531 1727 1602 1754; x_wconf 86' lang='lat' dir='ltr'>Paul.</span> <span class='ocrx_word' id='word_1_908' title='bbox 1623 1728 1654 1755; x_wconf 89' lang='lat' dir='ltr'>V.</span> <span class='ocrx_word' id='word_1_909' title='bbox 1674 1731 1697 1755; x_wconf 79' lang='grc'>3.</span> <span class='ocrx_word' id='word_1_910' title='bbox 1718 1730 1739 1763; x_wconf 91' lang='lat'>5.</span> <span class='ocrx_word' id='word_1_911' title='bbox 1760 1732 1782 1756; x_wconf 89' lang='lat'>5.</span> <span class='ocrx_word' id='word_1_912' title='bbox 1821 1729 1850 1756; x_wconf 88' lang='lat' dir='ltr'>Si</span> <span class='ocrx_word' id='word_1_913' title='bbox 1871 1740 1901 1756; x_wconf 70' lang='lat' dir='ltr'>ex</span> 
     </span>
    </p>
   </div>
   <div class='ocr_carea' id='block_1_35' title="bbox 549 1727 1039 1767">
    <p class='ocr_par' dir='ltr' id='par_1_43' title="bbox 549 1727 1039 1767">
     <span class='ocr_line' id='line_1_101' title="bbox 549 1727 1039 1767; baseline 0.004 -14"><span class='ocrx_word' id='word_1_914' title='bbox 549 1727 673 1754; x_wconf 81' lang='lat' dir='ltr'>Messium</span> <span class='ocrx_word' id='word_1_915' title='bbox 694 1745 725 1748; x_wconf 91' lang='lat'><em>-</em></span> <span class='ocrx_word' id='word_1_916' title='bbox 746 1730 912 1760; x_wconf 78' lang='lat' dir='ltr'>incensores,</span> <span class='ocrx_word' id='word_1_917' title='bbox 932 1730 1018 1755; x_wconf 78' lang='lat' dir='ltr'>vinea-</span> <span class='ocrx_word' id='word_1_918' title='bbox 1038 1736 1039 1767; x_wconf 42' lang='grc' dir='ltr'>ζ</span> 
     </span>
    </p>
   </div>
   <div class='ocr_carea' id='block_1_36' title="bbox 1061 1770 1900 1807">
    <p class='ocr_par' dir='ltr' id='par_1_44' title="bbox 1061 1770 1900 1807">
     <span class='ocr_line' id='line_1_102' title="bbox 1061 1770 1900 1807; baseline 0.002 -11"><span class='ocrx_word' id='word_1_919' title='bbox 1061 1780 1137 1796; x_wconf 89' lang='lat' dir='ltr'>causa</span> <span class='ocrx_word' id='word_1_920' title='bbox 1158 1770 1254 1796; x_wconf 82' lang='lat' dir='ltr'>metalli</span> <span class='ocrx_word' id='word_1_921' title='bbox 1275 1780 1368 1796; x_wconf 82' lang='lat' dir='ltr'>servus</span> <span class='ocrx_word' id='word_1_922' title='bbox 1387 1780 1487 1807; x_wconf 82' lang='lat' dir='ltr'>poenae</span> <span class='ocrx_word' id='word_1_923' title='bbox 1507 1771 1642 1798; x_wconf 81' lang='lat' dir='ltr'>efficiatur.</span> <span class='ocrx_word' id='word_1_924' title='bbox 1662 1772 1698 1798; x_wconf 81' lang='lat' dir='ltr'>lb.</span> <span class='ocrx_word' id='word_1_925' title='bbox 1719 1772 1761 1798; x_wconf 91' lang='lat' dir='ltr'>III.</span> <span class='ocrx_word' id='word_1_926' title='bbox 1781 1774 1804 1798; x_wconf 85' lang='lat'>6.</span> <span class='ocrx_word' id='word_1_927' title='bbox 1825 1773 1845 1806; x_wconf 89' lang='lat'>5.</span> <span class='ocrx_word' id='word_1_928' title='bbox 1859 1775 1900 1799; x_wconf 76' lang='lat'>29.</span> 
     </span>
    </p>
   </div>
   <div class='ocr_carea' id='block_1_37' title="bbox 1037 1813 1902 1894">
    <p class='ocr_par' dir='ltr' id='par_1_45' title="bbox 1037 1813 1902 1894">
     <span class='ocr_line' id='line_1_103' title="bbox 1038 1813 1902 1852; baseline 0.003 -14"><span class='ocrx_word' id='word_1_929' title='bbox 1038 1814 1039 1844; x_wconf 78' lang='lat' dir='ltr'><strong>j</strong></span> <span class='ocrx_word' id='word_1_930' title='bbox 1061 1813 1182 1839; x_wconf 79' lang='lat' dir='ltr'>Proxima</span> <span class='ocrx_word' id='word_1_931' title='bbox 1202 1814 1279 1839; x_wconf 84' lang='lat' dir='ltr'>morti</span> <span class='ocrx_word' id='word_1_932' title='bbox 1299 1823 1391 1850; x_wconf 79' lang='lat' dir='ltr'>poena,</span> <span class='ocrx_word' id='word_1_933' title='bbox 1412 1813 1510 1840; x_wconf 76' lang='lat' dir='ltr'>metalli</span> <span class='ocrx_word' id='word_1_934' title='bbox 1534 1816 1668 1841; x_wconf 66' lang='lat' dir='ltr'>coercitio.</span> <span class='ocrx_word' id='word_1_935' title='bbox 1694 1815 1724 1841; x_wconf 83' lang='lat' dir='ltr'>fr.</span> <span class='ocrx_word' id='word_1_936' title='bbox 1744 1818 1785 1841; x_wconf 68' lang='grc'>28.</span> <span class='ocrx_word' id='word_1_937' title='bbox 1810 1826 1848 1852; x_wconf 89' lang='lat' dir='ltr'>pr.</span> <span class='ocrx_word' id='word_1_938' title='bbox 1869 1815 1902 1841; x_wconf 77' lang='lat' dir='ltr'>de</span> 
     </span>
     <span class='ocr_line' id='line_1_104' title="bbox 1037 1853 1900 1894; baseline 0.005 -13"><span class='ocrx_word' id='word_1_939' title='bbox 1037 1853 1038 1859; x_wconf 47' lang='lat'>¹</span> <span class='ocrx_word' id='word_1_940' title='bbox 1060 1866 1137 1892; x_wconf 76' lang='lat' dir='ltr'>poen.</span> <span class='ocrx_word' id='word_1_941' title='bbox 1163 1858 1205 1882; x_wconf 68' lang='lat'>48.</span> <span class='ocrx_word' id='word_1_942' title='bbox 1228 1858 1266 1882; x_wconf 85' lang='lat'>19.</span> <span class='ocrx_word' id='word_1_943' title='bbox 1292 1856 1323 1882; x_wconf 71' lang='lat' dir='ltr'>cI&#39;.</span> <span class='ocrx_word' id='word_1_944' title='bbox 1349 1855 1378 1882; x_wconf 87' lang='lat' dir='ltr'>fr.</span> <span class='ocrx_word' id='word_1_945' title='bbox 1401 1858 1422 1882; x_wconf 96' lang='lat' dir='ltr'>l.</span> <span class='ocrx_word' id='word_1_946' title='bbox 1448 1857 1469 1890; x_wconf 96' lang='lat'>5.</span> <span class='ocrx_word' id='word_1_947' title='bbox 1491 1858 1513 1883; x_wconf 93' lang='lat' dir='ltr'>l.</span> <span class='ocrx_word' id='word_1_948' title='bbox 1538 1857 1570 1883; x_wconf 76' lang='lat' dir='ltr'>de</span> <span class='ocrx_word' id='word_1_949' title='bbox 1594 1859 1689 1894; x_wconf 82' lang='lat' dir='ltr'>requir.</span> <span class='ocrx_word' id='word_1_950' title='bbox 1714 1859 1774 1885; x_wconf 81' lang='lat' dir='ltr'>reis.</span> <span class='ocrx_word' id='word_1_951' title='bbox 1799 1860 1840 1885; x_wconf 70' lang='lat'>48.</span> <span class='ocrx_word' id='word_1_952' title='bbox 1861 1860 1900 1884; x_wconf 83' lang='lat'>17.</span> 
     </span>
    </p>
   </div>
   <div class='ocr_carea' id='block_1_38' title="bbox 1054 1898 1900 2408">
    <p class='ocr_par' dir='ltr' id='par_1_46' title="bbox 1057 1898 1900 2150">
     <span class='ocr_line' id='line_1_105' title="bbox 1060 1898 1900 1937; baseline 0.005 -13"><span class='ocrx_word' id='word_1_953' title='bbox 1060 1898 1229 1925; x_wconf 66' lang='lat' dir='ltr'>Mediocrium</span> <span class='ocrx_word' id='word_1_954' title='bbox 1250 1898 1404 1925; x_wconf 76' lang='lat' dir='ltr'>delictorum</span> <span class='ocrx_word' id='word_1_955' title='bbox 1423 1910 1525 1937; x_wconf 86' lang='lat' dir='ltr'>poenae</span> <span class='ocrx_word' id='word_1_956' title='bbox 1544 1905 1618 1932; x_wconf 86' lang='lat' dir='ltr'>sunt,</span> <span class='ocrx_word' id='word_1_957' title='bbox 1642 1901 1789 1933; x_wconf 81' lang='lat' dir='ltr'>metallum,</span> <span class='ocrx_word' id='word_1_958' title='bbox 1813 1901 1900 1933; x_wconf 85' lang='lat' dir='ltr'>ludus,</span> 
     </span>
     <span class='ocr_line' id='line_1_106' title="bbox 1060 1941 1898 1979; baseline 0.002 -11"><span class='ocrx_word' id='word_1_959' title='bbox 1060 1942 1216 1979; x_wconf 81' lang='lat' dir='ltr'>deportatio.</span> <span class='ocrx_word' id='word_1_960' title='bbox 1245 1941 1316 1968; x_wconf 85' lang='lat' dir='ltr'>Paul.</span> <span class='ocrx_word' id='word_1_961' title='bbox 1339 1941 1368 1968; x_wconf 84' lang='lat' dir='ltr'>V.</span> <span class='ocrx_word' id='word_1_962' title='bbox 1389 1945 1428 1968; x_wconf 87' lang='lat'>17.</span> <span class='ocrx_word' id='word_1_963' title='bbox 1458 1944 1479 1976; x_wconf 90' lang='lat'>5.</span> <span class='ocrx_word' id='word_1_964' title='bbox 1503 1945 1527 1969; x_wconf 80' lang='lat'>3.</span> <span class='ocrx_word' id='word_1_965' title='bbox 1553 1943 1584 1970; x_wconf 79' lang='lat' dir='ltr'>cf.</span> <span class='ocrx_word' id='word_1_966' title='bbox 1613 1943 1644 1970; x_wconf 86' lang='lat' dir='ltr'>V.</span> <span class='ocrx_word' id='word_1_967' title='bbox 1664 1947 1688 1971; x_wconf 86' lang='lat'>4.</span> <span class='ocrx_word' id='word_1_968' title='bbox 1717 1945 1738 1978; x_wconf 87' lang='lat'>5.</span> <span class='ocrx_word' id='word_1_969' title='bbox 1758 1948 1782 1971; x_wconf 67' lang='grc'>8.</span> <span class='ocrx_word' id='word_1_970' title='bbox 1806 1944 1837 1971; x_wconf 74' lang='lat' dir='ltr'>V.</span> <span class='ocrx_word' id='word_1_971' title='bbox 1857 1947 1898 1970; x_wconf 77' lang='lat'>20.</span> 
     </span>
     <span class='ocr_line' id='line_1_107' title="bbox 1058 1985 1897 2021; baseline 0.005 -11"><span class='ocrx_word' id='word_1_972' title='bbox 1058 1986 1094 2018; x_wconf 88' lang='lat'>55.</span> <span class='ocrx_word' id='word_1_973' title='bbox 1114 1988 1137 2011; x_wconf 71' lang='lat'>2.</span> <span class='ocrx_word' id='word_1_974' title='bbox 1158 1987 1181 2011; x_wconf 85' lang='lat'>5.</span> <span class='ocrx_word' id='word_1_975' title='bbox 1201 1994 1240 2021; x_wconf 86' lang='lat' dir='ltr'>sq.</span> <span class='ocrx_word' id='word_1_976' title='bbox 1278 1985 1320 2011; x_wconf 89' lang='lat' dir='ltr'>Ius</span> <span class='ocrx_word' id='word_1_977' title='bbox 1340 1985 1418 2021; x_wconf 79' lang='lat' dir='ltr'>gladii</span> <span class='ocrx_word' id='word_1_978' title='bbox 1438 1985 1548 2019; x_wconf 76' lang='lat' dir='ltr'>habent,</span> <span class='ocrx_word' id='word_1_979' title='bbox 1573 1992 1599 2013; x_wconf 73' lang='lat' dir='ltr'>et</span> <span class='ocrx_word' id='word_1_980' title='bbox 1622 1988 1647 2013; x_wconf 89' lang='lat' dir='ltr'>in</span> <span class='ocrx_word' id='word_1_981' title='bbox 1667 1987 1799 2014; x_wconf 82' lang='lat' dir='ltr'>metallum</span> <span class='ocrx_word' id='word_1_982' title='bbox 1820 1987 1897 2014; x_wconf 80' lang='lat' dir='ltr'>dandi</span> 
     </span>
     <span class='ocr_line' id='line_1_108' title="bbox 1058 2028 1897 2065; baseline 0.002 -11"><span class='ocrx_word' id='word_1_983' title='bbox 1058 2033 1175 2065; x_wconf 83' lang='lat' dir='ltr'>potestas</span> <span class='ocrx_word' id='word_1_984' title='bbox 1197 2028 1234 2053; x_wconf 82' lang='lat' dir='ltr'>eis</span> <span class='ocrx_word' id='word_1_985' title='bbox 1254 2029 1382 2064; x_wconf 81' lang='lat' dir='ltr'>permissa</span> <span class='ocrx_word' id='word_1_986' title='bbox 1402 2034 1449 2055; x_wconf 77' lang='lat' dir='ltr'>est.</span> <span class='ocrx_word' id='word_1_987' title='bbox 1470 2029 1500 2056; x_wconf 80' lang='lat' dir='ltr'>fr.</span> <span class='ocrx_word' id='word_1_988' title='bbox 1521 2032 1544 2056; x_wconf 84' lang='lat'>6.</span> <span class='ocrx_word' id='word_1_989' title='bbox 1565 2031 1586 2064; x_wconf 91' lang='lat'>5.</span> <span class='ocrx_word' id='word_1_990' title='bbox 1606 2033 1629 2056; x_wconf 76' lang='grc' dir='ltr'>δ.</span> <span class='ocrx_word' id='word_1_991' title='bbox 1650 2030 1682 2057; x_wconf 89' lang='lat' dir='ltr'>de</span> <span class='ocrx_word' id='word_1_992' title='bbox 1702 2031 1745 2057; x_wconf 79' lang='lat' dir='ltr'>off.</span> <span class='ocrx_word' id='word_1_993' title='bbox 1766 2030 1852 2057; x_wconf 75' lang='lat' dir='ltr'>Pracs</span> <span class='ocrx_word' id='word_1_994' title='bbox 1876 2033 1897 2056; x_wconf 90' lang='lat'>1.</span> 
     </span>
     <span class='ocr_line' id='line_1_109' title="bbox 1060 2070 1895 2106; baseline 0.002 -10"><span class='ocrx_word' id='word_1_995' title='bbox 1060 2073 1097 2097; x_wconf 64' lang='lat'>18.</span> <span class='ocrx_word' id='word_1_996' title='bbox 1135 2070 1241 2098; x_wconf 86' lang='lat' dir='ltr'>Metallo</span> <span class='ocrx_word' id='word_1_997' title='bbox 1266 2072 1345 2097; x_wconf 75' lang='lat' dir='ltr'>facies</span> <span class='ocrx_word' id='word_1_998' title='bbox 1369 2072 1497 2098; x_wconf 83' lang='lat' dir='ltr'>inservire</span> <span class='ocrx_word' id='word_1_999' title='bbox 1522 2074 1613 2106; x_wconf 77' lang='lat' dir='ltr'>(eos.)</span> <span class='ocrx_word' id='word_1_1000' title='bbox 1643 2073 1691 2100; x_wconf 90' lang='lat' dir='ltr'>Th.</span> <span class='ocrx_word' id='word_1_1001' title='bbox 1718 2074 1748 2100; x_wconf 86' lang='lat' dir='ltr'>C.</span> <span class='ocrx_word' id='word_1_1002' title='bbox 1772 2073 1830 2099; x_wconf 78' lang='lat' dir='ltr'>XV.</span> <span class='ocrx_word' id='word_1_1003' title='bbox 1858 2075 1895 2099; x_wconf 79' lang='lat'>12.</span> 
     </span>
     <span class='ocr_line' id='line_1_110' title="bbox 1057 2113 1328 2150; baseline 0 -10"><span class='ocrx_word' id='word_1_1004' title='bbox 1057 2124 1077 2140; x_wconf 93' lang='lat' dir='ltr'>c.</span> <span class='ocrx_word' id='word_1_1005' title='bbox 1100 2116 1120 2140; x_wconf 92' lang='lat' dir='ltr'>l.</span> <span class='ocrx_word' id='word_1_1006' title='bbox 1141 2114 1173 2140; x_wconf 73' lang='grc'>(1(-</span> <span class='ocrx_word' id='word_1_1007' title='bbox 1193 2113 1328 2150; x_wconf 74' lang='lat' dir='ltr'>gladiator.</span> 
     </span>
    </p>

    <p class='ocr_par' dir='ltr' id='par_1_47' title="bbox 1056 2158 1896 2280">
     <span class='ocr_line' id='line_1_111' title="bbox 1091 2158 1896 2195; baseline 0.004 -12"><span class='ocrx_word' id='word_1_1008' title='bbox 1091 2158 1260 2184; x_wconf 71' lang='lat' dir='ltr'>metatio.</span> <span class='ocrx_word' id='word_1_1009' title='bbox 1282 2159 1511 2191; x_wconf 74' lang='lat' dir='ltr'>Hospitiorum</span> <span class='ocrx_word' id='word_1_1010' title='bbox 1528 2161 1703 2192; x_wconf 80' lang='lat' dir='ltr'>praebitio.</span> <span class='ocrx_word' id='word_1_1011' title='bbox 1729 2159 1746 2186; x_wconf 89' lang='grc'>1.</span> <span class='ocrx_word' id='word_1_1012' title='bbox 1764 2162 1826 2195; x_wconf 76' lang='lat' dir='ltr'>Sy.</span> <span class='ocrx_word' id='word_1_1013' title='bbox 1846 2160 1896 2187; x_wconf 60' lang='lat' dir='ltr'>Me&lt;</span> 
     </span>
     <span class='ocr_line' id='line_1_112' title="bbox 1056 2200 1893 2236; baseline 0.005 -11"><span class='ocrx_word' id='word_1_1014' title='bbox 1056 2205 1167 2226; x_wconf 67' lang='lat' dir='ltr'>fatorum</span> <span class='ocrx_word' id='word_1_1015' title='bbox 1186 2200 1397 2236; x_wconf 75' lang='lat' dir='ltr'>praebendorum</span> <span class='ocrx_word' id='word_1_1016' title='bbox 1417 2211 1491 2227; x_wconf 87' lang='lat' dir='ltr'>onus.</span> <span class='ocrx_word' id='word_1_1017' title='bbox 1510 2200 1577 2228; x_wconf 75' lang='lat' dir='ltr'>Nov.</span> <span class='ocrx_word' id='word_1_1018' title='bbox 1598 2201 1647 2228; x_wconf 86' lang='lat' dir='ltr'>Th.</span> <span class='ocrx_word' id='word_1_1019' title='bbox 1667 2202 1696 2229; x_wconf 91' lang='grc'>11,</span> <span class='ocrx_word' id='word_1_1020' title='bbox 1717 2202 1750 2229; x_wconf 78' lang='lat' dir='ltr'>de</span> <span class='ocrx_word' id='word_1_1021' title='bbox 1770 2208 1855 2229; x_wconf 79' lang='lat' dir='ltr'>metat.</span> <span class='ocrx_word' id='word_1_1022' title='bbox 1877 2203 1893 2228; x_wconf 86' lang='lat' dir='ltr'>I.</span> 
     </span>
     <span class='ocr_line' id='line_1_113' title="bbox 1056 2243 1341 2280; baseline 0.004 -12"><span class='ocrx_word' id='word_1_1023' title='bbox 1056 2245 1078 2269; x_wconf 87' lang='lat'>5.</span> <span class='ocrx_word' id='word_1_1024' title='bbox 1100 2253 1120 2269; x_wconf 84' lang='lat' dir='ltr'>e.</span> <span class='ocrx_word' id='word_1_1025' title='bbox 1142 2245 1163 2269; x_wconf 97' lang='lat' dir='ltr'>l.</span> <span class='ocrx_word' id='word_1_1026' title='bbox 1184 2243 1263 2276; x_wconf 79' lang='lat'><em>551.</em></span> <span class='ocrx_word' id='word_1_1027' title='bbox 1283 2253 1341 2280; x_wconf 84' lang='lat' dir='ltr'>sqq.</span> 
     </span>
    </p>

    <p class='ocr_par' dir='ltr' id='par_1_48' title="bbox 1054 2287 1892 2408">
     <span class='ocr_line' id='line_1_114' title="bbox 1090 2287 1892 2323; baseline 0.004 -11"><span class='ocrx_word' id='word_1_1028' title='bbox 1090 2287 1265 2312; x_wconf 67' lang='lat' dir='ltr'>Motator-</span> <span class='ocrx_word' id='word_1_1029' title='bbox 1305 2288 1367 2319; x_wconf 75' lang='lat' dir='ltr'>Qui</span> <span class='ocrx_word' id='word_1_1030' title='bbox 1390 2288 1537 2320; x_wconf 74' lang='lat' dir='ltr'>hospitia</span> <span class='ocrx_word' id='word_1_1031' title='bbox 1559 2290 1688 2321; x_wconf 78' lang='lat' dir='ltr'>publice</span> <span class='ocrx_word' id='word_1_1032' title='bbox 1709 2291 1892 2323; x_wconf 76' lang='lat' dir='ltr'>praebenda</span> 
     </span>
     <span class='ocr_line' id='line_1_115' title="bbox 1055 2328 1891 2365; baseline 0.001 -10"><span class='ocrx_word' id='word_1_1033' title='bbox 1055 2331 1216 2364; x_wconf 80' lang='lat' dir='ltr'>designat.</span> <span class='ocrx_word' id='word_1_1034' title='bbox 1254 2328 1272 2355; x_wconf 93' lang='grc' dir='ltr'>Ι.</span> <span class='ocrx_word' id='word_1_1035' title='bbox 1293 2330 1354 2363; x_wconf 74' lang='lat' dir='ltr'>Sy.</span> <span class='ocrx_word' id='word_1_1036' title='bbox 1374 2329 1486 2356; x_wconf 80' lang='lat' dir='ltr'>Mensor.</span> <span class='ocrx_word' id='word_1_1037' title='bbox 1510 2329 1551 2356; x_wconf 73' lang='lat' dir='ltr'>CI&#39;.</span> <span class='ocrx_word' id='word_1_1038' title='bbox 1573 2330 1597 2356; x_wconf 89' lang='lat' dir='ltr'>h.</span> <span class='ocrx_word' id='word_1_1039' title='bbox 1617 2340 1641 2357; x_wconf 81' lang='lat' dir='ltr'>v.</span> <span class='ocrx_word' id='word_1_1040' title='bbox 1662 2331 1683 2365; x_wconf 88' lang='lat'>5.</span> <span class='ocrx_word' id='word_1_1041' title='bbox 1703 2333 1726 2357; x_wconf 85' lang='grc'>2.</span> <span class='ocrx_word' id='word_1_1042' title='bbox 1763 2331 1805 2357; x_wconf 88' lang='lat' dir='ltr'>III.</span> <span class='ocrx_word' id='word_1_1043' title='bbox 1827 2332 1891 2358; x_wconf 75' lang='lat' dir='ltr'>Cn.</span> 
     </span>
     <span class='ocr_line' id='line_1_116' title="bbox 1054 2371 1890 2408; baseline 0.001 -11"><span class='ocrx_word' id='word_1_1044' title='bbox 1054 2371 1175 2408; x_wconf 78' lang='lat' dir='ltr'>Hospilia</span> <span class='ocrx_word' id='word_1_1045' title='bbox 1203 2371 1330 2408; x_wconf 80' lang='lat' dir='ltr'>praebere</span> <span class='ocrx_word' id='word_1_1046' title='bbox 1357 2372 1536 2399; x_wconf 82' lang='lat' dir='ltr'>metatoribus.</span> <span class='ocrx_word' id='word_1_1047' title='bbox 1568 2372 1635 2400; x_wconf 71' lang='lat' dir='ltr'>Nov.</span> <span class='ocrx_word' id='word_1_1048' title='bbox 1660 2373 1710 2399; x_wconf 89' lang='lat' dir='ltr'>Th.</span> <span class='ocrx_word' id='word_1_1049' title='bbox 1735 2373 1764 2399; x_wconf 91' lang='lat' dir='ltr'>II.</span> <span class='ocrx_word' id='word_1_1050' title='bbox 1788 2372 1805 2398; x_wconf 89' lang='lat' dir='ltr'>l.</span> <span class='ocrx_word' id='word_1_1051' title='bbox 1830 2372 1846 2398; x_wconf 93' lang='grc' dir='ltr'>Ι.</span> <span class='ocrx_word' id='word_1_1052' title='bbox 1867 2375 1890 2399; x_wconf 88' lang='lat'>5.</span> 
     </span>
    </p>
   </div>
   <div class='ocr_carea' id='block_1_39' title="bbox 1031 2415 1200 2448">
    <p class='ocr_par' dir='ltr' id='par_1_49' title="bbox 1031 2415 1200 2448">
     <span class='ocr_line' id='line_1_117' title="bbox 1031 2415 1200 2448; baseline 0 -8"><span class='ocrx_word' id='word_1_1053' title='bbox 1031 2417 1033 2427; x_wconf 77' lang='lat'><em>&#39;</em></span> <span class='ocrx_word' id='word_1_1054' title='bbox 1055 2424 1075 2440; x_wconf 85' lang='lat' dir='ltr'>c.</span> <span class='ocrx_word' id='word_1_1055' title='bbox 1099 2417 1119 2440; x_wconf 93' lang='lat' dir='ltr'>l.</span> <span class='ocrx_word' id='word_1_1056' title='bbox 1139 2415 1160 2448; x_wconf 97' lang='lat'>5</span> <span class='ocrx_word' id='word_1_1057' title='bbox 1176 2416 1200 2440; x_wconf 75' lang='lat'>2.</span> 
     </span>
    </p>
   </div>
   <div class='ocr_carea' id='block_1_40' title="bbox 1051 2450 1890 2836">
    <p class='ocr_par' dir='ltr' id='par_1_50' title="bbox 1051 2450 1890 2753">
     <span class='ocr_line' id='line_1_118' title="bbox 1064 2450 1890 2493; baseline 0.001 -9"><span class='ocrx_word' id='word_1_1058' title='bbox 1064 2450 1285 2484; x_wconf 50' lang='lat' dir='ltr'>.Memmm·</span> <span class='ocrx_word' id='word_1_1059' title='bbox 1322 2458 1511 2491; x_wconf 79' lang='lat' dir='ltr'>Hospitium</span> <span class='ocrx_word' id='word_1_1060' title='bbox 1533 2461 1755 2493; x_wconf 76' lang='lat' dir='ltr'>praebendum.</span> <span class='ocrx_word' id='word_1_1061' title='bbox 1789 2460 1890 2485; x_wconf 81' lang='lat' dir='ltr'>Meta-</span> 
     </span>
     <span class='ocr_line' id='line_1_119' title="bbox 1053 2499 1890 2537; baseline 0 -10"><span class='ocrx_word' id='word_1_1062' title='bbox 1053 2502 1146 2527; x_wconf 78' lang='lat' dir='ltr'>tatio.</span> <span class='ocrx_word' id='word_1_1063' title='bbox 1183 2500 1201 2526; x_wconf 91' lang='lat' dir='ltr'>I.</span> <span class='ocrx_word' id='word_1_1064' title='bbox 1222 2501 1283 2533; x_wconf 61' lang='lat' dir='ltr'>sy.</span> <span class='ocrx_word' id='word_1_1065' title='bbox 1303 2499 1495 2536; x_wconf 80' lang='lat' dir='ltr'>Ilospitalitatis</span> <span class='ocrx_word' id='word_1_1066' title='bbox 1516 2511 1617 2533; x_wconf 86' lang='lat' dir='ltr'>munus,</span> <span class='ocrx_word' id='word_1_1067' title='bbox 1637 2511 1656 2526; x_wconf 87' lang='lat' dir='ltr'>s.</span> <span class='ocrx_word' id='word_1_1068' title='bbox 1676 2500 1813 2537; x_wconf 79' lang='lat' dir='ltr'>praebitio.</span> <span class='ocrx_word' id='word_1_1069' title='bbox 1840 2501 1890 2527; x_wconf 88' lang='lat' dir='ltr'>Ho-</span> 
     </span>
     <span class='ocr_line' id='line_1_120' title="bbox 1053 2542 1890 2580; baseline 0.002 -11"><span class='ocrx_word' id='word_1_1070' title='bbox 1053 2544 1150 2580; x_wconf 87' lang='lat' dir='ltr'>spitum</span> <span class='ocrx_word' id='word_1_1071' title='bbox 1174 2543 1307 2574; x_wconf 83' lang='lat' dir='ltr'>molestia,</span> <span class='ocrx_word' id='word_1_1072' title='bbox 1327 2542 1484 2579; x_wconf 85' lang='lat' dir='ltr'>Hospitium.</span> <span class='ocrx_word' id='word_1_1073' title='bbox 1516 2544 1609 2570; x_wconf 74' lang='lat' dir='ltr'>Metata</span> <span class='ocrx_word' id='word_1_1074' title='bbox 1628 2543 1783 2580; x_wconf 77' lang='lat' dir='ltr'>praehenda.</span> <span class='ocrx_word' id='word_1_1075' title='bbox 1812 2544 1890 2571; x_wconf 82' lang='lat' dir='ltr'>Meta·</span> 
     </span>
     <span class='ocr_line' id='line_1_121' title="bbox 1053 2585 1887 2621; baseline 0.002 -9"><span class='ocrx_word' id='word_1_1076' title='bbox 1053 2591 1138 2612; x_wconf 82' lang='lat' dir='ltr'>torum</span> <span class='ocrx_word' id='word_1_1077' title='bbox 1160 2585 1288 2612; x_wconf 74' lang='lat' dir='ltr'>molestia.</span> <span class='ocrx_word' id='word_1_1078' title='bbox 1314 2597 1335 2613; x_wconf 79' lang='lat' dir='ltr'>c.</span> <span class='ocrx_word' id='word_1_1079' title='bbox 1354 2588 1378 2613; x_wconf 85' lang='lat'>3.</span> <span class='ocrx_word' id='word_1_1080' title='bbox 1403 2588 1424 2621; x_wconf 92' lang='lat'>5.</span> <span class='ocrx_word' id='word_1_1081' title='bbox 1444 2590 1467 2613; x_wconf 84' lang='grc'>2.</span> <span class='ocrx_word' id='word_1_1082' title='bbox 1493 2597 1513 2613; x_wconf 81' lang='lat' dir='ltr'>c.</span> <span class='ocrx_word' id='word_1_1083' title='bbox 1533 2589 1556 2612; x_wconf 88' lang='lat'>5.</span> <span class='ocrx_word' id='word_1_1084' title='bbox 1581 2587 1601 2620; x_wconf 87' lang='lat'>5.</span> <span class='ocrx_word' id='word_1_1085' title='bbox 1622 2588 1645 2612; x_wconf 76' lang='lat'>2.</span> <span class='ocrx_word' id='word_1_1086' title='bbox 1670 2585 1702 2612; x_wconf 83' lang='lat' dir='ltr'>de</span> <span class='ocrx_word' id='word_1_1087' title='bbox 1726 2586 1815 2613; x_wconf 80' lang='lat' dir='ltr'>advoc.</span> <span class='ocrx_word' id='word_1_1088' title='bbox 1836 2587 1887 2614; x_wconf 87' lang='lat' dir='ltr'>(liv.</span> 
     </span>
     <span class='ocr_line' id='line_1_122' title="bbox 1051 2629 1887 2667; baseline 0.002 -12"><span class='ocrx_word' id='word_1_1089' title='bbox 1051 2629 1172 2655; x_wconf 84' lang='lat' dir='ltr'>iudicum.</span> <span class='ocrx_word' id='word_1_1090' title='bbox 1193 2631 1216 2655; x_wconf 82' lang='lat'>2.</span> <span class='ocrx_word' id='word_1_1091' title='bbox 1237 2631 1260 2655; x_wconf 90' lang='grc'>8.</span> <span class='ocrx_word' id='word_1_1092' title='bbox 1290 2639 1310 2656; x_wconf 92' lang='lat' dir='ltr'>c.</span> <span class='ocrx_word' id='word_1_1093' title='bbox 1331 2632 1353 2656; x_wconf 90' lang='grc'>9.</span> <span class='ocrx_word' id='word_1_1094' title='bbox 1374 2629 1407 2656; x_wconf 86' lang='lat' dir='ltr'>de</span> <span class='ocrx_word' id='word_1_1095' title='bbox 1425 2640 1499 2667; x_wconf 81' lang='lat' dir='ltr'>prox.</span> <span class='ocrx_word' id='word_1_1096' title='bbox 1520 2629 1546 2655; x_wconf 89' lang='lat' dir='ltr'>S.</span> <span class='ocrx_word' id='word_1_1097' title='bbox 1567 2630 1643 2654; x_wconf 84' lang='lat' dir='ltr'>scrin.</span> <span class='ocrx_word' id='word_1_1098' title='bbox 1667 2631 1705 2655; x_wconf 86' lang='grc'>12.</span> <span class='ocrx_word' id='word_1_1099' title='bbox 1727 2631 1766 2655; x_wconf 89' lang='grc'>19.</span> <span class='ocrx_word' id='word_1_1100' title='bbox 1786 2629 1835 2656; x_wconf 89' lang='lat' dir='ltr'>Th.</span> <span class='ocrx_word' id='word_1_1101' title='bbox 1856 2630 1887 2657; x_wconf 89' lang='lat' dir='ltr'>C.</span> 
     </span>
     <span class='ocr_line' id='line_1_123' title="bbox 1052 2671 1886 2701; baseline 0.005 -4"><span class='ocrx_word' id='word_1_1102' title='bbox 1052 2671 1107 2698; x_wconf 84' lang='lat' dir='ltr'>VII.</span> <span class='ocrx_word' id='word_1_1103' title='bbox 1127 2673 1150 2697; x_wconf 83' lang='grc'>8.</span> <span class='ocrx_word' id='word_1_1104' title='bbox 1172 2682 1193 2698; x_wconf 88' lang='lat' dir='ltr'>c.</span> <span class='ocrx_word' id='word_1_1105' title='bbox 1212 2674 1237 2698; x_wconf 84' lang='lat'>3.</span> <span class='ocrx_word' id='word_1_1106' title='bbox 1258 2683 1278 2699; x_wconf 86' lang='lat' dir='ltr'>c.</span> <span class='ocrx_word' id='word_1_1107' title='bbox 1298 2674 1322 2699; x_wconf 85' lang='grc'>8.</span> <span class='ocrx_word' id='word_1_1108' title='bbox 1344 2684 1363 2699; x_wconf 86' lang='lat' dir='ltr'>c.</span> <span class='ocrx_word' id='word_1_1109' title='bbox 1386 2675 1424 2698; x_wconf 87' lang='grc'>12.</span> <span class='ocrx_word' id='word_1_1110' title='bbox 1446 2683 1466 2698; x_wconf 87' lang='lat' dir='ltr'>c.</span> <span class='ocrx_word' id='word_1_1111' title='bbox 1488 2674 1525 2697; x_wconf 85' lang='grc'>15.</span> <span class='ocrx_word' id='word_1_1112' title='bbox 1546 2671 1579 2697; x_wconf 81' lang='lat' dir='ltr'>(Ie</span> <span class='ocrx_word' id='word_1_1113' title='bbox 1597 2676 1684 2698; x_wconf 80' lang='lat' dir='ltr'>metat.</span> <span class='ocrx_word' id='word_1_1114' title='bbox 1704 2671 1770 2698; x_wconf 80' lang='lat' dir='ltr'>Nov.</span> <span class='ocrx_word' id='word_1_1115' title='bbox 1790 2673 1838 2699; x_wconf 90' lang='lat' dir='ltr'>Th.</span> <span class='ocrx_word' id='word_1_1116' title='bbox 1857 2674 1886 2701; x_wconf 87' lang='lat' dir='ltr'>II.</span> 
     </span>
     <span class='ocr_line' id='line_1_124' title="bbox 1051 2714 1491 2753; baseline 0 -13"><span class='ocrx_word' id='word_1_1117' title='bbox 1051 2714 1107 2740; x_wconf 83' lang='lat' dir='ltr'>eod.</span> <span class='ocrx_word' id='word_1_1118' title='bbox 1128 2714 1145 2740; x_wconf 94' lang='lat' dir='ltr'>I.</span> <span class='ocrx_word' id='word_1_1119' title='bbox 1165 2716 1188 2740; x_wconf 88' lang='lat'>5.</span> <span class='ocrx_word' id='word_1_1120' title='bbox 1209 2725 1230 2741; x_wconf 88' lang='lat' dir='ltr'>c.</span> <span class='ocrx_word' id='word_1_1121' title='bbox 1251 2717 1273 2742; x_wconf 95' lang='lat' dir='ltr'>l.</span> <span class='ocrx_word' id='word_1_1122' title='bbox 1292 2726 1331 2753; x_wconf 89' lang='lat' dir='ltr'>pr.</span> <span class='ocrx_word' id='word_1_1123' title='bbox 1352 2716 1388 2749; x_wconf 87' lang='lat'>55.</span> <span class='ocrx_word' id='word_1_1124' title='bbox 1410 2717 1431 2740; x_wconf 95' lang='lat' dir='ltr'>l.</span> <span class='ocrx_word' id='word_1_1125' title='bbox 1452 2724 1491 2750; x_wconf 82' lang='lat' dir='ltr'>sq.</span> 
     </span>
    </p>

    <p class='ocr_par' dir='ltr' id='par_1_51' title="bbox 1051 2756 1885 2836">
     <span class='ocr_line' id='line_1_125' title="bbox 1084 2756 1885 2791; baseline 0.001 -8"><span class='ocrx_word' id='word_1_1126' title='bbox 1084 2758 1248 2785; x_wconf 75' lang='lat' dir='ltr'>Metaxa.</span> <span class='ocrx_word' id='word_1_1127' title='bbox 1287 2760 1431 2785; x_wconf 74' lang='lat' dir='ltr'>Sericum</span> <span class='ocrx_word' id='word_1_1128' title='bbox 1455 2759 1537 2783; x_wconf 79' lang='lat' dir='ltr'>rude.</span> <span class='ocrx_word' id='word_1_1129' title='bbox 1575 2756 1605 2783; x_wconf 92' lang='lat' dir='ltr'>II.</span> <span class='ocrx_word' id='word_1_1130' title='bbox 1627 2758 1694 2791; x_wconf 76' lang='lat' dir='ltr'>Op.</span> <span class='ocrx_word' id='word_1_1131' title='bbox 1720 2757 1800 2784; x_wconf 79' lang='lat' dir='ltr'>Nema</span> <span class='ocrx_word' id='word_1_1132' title='bbox 1824 2760 1885 2785; x_wconf 81' lang='lat' dir='ltr'>seri-</span> 
     </span>
     <span class='ocr_line' id='line_1_126' title="bbox 1051 2798 1883 2836; baseline 0.002 -10"><span class='ocrx_word' id='word_1_1133' title='bbox 1051 2810 1115 2826; x_wconf 86' lang='lat' dir='ltr'>cum.</span> <span class='ocrx_word' id='word_1_1134' title='bbox 1140 2800 1170 2826; x_wconf 84' lang='lat' dir='ltr'>sr.</span> <span class='ocrx_word' id='word_1_1135' title='bbox 1192 2802 1231 2827; x_wconf 88' lang='grc'>16.</span> <span class='ocrx_word' id='word_1_1136' title='bbox 1256 2801 1277 2834; x_wconf 88' lang='lat'>5.</span> <span class='ocrx_word' id='word_1_1137' title='bbox 1299 2802 1319 2826; x_wconf 87' lang='lat'>7.</span> <span class='ocrx_word' id='word_1_1138' title='bbox 1345 2799 1377 2826; x_wconf 86' lang='lat' dir='ltr'>de</span> <span class='ocrx_word' id='word_1_1139' title='bbox 1400 2798 1531 2836; x_wconf 86' lang='lat' dir='ltr'>publican.</span> <span class='ocrx_word' id='word_1_1140' title='bbox 1555 2801 1596 2826; x_wconf 89' lang='lat'>39.</span> <span class='ocrx_word' id='word_1_1141' title='bbox 1620 2802 1643 2826; x_wconf 87' lang='lat'>4.</span> <span class='ocrx_word' id='word_1_1142' title='bbox 1680 2800 1724 2827; x_wconf 91' lang='lat' dir='ltr'>III.</span> <span class='ocrx_word' id='word_1_1143' title='bbox 1746 2802 1811 2828; x_wconf 73' lang='lat' dir='ltr'>Cn.</span> <span class='ocrx_word' id='word_1_1144' title='bbox 1833 2801 1883 2827; x_wconf 82' lang='lat' dir='ltr'>Me-</span> 
     </span>
    </p>
   </div>
   <div class='ocr_carea' id='block_1_41' title="bbox 1049 2842 1873 2877">
    <p class='ocr_par' dir='ltr' id='par_1_52' title="bbox 1049 2842 1873 2877">
     <span class='ocr_line' id='line_1_127' title="bbox 1049 2842 1873 2877; baseline 0.001 -9"><span class='ocrx_word' id='word_1_1145' title='bbox 1049 2847 1115 2874; x_wconf 77' lang='lat' dir='ltr'>taxa,</span> <span class='ocrx_word' id='word_1_1146' title='bbox 1135 2844 1217 2870; x_wconf 81' lang='lat' dir='ltr'>vestis</span> <span class='ocrx_word' id='word_1_1147' title='bbox 1237 2843 1328 2874; x_wconf 83' lang='lat' dir='ltr'>serica,</span> <span class='ocrx_word' id='word_1_1148' title='bbox 1348 2842 1481 2868; x_wconf 85' lang='lat' dir='ltr'>subserica</span> <span class='ocrx_word' id='word_1_1149' title='bbox 1502 2847 1549 2869; x_wconf 89' lang='lat' dir='ltr'>etc.</span> <span class='ocrx_word' id='word_1_1150' title='bbox 1576 2842 1606 2869; x_wconf 85' lang='lat' dir='ltr'>fr.</span> <span class='ocrx_word' id='word_1_1151' title='bbox 1628 2844 1666 2870; x_wconf 88' lang='lat'>16.</span> <span class='ocrx_word' id='word_1_1152' title='bbox 1687 2844 1708 2877; x_wconf 90' lang='lat'>5.</span> <span class='ocrx_word' id='word_1_1153' title='bbox 1729 2845 1752 2870; x_wconf 90' lang='lat'>7.</span> <span class='ocrx_word' id='word_1_1154' title='bbox 1773 2844 1787 2869; x_wconf 82' lang='lat' dir='ltr'>l.</span> <span class='ocrx_word' id='word_1_1155' title='bbox 1807 2846 1873 2870; x_wconf 74' lang='lat'>394</span> 
     </span>
    </p>
   </div>
  </div>
 </body>
</html>
