2197 3121
251 182 314 213 922

1066 179 1159 211 SUB.

249 263 335 297 dem.)
361 263 402 290 Cf.
422 263 447 290 h.
468 273 492 289 v.
516 263 537 297 §.
557 263 610 290 213.
647 262 690 289 111.
710 263 776 291 Gn.
800 262 929 289 Heredem
949 263 1094 293 instituere,
1117 263 1120 312 Ι
1141 261 1196 288 Nec
1215 260 1294 299 pallia
1314 277 1346 281 —
1366 262 1425 299 quis
1439 263 1522 290 serica
1540 268 1671 295 contexat,
1693 279 1725 284 -
1738 274 1812 301 quae,
1832 265 1911 292 tincta
1926 275 1989 292 con·

249 308 338 344 eique.
363 308 386 333 si
410 306 486 333 lieres
510 315 568 332 esse
587 305 715 337 noluerit,
743 306 822 332 alium
841 306 1011 332 substituere.
1037 305 1094 331 Gai.
1117 315 1119 331 ι
1141 304 1239 341 cbylio,
1259 304 1357 332 nullius
1377 305 1485 332 alterius
1505 307 1680 343 permixtione
1699 306 1822 334 subtexta
1841 313 1911 335 sunt.
1933 308 1983 336 Th.

250 349 291 377 ιιι.
312 352 352 377 72.
372 350 402 377 cf,
423 349 452 376 11.
476 350 531 375 175.
553 350 608 375 179.
632 350 688 375 184.
709 348 739 375 fr.
758 350 799 375 26.
821 349 905 376 seso.
926 348 956 376 fr.
970 351 1011 375 ιι.
1032 349 1054 382 ς.
1069 351 1093 375 5.
1117 335 1119 386 ἓ

250 393 283 420 de
306 392 374 429 vulg.
400 398 424 419 et
449 401 510 429 pup.
534 393 575 417 28.
599 392 623 418 6.
659 391 688 418 In
713 392 809 419 tabulis
832 392 956 419 secundis
980 401 1094 423 servum,
1116 407 1118 433 ἲ

250 435 309 463 data
343 436 477 465 libertate,
510 434 674 461 substituere
697 434 762 461 tilio.
786 435 817 462 fr.
841 437 883 462 36.
919 434 952 461 de
976 434 1094 461 statulib.
1117 437 1118 455 ἶ

249 481 291 505 40.
312 480 334 505 7.
372 477 540 504 Substituerc
565 479 624 514 quis
649 483 674 504 et
703 488 780 515 pure,
809 483 834 505 et
862 478 911 504 sub
942 477 1118 514 conditionm

250 527 350 559 potest.
371 526 396 547 et
416 525 466 546 tani
486 521 555 549 suis,
581 530 656 557 quam
677 522 817 547 extraneis.
838 520 910 547 Paul.
930 520 973 547 III.
993 520 1046 546 413.
1073 521 1094 554 §.
1117 552 1118 564 ¹

250 567 274 591 5.
312 565 340 591 Si
362 579 393 583 —
414 563 463 590 hoc
483 564 614 590 communi
634 563 730 590 verbo:
755 564 885 600 „nosque
905 564 1016 590 invicem
1036 563 1096 590 sub·
1117 570 1118 591 1

250 609 360 637 stituo,·*
378 606 429 633 sibi
449 606 547 633 fuerint
565 606 712 634 substituti.
733 606 762 633 [τ.
777 609 800 633 4.
821 607 842 640 ξ.
856 608 881 632 2.
903 606 933 633 fr.
947 608 988 633 23.
1008 606 1039 633 fr.
1053 608 1094 633 41.
1116 632 1118 653 4

250 651 287 684 §§
312 652 331 675 1.
352 651 375 675 5.
397 649 429 676 de
448 648 517 685 vulg.
537 654 563 675 et
583 659 644 687 pup.
665 651 705 675 28.
726 651 749 676 6.
770 649 824 682 (Cf.
845 659 869 676 v.
889 648 1079 682 substitutus.)
1117 663 1118 675 ³

284 692 522 720 Substitufio.
543 692 598 725 (Cf.
618 703 642 720 v.
663 692 813 723 Subustio.)
834 694 1029 725 Institutio,
1049 694 1094 719 lte·
1116 688 1118 745 1

249 738 334 763 redis
358 738 578 771 legatariive,
605 738 765 763 ulteriore
785 738 892 771 gradu
905 736 1015 772 facta.
1051 734 1118 773 ῙΙΙἫἸ

250 780 316 807 Cn·
345 779 385 805 An
415 778 547 805 hereditas
575 795 607 799 —
638 780 695 805 iure
722 778 921 805 substitutionis
950 778 1118 815 pertineatY'.

249 821 279 848 I'r.
299 823 340 848 47.
361 821 393 848 de
412 821 481 858 vulg.
502 827 527 848 et
546 831 608 859 pup.
627 823 669 848 28.
684 822 708 848 6.
745 821 804 848 Iure
823 821 1022 848 substitutionis
1041 822 1096 847 vin·
1116 829 1118 856 ς

249 864 336 891 dicare
355 874 444 902 posse.
469 864 498 891 fr.
519 866 561 891 32.
581 864 613 891 de
634 864 709 901 legat.
729 864 771 891 111.
793 865 861 897 (32.)
896 864 1009 891 Heredis
1035 864 1096 890 sub·
1116 857 1118 881 3

249 908 352 934 stitutio
373 907 472 945 duplex
492 913 545 936 est.
570 912 614 934 aut
633 907 755 945 simplex.
781 907 811 934 fr.
834 909 854 934 1.
880 907 902 941 §.
924 909 945 934 1.
973 906 1006 934 de
1025 906 1093 943 vulg.

250 955 276 977 et
295 960 355 988 pup.
375 954 416 977 28.
436 952 459 977 6.
498 950 620 987 Vulgaris
640 950 795 977 substitutio
821 951 855 976 ita
875 955 953 977 vocat
972 950 1004 977 ad
1023 950 1096 977 liere-
1117 959 1118 962 ¹

249 993 356 1020 ditate-m
376 994 558 1024 substitutum.
579 994 601 1020 si
616 999 664 1020 etc.
685 993 742 1020 Gai.
756 993 786 1020 11.
808 995 866 1020 181.
886 993 916 1020 fr.
930 996 953 1020 4.
974 994 996 1028 §.
1009 995 1033 1020 2.
1048 993 1062 1020 1,
1078 993 1095 1020 1.

249 1038 290 1063 28.
310 1038 333 1063 6.
372 1037 484 1063 Substit.
503 1037 668 1074 impuberum
687 1036 843 1069 liberorum,
862 1046 884 1063 s.
904 1047 916 1063 a
935 1041 1044 1074 parente
1064 1036 1098 1063 fa-

251 1084 299 1106 cta.
321 1080 377 1106 Gai.
397 1079 427 1106 11.
448 1081 506 1106 183.
526 1080 558 1107 cs.
580 1081 636 1106 181.
662 1079 691 1106 sr.
714 1081 753 1107 17.
778 1080 799 1113 §.
822 1081 844 1106 1.
868 1079 901 1106 de
920 1079 1008 1117 adopt.
1030 1081 1051 1106 1.
1073 1081 1095 1106 7.

250 1121 342 1149 Subst.
370 1122 545 1150 secundarum
573 1122 728 1150 tabularum.
757 1122 787 1149 fr.
810 1124 851 1149 55.
877 1123 898 1157 §.
923 1124 946 1149 3.
973 1122 1005 1149 ad
1028 1122 1092 1149 S.C.

251 1164 330 1192 Treb.
354 1167 396 1192 36.
417 1168 439 1192 1.
477 1166 639 1193 Substitutio
665 1175 754 1192 eorum
775 1164 953 1202 (legatorum)
977 1164 1044 1191 facta
1069 1166 1094 1192 in

250 1213 299 1234 etc.
320 1218 341 1234 c.
361 1210 384 1235 6.
405 1208 438 1235 de
457 1208 533 1245 legat.
553 1211 576 1236 6.
596 1211 638 1236 37.

283 1251 528 1279 Substitutus.
549 1252 679 1286 (Partic.)
704 1253 750 1284 Is,
769 1253 822 1278 cui
839 1254 872 1278 in
890 1255 992 1279 Iocum
1011 1253 1096 1288 defi-

249 1296 369 1321 cientis
388 1297 528 1327 heredis,
549 1297 764 1330 legatur-iifl,
787 1296 953 1322 hereditas
976 1297 1095 1322 relicta

249 1343 309 1369 est,
329 1339 511 1373 legatumne
530 1340 648 1364 datum.
685 1337 702 1364 I.
719 1339 780 1372 Sy.
801 1337 925 1364 Secundo
944 1337 1034 1374 gradu,
1053 1337 1096 1364 vel

249 1381 432 1417 sequentibus,
452 1382 581 1418 scriptus,
602 1380 722 1418 Sequens
741 1380 853 1414 (heres.)
872 1379 933 1418 le.
951 1381 1036 1408 XXII.
1053 1382 1096 1408 33.

250 1422 281 1450 fr.
300 1425 341 1450 56.
362 1423 394 1450 de
414 1423 499 1450 fideic.
523 1423 587 1450 libb.
607 1426 648 1450 40.
668 1427 691 1450 5.
728 1423 759 1450 11.
780 1425 848 1457 Op.
871 1423 1011 1451 [nstitutus
1036 1424 1098 1458 (he-

250 1467 320 1499 res.)
344 1466 374 1493 fr.
395 1468 434 1494 14.
460 1477 498 1504 pr.
524 1466 557 1493 de
582 1466 628 1493 lib.
653 1472 679 1493 et
697 1466 784 1504 posth.
804 1468 846 1493 28.
865 1468 889 1494 2.
910 1467 940 1493 fr.
962 1469 984 1493 1.
1004 1477 1043 1504 pr.
1064 1467 1096 1494 de

250 1508 317 1545 vulg.
339 1514 363 1535 et
383 1519 444 1547 pup.
463 1511 505 1536 28.
519 1510 542 1535 6.
563 1508 674 1541 Primus,
694 1509 771 1536 Prior
789 1509 901 1543 (heres.)
922 1509 978 1537 Gai.
991 1509 1022 1537 11.
1040 1511 1095 1536 176.

249 1561 308 1588 sqq.
333 1551 394 1589 le.
413 1552 497 1579 XXII.
518 1554 559 1579 33.
580 1562 619 1590 sq.
645 1552 717 1579 Paul.
738 1552 781 1579 111.
800 1555 824 1579 5.
845 1553 867 1587 §.
889 1554 928 1580 15,
965 1553 1008 1580 111.
1030 1555 1096 1582 Gn.
1118 1587 1119 1591 Ἰ

249 1594 332 1622 Heres
353 1596 499 1628 institutus,
518 1595 617 1622 liabens
637 1595 817 1622 substitutum.
845 1595 882 1622 Id.
903 1595 947 1623 IV.
966 1599 991 1623 5.
1012 1597 1034 1630 §.
1055 1598 1095 1623 10.

248 1637 378 1665 Heredem
408 1655 438 1659 -—
463 1639 609 1665 substituto
637 1648 730 1665 cavere
757 1638 854 1665 debere
882 1638 915 1665 de
942 1638 1095 1666 hereditate.

250 1680 280 1708 fr.
305 1683 345 1708 12.
369 1691 409 1718 sq.
435 1682 489 1717 Qui
513 1681 604 1708 satisd.
630 1691 685 1718 cog.
709 1684 733 1708 2.
758 1682 782 1708 8.
820 1681 965 1709 Substituti
984 1681 1096 1720 pupilla-

250 1733 300 1750 res.
320 1724 350 1750 sr.
373 1726 411 1751 10.
431 1725 452 1758 §.
472 1727 496 1751 5.
516 1724 549 1751 de
568 1724 637 1761 vulg.
657 1729 683 1751 et
702 1735 764 1762 pup.
783 1726 826 1751 28.
846 1726 869 1751 6.

283 1767 532 1795 substructio.
572 1769 740 1802 Quidquid
756 1770 810 1795 nub
833 1774 922 1795 terra
940 1770 1117 1807 struitur-,¹

250 1809 407 1843 (fabricandi
426 1812 514 1847 operis
534 1812 636 1847 gratia.)
673 1810 715 1837 III.
736 1812 802 1839 οη.
827 1810 978 1838 Contractis
1002 1813 1097 1838 veteri·
1116 1815 1117 1820 ¹

250 1852 300 1879 bus
320 1853 503 1884 emolimentis,
522 1854 629 1880 effossis
648 1853 776 1881 nobilium
797 1864 906 1891 operum
919 1854 1095 1881 substructio-

251 1895 336 1922 nibus.
357 1895 406 1922 Th.
427 1895 457 1923 C.
477 1895 535 1923 XV.
557 1899 579 1923 1.
600 1907 622 1923 c.
643 1898 682 1923 19.
703 1896 735 1923 de
754 1907 815 1935 opp.
835 1897 898 1934 pub.

285 1939 524 1966 Subetruere.
550 1942 572 1966 Λ
586 1941 815 1976 fundamentis
834 1942 1029 1977 aedificare.
1050 1940 1093 1968 [II.

251 1982 318 2009 Gn.
342 1980 492 2010 Fodiendo.
519 1982 698 2009 substrueudo
726 1984 794 2017 (iter
812 1982 923 2017 facere.)
950 1983 980 2011 fr.
1002 1986 1041 2011 10.
1062 1984 1094 2010 de

251 2025 341 2050 servit.
355 2025 378 2050 8.
394 2026 416 2050 1.
454 2024 542 2050 Verbo
556 2025 728 2056 ‚,reIiciendi‘'
745 2030 840 2062 tegere,
859 2027 1023 2059 substruere,
1042 2037 1095 2054 sar·
1116 2027 1117 2030 ’

252 2068 305 2094 cire
324 2083 356 2087 —
376 2068 550 2094 continentur.
571 2067 601 2094 fr.
625 2070 645 2094 1.
665 2069 686 2102 §.
706 2070 730 2095 6.
750 2069 783 2096 de
801 2069 848 2096 riv.
868 2071 910 2096 43.
928 2072 971 2097 21.

285 2111 504 2137 Subtemen.
557 2112 665 2138 Fitum
698 2117 917 2139 transversum
951 2115 983 2140 in
1015 2116 1093 2145 tela,

251 2153 335 2190 (qnod
354 2153 403 2179 sub
422 2154 533 2180 stamine
551 2154 670 2186 texitur.)
705 2153 748 2180 ΙΙΙ.
770 2156 836 2182 Cn.
860 2155 935 2191 Quae
954 2156 1004 2189 (sc.
1024 2155 1094 2189 lana)

252 2201 311 2223 neta
330 2202 382 2228 est,
406 2201 498 2234 utputa
523 2201 623 2223 stamen
643 2197 692 2230 [al.
712 2197 814 2231 temen]
834 2203 860 2224 et
883 2198 1021 2225 subtemen
1045 2199 1094 2233 [al.

251 2239 418 2276 subtegmen,
437 2250 460 2266 v.
481 2239 660 2274 substamen]
690 2240 722 2267 fr.
744 2242 785 2267 70.
809 2241 831 2275 §.
850 2242 874 2267 2.
899 2241 932 2268 de
955 2241 1031 2278 legat.
1052 2242 1094 2269 111.

253 2284 319 2316 (32.)
339 2282 410 2309 Paul.
430 2282 472 2308 111.
492 2284 516 2308 6.
536 2283 558 2316 §.
578 2284 618 2309 82.

286 2327 435 2353 subter.
450 2325 600 2362 (praepos.)
615 2328 748 2357 Subtus,
765 2328 869 2363 Infra.
888 2326 907 2353 1.
920 2327 981 2361 Sy.
996 2326 1095 2354 Subter
1115 2356 1116 2359 Ἴ

252 2367 360 2400 adiecta,
380 2378 401 2395 s.
420 2368 533 2401 adnexa,
558 2368 678 2405 Sequens
698 2369 768 2402 (lex,
787 2379 811 2396 v.
832 2370 950 2400 notitia.)
970 2369 1092 2396 Consult.

252 2416 303 2438 vet.
323 2411 402 2438 I.Cti.
422 2421 443 2438 c.
462 2412 486 2438 3.
507 2421 563 2448 sqq.
590 2421 611 2437 c.
630 2414 653 2438 2.
678 2413 700 2446 §.
722 2413 762 2438 17.
787 2411 819 2438 de
838 2412 882 2439 off.
902 2412 954 2439 Prs.
974 2412 1016 2439 Pr.
1037 2412 1093 2439 Asr.
1115 2423 1116 2432 ι

254 2455 277 2481 l.
295 2456 337 2481 27.
374 2453 403 2481 II.
425 2456 492 2488 Op.
511 2454 605 2487 Supra.
626 2453 748 2482 Consult.
768 2465 789 2482 c.
808 2456 834 2481 3.
853 2454 869 2482 1.

285 2498 570 2532 subterfugere·
608 2498 639 2531 δ.
660 2498 695 2524 l·
716 2499 805 2525 Clam
819 2500 955 2534 fugere,
977 2500 1094 2525 Subdu·
1115 2500 1116 2510 ¹

253 2549 319 2566 cere
337 2550 374 2566 ue.
411 2539 454 2566 111.
475 2541 541 2568 Gn·
567 2539 621 2575 Qui
640 2540 752 2572 recedit,
777 2540 801 2567 h.
822 2551 843 2567 e.
863 2542 907 2578 qui
926 2540 1094 2577 subterfugit,

254 2591 285 2607 ne
305 2592 393 2609 secum
416 2582 502 2619 aliqua
527 2584 594 2609 actio
618 2588 760 2610 moveatur.
786 2583 815 2610 l‘r.
835 2585 876 2610 36.
900 2583 933 2610 de
951 2584 1006 2611 reb.
1026 2589 1092 2611 auct.

254 2624 307 2651 iud.
333 2628 373 2652 42.
393 2628 417 2652 5.
447 2625 496 2652 Τ1ι.
517 2626 547 2652 C.
567 2625 612 2652 XI.
640 2628 682 2652 31.
707 2637 728 2653 c.
749 2629 772 2652 5.
807 2626 840 2652 de
867 2636 950 2663 repar.
983 2627 1042 2663 adp.
1062 2643 1093 2647 -
1115 2647 1117 2665 ι

253 2667 286 2701 9.
298 2668 332 2693 Β.
352 2670 501 2700 Ευίιιινε,
523 2670 709 2695 Ρνιιεινστί.
746 2668 1093 2706 Iltcmsubtersugiendi
1115 2678 1117 2702 ζ

254 2711 368 2737 muneris
391 2712 530 2747 impetrare
553 2711 691 2738 licentiam.
718 2711 755 2738 lb.
775 2710 844 2738 XIV.
868 2713 892 2738 3.
918 2722 937 2738 c.
958 2715 981 2739 6.
1005 2713 1038 2739 dc
1057 2714 1094 2750 pi·
1116 2703 1117 2719 l

254 2758 319 2780 stor.
356 2752 457 2779 Statuta
478 2759 594 2791 tempora
613 2754 802 2791 subterfugere.
822 2754 860 2781 lb.
881 2753 948 2781 VIII.
970 2757 990 2782 l.
1011 2766 1031 2782 c.
1054 2757 1092 2782 13.

255 2795 288 2822 de
307 2805 434 2822 numerat.
1115 2798 1117 2823 ι’

288 2840 507 2866 Suntexere.
543 2840 575 2873 §-
600 2840 635 2866 1.
661 2841 780 2867 Subtus
803 2847 915 2868 texere.
957 2839 1000 2867 111.
1027 2842 1093 2868 Gn.
1116 2866 1117 2871 ,

1144 347 1175 374 C.
1195 348 1228 375 X.
1247 350 1288 375 21.
1311 358 1332 374 c.
1351 350 1375 375 3.
1390 348 1422 375 de
1436 354 1501 375 vest.
1517 349 1604 376 holov.
1627 366 1656 370 ——
1678 350 1708 384 §.
1720 351 1755 377 ἓ.
1776 352 1987 386 Subiungere,

1141 393 1313 418 Subiit-ere.
1349 390 1380 418 ΙΙ.
1402 393 1470 425 ⁰1).
1495 391 1667 430 Praepouere.
1693 392 1723 420 fr.
1743 395 1767 420 2.
1792 393 1814 427 §.
1833 394 1875 420 38.
1901 393 1934 420 de
1953 393 1986 421 0.

1141 433 1160 460 I.
1183 435 1204 460 1.
1224 435 1248 460 2.

1174 477 1342 504 Summe.
1365 476 1502 509 (Adiect.)
1523 479 1719 508 Accuratus.
1740 480 1901 512 Ser-ictus,
1922 481 1989 507 Sol-

1139 522 1210 546 lers.
1247 519 1276 546 11.
1300 521 1367 554 ΟΡ.
1388 519 1431 546 lus
1450 520 1556 547 subtile.
1580 520 1658 548 Ratio
1677 521 1792 548 subtilis.
1813 536 1846 541 —-
1866 522 1989 549 Humani-

1140 567 1179 588 tas
1199 567 1248 589 etc.
1268 561 1298 589 fr.
1322 564 1362 588 11.
1384 562 1416 589 de
1436 563 1462 589 S.
1483 562 1510 589 P.
1530 563 1561 589 R.
1581 566 1605 589 ὅ.
1624 565 1648 590 3.
1669 563 1698 591 fr.
1721 566 1760 591 13.
1781 575 1819 602 pr.
1841 565 1874 592 dc
1894 565 1939 592 lib.
1960 570 1987 592 et

1141 605 1227 642 postli.
1247 606 1289 632 28.
1307 608 1332 632 2.
1354 605 1383 632 fr.
1402 608 1440 632 12.
1461 607 1482 640 §.
1502 607 1526 632 5.
1547 605 1579 632 de
1598 608 1693 644 captiv.
1712 608 1754 634 ⁴9.
1777 610 1816 634 15.
1853 607 1896 634 III.
1921 609 1988 636 οη.

1141 648 1268 680 Subtilis,
1292 648 1334 674 vel
1359 648 1502 685 malignus,
1531 654 1665 676 tractatus.
1685 660 1706 676 c.
1727 652 1749 676 8,
1770 649 1803 677 de
1822 650 1916 677 interd.
1936 660 1988 677 ma-

1140 692 1207 717 trim.
1227 693 1250 717 5.
1268 692 1291 717 6.
1312 690 1387 717 Subt.
1409 696 1434 717 et
1453 701 1614 729 supervacua
1634 693 1835 730 scrupulositas
1856 704 1877 720 c.
1897 695 1933 720 13.
1954 693 1987 720 de

1141 739 1223 760 contr.
1244 739 1270 760 et
1289 744 1380 761 comm.
1401 735 1462 771 stip.
1482 738 1506 761 8.
1525 737 1567 762 38.
1605 735 1703 763 Subtili
1727 738 1874 763 reverentia
1893 738 1987 764 teneri.

1140 777 1238 804 Subtili
1258 776 1359 804 auferre
1383 778 1495 814 ingenio
1521 788 1542 804 c.
1561 780 1603 804 21.
1628 778 1660 805 de
1684 778 1737 806 fide
1761 781 1880 806 instrum.
1900 782 1923 806 4.
1943 781 1986 806 21.

1140 830 1161 846 c.
1180 822 1205 847 2.
1225 819 1258 846 de
1277 829 1414 847 commerc.
1434 822 1458 846 4.
1478 822 1519 847 63.
1556 820 1617 848 Vox
1630 822 1696 859 ipsa,
1715 827 1741 848 et
1754 823 1912 859 cognitionis
1926 822 1988 849 sub-

1139 862 1194 890 tilis
1214 863 1356 899 diligentia.
1377 863 1406 889 I'r.
1428 865 1467 889 10.
1487 864 1509 897 ξ
1529 866 1553 890 5.
1574 863 1606 890 de
1631 866 1776 901 quaestion.
1801 868 1841 892 48.
1864 867 1903 892 18.
1940 865 1987 891 Di-

1116 901 1118 908 ’
1140 907 1247 933 stinctio
1266 906 1391 932 subtilior
1409 905 1557 933 adhibenda
1578 912 1626 934 est.
1644 907 1675 934 fr.
1689 910 1713 934 4.
1734 908 1755 942 ξ.
1769 910 1793 935 2.
1811 908 1844 935 de
1857 907 1886 934 L.
1900 907 1986 934 Rhod.

1117 948 1118 958 ³
1143 951 1182 976 14.
1202 951 1227 976 2.

1175 992 1386 1019 Subtilitate.
1424 992 1456 1025 ξ.
1476 993 1511 1018 l.
1537 994 1636 1019 Ratio
1659 996 1781 1021 stricta
1804 1000 1833 1020 et
1856 1000 1986 1029 arguta.

1141 1037 1373 1070 Argumentum
1387 1037 1582 1070 rig-orosam.
1603 1036 1823 1064 Sollertia.11.
1836 1038 1904 1071 θ’).
1919 1036 1988 1063 Sub·

1140 1077 1221 1104 tilitas
1241 1078 1313 1104 iuris.
1333 1077 1408 1103 Subt.
1430 1078 1516 1103 nimia.
1536 1093 1569 1097 —-
1588 1078 1709 1115 Aequum
1728 1085 1754 1106 et
1767 1080 1874 1107 bonum.
1893 1079 1988 1106 Huma-

1140 1121 1216 1146 nitas.
1237 1119 1267 1146 sr.
1289 1122 1329 1146 17.
1349 1120 1382 1147 de
1405 1121 1505 1146 iniusto
1530 1125 1598 1158 rupt.
1618 1124 1660 1148 28.
1679 1123 1704 1149 3.
1729 1122 1759 1149 fr.
1779 1125 1821 1150 25.
1846 1123 1879 1150 de
1898 1123 1987 1150 donat.

1118 1155 1119 1170 ³
1139 1164 1181 1190 39.
1200 1165 1223 1189 5.
1244 1162 1274 1190 fr.
1293 1165 1317 1190 4.
1337 1163 1361 1197 §.
1381 1165 1405 1189 2.
1425 1162 1458 1189 de
1476 1173 1587 1190 manum.
1608 1169 1710 1191 testam.
1730 1168 1772 1192 40.
1792 1169 1817 1192 4.
1853 1166 1897 1193 111.
1917 1167 1986 1194 Gn.

1139 1205 1207 1232 Iuris
1226 1205 1433 1243 scrupulositas,
1459 1207 1590 1242 nimiaque
1613 1207 1753 1235 subtilitas.
1778 1208 1809 1235 fr.
1831 1211 1870 1235 12.
1891 1219 1930 1246 pr.
1954 1208 1988 1236 de

1140 1250 1239 1276 iniusto
1259 1254 1327 1286 rupt.
1346 1250 1389 1276 28.
1408 1252 1432 1276 3.
1453 1249 1510 1276 Gai.
1530 1248 1573 1275 IV.
1593 1251 1635 1276 30.
1672 1250 1806 1286 Quantum
1829 1251 1861 1278 ad
1885 1251 1989 1279 subtili-

1141 1297 1220 1318 tatem
1240 1291 1314 1328 legis,
1334 1297 1360 1318 et
1378 1293 1560 1319 auctoritatem
1580 1294 1735 1320 sententiae.
1755 1294 1786 1321 fr.
1807 1296 1847 1321 16.
1866 1295 1888 1329 ᾗ.
1909 1296 1933 1321 6.
1953 1294 1987 1321 de

1140 1336 1242 1372 pigner.
1262 1337 1303 1362 20.
1325 1337 1347 1362 l.
1385 1335 1439 1362 Hae
1458 1335 1620 1362 subtilitates
1640 1347 1653 1363 a
1673 1336 1806 1364 iudicibus
1824 1348 1876 1364 non
1896 1338 1988 1365 admit-

1140 1382 1238 1404 tuntur.
1259 1378 1288 1405 fr.
1308 1380 1332 1406 8.
1352 1379 1374 1413 §.
1396 1380 1436 1405 16.
1460 1379 1512 1415 Qu.
1536 1379 1606 1406 mod.
1631 1380 1700 1417 pign.
1724 1382 1765 1407 20.
1789 1381 1812 1407 6.
1848 1381 1908 1407 Erit
1930 1382 1987 1418 qui-

1141 1420 1200 1448 dem
1218 1420 1365 1448 subtilitate
1384 1423 1448 1448 iuris
1468 1422 1623 1455 obstrictus,
1643 1422 1690 1449 sed
1704 1421 1758 1449 doli
1773 1425 1930 1461 exceptione
1948 1425 1987 1451 uti

1141 1468 1238 1501 potest.
1257 1464 1288 1491 fr.
1306 1466 1349 1491 36.
1369 1464 1402 1491 de
1421 1464 1451 1492 V.
1472 1465 1505 1492 O.
1525 1467 1567 1492 45.
1589 1467 1610 1491 l.
1648 1465 1699 1492 Per
1722 1476 1794 1492 suam
1814 1466 1987 1494 subtilitatem

1140 1508 1274 1544 requirere
1293 1508 1347 1541 (sc.
1368 1507 1497 1541 iudices.)
1517 1518 1539 1535 e.
1560 1510 1583 1535 l.
1603 1508 1636 1535 de
1659 1513 1726 1536 sent.
1747 1519 1789 1546 qu.
1814 1519 1863 1546 pro
1887 1520 1918 1536 eo
1942 1519 1986 1546 qu.

1142 1551 1188 1577 int.
1210 1552 1232 1577 7.
1252 1552 1295 1577 45.
1315 1549 1365 1577 Th.
1386 1550 1417 1577 C.
1438 1550 1482 1578 Vl.
1501 1553 1543 1578 21.
1569 1562 1591 1578 c.
1611 1553 1634 1578 1.
1658 1551 1690 1578 de
1713 1552 1780 1589 prof.
1805 1563 1846 1589 qu.
1872 1554 1899 1579 in
1922 1552 1988 1580 urbe

1141 1592 1236 1620 Const.
1256 1610 1287 1614 -
1307 1594 1338 1627 ξ.
1358 1595 1394 1620 2.
1421 1595 1539 1621 Oratio
1564 1596 1743 1621 succincta.
1780 1594 1823 1622 III.
1844 1596 1911 1623 Cn.
1935 1594 1987 1622 Per

1140 1636 1240 1663 indices
1255 1636 1444 1669 tantummodo,
1465 1642 1490 1664 et
1502 1637 1639 1664 titulorum
1653 1637 1833 1670 subtilitatem,
1853 1655 1885 1659 —
1906 1648 1985 1675 quae-

1141 1679 1198 1705 dam
1218 1679 1391 1706 admonitoria
1410 1681 1466 1706 eius
1485 1680 1579 1707 facere.
1600 1690 1620 1707 c.
1642 1681 1664 1706 l.
1689 1681 1711 1714 §.
1731 1683 1771 1708 12.
1797 1681 1830 1708 de
1852 1686 1905 1708 vet.
1929 1682 1987 1708 iure

1141 1721 1226 1749 enucl.
1249 1724 1270 1749 1.
1292 1724 1332 1749 17.

1174 1765 1385 1792 Subtiliter.
1414 1765 1538 1799 (Advb.)
1567 1768 1741 1798 Accurate,
1770 1769 1904 1803 Argute.
1940 1765 1986 1793 III.

1141 1809 1206 1836 Cn.
1226 1807 1285 1834 Non
1303 1807 1372 1834 idem
1386 1809 1412 1834 in
1425 1807 1568 1836 heredibus
1581 1809 1702 1847 plerique
1719 1809 1843 1847 probant;
1865 1809 1912 1836 sed
1925 1809 1987 1837 sub-

1139 1851 1212 1878 tilius
1231 1856 1280 1883 est,
1302 1867 1331 1870 —
1351 1851 1378 1877 id
1398 1861 1504 1889 quoque
1521 1852 1636 1890 probari.
1660 1852 1690 1880 fr.
1713 1855 1752 1880 13.
1771 1854 1786 1887 §
1813 1854 1837 1879 4.
1857 1852 1891 1879 de
1908 1853 1942 1880 A.
1959 1863 1985 1879 v.

1140 1895 1172 1921 Α.
1192 1894 1220 1921 Ρ.
1239 1896 1281 1920 41.
1300 1896 1325 1920 2.
1345 1893 1377 1921 cl'.
1397 1904 1419 1921 c.
1438 1896 1462 1921 3.
1482 1895 1503 1929 §.
1524 1898 1547 1922 ὃ.
1572 1895 1604 1922 de
1627 1896 1704 1923 cond.
1728 1907 1798 1923 caus.
1824 1896 1876 1923 dat.
1901 1897 1941 1923 12.
1960 1898 1986 1922 ⁴.

1139 1947 1160 1964 c.
1183 1939 1222 1964 10.
1242 1937 1296 1973 Qui
1316 1942 1417 1964 testam.
1437 1937 1485 1964 sac.
1505 1949 1530 1975 p.
1550 1939 1574 1965 6.
1593 1941 1636 1965 22.
1674 1939 1754 1975 Quod
1774 1940 1882 1966 nimium
1901 1938 1985 1966 subti-

1140 1980 1200 2007 liter
1219 1980 1318 2007 dictum
1338 1985 1386 2007 est.
1407 1980 1463 2007 Gai.
1484 1980 1526 2007 111.
1546 1983 1590 2008 94.

1173 2023 1403 2051 §uhtu-actio.
1440 2024 1628 2057 numerio,
1649 2026 1818 2052 Deductio.
1856 2024 1983 2052 luen.

1116 2081 1117 2105 ἶ
1139 2067 1203 2094 Sine
1226 2071 1363 2103 augmento
1387 2071 1532 2099 sumtuum,
1560 2067 1710 2104 aliquantos
1734 2067 1923 2098 subtraximus,
1947 2067 1984 2092 ita

1140 2115 1226 2136 tamen
1253 2115 1282 2136 ut
1309 2114 1371 2146 post
1397 2109 1465 2137 hanc
1487 2110 1695 2137 subtractionem
1719 2116 1768 2137 etc.
1793 2121 1814 2137 c.
1833 2112 1857 2136 5.
1882 2109 1915 2136 de
1938 2109 1983 2136 off.

1140 2162 1205 2188 mag.
1225 2152 1278 2179 mil.
1300 2154 1322 2179 l.
1341 2154 1384 2179 29.

1173 2197 1419 2223 Subtrahere.
1457 2195 1487 2228 ξ.
1500 2197 1534 2222 1.
1555 2197 1645 2223 Clam
1665 2198 1850 2227 subducere,
1872 2196 1983 2222 Occul-

1139 2245 1218 2265 ταν-ε.
1255 2238 1298 2265 111.
1317 2239 1384 2266 Gn.
1409 2238 1484 2274 Quae
1503 2239 1558 2272 (sc.
1577 2239 1638 2271 res)
1657 2249 1705 2276 per
1723 2237 1839 2265 fraudem
1859 2253 1891 2257 —
1911 2237 1982 2264 abla-

1139 2286 1180 2308 tae
1199 2285 1268 2313 sunt,
1286 2280 1329 2308 vel
1348 2281 1508 2318 professioni
1527 2281 1683 2308 subtractae.
1703 2280 1745 2307 Fr.
1765 2280 1798 2307 de
1817 2280 1835 2306 1.
1856 2279 1883 2306 F.
1903 2280 1925 2314 §.
1940 2281 1981 2307 18.

1140 2325 1193 2361 Qui
1211 2324 1295 2351 filium
1314 2334 1390 2351 suum
1408 2324 1541 2351 subtrahit
1553 2324 1668 2355 militiae,
1687 2322 1750 2349 belli
1765 2327 1890 2360 tempore.
1910 2322 1941 2350 sr.
1954 2325 1980 2350 4.

1139 2367 1162 2401 ξ.
1183 2369 1222 2394 11.
1242 2367 1274 2394 de
1293 2367 1324 2394 R.
1345 2367 1378 2394 M.
1398 2370 1439 2394 49.
1462 2369 1500 2394 16.
1540 2367 1593 2403 Qui
1613 2381 1644 2386 -—
1664 2365 1816 2392 muneribus
1841 2375 1870 2392 se
1894 2365 1981 2403 publi-

1139 2411 1176 2436 cis
1195 2409 1350 2437 subtrabere
1369 2415 1478 2437 tentant.
1498 2409 1528 2437 fr.
1547 2412 1571 2436 5.
1590 2409 1612 2443 §.
1632 2410 1655 2435 8.
1675 2408 1708 2435 de
1727 2409 1783 2435 iure
1803 2409 1872 2435 imm.
1892 2410 1935 2435 50.
1954 2409 1979 2435 6.

1115 2450 1116 2467 ³
1139 2454 1192 2489 Qui
1211 2463 1248 2484 se,
1268 2463 1301 2480 nc
1319 2454 1521 2485 conveniantur,
1540 2468 1570 2473 —
1595 2451 1782 2478 subtraxerint.
1808 2451 1858 2478 Th.
1883 2450 1914 2478 C.
1933 2451 1980 2478 XI.

1138 2498 1179 2522 31.
1200 2506 1220 2523 c.
1239 2498 1264 2523 9.
1283 2495 1316 2523 de
1334 2506 1418 2534 repar.
1438 2495 1497 2532 adp.
1517 2511 1547 2515 —-
1573 2494 1602 2527 ξ.
1622 2496 1657 2521 2.
1682 2497 1899 2529 luter-cipere.
1919 2496 1980 2521 Fu-

1139 2542 1221 2566 rari.
1258 2539 1276 2566 I.
1291 2540 1352 2573 Sy.
1379 2538 1544 2575 intercipere.
1567 2537 1598 2564 fr.
1617 2539 1641 2564 3.
1666 2538 1688 2572 §.
1708 2540 1732 2564 5.
1757 2538 1787 2564 fr.
1807 2539 1831 2564 5.
1857 2537 1878 2571 ξ.
1898 2538 1922 2563 4.
1947 2537 1980 2564 de

1139 2582 1217 2608 Carb.
1238 2582 1314 2609 edict.
1333 2583 1375 2608 37.
1396 2583 1435 2607 10.
1455 2579 1552 2606 Furat-i.
1574 2580 1615 2607 Cf.
1635 2581 1660 2607 h.
1679 2591 1703 2607 v.
1724 2580 1877 2617 Subripere.
1897 2579 1939 2607 Cf.
1953 2580 1979 2607 b.

1139 2634 1162 2650 v.
1183 2625 1204 2658 ᾗ.
1223 2627 1248 2651 2.
1267 2625 1384 2661 Eripere.
1405 2622 1475 2649 Coll.
1494 2622 1546 2649 LL.
1567 2623 1600 2650 Μ.
1619 2624 1652 2650 Χ.
1671 2625 1696 2650 3.
1716 2625 1740 2650 5.
1777 2622 1820 2649 Ill.
1839 2624 1905 2650 Cn.
1925 2623 1979 2658 Qui

1138 2677 1232 2704 pecora
1253 2678 1285 2694 ex
1304 2667 1408 2704 pascuis
1427 2681 1459 2686 ·—
1479 2665 1649 2697 subtrahunt,
1674 2671 1700 2692 et
1724 2665 1917 2703 quodammodo
1936 2665 1979 2692 de-

1138 2710 1304 2747 praedantur.
1325 2709 1355 2735 fr.
1377 2711 1399 2735 1.
1419 2709 1440 2742 §.
1462 2710 1484 2735 1.
1503 2709 1536 2736 de
1559 2708 1624 2745 abig.
1645 2711 1685 2735 47.
1707 2711 1746 2736 14.
1784 2708 1906 2735 Alienum
1925 2717 1977 2735 ser-

1138 2763 1198 2779 vum
1218 2752 1380 2783 subtrahere,
1400 2751 1521 2783 vendere,
1542 2751 1634 2778 celare.
1655 2751 1724 2778 coll.
1744 2751 1796 2778 LL.
1817 2751 1849 2778 M.
1869 2750 1939 2778 XIV.
1951 2752 1976 2776 2.

1138 2795 1279 2822 Subtracto
1298 2794 1376 2823 furto.
1396 2794 1437 2821 vel
1454 2796 1480 2821 vi
1499 2794 1608 2832 abrepto
1628 2796 1765 2831 mancipio.
1786 2805 1807 2821 c.
1822 2796 1846 2821 9.
1865 2794 1898 2821 de
1916 2793 1975 2820 furt.

1138 2841 1162 2866 6.
1181 2841 1205 2865 2.
1226 2839 1258 2865 cf.
1278 2848 1299 2865 c.
1320 2840 1342 2864 1.
1368 2837 1400 2864 de
1419 2837 1495 2864 cond.
1519 2837 1579 2865 furt.
1599 2839 1622 2864 4.
1643 2839 1667 2864 8.
1691 2837 1723 2865 cf.
1748 2838 1779 2864 fr.
1799 2839 1840 2864 81.
1864 2836 1897 2863 de
1914 2835 1975 2863 sui-t.
