2197 3121
225 182 289 213 61'2
1051 174 1150 205 NAT-

227 263 284 290 Gai.
299 262 342 289 lv.
357 263 399 288 66.
425 258 610 296 Quidamlege
630 258 818 295 impediuntur.
839 268 872 284 ne
891 257 993 285 iudices
1012 257 1074 289 sint,
1096 257 1097 275 l
1120 255 1151 282 t'r.
1172 256 1230 281 137.
1254 255 1278 288 §.
1297 256 1320 281 4.
1345 255 1378 281 de
1397 255 1429 282 Υ.
1449 256 1482 283 Ο.
1507 257 1548 282 45.
1570 257 1593 282 l.
1634 255 1791 293 Plerumque
1816 256 1898 284 robur
1921 257 1967 284 ho-

226 305 333 343 quidam
352 309 452 335 natura,
473 303 578 340 quidam
598 302 724 328 moribus.
745 301 775 327 l'r.
797 303 837 327 12.
857 301 879 335 §.
898 302 923 326 2.
944 299 976 326 de
995 299 1074 326 iudic.
1096 308 1098 329 ς
1120 299 1207 330 ιιιίυῐ5,
1228 302 1299 324 aet-'ts
1313 299 1450 335 temporis,
1471 299 1710 336 opportunitasque
1727 299 1854 326 naturalis
1873 301 1969 332 (mutat

226 351 252 375 5.
274 350 294 374 1.
333 347 400 374 Cum
421 347 480 382 quis
505 355 581 371 manu
605 344 710 376 fecerit,
737 353 789 380 quo
813 343 890 370 aliter
908 343 1003 369 flueret
1021 342 1075 375 (sc.
1097 355 1099 369 ι
1121 350 1225 367 causam
1244 341 1405 378 operarum.)
1425 340 1454 368 fr.
1473 343 1515 368 26.
1536 342 1613 375 §.12.
1635 341 1667 368 (18
1687 341 1764 368 cond.
1784 341 1871 368 indeb,
1894 343 1968 368 126,

228 391 325 428 aqna.)
350 398 427 426 quam
453 393 543 414 natura
563 387 670 413 soleret.
696 386 727 412 fr.
750 388 771 412 1.
795 386 834 420 §§
855 388 877 412 1.
900 387 938 412 13.
959 385 991 412 de
1011 394 1076 421 aqua
1098 372 1100 417 ¹
1122 383 1267 420 Triplicem
1287 393 1346 409 esse
1366 393 1469 410 causam
1489 384 1522 410 Ο.
1542 383 1573 410 N.
1594 383 1658 415 Nis,
1683 389 1727 410 aut
1746 383 1905 416 naturalem,
1926 390 1969 411 aut

229 438 253 460 et
274 442 332 468 aqu.
352 431 388 468 pl.
407 431 450 456 39.
470 431 494 455 3.
533 429 648 466 Quoties
672 434 763 455 contra
789 434 906 455 naturam
931 428 984 454 sera
1006 432 1076 454 mota
1098 418 1100 461 l]
1122 426 1264 463 publicam,
1285 430 1329 452 aut
1348 427 1542 463 impositiciam.
1562 426 1593 452 [ι’.
1613 428 1636 453 5.
1657 426 1680 460 §.
1699 428 1723 453 9.
1743 426 1776 453 ‹le
1791 426 1824 453 Ο.
1839 425 1871 452 N.
1885 425 1969 453 3139.

228 475 381 512 pauperiem
400 472 481 499 dedit.
502 472 532 499 Τι’,
554 474 576 498 1.
597 473 619 506 §.
640 474 663 498 7.
684 472 706 498 si
726 470 854 508 quadrup.
869 472 892 497 9.
910 471 930 496 l.
956 470 1077 506 Quorum
1099 494 1100 501 ,
1125 471 1144 495 1.
1184 468 1264 504 Quod
1285 479 1317 495 ex
1337 468 1410 494 caelo
1431 468 1512 500 cadit,
1537 470 1587 495 etsi
1607 478 1660 494 non
1679 469 1789 496 adsidue
1809 469 1852 501 fit,
1876 479 1909 495 ex
1927 479 1970 495 na-

228 519 278 551 (sc.
299 515 461 547 animalium)
482 514 535 541 fera
555 520 647 541 natura
668 519 716 541 est.
737 514 766 540 l'r.
785 516 810 540 2.
830 514 852 547 ξ
871 515 895 539 2.
918 512 948 538 ἰ(1
963 511 993 538 L.
1007 511 1077 548 Aqu.
1099 510 1101 543 ’ξ
1122 510 1200 537 turali
1220 515 1305 537 tamen
1325 520 1402 537 causa
1423 510 1460 537 fit.
1481 510 1510 537 fr.
1530 513 1572 537 28.
1592 511 1625 538 (18
1644 511 1672 538 S.
1692 511 1720 538 P.
1739 511 1770 538 Υ.
1790 512 1814 538 8.
1833 513 1858 538 2.
1896 511 1925 538 Si
1944 513 1970 538 vi

227 561 252 586 9.
271 561 296 585 2.
316 559 347 585 l'r.
367 560 390 584 5.
415 558 452 592 ἕξ.
471 559 496 583 2.
516 559 540 583 5.
560 567 601 594 sq.
622 557 655 584 (18
673 557 706 584 Α.
725 556 757 583 11.
776 557 810 583 D.
829 557 871 582 41.
894 557 916 582 l.
954 554 1022 581 Cum
1041 555 1078 581 in·
1100 545 1101 574 l
1122 553 1243 585 naturali,
1262 553 1345 580 veluti
1364 558 1449 579 terrae
1468 557 1550 585 motu,
1570 553 1620 580 hoc
1634 553 1767 580 acciderit.
1788 553 1818 580 Τι’.
1832 555 1873 581 59.
1892 553 1970 580 locat.

229 607 270 628 ter
289 606 404 628 caeteras
424 599 534 626 sceleris
554 610 661 632 causas,
680 616 713 620 -—
739 608 804 636 quas
829 598 869 625 illi
889 602 980 624 natura
1000 597 1078 624 admi-
1125 598 1164 623 19.
1177 598 1201 622 2.
1231 595 1346 632 Quodsi,
1366 600 1422 622 toto
1442 595 1554 622 naturali
1574 595 1648 622 alveo
1665 596 1768 627 relicto,
1789 596 1887 623 ssumen
1907 595 1971 623 alias

229 644 372 674 nistrabat,
398 644 476 669 etiam
495 652 539 669 aes
559 642 673 669 alienum
692 642 867 668 adhibuisset.
892 641 922 667 l'r.
944 643 966 667 l.
986 651 1026 678 pr.
1046 639 1079 666 de
1123 638 1206 665 fluere
1225 640 1350 676 coeperit.
1372 638 1401 665 fr.
1423 640 1446 665 7.
1467 638 1489 672 §.
1509 640 1533 665 5.
1553 637 1586 665 (le
1604 639 1636 665 A.
1650 638 1681 666 R.
1696 638 1729 665 D.
1744 640 1784 665 41.
1807 640 1829 665 1.
1850 639 1881 665 cf.
1902 638 1932 665 fr.
1948 640 1970 665 1.

228 686 297 713 S.C.
316 686 380 713 Mac.
397 687 437 712 14.
457 686 481 711 6.
516 685 712 712 Innocentioris
732 689 840 710 naturae
858 683 987 710 homines.
1007 682 1078 709 Coll.
1100 679 1101 715 ¹
1124 681 1145 715 ξ.
1165 682 1189 707 8.
1210 691 1242 707 ne
1262 691 1304 718 qu.
1329 682 1355 707 in
1375 681 1446 708 ssum.
1466 681 1528 718 pub.
1548 682 1590 707 43.
1610 683 1650 708 13.
1687 681 1824 708 maturitas
1845 681 1971 708 naturalis

227 728 282 755 LL.
302 728 335 755 Μ.
355 727 416 754 XV.
434 729 459 754 3.
497 727 593 754 Earum
613 729 662 761 (sc.
683 727 854 759 servitutum)
879 736 944 753 usus
963 727 999 752 ita
1019 735 1079 752 cou—
1100 720 1102 760 l
1123 723 1289 757 (fructuum.)
1308 723 1338 750 sr.
1358 725 1400 750 42.
1421 723 1453 750 de
1472 733 1522 750 usu
1542 728 1568 750 et
1586 724 1668 750 usufr.
1688 724 1738 760 leg.
1757 726 1799 751 33.
1818 726 1843 750 2.
1880 723 1909 750 In
1929 734 1971 750 na-

228 781 313 798 nexus
333 776 382 803 est,
403 776 431 797 ut
451 771 495 807 qui
515 780 573 796 eum
593 771 729 807 partiatur,
750 774 867 795 naturam
888 770 944 795 eius
965 778 1080 795 corrum-
1100 761 1102 799 ¹.
1124 765 1235 793 turalem
1253 766 1402 792 libertatem
1426 776 1455 793 se
1478 767 1604 803 recipere.
1629 766 1686 793 Gai.
1707 767 1736 793 11.
1757 768 1798 793 67.
1836 766 1971 793 Naturalis

228 819 282 851 pat.
307 813 349 840 Fr.
373 813 401 840 S.
426 812 566 850 Pomponii
591 812 608 838 1.
621 812 674 839 Cti.
698 812 799 849 (Corp.
823 811 842 838 1.
866 811 898 838 R.
922 810 1079 837 Ante-lust.
1101 810 1102 813 ’
1124 809 1258 835 homiuum
1287 808 1319 835 ad
1343 808 1553 835 dissentit-udum
1578 808 1698 835 facilitas.
1726 809 1756 836 sr.
1784 811 1823 835 17.
1848 810 1870 843 §.
1890 811 1914 836 6.
1939 809 1972 836 de

228 868 254 895 p.
277 858 334 883 168.
354 856 440 882 Bonn.
462 857 536 882 1835.
557 856 594 887 4.)
632 854 732 881 Natura
752 855 909 881 servitutum
928 864 957 880 ea
977 858 1031 885 est,
1051 858 1080 880 ut
1101 861 1102 890 j
1125 862 1176 878 rec.
1196 861 1239 888 qu.
1260 851 1314 878 arb.
1329 852 1352 878 4.
1372 852 1396 878 8.
1434 851 1563 878 Adfectus
1583 851 1718 878 naturalis.
1743 851 1850 878 Stimuli
1870 857 1972 879 natura—

229 898 363 937 possideri
387 908 439 924 non
463 899 576 934 possint.
606 897 636 924 sr.
656 899 698 923 32.
723 898 745 929 ξ.
768 899 789 923 l.
810 896 842 923 de
862 896 890 923 S.
911 896 938 922 P.
958 895 990 922 V.
1011 897 1035 922 8.
1054 898 1079 922 2.
1101 896 1102 907 ¹
1125 894 1172 921 les.
1193 894 1223 921 fr.
1242 895 1284 920 36.
1305 894 1327 928 ξ.
1348 895 1370 920 l.
1390 893 1424 920 de
1443 899 1570 921 excusatt.
1590 896 1631 921 27.
1649 897 1671 921 1.
1691 894 1722 921 fr.
1742 897 1783 921 28.
1804 895 1826 928 ξ.
1846 896 1870 921 3.
1891 894 1923 921 (18
1943 895 1972 921 Ιί-

229 942 306 977 Quae
325 946 416 968 natura
437 951 490 966 non
509 940 651 967 admittunt
670 939 838 966 divisionem.
863 939 893 966 fr.
912 941 937 965 2.
961 939 982 973 §.
1004 940 1026 965 l.
1047 938 1080 965 de
1101 943 1103 963 ι’
1125 937 1207 963 berat.
1234 936 1283 973 leg.
1306 938 1349 963 34.
1368 938 1392 963 3.
1431 936 1512 972 Quod
1536 936 1680 963 secundum
1704 936 1849 964 naturalem
1873 938 1972 973 signifi—

229 983 262 1011 V.
277 984 310 1011 O.
324 986 365 1010 45.
388 986 408 1009 l.
447 982 490 1009 Ius
509 984 647 1020 proprium
667 987 693 1009 et
712 982 854 1019 specialem
874 986 993 1008 naturam
1011 983 1080 1015 (sor-
1101 976 1103 1027 j
1125 981 1254 1006 cationem
1273 989 1363 1006 verum
1383 990 1443 1006 esse
1467 979 1553 1006 debet.
1580 979 1637 1006 Gai.
1657 979 1701 1006 lv.
1724 980 1781 1006 134.
1806 978 1836 1006 fr.
1857 981 1880 1006 4.
1901 980 1934 1007 de
1952 980 1970 1006 1.

231 1027 296 1060 tiri.)
316 1038 329 1053 c
356 1028 394 1052 13.
415 1026 448 1053 de
467 1025 549 1052 usut'r.
571 1030 597 1051 et
616 1025 696 1051 habit.
715 1027 740 1052 3.
759 1026 801 1051 33.
839 1024 942 1051 Statum
962 1029 988 1050 et
1007 1029 1080 1050 natu·
1101 1029 1103 1036 ¹
1125 1028 1151 1049 et
1169 1022 1188 1049 Ι.
1210 1024 1232 1048 1.
1254 1024 1277 1048 l.
1314 1021 1372 1049 Hoc
1391 1022 1554 1049 naturalibus
1577 1023 1666 1048 inesse
1685 1022 1764 1048 rebus
1783 1022 1922 1054 volumus,
1946 1027 1973 1049 et

229 1079 284 1096 ram
304 1069 474 1105 obligationis
494 1074 595 1095 mutare
614 1078 666 1094 non
682 1077 769 1104 posse.
790 1067 820 1094 fr.
835 1069 858 1094 9.
879 1067 901 1101 ξ,
916 1069 938 1093 1.
953 1066 986 1093 (18
1000 1067 1078 1094 duob.
1102 1045 1103 1089 l
1125 1075 1178 1092 nou
1197 1064 1288 1091 vorbis
1307 1066 1474 1092 extrinsecus
1493 1066 1672 1102 supervenire.
1699 1075 1719 1091 c.
1740 1066 1763 1091 8.
1789 1064 1821 1091 de
1840 1070 1926 1092 novat.
1947 1068 1971 1092 8.

229 1113 290 1138 reis.
310 1113 351 1138 45.
371 1114 396 1138 2.
417 1112 449 1138 ct'.
475 1111 505 1138 t'r.
525 1114 549 1138 5.
575 1111 608 1138 de
634 1110 754 1137 fideiuss.
773 1111 815 1136 46.
837 1111 858 1135 l.
902 1109 1080 1146 Aceeptilatio
1125 1111 1167 1135 42.
1204 1107 1357 1134 Naturalem
1376 1107 1474 1134 habere
1492 1107 1663 1135 intellectum.
1690 1108 1720 1134 fr.
1741 1109 1763 1134 7.
1789 1107 1821 1133 de
1841 1118 1909 1134 serv.
1930 1117 1972 1135 ex-

229 1155 256 1180 in
276 1154 324 1180 hac
345 1164 422 1181 causa
442 1164 495 1180 non
515 1164 561 1181 sua
581 1158 686 1185 natura,
709 1152 757 1179 sed
776 1156 909 1190 potestate
929 1153 1080 1178 conventio·
1102 1163 1104 1171 r
1125 1155 1194 1188 port.
1216 1152 1256 1177 18.
1277 1151 1300 1177 7.
1325 1165 1357 1170 -—
1385 1151 1417 1184 ἓ.
1438 1152 1474 1177 2.
1500 1152 1705 1185 Corporalis.
1743 1150 1762 1176 I.
1783 1151 1845 1184 Sy·
1870 1150 1973 1188 Corpo-

231 1197 280 1228 niS,
301 1196 378 1222 vah-t.
399 1196 429 1223 l'r.
450 1199 474 1223 5.
494 1207 533 1233 pr.
554 1196 587 1223 de
606 1206 672 1223 rese.
693 1195 770 1222 vend.
793 1197 833 1222 18.
853 1197 877 1221 5.
915 1194 1016 1221 Contra
1036 1195 1082 1221 ho·
1102 1207 1104 1243 s
1126 1193 1189 1220 ralis
1208 1193 1382 1231 (possessio.)
1403 1192 1434 1219 sr.
1453 1194 1494 1219 40.
1514 1192 1536 1226 ξ.
1555 1195 1579 1219 2.
1600 1193 1633 1219 (18
1651 1194 1722 1230 pign.
1742 1198 1790 1220 act.
1808 1195 1846 1219 13.
1862 1195 1884 1219 7.
1906 1193 1936 1220 fr.
1950 1195 1972 1219 l.

229 1249 288 1265 nam
312 1239 392 1266 fidem
416 1244 442 1266 et
466 1239 582 1276 depositi
607 1244 733 1265 naturam.
759 1238 790 1264 Τι’.
809 1240 852 1264 24.
877 1237 970 1275 depos.
996 1238 1035 1264 16.
1056 1238 1080 1264 3.
1103 1251 1104 1254 ¹

229 1281 260 1308 Si
279 1283 321 1308 sui
341 1287 432 1308 natura
451 1281 556 1308 tabulae
576 1282 722 1318 patefactae
747 1286 815 1307 sunt.
842 1281 872 1307 Τι’.
894 1282 935 1307 10.
959 1281 980 1314 ξ.
1002 1282 1025 1306 l.
1046 1285 1081 1306 te·
1103 1294 1104 1297 ¹

229 1329 305 1351 stam.
326 1324 446 1360 quemad.
467 1334 537 1361 aper.
557 1326 599 1351 29.
619 1326 643 1350 3.
682 1324 758 1359 Quae
781 1325 862 1350 mixta
887 1323 945 1350 aliis
965 1324 1080 1349 materiis

229 1366 296 1393 adeo
320 1366 435 1393 nocendi
458 1371 576 1393 naturam
601 1367 751 1404 deponunt,
771 1371 799 1393 ut
819 1371 867 1393 etc.
897 1366 927 1392 Τι’.
947 1367 989 1392 35.
1013 1366 1036 1400 ᾗ
1055 1368 1079 1392 2.
1102 1361 1104 1369 ’

230 1409 264 1435 (18
283 1414 367 1435 contr.
388 1414 446 1435 emt.
470 1411 510 1435 18.
533 1411 553 1435 Ι.
575 1409 607 1436 cs.
632 1409 662 1436 sr.
681 1411 741 1436 236.
761 1420 800 1446 pr.
825 1409 857 1436 de
876 1408 908 1435 V.
929 1408 957 1435 S.
977 1410 1018 1435 50.
1040 1409 1080 1434 16.
1103 1408 1104 1448 ζ

231 1467 263 1472 ·-
284 1452 315 1485 §.
337 1453 376 1478 4.
406 1454 474 1484 lus,
505 1455 589 1486 quod
611 1454 766 1479 naturali
789 1454 918 1478 ratione
942 1458 1080 1478 constat.

230 1493 249 1520 Ι,
271 1495 333 1528 ›Sy-
360 1493 485 1520 Naturale
510 1495 558 1520 ius.
583 1494 614 1520 fr.
635 1496 658 1520 4.
679 1495 711 1521 de
731 1494 749 1520 1Δ
770 1500 796 1521 et
815 1494 834 1521 I.
855 1496 877 1520 1.
900 1496 921 1520 l.
946 1494 976 1521 fr.
997 1496 1020 1520 4.
1041 1504 1080 1531 pr.

229 1537 252 1570 ξ.
274 1538 295 1562 1.
317 1536 349 1562 de
369 1541 439 1563 statu
459 1536 528 1563 hom.
551 1539 572 1562 l.
593 1538 617 1563 5.
638 1536 669 1563 fr.
689 1538 731 1564 84.
752 1538 774 1571 §.
794 1539 815 1564 l.
836 1536 869 1563 de
888 1536 919 1563 R.
939 1536 957 1563 1.
977 1539 1019 1563 50.
1040 1538 1081 1563 17.

230 1578 364 1605 Naturalis
385 1580 511 1616 aequitas,
532 1589 556 1605 v.
577 1580 651 1605 ratio.
672 1579 703 1606 Τι’.
716 1582 740 1606 3.
761 1580 783 1613 §.
798 1582 820 1606 7.
841 1579 873 1606 de
893 1579 970 1606 cond.
992 1590 1011 1606 c.
1029 1579 1080 1606 dat.
1103 1586 1105 1615 j

232 1623 271 1647 12.
293 1623 316 1647 4.
341 1621 372 1648 fr.
394 1624 433 1648 14.
459 1622 492 1648 de
517 1621 594 1648 cond.
619 1621 707 1648 iudeb.
730 1624 769 1648 12.
789 1624 813 1648 6.
838 1621 869 1648 fr.
890 1624 913 1648 1.
938 1623 975 1656 §§.
995 1624 1019 1649 9.
1040 1624 1080 1648 12.

231 1665 271 1690 14.
293 1664 326 1690 de
347 1664 380 1691 Ο.
401 1669 426 1691 et
446 1665 478 1691 A.
495 1666 536 1691 44.
557 1666 579 1691 7.
618 1664 648 1690 11.
670 1666 738 1698 ΟΡ.
758 1664 813 1690 Aut
832 1664 897 1701 lege,
918 1669 962 1690 aut
981 1669 1080 1691 natura.
1103 1662 1105 1668 ⁴

230 1707 288 1733 Gai.
309 1707 351 1733 111.
374 1708 431 1733 194.
452 1706 483 1733 fr.
503 1708 544 1733 24.
565 1707 598 1733 de
618 1712 689 1733 statu
708 1706 816 1733 hou1.l.
831 1709 855 1733 5.
876 1717 897 1733 c.
917 1708 941 1733 8.
962 1706 984 1740 §.
1004 1709 1028 1733 5.
1049 1706 1081 1733 de
1103 1728 1104 1746 χ

229 1749 291 1776 bon.
313 1760 356 1786 qu.
376 1749 422 1776 lib.
443 1751 466 1776 6.
487 1751 528 1775 (il.
567 1749 679 1781 Natura,
699 1749 741 1776 vel
761 1750 877 1785 gentium
897 1750 947 1781 ius,
966 1748 1009 1775 vel
1028 1759 1081 1775 mo-
1103 1751 1105 1774 ἴ

231 1802 274 1818 res
294 1793 417 1819 civitatis.
437 1792 467 1818 Τι’.
484 1793 526 1818 34.
548 1792 569 1825 ς.
585 1793 607 1818 l.
628 1792 660 1818 dc
681 1797 764 1818 contr.
785 1797 844 1818 enit.
860 1793 899 1818 18.
918 1793 939 1818 l.
959 1791 991 1818 cf.
1012 1791 1042 1818 Τι’.
1058 1793 1080 1817 1.
1103 1784 1104 1823 l

230 1835 270 1868 ᾗῇ.
288 1836 313 1860 3.
333 1844 374 1871 sq.
395 1834 427 1861 de
446 1835 464 1861 I.
486 1840 512 1860 et.
531 1834 548 1860 1.
571 1836 593 1860 1.
615 1836 637 1861 l.
658 1834 688 1861 Τι’.
709 1836 750 1861 42.
771 1834 804 1861 de
827 1834 855 1860 V.
873 1834 900 1861 S.
914 1836 1012 1861 5016.
1040 1834 1080 1861 Ex
1102 1835 1104 1841 ¹

231 1886 388 1913 quacunque
407 1879 520 1909 actione,
537 1893 566 1897 ——
587 1876 685 1904 Natura
706 1877 831 1911 (deberi.)
851 1877 881 1903 Τι’.
899 1879 936 1904 10.
959 1877 991 1903 (18
1005 1877 1037 1904 V.
1052 1877 1078 1904 S.
1102 1871 1104 1918 ‚¹

229 1921 272 1945 50,
288 1920 327 1945 16.
359 1919 400 1945 111.
416 1921 482 1947 Cn.
502 1919 600 1946 Natura
620 1930 715 1957 operas
734 1924 847 1957 patrono
866 1919 979 1946 libertus
993 1919 1079 1946 debet.

231 1961 262 1987 Τι’.
281 1962 322 1987 26.
348 1962 370 1995 §.
392 1963 432 1988 12.
458 1962 490 1988 de
511 1962 588 1988 cond.
613 1963 700 1989 indeb.
723 1965 761 1989 12.
782 1964 806 1988 6.
844 1962 873 1988 Si
893 1962 921 1989 id
940 1962 989 1989 fuit
1009 1962 1081 1989 debi-
1102 1978 1104 1993 ς

232 2009 295 2035 tum,
315 2003 387 2040 quod
407 2009 498 2031 natura
518 2005 672 2031 ‹lt-bebatur.
693 2005 776 2031 sr.3l.
797 2005 818 2038 ξ.
835 2006 857 2031 l.
878 2005 910 2031 de
924 2005 1013 2032 hered.
1028 2010 1079 2042 pet.

230 2049 255 2073 5.
274 2048 298 2072 3.
336 2045 361 2072 Is
381 2052 472 2073 natura
492 2047 584 2079 debet,
609 2058 685 2083 quem
709 2048 765 2073 iure
787 2049 903 2083 gentium
923 2047 985 2074 dare
1004 2058 1081 2085 opor-

234 2093 278 2114 tet.
299 2088 329 2115 sr.
348 2090 389 2114 84.
409 2089 432 2122 §.
453 2091 476 2115 1.
497 2089 529 2115 de
548 2089 580 2116 lt.
600 2089 618 2116 I.
639 2092 680 2116 50.
703 2092 742 2115 17.
778 2089 876 2116 Natura
899 2090 1004 2117 debitor
1023 2091 1080 2123 fuit,
1103 2105 1104 2123 l

231 2131 350 2163 (etiamsi
370 2132 396 2157 in
416 2131 521 2168 peculio
542 2132 606 2158 nihil
627 2132 744 2164 habuit.)
769 2132 799 2158 Τι’.
823 2134 863 2159 19.
883 2143 922 2169 pr.
943 2133 976 2159 (18
995 2133 1027 2160 Ν.
1049 2133 1080 2160 G.
1103 2132 1104 2158 l

231 2174 256 2199 3.
276 2175 300 2199 5.
338 2173 414 2199 Licet
438 2174 576 2201 absolutus
601 2176 651 2207 sit,
676 2180 766 2201 natura
791 2180 877 2201 tamen
901 2175 1006 2202 debitor
1025 2186 1082 2213 per-

232 2220 326 2242 manet.
347 2215 376 2241 Τι’.
396 2218 436 2242 60.
458 2227 497 2253 pr.
518 2216 551 2243 (lc
571 2218 648 2244 cond.
668 2217 756 2251 iudei).
774 2219 811 2243 12.
827 2219 850 2244 6.
879 2217 1014 2255 Repetitio
1032 2224 1081 2250 est,
1103 2223 1104 2234 ¹

232 2259 293 2294 quia
313 2267 361 2284 nec
381 2263 471 2284 natura
491 2259 577 2286 debet.
599 2260 628 2286 fr.
647 2262 689 2286 41.
710 2260 744 2286 ib.
767 2262 806 2286 12.
826 2261 849 2286 6.

267 2301 474 2327 Naturalis.
513 2302 652 2335 (Adieet.)
688 2302 719 2335 ᾖ.
741 2304 775 2329 1.
797 2304 948 2330 Naturae
966 2314 1080 2331 coure-

232 2345 338 2375 niens,
359 2345 514 2375 Innalnx,
538 2347 680 2377 Ιιιείιιιε,
702 2347 878 2372 (ιέιιιιιίιιιε.
916 2345 934 2372 l.
949 2347 1010 2380 Sy.
1031 2346 1081 2373 Na-

234 2386 310 2411 tivus.
335 2385 376 2411 (ΓΤ.
398 2385 422 2411 h.
442 2395 466 2411 v.
505 2386 533 2411 Si
554 2396 598 2412 sna
619 2392 709 2414 natura
730 2398 772 2414 res
792 2388 963 2415 interciderit.
1001 2388 1081 2416 Natu-

233 2427 295 2453 ralis
315 2428 444 2454 interitus.
467 2427 507 2455 Ct'.
530 2438 552 2454 v.
568 2428 673 2455 Natura.
693 2431 715 2463 ξ.
735 2432 759 2456 3.
789 2429 898 2467 Propria
918 2436 1009 2458 natura
1029 2437 1080 2458 sta-

233 2474 287 2496 tuta
305 2471 488 2503 (contractui.)
509 2470 641 2497 Naturalis
656 2472 699 2504 [al.
715 2472 812 2499 Natura
827 2473 899 2507 talis]
920 2479 1079 2500 contractus.
1102 2486 1103 2489 ¹

232 2512 253 2545 ξ.
273 2514 297 2538 3.
318 2512 336 2538 1.
357 2513 390 2539 de
409 2512 486 2539 locat.
506 2515 530 2539 3.
550 2515 592 2539 24.
630 2513 661 2540 II.
683 2516 749 2548 ΟΡ.
770 2516 870 2542 Contra
890 2521 1007 2543 naturam
1028 2516 1080 2548 (Τυ-
1102 2536 1103 2539 ,

233 2555 296 2580 ritas
316 2556 378 2587 etc.)
399 2555 428 2581 fr.
447 2558 467 2582 1.
487 2556 524 2589 ἐξ.
540 2557 562 2582 7.
580 2558 617 2584 10,
638 2557 660 2582 si
681 2558 809 2595 quadi-up.
829 2561 853 2585 9.
875 2561 898 2585 1.
936 2558 1079 2591 Naturalis,

232 2609 265 2614 —
285 2596 361 2624 lllann
381 2598 465 2624 sactus
484 2598 605 2633 (agger.)
628 2597 670 2624 Cs.
690 2608 714 2625 v.
735 2599 835 2627 Manus.
856 2602 877 2634 ξ.
898 2601 961 2628 2.Β.
999 2600 1079 2628 Natu-
1101 2601 1102 2608 ¹

232 2637 310 2669 ralis.
332 2655 360 2659 —
387 2639 463 2666 Falsa
489 2641 667 2674 (consessio.)
694 2640 735 2667 Cf.
760 2652 783 2668 v.
804 2642 906 2670 Falsus.
948 2643 989 2670 111.
1011 2645 1077 2672 Cn.

232 2679 328 2706 Civilis
355 2683 420 2708 ratio
440 2683 566 2710 naturalia
586 2685 643 2710 iura
662 2693 831 2721 corrumpere
856 2695 908 2711 non
928 2691 1025 2722 potest.
1047 2686 1078 2713 fr.
1100 2713 1101 2728 χ

232 2724 256 2748 8.
276 2721 309 2748 de
334 2732 388 2759 cap.
414 2726 504 2752 minut.
524 2728 548 2752 4.
568 2728 592 2752 5.
630 2726 696 2752 Rem
720 2726 858 2753 humanam
884 2732 909 2753 et
934 2728 1078 2755 naturalem

232 2765 293 2801 pati.
314 2763 345 2790 fr·
364 2767 406 2791 27.
425 2768 447 2799 ξ.
467 2769 490 2794 9.
511 2768 543 2795 ad
564 2767 592 2795 L.
611 2768 680 2805 Aqu.
701 2770 724 2795 9.
743 2771 768 2796 2.
805 2769 875 2796 Haec
899 2770 1027 2796 recedunt
1045 2771 1077 2797 ab

231 2806 419 2843 impedimento
433 2810 552 2843 naturali,
561 2811 600 2845 (et
609 2812 757 2849 respiciunt
769 2811 802 2838 ad
815 2811 965 2839 facultatem
976 2812 1078 2846 dandi.)

1126 1237 1148 1271 ξ.
1171 1238 1192 1262 1.
1213 1236 1244 1262 Τι’.
1263 1237 1305 1262 2-1.
1326 1235 1356 1262 fr.
1375 1238 1418 1262 ⁴25.
1438 1236 1459 1269 ξ.
1479 1237 1504 1262 2.
1525 1235 1557 1261 de
1576 1235 1607 1261 Α.
1627 1245 1651 1262 v.
1665 1236 1697 1262 A.
1712 1235 1739 1262 P.
1754 1237 1794 1262 41.
1812 1238 1836 1262 2.
1874 1235 1904 1262 Si
1924 1241 1973 1262 tra-

1126 1279 1201 1306 didit.
1239 1278 1372 1305 Naturalis
1393 1278 1472 1305 datio.
1493 1278 1523 1305 sr.
1542 1279 1567 1305 8.
1588 1278 1620 1304 de
1639 1277 1723 1315 pecul.
1746 1280 1785 1304 15.
1807 1280 1829 1304 1.
1854 1278 1886 1305 ll.
1905 1280 1973 1312 ΟΡ.

1127 1321 1232 1354 Civilis,
1252 1331 1273 1348 5.
1293 1321 1360 1348 1ιιι·ὶ5
1381 1320 1475 1353 civilis,
1497 1321 1670 1358 (possessio.)
1691 1320 1721 1347 l'r.
1734 1322 1758 1346 2.
1779 1320 1816 1354 ἐξ.
1832 1323 1853 1348 l.
1869 1332 1909 1358 sq.
1923 1332 1972 1359 pro

1126 1365 1181 1391 her.
1201 1366 1243 1391 41.
1263 1366 1287 1390 5.
1309 1364 1339 1391 sr.
1358 1366 1400 1390 38.
1420 1364 1442 1398 §.
1458 1365 1482 1390 7.
1502 1363 1534 1390 de
1548 1363 1579 1390 V.
1598 1364 1630 1390 Ο.
1651 1365 1693 1390 45.
1715 1364 1737 1389 1.
1773 1362 1816 1389 111.
1837 1364 1899 1391 Cn.
1919 1364 1973 1391 Do-

1103 1425 1104 1431 .
1126 1408 1235 1434 minium
1258 1417 1345 1434 rerum
1365 1417 1397 1433 ex
1421 1405 1533 1432 naturali
1553 1407 1725 1443 possessione
1745 1407 1873 1443 coepisse.
1898 1406 1928 1433 Τι’.
1950 1409 1972 1433 1.

1103 1451 1104 1467 ¹
1126 1451 1147 1484 ξ.
1164 1452 1186 1477 l.
1207 1449 1239 1477 de
1252 1450 1284 1476 A.
1304 1459 1328 1476 v.
1343 1449 1375 1476 A.
1390 1448 1418 1475 P.
1437 1450 1480 1475 41.
1499 1451 1524 1475 2.
1561 1449 1591 1475 Si
1610 1450 1809 1486 possessionem
1828 1449 1973 1476 naturalem

1126 1503 1257 1525 revocem,
1276 1493 1427 1529 proprietas
1446 1502 1502 1518 mea
1522 1497 1616 1518 manet.
1636 1492 1668 1519 fr.
1686 1493 1728 1518 38.
1748 1492 1770 1525 §.
1792 1493 1829 1518 10.
1850 1492 1882 1519 de
1901 1502 1972 1519 usur.

1125 1537 1211 1562 221.
1226 1551 1258 1555 —-
1279 1536 1310 1569 §.
1328 1537 1365 1562 3.
1387 1536 1579 1561 Nativitate
1597 1537 1805 1567 coniunctus,
1827 1537 1973 1571 Sangui-

1126 1581 1177 1605 nis
1198 1580 1328 1605 viuculo
1347 1579 1530 1612 copulatus.
1570 1577 1588 1604 I.
1612 1579 1675 1612 Sy.
1703 1576 1814 1609 Natura,
1838 1577 1973 1605 Naturalis

1126 1622 1271 1647 successio.
1291 1620 1333 1647 Cf.
1353 1630 1377 1647 v.
1398 1619 1504 1646 Natura.
1524 1620 1546 1653 §.
1566 1621 1589 1646 2.
1599 1620 1630 1647 A.
1667 1620 1697 1646 11.
1720 1621 1787 1654 ΟΡ.
1812 1620 1972 1658 Adoptivus.

1126 1663 1168 1690 Cf.
1188 1663 1213 1690 h.
1234 1673 1257 1690 v.
1295 1662 1346 1689 Per
1365 1662 1561 1698 adrogationem
1581 1663 1703 1699 quaesiti,
1720 1678 1752 1682 —-
1772 1662 1912 1690 Naturales
1931 1664 1974 1697 (li-

1125 1706 1203 1739 beri.)
1223 1706 1254 1732 fr.
1275 1707 1297 1731 7.
1317 1705 1349 1732 ad
1369 1704 1435 1731 S.C.
1457 1704 1529 1731 Tcrt.
1543 1706 1584 1731 38.
1606 1707 1646 1732 17.
1684 1704 1823 1732 Naturales
1843 1705 1972 1733 liberi.—

1126 1749 1197 1775 Suus
1216 1748 1307 1780 heres,
1331 1748 1450 1784 quamvis
1470 1758 1523 1774 non
1543 1748 1678 1775 naturalis.
1702 1747 1764 1784 le.
1784 1748 1884 1776 XXIX.
1907 1751 1928 1776 l.
1948 1752 1972 1777 5.

1126 1791 1183 1817 Gai.
1203 1790 1246 1817 III.
1266 1793 1307 1817 41.
1330 1790 1415 1817 vatic.
1436 1791 1473 1824 ἐξ.
1495 1792 1552 1817 169.
1575 1792 1632 1817 196.
1670 1790 1796 1827 Legitima
1817 1792 1973 1828 (cognatio.)

1126 1834 1167 1861 Cf,
1187 1844 1210 1860 v.
1232 1833 1369 1870 Cognatio.
1389 1834 1412 1867 ξ.
1428 1836 1453 1860 2.
1473 1843 1497 1860 v.
1516 1832 1670 1869 Legitimus.
1691 1833 1713 1866 §.
1727 1835 1748 1860 1.
1786 1833 1828 1860 III.
1844 1836 1910 1862 Cu.
1930 1834 1973 1862 Ci-

1125 1877 1208 1908 vitas,
1238 1886 1270 1903 ex
1294 1887 1344 1913 qua
1368 1881 1444 1914 pater
1467 1876 1613 1902 naturalem
1638 1877 1764 1912 originem
1788 1876 1868 1903 ducit.
1897 1877 1928 1904 fr.
1947 1878 1970 1903 6.

1102 1931 1104 1956 χ
1125 1920 1147 1953 §.
1165 1921 1186 1946 1.
1206 1918 1238 1945 ad
1257 1920 1352 1946 munic.
1367 1921 1408 1945 50.
1432 1921 1452 1945 1.
1490 1919 1519 1945 Si
1539 1919 1599 1956 quis
1619 1920 1809 1956 emancipatum
1828 1919 1911 1946 filium
1931 1930 1972 1947 ex-

1124 1962 1305 1994 heredaverit,
1330 1972 1442 1998 eumque
1461 1967 1554 1999 postea
1574 1961 1753 1998 adrogaverit,
1773 1977 1805 1981 —
1824 1962 1879 1988 iura
1899 1967 1971 1989 natu-

1103 2010 1104 2027 1
1126 2004 1189 2031 ralia
1208 2006 1233 2031 in
1255 2015 1285 2031 eo
1305 2004 1464 2042 praevalere.
1485 2004 1515 2030 fr.
1535 2006 1559 2031 8.
1580 2005 1601 2038 ξ.
1617 2006 1640 2031 7.
1661 2004 1694 2031 de
1712 2004 1744 2030 B.
1764 2003 1792 2030 P.
1813 2014 1834 2030 c.
1855 2009 1871 2030 t.
1891 2005 1932 2030 37.
1947 2006 1971 2031 4.

1125 2047 1278 2080 Naturales,
1303 2052 1329 2074 et
1352 2047 1496 2074 secundum
1519 2046 1549 2073 L.
1570 2047 1661 2073 Iuliam
1686 2046 1825 2084 Papiamve
1850 2047 1970 2083 quaesiti.

1125 2090 1198 2117 Paul.
1219 2090 1263 2117 IV.
1283 2092 1306 2116 8.
1327 2090 1349 2123 ξ.
1369 2091 1393 2116 4.
1432 2089 1554 2115 Feminae
1575 2088 1648 2115 nullo
1668 2089 1747 2115 modo
1767 2088 1892 2125 adoptare
1911 2100 1971 2126 pos-

1126 2137 1200 2164 sunt,
1230 2133 1289 2169 qnia
1313 2142 1346 2158 ne
1371 2131 1477 2168 quidem
1504 2130 1637 2158 naturales
1664 2131 1764 2158 liberos
1789 2132 1814 2158 in
1839 2137 1972 2168 potestate

1103 2169 1104 2172 ¹
1126 2175 1230 2202 hahent.
1252 2176 1308 2202 Gai.
1329 2175 1346 2201 I.
1368 2176 1425 2200 104.
1446 2173 1508 2211 le.
1526 2173 1594 2200 VIII.
1614 2174 1667 2200 aa.
1682 2189 1713 2193 —
1734 2175 1764 2208 §0
1780 2176 1869 2202 ³.A.
1893 2177 1971 2202 Con-

1125 2220 1315 2249 cubinaens,
1346 2220 1395 2244 rel
1422 2218 1647 2248 contubernii,
1680 2218 1809 2243 vinculo
1837 2219 1972 2244 coniun—

1103 2260 1104 2285 ἶ
1126 2267 1204 2288 ctus.
1242 2260 1271 2286 11.
1293 2262 1359 2294 ΟΡ.
1380 2260 1468 2286 Iustus
1488 2259 1571 2293 (filius
1587 2259 1649 2291 etc.)
1669 2258 1710 2284 Cf.
1731 2258 1755 2285 h.
1775 2269 1799 2285 v.
1820 2260 1841 2293 ξ.
1861 2262 1885 2286 2.
1924 2259 1972 2287 Le-

1126 2304 1213 2339 gitima
1234 2302 1385 2336 (soboles.)
1411 2312 1432 2329 c.
1451 2304 1475 2328 3.
1503 2302 1553 2337 Qu.
1574 2300 1635 2327 mul.
1655 2305 1703 2327 tut.
1723 2303 1746 2326 5.
1767 2302 1809 2326 35.
1848 2302 1888 2328 Ex
1908 2302 1970 2339 legi-

1126 2347 1189 2372 timo
1209 2346 1383 2376 matrimonio,
1403 2361 1434 2365 -
1456 2343 1594 2371 Naturales
1614 2343 1675 2376 (lilii
1695 2344 1757 2375 etc.)
1777 2343 1826 2370 Th.
1842 2344 1873 2371 C.
1888 2344 1931 2371 IV.
1946 2347 1970 2371 6.

1126 2399 1147 2415 c.
1171 2391 1191 2415 l.
1212 2388 1244 2415 (18
1269 2393 1352 2414 natur.
1372 2387 1408 2414 fil.
1446 2387 1488 2413 III.
1507 2389 1573 2415 Cn.
1600 2386 1731 2412 Omnibus
1756 2386 1834 2413 bonis
1855 2404 1884 2408 —
1906 2387 1971 2414 obli-

1125 2432 1201 2466 gatis,
1221 2441 1269 2457 nec
1289 2430 1443 2461 concubina,
1464 2439 1511 2455 nec
1531 2429 1601 2455 tilius
1622 2428 1762 2460 naturalis,
1783 2439 1830 2455 nec
1850 2429 1970 2456 alumnus

1126 2490 1158 2493 —
1178 2474 1335 2509 obligantur.
1356 2472 1427 2499 Paul.
1441 2471 1472 2498 V.
1487 2473 1510 2498 6.
1530 2473 1552 2505 §.
1574 2473 1611 2497 16.
1634 2471 1662 2497 1ἰ·.
1677 2474 1701 2498 6.
1722 2471 1752 2497 Τι’.
1772 2474 1795 2497 8.
1817 2471 1849 2498 (18
1868 2473 1968 2509 pigrior.

1123 2518 1165 2542 20.
1188 2519 1209 2543 1.
1248 2515 1387 2543 Naturales
1407 2514 1496 2546 liberi,
1522 2515 1537 2540 i.
1559 2525 1579 2540 r.
1600 2515 1625 2540 in
1645 2515 1774 2540 servitute
1793 2515 1919 2551 suscepti.
1939 2513 1969 2541 fr.

1101 2578 1102 2583 ,
1123 2561 1165 2585 88.
1185 2560 1268 2593 §.12.
1288 2558 1321 2585 de
1340 2557 1416 2593 legat.
1436 2556 1466 2583 11.
1487 2557 1554 2589 (31.)
1592 2556 1687 2583 Postea
1712 2567 1743 2583 ex
1763 2566 1792 2582 se
1813 2561 1901 2583 natum
1920 2556 1969 2583 sub

1101 2610 1102 2627 1
1125 2602 1201 2628 titulo
1222 2600 1348 2628 naturalis
1367 2600 1416 2626 lilii
1436 2609 1493 2626 cum
1513 2604 1594 2625 matre
1614 2600 1804 2626 manumittere.
1825 2599 1855 2625 sr.
1874 2601 1915 2625 21.
1929 2609 1967 2635 pr.

1124 2644 1157 2671 de
1182 2645 1276 2681 captiv.
1297 2644 1337 2669 49.
1360 2644 1398 2668 15.
1424 2642 1456 2668 cl'.
1486 2642 1515 2668 Τι’.
1538 2644 1578 2668 11.
1603 2641 1636 2668 (18
1659 2651 1770 2668 manum.
1791 2642 1862 2668 vind.
1882 2643 1923 2667 40.
1943 2644 1967 2667 2.

1123 2686 1152 2712 fr.
1172 2688 1196 2712 3.
1217 2696 1256 2722 pr.
1276 2683 1308 2711 (18
1328 2684 1439 2711 liberali.
1460 2695 1480 2712 c.
1495 2687 1537 2711 40.
1555 2687 1593 2711 12.
1614 2684 1671 2711 Gai.
1686 2684 1705 2710 I.
1722 2686 1762 2710 19.
1798 2684 1899 2710 Liberti
1919 2685 1968 2715 sui,

1122 2728 1254 2764 iidemque
1280 2727 1329 2753 filii
1353 2727 1494 2753 naturales.
1519 2727 1549 2754 fr.
1571 2728 1611 2753 17.
1636 2727 1657 2760 ξ.
1680 2728 1701 2752 1.
1729 2726 1780 2761 Qu.
1801 2727 1827 2753 in
1846 2725 1876 2752 fr.
1897 2725 1966 2751 cred.

1121 2772 1163 2796 42.
1188 2771 1212 2796 8.
1255 2769 1285 2795 Si
1309 2779 1342 2796 ex
1366 2770 1500 2796 consortio
1526 2768 1669 2796 cuiuslibet
1692 2768 1810 2795 mulieris
1834 2767 1966 2794 naturales

1121 2812 1277 2850 susceperit.
1298 2811 1348 2839 Th.
1368 2812 1398 2839 C.
1419 2812 1464 2839 IV.
1483 2813 1507 2840 6.
1528 2822 1549 2839 c.
1570 2813 1592 2838 1.
1613 2811 1629 2837 l.
1649 2811 1666 2838 l.
1704 2811 1767 2848 Qui,
1786 2810 1847 2837 dum
1866 2814 1968 2837 natura—
