2197 3121
255 168 318 199 (534
1001 164 1095 196 Nox
1109 183 1147 188 —
1161 164 1267 195 NUD.

256 249 279 283 5.
300 251 322 276 l.
347 249 380 276 de
402 259 462 275 nox.
487 254 535 275 act.
559 250 584 275 9.
608 250 630 274 4.
656 247 687 275 cs.
717 247 774 275 Gai.
793 247 837 274 IV.
859 249 898 274 77.
924 257 964 284 sq.
1002 246 1101 278 Fortis.
1124 268 1125 283 ¹
1149 246 1210 273 surt.
1230 248 1272 272 47.
1292 247 1316 272 6.
1354 245 1457 272 Insons.
1478 245 1527 273 Th.
1549 246 1580 273 C.
1599 246 1645 273 XI.
1666 248 1689 273 7.
1715 257 1737 274 c.
1757 249 1780 274 7.
1807 247 1839 274 de
1863 248 1992 274 exaction.

257 302 378 329 noxaque
397 292 526 320 solutum.
549 291 634 318 Noxis
659 290 775 317 solutum
794 291 971 328 (praestare.)
991 289 1022 316 fr.
1045 292 1101 316 174.
1124 307 1125 325 ;
1148 289 1190 316 111.
1212 290 1279 317 cn.
1303 288 1403 315 Servus
1428 305 1460 309 —
1485 300 1515 316 ex
1536 300 1563 315 ea
1589 289 1700 321 familia,
1725 287 1769 326 ‘¹1⁰¹
1794 291 1850 317 eius
1869 290 1993 317 facinoris

257 335 288 362 sr.
307 338 365 362 20⁴).
386 335 418 361 de
438 334 468 361 1⁷.
489 334 516 361 S.
536 336 578 360 5⁰.
600 335 638 360 16.
659 333 690 360 cf.
711 333 741 359 fr.
764 335 803 360 ll.
829 334 850 368 5.
871 336 895 360 8.
916 333 948 359 de
967 333 998 360 A.
1019 333 1049 360 E.
1070 332 1101 359 V.
1124 347 1125 358 ι
1147 333 1242 359 noxius
1262 333 1319 358 erit.
1341 332 1370 359 ‘'r.
1389 334 1414 359 2.
1433 333 1512 366 §.12.
1533 332 1566 359 de
1585 332 1652 359 S.C.
1672 332 1754 359 Silan.
1767 334 1808 359 29.
1828 335 1852 359 5.
1889 334 1918 360 Si
1938 334 1993 370 qui-

258 380 298 405 19.
321 380 342 404 1.
362 377 392 404 fr.
414 379 436 403 l.
456 378 477 411 5.
494 380 514 403 l.
536 377 566 404 fr.
582 379 621 404 17.
643 377 735 411 5517.
749 386 787 413 sq.
809 376 842 403 de
861 375 948 403 Aedil.
969 376 1046 403 edict.
1059 378 1101 402 21.
1124 371 1125 414 l
1148 375 1205 401 dem
1225 374 1290 401 vetit
1309 375 1397 401 dicere
1417 376 1512 402 noxios
1536 386 1642 405 servos,
1667 376 1754 412 possit
1778 385 1868 402 omnes
1888 376 1992 403 dedere.

259 423 281 447 l.
306 420 336 447 Γπ.
358 422 397 446 11.
422 420 444 454 5.
467 422 488 446 l.
513 420 543 447 sr.
563 422 605 446 30.
630 419 663 446 de
688 420 810 446 eviction.
830 421 872 445 21.
891 420 916 445 2.
953 419 1046 451 Servi,
1070 418 1103 445 de
1124 417 1125 465 1
1148 418 1178 445 fr.
1201 420 1223 445 l.
1247 428 1287 455 pr.
1313 419 1335 444 si
1360 418 1418 444 sam.
1443 417 1504 445 surt.
1523 420 1565 445 47.
1585 420 1609 444 6.
1634 434 1666 438 —
1691 419 1722 452 §.
1743 419 1778 445 Β.
1803 420 1992 450 Exitiocur,

257 463 354 500 quibus
379 463 412 489 ob
433 472 526 489 noxam
548 463 666 500 quaestio
691 463 830 488 tormentis
851 461 937 488 habita
957 463 1006 493 sit,
1032 466 1057 488 et
1077 462 1103 488 in
1124 477 1125 483 κ
1148 462 1341 488 Damnosus.
1379 461 1397 488 I.
1418 462 1481 495 Sy.
1505 460 1676 488 perniciosus
1702 460 1820 494 (lusuS.)
1846 461 1875 488 fr.
1897 463 1936 488 10.
1960 461 1992 488 ad

257 517 286 533 ea
310 516 378 532 noxa
403 506 484 533 fuisse
508 506 622 532 convicti
647 506 708 531 sint.
737 505 794 531 Gai.
821 505 837 531 1.
865 506 905 531 13.
934 504 995 542 wp.
1020 504 1038 531 l.
1063 507 1103 531 11.
1124 500 1126 531 ’ζ
1148 503 1177 530 L.
1197 504 1264 541 Aqu.
1291 506 1315 530 9.
1339 506 1363 530 2.
1388 503 1418 530 fr.
1439 506 1480 530 50.
1505 505 1527 538 5.
1547 507 1570 530 4.
1597 504 1629 530 de
1653 504 1714 531 surt.
1734 506 1776 531 47.
1794 506 1819 531 2.
1860 504 1903 531 Ill.
1926 505 1992 532 οη.

256 548 361 580 Noxae,
381 559 447 585 quae
466 548 598 586 publicam
618 549 806 575 exercitionem
826 547 876 581 [al.
892 548 1102 581 exsecutionem]
1149 546 1243 574 Noxiis
1263 548 1380 584 quaesita
1404 546 1578 583 graminibus,
1603 552 1630 573 et
1651 547 1716 574 diris
1741 548 1934 574 immurmurata
1953 558 1993 575 sc-

257 596 283 618 et
303 592 491 618 coercitionem
512 591 649 629 capitalem
669 591 773 618 habent.
795 590 825 617 sr.
845 592 903 617 200.
925 590 957 617 dc
970 590 1002 617 V.
1017 590 1044 617 S.
1061 592 1102 617 50.
1125 588 1126 645 1
1149 592 1228 617 cretis
1248 591 1382 624 (venena.)
1411 590 1461 618 Th.
1482 589 1512 617 C.
1532 590 1577 616 lx.
1597 592 1638 617 38.
1664 600 1685 617 c.
1705 591 1728 616 6.
1749 589 1781 617 dc
1801 590 1899 627 indulg.
1920 591 1991 617 crim.

258 636 298 661 16.
319 635 350 661 cl'.
371 634 402 661 fr.
419 636 459 660 ll.
479 635 501 668 5.
518 636 539 660 l.
560 634 593 661 de
612 636 688 661 evict.
708 636 750 660 21.
770 635 794 659 2.
833 633 908 668 Quae
928 644 960 660 ex
981 644 1048 660 noxa
1068 638 1104 660 at·
1125 647 1126 650 ¹
1149 633 1230 660 Noxii
1248 632 1402 665 Manichaei,
1422 632 1652 670 exsecrabilesque
1671 643 1762 660 eorum
1781 639 1935 661 conventus.
1955 633 1991 660 lb.

257 687 308 714 que
321 677 453 705 maleficio
467 687 604 704 servorum
617 677 745 703 adversus
759 686 808 702 nos
823 677 998 703 instituuntur
1011 678 1104 710 (actio-
1148 675 1219 702 XVI.
1239 678 1264 702 5.
1284 686 1304 702 c.
1323 677 1365 702 35.
1386 675 1418 702 de
1437 675 1535 702 haeret.

257 723 326 752 nes.)
346 720 375 747 l'r.
397 722 419 747 l.
439 730 478 757 pr.
499 720 531 747 de
551 730 611 747 nox.
632 725 680 746 act.
695 722 718 746 9.
736 721 761 745 4.
798 718 900 746 Noxam
921 724 1000 757 caput
1019 721 1102 756 sequi.
1183 720 1348 746 Nubere.
1386 720 1464 752 §.l-
1487 720 1555 745 Cum
1576 720 1643 745 viro
1663 721 1906 746 matrimonium
1925 730 1992 747 con-

258 762 289 790 sr.
313 765 334 790 1.
355 764 377 797 5.
399 765 421 790 1.
442 763 472 790 l'r.
491 766 515 789 2.
535 774 573 801 pr.
594 764 616 788 si
636 773 667 789 ex
687 773 748 789 nox.
769 773 790 788 c.
808 765 832 789 2.
847 764 870 789 9.
891 762 922 789 fr.
945 765 966 789 l.
986 763 1008 796 5.
1027 765 1050 789 2.
1071 762 1102 789 de
1125 792 1126 801 ἵ
1147 764 1285 789 trahere.
1311 761 1329 788 Ι.
1344 763 1406 797 Sy.
1427 761 1534 799 Nuptiis
1554 761 1686 798 copulare,
1701 762 1827 799 Nuptum.
1847 773 1867 789 s.
1882 762 1992 800 Nuptui‚

257 807 324 844 priv.
345 806 433 832 delict.
453 808 494 833 47.
517 808 539 832 1.
560 805 632 832 Paul.
653 805 681 832 11,
695 807 737 831 31.
758 805 795 839 55.
816 809 839 832 8.
860 816 900 842 sq.
937 805 992 831 Aut
1012 805 1103 832 verbe·
1125 819 1126 843 ἦ
1148 805 1209 831 s.ln
1229 806 1421 831 matrimonium
1440 804 1606 837 (collocare.)
1624 804 1654 831 fr.
1666 806 1689 831 8.
1701 805 1733 832 de.
1744 806 1864 832 Senator.
1884 807 1940 833 l.9.
1960 805 1991 833 fr.

257 849 330 876 ribus
351 849 526 885 castigandus.
547 854 590 875 aut
609 858 693 874 noxae
707 847 843 874 dedendus
859 850 916 875 erit.
937 848 967 875 sr.
981 850 1024 875 24.
1043 848 1064 882 5.
1079 850 1102 875 3.
1124 846 1126 858 ;
1152 850 1172 874 1.
1192 847 1222 874 fr.
1239 849 1276 874 11.
1298 848 1335 882 55.
1353 849 1374 873 1.
1389 857 1448 883 sqq.
1464 846 1496 873 de
1515 847 1540 873 11.
1561 858 1602 884 qu.
1624 852 1678 874 not.
1693 848 1779 875 inl'am.
1792 850 1816 875 3.
1830 851 1854 875 2.
1881 848 1910 875 ll.
1923 851 1991 883 Op·

258 892 290 919 de
309 893 402 918 minor.
423 894 446 918 4.
467 896 491 918 4.
528 892 582 918 Aut
601 901 697 917 noxam
716 892 822 923 sarcire,
841 896 884 918 aut
904 893 929 918 in
947 901 1041 918 noxam
1061 891 1104 918 de·
1125 883 1127 920 l
1150 890 1264 917 onrem
1284 890 1387 917 ducere.
1408 890 1469 927 ΠΡ.
1489 889 1545 916 ΥΙΙ.
1564 894 1588 916 4.
1608 890 1678 917 ΧΥΙ.
1698 893 1722 917 3.
1742 901 1782 928 sq.
1807 891 1879 918 Paul.
1900 892 1930 919 11.
1951 894 1992 919 19.

257 934 319 962 dere
339 940 470 972 oportere.
490 934 521 961 sr.
543 936 565 960 1.
585 935 606 968 5.
630 936 668 960 11.
689 935 711 961 si
732 934 860 972 quadrup.
880 936 904 961 9.
926 936 948 960 1.
968 934 998 960 fr.
1021 936 1042 960 l.
1063 944 1102 971 pr.
1125 928 1126 955 1
1148 935 1168 968 5.
1189 936 1212 960 S.
1238 934 1268 960 fr.
1289 936 1313 960 5.
1339 933 1368 960 fr.
1391 935 1431 960 11,
1454 933 1484 960 1“ι·.
1507 935 1545 959 19.
1570 933 1602 959 de
1626 933 1657 960 R.
1678 933 1709 960 N.
1733 936 1775 960 23.
1794 936 1819 961 2.
1843 934 1873 961 fr.
1893 937 1934 961 23.
1959 935 1992 961 de

1149 977 1224 1003 cond.
1246 978 1307 1003 inst.
1326 978 1369 1003 ⁴28.
1391 978 1413 1003 7.
1450 976 1493 1002 Ill.
1513 978 1579 1004 (711.
1604 976 1632 1003 Si
1657 977 1698 1003 cui
1717 982 1779 1014 post
1798 977 1894 1004 sactum
1913 983 1992 1004 testa-

257 978 291 1004 de
309 977 333 1004 h.
355 988 398 1014 qu.
418 977 496 1004 effud.
516 980 539 1004 9.
559 979 583 1003 3.
604 976 677 1004 Paul.
698 977 715 1003 l.
735 977 750 1004 1,
771 978 792 1011 5.
814 980 837 1004 7.
874 977 929 1003 Aut
953 977 1006 1003 litis
1028 978 1104 1003 aesti-
1125 978 1126 1010 1

257 1022 396 1048 mationem
417 1022 552 1057 consequi.
574 1025 617 1046 aut
636 1030 721 1046 noxae
740 1019 801 1046 dedi
821 1021 852 1046 ei.
874 1020 904 1046 fr.
923 1022 965 1047 27.
986 1021 1007 1054 5
1027 1023 1050 1046 2.
1071 1020 1102 1046 ad

256 1063 287 1090 L.
301 1064 368 1100 Aqu.
384 1065 406 1090 9.
421 1066 445 1090 2.
466 1063 522 1090 Gai.
536 1063 580 1090 IV.
596 1065 637 1089 75.
675 1063 703 1089 Si
723 1062 810 1089 noxali
826 1063 1024 1095 condemnatus,
1045 1073 1103 1089 eum

257 1116 362 1133 servum
382 1122 413 1126 -—
434 1117 517 1133 noxae
537 1106 643 1133 dedisti.
663 1106 693 1133 Γπ.
713 1109 736 1132 4.
759 1106 780 1140 5.
800 1108 823 1132 ὅ.
845 1105 878 1132 de
897 1116 925 1132 re
945 1105 997 1132 iud.
1018 1107 1059 1132 42.
1080 1107 1102 1131 1.
1125 1129 1126 1133 ,

257 1149 311 1185 Qui
330 1160 414 1176 noxae
433 1149 550 1176 deditum
569 1151 678 1187 accepit.
700 1148 770 1176 Coll.
790 1148 842 1175 LL.
863 1149 896 1175 M.
917 1148 947 1175 ll.
966 1150 990 1175 3.
1024 1148 1100 1180 Cum,

259 1208 291 1212 —
311 1192 383 1225 Sine,
403 1202 424 1219 s.
441 1192 574 1225 Detracta,
595 1203 679 1219 noxae
699 1191 833 1218 deditione
853 1192 914 1227 (agi,
933 1202 956 1218 v.
978 1191 1103 1218 iudicium

257 1235 314 1263 dari
333 1236 402 1269 ete.)
428 1235 458 1262 l'r.
478 1238 502 1262 2.
527 1237 593 1270 5.1.
617 1237 640 1262 si
664 1246 696 1262 ex
720 1245 780 1261 nox.
805 1245 826 1261 c.
846 1237 870 1261 2.
889 1236 913 1261 9.
938 1234 968 1261 sr.
988 1236 1012 1260 4.
1037 1235 1059 1268 5.
1078 1236 1102 1260 3.
1124 1252 1126 1269 t

258 1278 288 1305 sr.
307 1281 332 1305 5.
352 1289 391 1316 pr.
411 1278 442 1305 Γπ.
461 1280 502 1305 21.
523 1279 544 1312 5.
564 1281 588 1305 2.
610 1278 641 1306 fr.
661 1281 702 1305 26.
723 1278 744 1312 5.
764 1280 788 1303 5.
809 1277 841 1303 de
861 1288 921 1304 nox.
942 1282 991 1304 act.
1011 1279 1035 1304 9.
1055 1280 1079 1304 4.

292 1321 458 1349 Noxalis.
477 1321 607 1354 (Adiect.)
633 1323 678 1348 Ad
701 1331 813 1347 noxam
832 1322 1007 1354 pertinens.
1042 1321 1104 1353 Qui
1123 1317 1126 1339 Ῑ

257 1374 362 1392 noxae
380 1366 574 1391 deditionem
592 1367 735 1398 patitur.
772 1363 791 1389 Ι.
806 1367 868 1398 Sy.
889 1363 964 1398 Quae
985 1374 1016 1390 ex
1035 1373 1102 1390 noxa

258 1411 335 1443 atque
354 1406 482 1433 maleficio
507 1417 643 1433 servorum
667 1407 814 1433 instituitur
834 1407 945 1439 (actio.)
971 1406 1002 1433 fr.
1018 1406 1044 1433 ‘1.
1071 1406 1103 1433 de
1125 1415 1126 1418 ¹

258 1460 318 1476 nox.
339 1455 387 1476 act.
407 1452 431 1476 9.
451 1451 474 1476 4.
511 1449 540 1476 11.
563 1452 630 1484 ΟΡ.
655 1450 762 1476 Dii-ecta
783 1450 894 1483 (actio.)
920 1449 976 1476 Gai.
996 1449 1040 1476 IV.
1062 1451 1102 1476 77.
1124 1459 1125 1464 ¹

257 1492 300 1519 111.
320 1495 386 1521 Cn.
412 1492 440 1518 In
459 1497 559 1529 patrem
580 1502 664 1529 neque
685 1492 717 1519 do
735 1492 855 1529 peculi0.
876 1503 961 1529 neque
981 1492 1102 1519 noxalem

258 1535 369 1562 dandam
389 1545 447 1561 esse
467 1536 609 1567 actionem,
628 1535 694 1568 (sed
714 1545 773 1562 cum
792 1537 852 1572 ipso
871 1535 927 1561 filio
948 1535 1102 1572 agendum.)

257 1578 287 1605 fr.
308 1580 331 1604 5.
352 1579 374 1612 5.
394 1580 417 1604 5.
438 1577 470 1604 de
491 1578 523 1604 0.
544 1583 569 1604 et
587 1579 618 1605 Α.
639 1580 680 1604 44.
702 1580 723 1604 7.
746 1578 777 1605 cf.
804 1579 832 1604 fr.
852 1580 875 1604 3.
902 1579 924 1612 5.
943 1581 967 1604 fi.
992 1580 1014 1605 si
1034 1589 1103 1604 men-

257 1630 310 1647 sor.
325 1622 397 1647 11.6.
422 1620 450 1647 Si
465 1620 497 1647 de
516 1622 575 1658 ipso
595 1622 776 1647 controversia
797 1626 837 1647 est
856 1621 1006 1658 capitalium
1025 1623 1103 1648 actio·
1123 1615 1125 1627 Ι

257 1674 328 1696 num,
348 1665 552 1701 iniuriarumque
571 1665 684 1690 nomine.
705 1679 737 1683 —
762 1664 843 1700 Quod
865 1669 950 1691 autem
969 1664 1001 1690 ad
1021 1669 1103 1691 caete-
1123 1678 1125 1693 ;Ἰ

257 1717 299 1734 ras
319 1706 429 1733 noxales
449 1717 540 1734 causas
560 1708 675 1744 pertinet
695 1712 742 1733 etc.
768 1708 797 1734 fr.
817 1710 841 1733 5.
862 1708 884 1733 si
904 1718 936 1734 ex
954 1717 1016 1734 nox.
1036 1718 1057 1734 c.
1077 1710 1101 1734 2.

257 1752 281 1777 9.
318 1749 435 1776 Noxales
459 1751 576 1777 actiones
601 1750 721 1787 proditae
746 1755 824 1781 suut,
854 1751 890 1776 uti
918 1749 1011 1777 liceret
1034 1752 1102 1788 patri
1123 1756 1125 1765 '

257 1792 410 1825 dominove,
435 1798 479 1819 aut
503 1793 558 1819 litis
583 1794 791 1819 aestimationem
810 1794 936 1825 sufferre,
956 1799 1000 1820 aut
1018 1804 1102 1820 noxae

257 1835 362 1863 dedere.
383 1836 439 1862 Gai.
459 1835 503 1862 IV.
522 1838 562 1862 75.
582 1846 639 1873 sqq.
678 1836 820 1862 Interdicta
840 1835 950 1862 noxalia.
971 1836 1002 1863 fr.
1021 1838 1045 1863 5.
1067 1837 1100 1863 de

258 1879 352 1906 interd.
370 1881 412 1905 43.
435 1881 456 1905 1.

259 1931 319 1949 nox.
339 1926 388 1948 act.
408 1923 431 1948 9.
452 1923 476 1948 4.
513 1921 595 1953 Furti,
615 1932 639 1948 v.
660 1921 693 1948 Vi
713 1922 841 1948 bonorum
860 1927 1003 1959 raptorum,
1023 1933 1102 1949 noxa-

258 1963 292 1991 lis
313 1965 416 1997 (actio.)
436 1964 466 1990 Γπ.
488 1966 526 1990 16.
546 1964 578 1991 ad
598 1965 685 1991 exhib.
708 1967 746 1991 10.
761 1967 784 1991 4.
806 1965 835 1991 fr.
849 1967 890 1991 22.
911 1965 1039 1992 commod.
1060 1967 1100 1992 13.
1123 1964 1124 1974 ¹

258 2009 282 2034 6.
302 2007 332 2033 fr.
351 2008 376 2033 2.
402 2007 485 2041 §.19.
506 2008 531 2033 vi
552 2007 612 2034 bon.
638 2013 703 2045 rapt.
723 2010 764 2034 47.
785 2009 808 2034 8.
846 2008 886 2034 Ex
912 2008 1000 2035 noxali
1025 2019 1100 2035 causa

258 2051 389 2087 mancipio
409 2049 473 2081 dari,
494 2060 516 2076 v.
537 2049 605 2076 duci.
631 2050 687 2077 Gai.
707 2051 725 2077 1.
748 2053 804 2077 140.
824 2061 864 2087 sq.
884 2050 927 2077 IV.
949 2053 989 2078 79.
1009 2052 1039 2078 fr.
1059 2053 1100 2078 36.

259 2092 292 2119 de
311 2103 414 2130 procur.
433 2094 457 2119 3.
477 2095 500 2119 3.
539 2092 568 2119 Si
593 2103 650 2119 cum
673 2103 724 2119 uno
744 2104 776 2119 ex
796 2093 909 2120 dominis
929 2094 1032 2121 noxalis
1052 2094 1100 2128 [al.

260 2135 349 2162 noxali
363 2135 476 2169 iudicio]
497 2141 594 2172 agetur.
614 2136 644 2162 Γπ.
658 2138 681 2162 4.
702 2137 724 2163 si
744 2147 775 2163 ex
790 2146 849 2162 nox.
871 2147 892 2162 c.
906 2139 929 2163 2.
944 2140 968 2164 9.
1005 2137 1101 2164 Noxali

260 2179 382 2215 experiri,
396 2189 420 2204 v.
435 2180 578 2210 conveniri,
592 2189 615 2205 v.
631 2179 807 2206 condemnari.
829 2180 858 2206 l'r.
872 2182 913 2206 21.
934 2181 954 2214 5.
969 2182 992 2206 6.
1013 2180 1043 2207 fr.
1058 2183 1099 2206 42.

260 2221 282 2255 5.
301 2224 326 2247 2,
346 2220 378 2247 de
398 2231 458 2247 nox.
479 2227 526 2249 act.
547 2224 570 2249 9.
590 2224 614 2248 4,
635 2222 665 2248 fr.
685 2224 708 2248 4.
730 2223 751 2256 5
771 2224 795 2249 Β.
816 2222 848 2248 de
867 2233 894 2248 re
914 2223 966 2249 iud.
985 2225 1026 2249 42.
1050 2225 1070 2249 l.

295 2264 427 2291 Noxia.
464 2267 599 2293 Factum
623 2267 761 2292 naxium.
793 2266 965 2292 Delictum.
1002 2266 1020 2292 I.
1039 2267 1100 2300 Sy·

259 2306 370 2333 Nocere.
390 2307 500 2333 Noxiam
514 2309 684 2335 committere.
705 2308 745 2335 Cf.
767 2318 790 2334 v.
808 2307 917 2334 Nocere.
938 2309 996 2342 5.1.
1017 2308 1099 2335 Noxa.

261 2350 303 2376 Cf.
324 2350 347 2377 h.
368 2360 391 2376 v.
411 2351 432 2384 5.
452 2352 476 2376 2.
515 2350 664 2388 l’auperieS.
684 2351 825 2378 Delictum.
846 2351 875 2378 l'r.
893 2353 913 2378 1.
935 2362 973 2389 pr.
994 2352 1058 2385 51.
1077 2353 1100 2378 si

262 2393 390 2430 quadrup.
411 2394 434 2419 9.
456 2394 477 2419 1.
515 2392 556 2419 111.
581 2395 646 2421 Cn.
670 2394 698 2420 Si
719 2404 811 2421 servus
835 2395 932 2420 furtum
957 2395 1033 2426 faxit,
1057 2405 1101 2421 no·
1121 2401 1123 2411 ¹

262 2437 365 2463 xiamve
385 2437 480 2462 nocuit.
501 2435 530 2462 L.
544 2436 592 2462 ΧΠ
608 2436 799 2464 'sat·b.X11.2.
819 2437 849 2464 fr.
863 2440 886 2463 2.
907 2438 928 2471 5.
946 2439 967 2463 l.
988 2437 1020 2464 de
1039 2448 1099 2464 nox.
1121 2463 1122 2470 χ

260 2484 309 2505 act.
323 2481 346 2505 9.
361 2481 384 2505 4.
416 2479 513 2505 Eamve
532 2489 594 2511 rem,
615 2479 647 2505 de
666 2490 715 2516 qua
735 2486 865 2517 arguetur,
884 2490 913 2507 se
932 2480 1035 2511 secisse,
1056 2480 1101 2507 ob-

261 2521 400 2557 ligatumve
420 2532 449 2548 se
468 2523 524 2548 eius
544 2523 590 2554 rei,
611 2523 735 2548 noxiaeve.
754 2533 822 2553 esse,
842 2523 980 2549 consessus
994 2525 1049 2549 erit.
1069 2523 1098 2550 L.

261 2564 328 2591 Gall.
350 2564 450 2602 Cisalp.
470 2565 499 2591 ll.
518 2567 560 2592 33.
581 2575 620 2602 sq.
658 2565 711 2591 Aut
730 2567 832 2592 noxiam
852 2566 900 2600 [al.
918 2567 1028 2599 noxam]
1048 2576 1100 2593 sar-

262 2609 314 2633 cire
334 2608 445 2639 iubetur,
465 2613 508 2634 aut
527 2623 560 2627 —
579 2608 664 2635 levius
683 2609 830 2643 castigatur.
852 2611 881 2636 tr.
901 2611 923 2636 9.
945 2609 977 2636 de
996 2609 1098 2636 incend.

262 2651 342 2677 ruina.
362 2653 403 2677 47.
423 2653 446 2678 9.

298 2694 447 2721 Noxius.
468 2694 606 2726 (Adit-ct.)
631 2695 662 2728 g.
682 2695 717 2721 1.
741 2695 867 2720 Naxiae
886 2705 964 2722 reus.
1002 2695 1019 2721 1.
1037 2696 1098 2730 Sy.

262 2734 351 2772 Ipsum
371 2746 474 2773 corpus,
495 2737 566 2773 quod
580 2737 728 2774 deliquerit.
767 2735 868 2763 *Noxius
888 2739 1014 2769 (servus.)
1033 2737 1063 2764 sr.
1077 2740 1098 2764 l.

262 2777 292 2805 sr.
314 2779 336 2804 7.
361 2788 398 2815 pr.
423 2779 455 2805 de
480 2790 539 2806 nox.
565 2785 612 2806 act.
632 2782 656 2806 9.
676 2783 700 2806 4.
738 2779 769 2807 11.
789 2781 856 2813 Op.
880 2779 962 2806 Noxis
986 2780 1098 2807 solutus.

263 2820 293 2848 fr.
314 2823 338 2847 4.
359 2830 396 2857 pr.
417 2820 449 2847 de
469 2822 498 2848 Α.
519 2822 548 2848 Ε.
568 2822 599 2849 V.
622 2825 661 2850 19,
678 2825 698 2849 1.
719 2822 748 2849 fr.
765 2824 786 2849 l.
800 2833 839 2861 pr.
859 2822 889 2849 fr.
901 2824 925 2849 3.
945 2833 983 2860 pr.
1003 2825 1025 2850 si
1040 2823 1097 2850 fam.

501 1878 610 1905 Noxalis
636 1879 758 1915 Aquiliae
782 1880 857 1905 actio.
882 1879 912 1905 fr.
940 1881 978 1905 19.
1004 1890 1044 1917 pr.
1069 1880 1101 1906 de
1122 1900 1124 1908 .

1149 1025 1263 1046 mentum
1287 1030 1355 1046 uxor
1378 1020 1404 1045 in
1423 1029 1525 1046 manum
1545 1021 1697 1051 conveniat,
1722 1019 1763 1046 vel
1784 1030 1850 1057 qua«.¹
1870 1022 1894 1047 in
1914 1031 1992 1047 manu

1150 1063 1198 1089 suit
1218 1063 1305 1089 nubat.
1326 1062 1383 1089 Gai.
1397 1062 1427 1089 Il.
1442 1064 1499 1089 139.
1536 1062 1611 1100 Reip.
1632 1063 1755 1091 interest.
1773 1063 1896 1090 mulieres
1915 1063 1992 1090 dotes

1148 1106 1235 1132 salvas
1256 1105 1364 1137 habere.
1388 1110 1497 1143 propter
1521 1116 1585 1142 quas
1605 1105 1704 1132 nubere
1722 1112 1844 1143 possunt.
1865 1106 1895 1133 fr.
1914 1108 1939 1133 2.
1959 1105 1992 1133 de

1148 1150 1204 1175 iure.
1223 1148 1276 1175 dot.
1296 1150 1338 1175 23.
1357 1150 1382 1175 3.
1418 1148 1459 1175 Ex
1479 1148 1508 1175 L.
1528 1148 1592 1175 lulia
1609 1153 1728 1175 —tutor
1747 1148 1824 1176 datur
1844 1166 1874 1170 --
1895 1150 1919 1175 ei
1938 1159 1991 1176 mu-

1148 1192 1206 1218 lieri
1224 1192 1366 1227 virginive,
1393 1202 1469 1228 quam
1491 1202 1522 1218 ex
1542 1191 1590 1218 liae
1608 1193 1664 1228 ipsa
1684 1191 1740 1227 lege
1759 1192 1858 1219 nubere
1877 1197 1991 1230 oportet.

1148 1234 1208 1272 le.
1229 1234 1273 1261 XI.
1293 1236 1335 1261 20.
1378 1236 1432 1270 Qui
1455 1234 1535 1260 filiam
1558 1235 1687 1261 minorem
1709 1234 1759 1261 ΧΠ
1783 1236 1857 1261 aunis
1881 1240 1992 1273 nuptum

1124 1287 1125 1306 1
1148 1277 1229 1304 dedit.
1249 1277 1279 1304 Γπ.
1302 1279 1340 1303 ll.
1361 1278 1382 1312 5.
1402 1280 1426 1304 3.
1448 1278 1499 1313 Qu.
1519 1277 1586 1304 falso
1606 1282 1652 1304 tut.
1672 1279 1714 1304 27.
1734 1279 1758 1304 6.
1796 1278 1836 1304 Ne
1855 1283 1927 1305 tutor
1945 1289 1992 1316 pu-

1148 1320 1238 1358 pillam
1258 1320 1301 1347 vel
1320 1320 1375 1347 filio
1395 1330 1460 1352 suo,
1484 1320 1526 1347 vel
1545 1321 1609 1353 sibi,
1629 1325 1739 1358 nuptum
1759 1321 1879 1348 collocet.
1899 1321 1930 1348 fr.
1949 1323 1991 1348 59.

1149 1364 1178 1390 sr.
1199 1366 1240 1390 62.
1265 1374 1303 1401 pr.
1328 1363 1361 1390 de
1385 1363 1417 1390 R.
1442 1363 1474 1390 N.
1493 1366 1535 1390 23.
1555 1366 1581 1389 2.
1624 1364 1654 1390 Si
1678 1374 1728 1400 qua
1753 1364 1815 1391 mihi
1839 1374 1906 1391 uxor
1934 1364 1990 1396 suit,

1149 1407 1244 1434 deinde
1263 1418 1276 1433 a
1296 1417 1336 1433 me
1356 1407 1492 1445 repudiata
1512 1408 1604 1444 nupsit
1623 1406 1692 1433 Seio.
1713 1406 1743 1434 fr.
1759 1409 1798 1434 12.
1816 1417 1854 1444 pr.
1874 1408 1895 1441 5.
1909 1409 1934 1434 3.
1955 1407 1990 1434 ib.

1147 1452 1189 1477 23.
1202 1452 1227 1477 2.
1264 1450 1294 1477 Si
1313 1450 1385 1477 Titio
1403 1461 1455 1477 non
1470 1451 1598 1487 nupserit.
1613 1466 1645 1469 —
1665 1450 1694 1476 Si
1708 1460 1792 1487 neque
1806 1450 1887 1481 Titio,
1906 1461 1991 1487 neque

1148 1494 1219 1525 Seio,
1239 1504 1324 1530 neque
1344 1493 1444 1520 Maevio
1464 1494 1593 1530 nupserit.
1613 1492 1643 1519 sr.
1664 1494 1705 1520 63.
1724 1503 1762 1530 pr.
1782 1494 1841 1527 5.1.
1862 1493 1894 1520 de
1914 1493 1990 1520 cond.

1148 1541 1173 1563 et
1193 1536 1260 1562 dem.
1280 1538 1322 1562 35.
1344 1538 1366 1563 1.
1402 1536 1510 1568 Mulier.
1531 1546 1597 1573 quae
1616 1541 1728 1573 nuptura
1747 1541 1794 1563 est.
1822 1535 1883 1574 le.
1903 1535 1946 1563 1⁴1.
1965 1539 1990 1563 2.

1148 1579 1240 1605 Donec
1260 1580 1348 1611 nubat,
1368 1590 1392 1606 v.
1413 1579 1482 1606 Cum
1501 1581 1527 1606 in
1546 1578 1642 1605 familia
1662 1580 1789 1616 nupserit,
1810 1579 1882 1613 (dari
1901 1579 1990 1613 volo.)

1147 1622 1177 1649 fr.
1199 1624 1239 1649 17.
1263 1632 1302 1659 pr.
1327 1622 1360 1649 de
1383 1633 1441 1649 ann.
1466 1622 1542 1659 legat.
1562 1624 1603 1648 33.
1625 1624 1646 1648 l.
1672 1622 1702 1648 sr.
1722 1624 1764 1648 21.
1784 1622 1816 1649 de
1837 1627 1891 1660 opt.
1912 1622 1988 1659 legat.

1146 1667 1188 1692 33.
1208 1668 1230 1691 5.
1268 1665 1374 1697 Matres,
1394 1676 1460 1702 quae.
1479 1675 1531 1691 non
1550 1666 1577 1692 in
1597 1665 1707 1692 secundi
1726 1666 1882 1692 matrimonii
1897 1665 1990 1692 foedus

1147 1709 1293 1746 nupserint.
1314 1720 1333 1735 c.
1349 1710 1372 1734 7.
1393 1708 1425 1735 de
1443 1718 1531 1735 revoc.
1551 1708 1611 1734 don.
1625 1710 1649 1734 8.
1669 1710 1710 1734 56.
1748 1710 1823 1744 Quae
1842 1718 1909 1735 amm
1930 1718 1989 1735 con-

1148 1753 1220 1778 tinuo
1240 1757 1320 1788 nupta
1340 1751 1535 1788 perseverabat.
1557 1769 1586 1772 —
1608 1751 1675 1777 Cum
1695 1751 1803 1778 desierit
1821 1757 1901 1788 nupta
1921 1762 1989 1778 esse.

1147 1795 1204 1821 Gai.
1220 1795 1237 1821 1.
1254 1797 1310 1821 lll.
1332 1794 1361 1820 sr.
1378 1796 1416 1821 11.
1437 1794 1470 1821 de
1489 1805 1561 1831 oper.
1576 1794 1662 1821 libert.
1675 1796 1752 1821 38.1.
1772 1794 1827 1828 (Cf.
1842 1805 1866 1821 v.
1880 1794 1990 1832 Nupta.)

1147 1853 1179 1857 -
1199 1838 1229 1871 §.
1247 1839 1282 1864 2.
1309 1839 1456 1864 Femineo
1482 1848 1566 1864 more
1589 1839 1791 1865 concubitum
1820 1839 1989 1864 Venereum

1146 1883 1317 1907 sustinere.
1354 1880 1397 1906 111.
1414 1882 1480 1908 Cn.
1500 1880 1568 1907 Cum
1587 1882 1628 1907 vir
1647 1880 1722 1906 nubit
1741 1881 1766 1907 in
1786 1880 1907 1906 seminam
1925 1881 1989 1906 viris

1122 1914 1124 1955 l
1146 1928 1325 1961 porrecturam
1345 1923 1389 1957 [al.
1409 1924 1503 1950 semina
1522 1924 1594 1949 viros
1609 1923 1779 1960 proiectura.]
1794 1939 1826 1943 -—-
1841 1923 1885 1950 ubi
1898 1922 1988 1949 Venus

1145 1971 1260 1992 mutatur
1279 1967 1304 1992 in
1324 1966 1431 1993 alteram
1450 1966 1566 1993 sorniam.
1592 1965 1641 1992 Th.
1663 1965 1693 1992 C.
1714 1966 1758 1993 lx.
1780 1968 1802 1992 7.
1822 1976 1843 1992 c.
1863 1967 1887 1992 3.
1907 1964 1938 1992 ad
1958 1964 1987 1992 L.

1122 2007 1124 2021 ⁴
1146 2009 1191 2035 lul.
1213 2008 1244 2034 de
1262 2008 1342 2035 adult.

1180 2053 1318 2079 Nubes.
1344 2054 1478 2087 Caligo,
1501 2054 1666 2079 Tenebrae.
1704 2051 1746 2077 III.
1767 2052 1833 2078 011.
1853 2050 1924 2077 Satis
1943 2051 1987 2077 ob-

1122 2106 1124 2121 ι
1145 2105 1250 2121 scurum
1274 2100 1352 2131 atque
1376 2094 1445 2120 nube
1469 2094 1591 2131 plenum.
1617 2099 1695 2130 atque
1714 2093 1830 2130 undique
1850 2093 1988 2120 confusum

1146 2139 1221 2171 (ius.)
1241 2137 1282 2164 Pr.
1303 2137 1320 2163 1.
1341 2137 1373 2163 de
1392 2136 1482 2163 servili
1502 2147 1576 2173 cogn.
1595 2138 1620 2163 3.
1641 2138 1663 2163 7.

1180 2181 1339 2207 Nubilis.
1368 2179 1497 2213 (Adit-ct.)
1526 2182 1573 2207 Ad
1594 2181 1729 2213 nuptias
1748 2181 1987 2206 contrahendas

1145 2226 1274 2251 habilia.
1312 2223 1330 2249 1.
1351 2224 1412 2257 Sy.
1432 2221 1533 2250 Pubes.
1554 2221 1687 2249 perfectae.
1705 2222 1810 2253 aetatis,
1832 2221 1987 2259 Yiripotcns

1146 2267 1273 2299 (semina.)
1293 2266 1350 2292 Gai.
1370 2265 1387 2291 l.
1405 2267 1461 2291 144.
1482 2265 1542 2303 le.
1556 2265 1600 2291 XI.
1618 2267 1638 2291 l.
1659 2264 1741 2290 frou.
1762 2264 1814 2299 Qu.
1835 2264 1891 2290 dies
1911 2265 1985 2301 legat.

1144 2312 1186 2336 36.
1210 2312 1234 2336 2.
1276 2309 1318 2335 111.
1344 2310 1409 2336 (ln.
1439 2307 1561 2334 Nondum
1588 2307 1686 2333 nubilis
1712 2308 1804 2333 aetatis
1829 2308 1855 2334 in
1879 2307 1984 2334 domum

1145 2354 1230 2379 mariti
1250 2351 1369 2379 deducta.
1390 2351 1419 2377 fr.
1436 2353 1474 2377 10.
1489 2361 1527 2387 pr.
1547 2350 1579 2376 do
1592 2349 1667 2376 cond.
1682 2354 1707 2376 et
1721 2350 1787 2376 dem.
1799 2352 1840 2377 35.
1857 2352 1878 2377 1.
1898 2350 1928 2377 fr.
1946 2352 1984 2377 11.

1145 2397 1166 2430 5.
1186 2399 1210 2422 2.
1231 2395 1263 2422 ad
1283 2394 1348 2421 S.C.
1370 2393 1448 2420 Treb.
1468 2395 1508 2419 36,
1532 2395 1552 2419 l.

1179 2440 1354 2466 Nucleus.
1393 2438 1472 2463 Nux.
1510 2435 1553 2462 111.
1575 2437 1640 2463 Cn.
1661 2435 1763 2471 Virgae,
1783 2436 1920 2464 carbones.
1940 2447 1985 2463 nu-

1145 2482 1193 2508 clei
1213 2481 1349 2511 olivarum,
1368 2479 1463 2515 quibus
1483 2478 1514 2504 ad
1533 2478 1630 2504 nullam
1650 2478 1724 2505 aliam
1739 2489 1792 2505 rem
1806 2479 1856 2505 nisi
1871 2478 1903 2505 ad
1917 2489 1985 2505 com-

1121 2542 1123 2578 >
1145 2524 1291 2551 burendum
1311 2523 1397 2560 possit
1415 2522 1461 2552 uti,
1484 2520 1531 2547 scd
1552 2526 1575 2547 et
1597 2520 1691 2552 balani.
1710 2521 1751 2548 vel
1771 2522 1793 2547 si
1814 2523 1858 2558 qui
1878 2521 1922 2548 alii
1940 2531 1983 2548 nu-

1146 2567 1202 2593 clei.
1223 2568 1253 2593 l'r.
1267 2568 1307 2593 55.
1327 2566 1349 2599 5
1368 2567 1388 2591 l.
1409 2564 1441 2591 de
1461 2564 1535 2600 legat.
1557 2563 1597 2590 111.
1618 2565 1685 2596 (32.)

1179 2611 1344 2638 Nudare.
1368 2608 1444 2641 §.L
1468 2608 1588 2633 Maium
1608 2609 1816 2633 constituere.
1854 2606 1896 2633 ΙΙΙ.
1917 2607 1982 2634 Cn.

1144 2653 1269 2679 lnl'eriore
1297 2655 1370 2688 parte
1393 2651 1512 2687 corporis
1537 2649 1657 2676 nudatus.
1687 2648 1759 2675 Paul.
1785 2648 1816 2675 V.
1841 2651 1864 2675 4.
1893 2649 1914 2683 5.
1939 2650 1980 2674 21.

1120 2698 1122 2715 ¹
1145 2695 1271 2726 Nudatos,
1291 2693 1445 2719 verberibus
1465 2693 1608 2719 subiacere.
1628 2703 1649 2719 c.
1671 2694 1710 2718 12.
1731 2692 1764 2718 de
1783 2693 1826 2719 oss’.
1845 2692 1918 2718 Rect.
1938 2690 1980 2717 Pr.

1146 2741 1167 2765 l.
1187 2740 1228 2764 40.
1266 2736 1318 2772 Qui
1343 2746 1439 2773 corpus
1465 2741 1607 2774 perpetuae
1631 2734 1782 2772 sepulturae
1805 2734 1927 2761 traditum
1947 2747 1980 2753 ——

1144 2781 1287 2807 nudaverit.
1309 2779 1378 2806 Paul.
1399 2779 1416 2805 1.
1433 2781 1474 2806 21.
1494 2779 1515 2813 5.
1529 2780 1552 2805 4.
1566 2794 1588 2799 -—
1617 2778 1647 2811 §.
1662 2780 1698 2805 Β.
1722 2780 1884 2812 Spoliare,
1904 2778 1979 2803 Pri-

1143 2833 1226 2851 vare.
1264 2822 1280 2849 1.
1302 2824 1363 2857 Sy·
1382 2822 1485 2859 Rapere
1504 2832 1533 2848 ac
1551 2821 1653 2848 tollere.
1673 2820 1723 2847 Th.
1744 2820 1774 2847 C.
1794 2819 1837 2846 IX.
1856 2820 1898 2845 27.
1919 2829 1939 2845 c.
1953 2821 1977 2845 3.
