2197 3121
927 168 1018 200 AVC
1044 187 1082 193 —
1106 170 1209 200 AVD.

203 255 356 281 auctoritate
375 258 400 279 et
420 254 476 279 sine
495 262 626 279 consensu
645 252 841 288 magistratuum
864 250 983 286 (agere).
1012 250 1042 277 fr.

202 299 244 324 26.
265 297 298 323 (le
321 296 353 323 N.
378 296 409 323 G.
433 298 457 323 3.
478 298 501 322 5.
542 296 583 322 Ex
606 296 761 321 auctoritate
785 295 856 326 eius,
885 294 929 330 qui
953 293 1044 319 iubere

202 341 302 377 potuit,
323 345 426 376 captum
445 340 493 372 (sc.
513 338 628 375 pignus).
654 337 684 364 fr.
706 339 746 364 10.
776 336 827 372 Qu.
847 337 943 373 potior.
963 338 1005 362 20.
1019 337 1043 362 4.

202 382 312 409 Praetor
340 387 383 408 aut
411 382 518 408 Procos.
546 380 728 417 principaliter
759 380 940 406 auctoritatem
971 388 1044 405 snam

202 425 326 452 finiendis
346 425 534 451 controversiis
554 424 700 460 praeponit.
730 422 786 449 Gai.
806 421 850 448 IV.
871 423 928 448 139.
949 421 980 448 cf.
1001 421 1043 447 III.

202 470 262 494 224.
287 468 317 494 sr.
336 470 361 494 2.
385 468 406 501 5.
426 469 450 493 2.
477 467 510 493 de
528 476 590 502 opp.
614 465 676 502 pub.
702 468 743 492 50.
764 467 804 491 10.
833 464 918 491 Vatic.
943 465 964 498 5.
984 466 1043 490 313.

202 511 301 537 Eorum
332 510 453 536 volumus
483 509 664 535 auctoritatem
691 508 869 544 iudiciumque
893 506 1043 534 succedere.

204 554 237 580 ad
257 563 322 590 quos
343 558 391 579 etc.
421 552 469 579 Th.
491 551 522 578 C.
542 551 584 577 111.
605 553 627 577 7.
649 562 669 577 c.
690 553 713 577 1.
737 551 759 584 5.
779 552 804 576 2.
828 549 860 576 de
880 555 952 587 nupt.
990 549 1043 576 Sua

205 597 358 622 auctoritate
378 594 536 629 (distrahere
556 595 626 625 etc).
652 594 681 620 fr.
702 595 724 620 6.
745 594 767 627 5.
787 595 811 620 2.
832 593 864 619 de
882 603 910 619 rc
929 593 982 620 iud.
1001 595 1042 619 42.

204 640 227 665 l.
248 650 269 665 c.
288 640 311 665 4.
341 639 392 674 Qu.
417 638 477 664 bon.
504 637 559 663 ced.
588 639 611 663 7.
632 638 672 663 71.
714 636 793 662 Nulla
817 636 964 662 differentia
988 641 1042 664 est.

203 692 256 708 non
275 682 429 708 interveniat
453 682 595 707 auctoritas
621 680 730 709 tutoris,
756 689 787 705 an
810 689 948 716 perperam
973 679 1044 705 adhi—

203 725 303 751 beatur.
333 724 362 750 fr.
382 726 405 750 2.
434 723 466 749 de
485 728 551 749 auct.
572 727 597 749 et
616 732 687 749 cons.
710 723 752 748 26.
772 723 795 748 8.
834 722 888 757 Qui
906 723 1044 748 auctorita-

204 773 257 794 tem
276 766 472 793 accommodare
492 776 544 792 non
564 766 658 802 potuit.
677 770 740 802 puta
759 764 875 791 furiosus
896 770 944 791 etc.
968 764 999 791 fr.
1020 767 1043 791 1.
1065 791 1066 795 ,

204 811 226 844 5.
245 812 269 836 2.
299 810 350 845 Qu.
371 809 437 835 salso
457 814 504 835 tut.
523 810 564 835 27.
585 809 608 834 6.
646 806 743 839 Posse,
764 817 785 834 S.
804 807 906 834 Licere.
926 809 983 834 sine
1003 818 1044 834 au-

204 854 325 880 ctoritate
345 853 440 878 tutoris
461 852 558 885 (facere
577 850 648 882 eun).
678 849 735 876 Gai.
755 849 773 876 Ι.
796 852 853 877 179.
875 850 904 877 II.
926 853 983 877 121.
1003 860 1043 887 sq.

202 895 245 922 III.
265 897 306 922 91.
328 897 385 921 107.
406 897 463 921 119.
497 893 558 930 Vll).
582 893 627 920 XI.
647 895 689 919 27.
717 893 815 919 XXIX.
835 895 859 919 3.
891 909 924 913 —-
955 894 985 927 §t
1006 895 1043 920 3.

204 940 393 965 Consultant
429 939 634 964 conditorum
670 938 776 967 iuris,
811 947 830 963 8.
863 938 886 963 Ι.
904 938 1043 963 Clarum.

202 982 221 1008 I.
241 983 302 1016 Sy.
330 980 469 1016 Responsa
489 978 688 1015 (prudentum).
719 979 775 1006 Gai.
795 979 813 1006 I.
833 981 857 1006 2.
887 979 918 1005 cf.
938 979 960 1012 5.
979 980 1004 1005 3.
1024 979 1042 1004 Ι.

202 1024 236 1051 de
254 1023 272 1050 1.
292 1022 323 1049 N.
344 1025 366 1049 1.
385 1024 409 1048 2.
430 1022 459 1048 fr.
475 1024 497 1048 7.
520 1032 559 1058 pr.
580 1021 612 1047 de
626 1021 643 1047 I.
659 1026 682 1048 et
703 1021 722 1048 1.
742 1024 801 1048 1.1.
841 1021 921 1057 Quod
940 1026 1042 1048 veteres

203 1068 411 1095 constituerunt,
431 1066 473 1098 (v.
493 1064 636 1101 prudentes
657 1065 832 1096 munierunt).

203 1111 240 1143 (v.
260 1110 324 1135 iuris
343 1109 493 1139 scientiae).
514 1107 544 1133 fr.
564 1109 606 1133 91.
626 1108 647 1141 5.
661 1109 685 1133 3.
706 1107 737 1133 de
752 1106 783 1133 V.
799 1108 831 1133 0.
851 1109 892 1133 45.
914 1109 936 1133 1.
955 1106 986 1133 l'r.
1000 1108 1041 1133 36.

202 1153 236 1180 de
254 1151 370 1178 statulib.
396 1152 437 1177 40.
458 1152 480 1176 7.
517 1150 561 1176 Ius
581 1150 665 1176 civile.
703 1149 874 1176 Prudentium
893 1150 1042 1176 auctoritas.

202 1196 232 1222 fr.
246 1198 269 1222 2.
284 1195 321 1229 55
335 1196 411 1220 5.12.
432 1193 464 1219 de
479 1192 544 1219 O.1.
566 1195 587 1219 1.
608 1195 631 1219 2.
657 1193 687 1220 fr.
703 1195 725 1219 7.
740 1203 780 1230 pr.
801 1193 832 1219 de
852 1192 869 1218 I.
891 1197 916 1219 et
935 1192 953 1219 I.
975 1195 997 1219 1.
1020 1195 1042 1218 1.

201 1238 244 1265 ΠΙ.
262 1239 328 1265 Cu.
348 1236 448 1263 Contra
467 1237 520 1262 vim
539 1235 625 1272 legum
645 1241 671 1262 et
689 1237 870 1262 auctoritatem
884 1236 948 1262 iuris
968 1237 1043 1268 (scri-

200 1281 297 1319 ptum).
317 1280 347 1306 l'r.
369 1281 425 1305 112.
446 1279 468 1313 5.
488 1280 511 1304 4.
532 1278 564 1305 de
582 1278 658 1315 legat.
679 1278 697 1305 Ι.
717 1280 784 1313 (30.)
818 1278 958 1305 Subtilitas
977 1278 1042 1315 legis

203 1329 229 1351 et
247 1324 388 1350 auctoritas
409 1323 562 1348 sententiae.
587 1322 616 1348 l'r.
638 1323 678 1348 16.
699 1322 720 1356 5.
741 1324 764 1348 δ.
785 1322 817 1348 (1(-
836 1323 937 1359 pignor.
957 1324 997 1348 20,
1019 1324 1042 1348 1.

203 1367 378 1403 Consequens
402 1366 549 1391 auctoritati
574 1369 704 1393 veterum.
729 1366 774 1401 qui
797 1381 829 1384 —
853 1365 1042 1392 iudicaverunt.

201 1410 232 1437 sr.
251 1412 293 1436 51.
313 1410 334 1443 5.
356 1410 378 1434 l.
403 1408 435 1434 ad
453 1407 483 1434 L.
502 1408 571 1443 Aqu.
596 1409 619 1434 9.
640 1410 664 1434 2.
702 1407 766 1433 Post
790 1413 908 1435 veterum
933 1410 1043 1435 auctori-

202 1458 282 1479 tatem
303 1462 333 1478 eo
352 1456 508 1489 perventum
528 1455 575 1477 est.
596 1450 626 1477 fr.
647 1452 688 1476 53.
708 1451 774 1484 5.1.
795 1451 827 1477 de
840 1451 871 1477 V.
892 1451 919 1478 S.
939 1454 980 1478 50.
1002 1453 1041 1478 16.

201 1496 269 1523 Iuris
289 1496 431 1522 auctoritas
451 1494 577 1527 (infirmat
592 1494 662 1527 etc.).
683 1493 805 1520 Consult.
820 1499 870 1520 vet.
884 1494 902 1520 1.
910 1494 961 1521 Cti.
983 1505 1003 1521 c.
1019 1497 1041 1521 1.

203 1555 235 1560 —
261 1539 292 1572 §.
314 1539 352 1564 ›l-
384 1538 557 1572 obligatio
582 1539 734 1563 auctoris
757 1539 847 1563 circa
868 1544 1042 1572 praestan-

202 1585 270 1609 dam
289 1582 488 1607 evictionem.
524 1579 566 1606 III.
584 1580 650 1607 (711.
669 1579 799 1606 Venditor
819 1580 978 1617 duplotenus
998 1581 1043 1607 ob-

201 1624 296 1660 ligatur
316 1624 352 1656 (v.
373 1622 488 1649 manebit
507 1622 650 1655 obnoxius)
670 1624 840 1649 auctoritatis.
869 1623 942 1651 Paul.
956 1624 986 1650 II.
1002 1627 1041 1650 17.

203 1667 284 1701 55.1.
304 1668 328 1692 3.
366 1665 483 1701 Iniquum
503 1667 660 1692 sententiam
674 1667 773 1692 evictae
786 1667 822 1692 rei
842 1682 874 1685 —
894 1677 979 1702 neque
998 1669 1043 1693 sti-

203 1709 364 1747 pulationem
389 1709 552 1734 auctoritatis
577 1710 748 1735 committere.
781 1708 864 1735 Vatic.
889 1710 972 1743 5.10.
1010 1726 1041 1729 —

205 1753 235 1785 ᾗ.
257 1753 294 1779 5.
323 1753 594 1782 lustramentum.
615 1753 775 1784 Libellus,
800 1753 962 1787 Diploma.
999 1752 1041 1779 111.

204 1796 270 1822 Cn.
311 1793 407 1820 Iudicis
433 1793 546 1820 edictum
569 1795 675 1825 mereri,
704 1795 938 1831 auctoritatemque
962 1797 1044 1832 posti-

205 1837 254 1863 bus
280 1836 408 1863 debituris
433 1835 553 1871 adfigere.
587 1836 636 1863 Th.
657 1837 688 1863 C.
712 1837 743 1863 II.
766 1839 807 1863 27.
834 1848 855 1863 c.
876 1839 898 1863 1.
923 1839 944 1871 5.
969 1840 993 1864 6,
1020 1839 1042 1864 si

205 1884 267 1906 cert.
287 1883 340 1916 pet.
361 1878 393 1904 de
412 1877 475 1904 cbir.
505 1878 536 1904 cf.
557 1878 666 1916 lnterpr.
687 1879 719 1905 ad
737 1879 810 1906 Paul.
830 1879 861 1906 V.
881 1882 905 1905 5.
925 1881 956 1906 A.
977 1880 998 1914 5.
1019 1882 1041 1906 7.

204 1923 257 1959 Qui
282 1921 411 1958 superflui
434 1920 543 1952 suerint,
572 1923 715 1958 provinciis
745 1924 801 1948 sine
825 1922 950 1949 dilatione.
975 1923 1042 1949 datis

203 1964 404 1992 auctoritatibus
428 1964 608 1990 restituantur.
645 1964 694 1991 Tb.
716 1964 747 1991 C.
768 1964 810 1991 tl.
834 1966 876 1991 30.
902 1976 922 1991 c.
945 1968 983 1992 17.
1010 1966 1043 1993 de

203 2008 284 2035 Palat.
305 2007 332 2033 S.
353 2006 431 2042 largg.
452 2022 483 2025 —
505 2007 535 2040 ξ.
551 2009 589 2034 6.
613 2009 757 2034 Honori-3
777 2010 913 2039 titulum,
934 2011 1042 2044 digni-

203 2053 326 2078 tatibus
354 2052 587 2083 superioribus
615 2052 811 2077 adtributus.
854 2050 897 2076 111.
918 2052 983 2078 (7η.
1011 2051 1042 2077 11-

203 2094 294 2120 lustris
315 2097 340 2119 et
358 2093 495 2129 magnilica
514 2097 581 2118 auct.
601 2097 652 2119 tua.
682 2093 775 2119 Const.
790 2093 839 2119 Th.
852 2093 882 2120 II.
897 2093 929 2119 de
946 2093 994 2120 Th.
1010 2094 1040 2120 C.

205 2141 302 2163 auctor.
336 2136 374 2169 (5.
395 2139 418 2162 ὅ.
438 2146 463 2172 p.
486 2137 524 2161 11.
545 2135 639 2167 wok.)
671 2136 720 2163 Th.
741 2136 771 2163 C.
791 2136 823 2163 V.
848 2138 888 2162 13.
913 2147 934 2163 c.
956 2139 994 2163 15.
1020 2148 1041 2164 c.
1063 2145 1065 2152 ’

206 2182 244 2206 17.
265 2179 376 2213 (ch.)
414 2178 567 2209 Excellens.
589 2188 609 2204 S.
630 2178 810 2211 vacellms,
830 2184 896 2205 auct.
916 2184 967 2206 tna.
1004 2180 1040 2206 lb.

205 2222 260 2249 Vll.
280 2225 303 2249 7.
324 2233 345 2249 c.
365 2224 388 2248 5.
409 2221 441 2247 de
461 2222 574 2258 pascuis.
600 2221 666 2247 Ylll.
686 2224 710 2248 5.
732 2233 753 2248 c.
769 2224 808 2248 16.
829 2222 861 2248 de
881 2232 959 2249 cursu
978 2223 1040 2260 pub.

206 2265 250 2291 IX.
269 2268 309 2291 40.
330 2276 350 2291 c.
371 2267 394 2290 5.
416 2263 448 2290 de
466 2274 543 2300 poen.

242 2308 410 2335 Auctrix.
448 2307 489 2333 Cf.
508 2317 531 2332 v.
552 2307 659 2333 Auctor.
680 2307 701 2340 5.
721 2310 743 2333 5.

241 2352 393 2377 Auctus.
414 2349 534 2383 (Partic.)
564 2352 820 2386 Maiorfactus,
841 2352 1040 2379 Cumulatus.

206 2393 248 2420 lll.
269 2394 335 2420 Cn·
362 2393 401 2419 Eo
421 2394 563 2419 auctiorem
584 2393 755 2420 hereditatem
774 2396 926 2430 computari.
950 2394 980 2421 fr.
1001 2397 1040 2421 7³³¹.

207 2437 228 2470 5.
248 2438 271 2462 9.
297 2435 327 2461 ad
348 2435 374 2461 S.
395 2435 425 2462 C.
446 2436 524 2463 Treb.
550 2438 591 2463 36.
613 2438 635 2463 l.
672 2436 747 2463 Nova
770 2436 915 2463 hereditate
938 2443 1041 2464 :suctum

208 2479 399 2515 patrimonium.
424 2489 444 2505 c.
463 2482 487 2505 2.
508 2479 560 2514 Qu.
579 2484 626 2505 tut.
647 2490 670 2505 v.
690 2490 744 2506 cur.
765 2489 807 2515 qu.
827 2484 874 2505 sat.
894 2490 919 2506 u.
938 2480 997 2507 ded.
1017 2483 1040 2507 5.

208 2524 248 2548 42.
286 2521 377 2547 Auctis
401 2521 485 2547 medio
510 2527 628 2559 tempore
652 2522 827 2549 facultatibus
855 2522 885 2549 sr.
911 2525 950 2549 10.
975 2524 996 2557 5
1016 2525 1040 2550 3.

208 2565 240 2591 de
259 2574 313 2590 vac.
334 2569 359 2590 et
379 2574 433 2590 exc.
457 2566 497 2590 50.
521 2567 544 2592 5.
586 2565 673 2591 Poena
698 2571 772 2592 aucta
795 2568 919 2599 (onerare
942 2568 1040 2598 reum).
1062 2567 1064 2598 ἶ

208 2609 238 2634 fr.
261 2609 299 2633 13.
324 2607 345 2640 5.
366 2609 388 2633 7.
416 2606 447 2633 de
471 2607 496 2633 h.
516 2618 558 2643 qu.
577 2614 630 2635 not.
650 2609 693 2635 inf.
718 2611 741 2635 3.
761 2611 785 2635 2.
821 2609 857 2635 Vt
876 2609 983 2636 honoris
1004 2611 1040 2636 eis
1062 2605 1064 2628 ¹⁴

209 2652 338 2677 auctiores
364 2649 526 2686 proferanms
549 2660 698 2687 processus.
733 2652 782 2679 Th.
808 2652 838 2679 C.
862 2652 881 2679 I.
906 2654 945 2679 16,
971 2663 991 2680 c.
1016 2654 1040 2679 6.

209 2693 321 2727 (ch.)
341 2692 372 2719 de
392 2693 435 2719 off.
455 2693 528 2719 Rect.
547 2693 589 2719 Pr.

242 2736 445 2769 Aucupari.
473 2737 503 2769 ξ.
525 2737 558 2762 1.
585 2739 662 2764 Aves
680 2745 822 2773 captare.
850 2738 891 2765 ΙΙΙ.
907 2740 972 2766 Gn.
992 2739 1042 2766 Ve-

209 2781 276 2809 nari.
297 2790 316 2806 s.
338 2779 450 2807 Piscari.
470 2779 512 2805 vel
532 2781 660 2817 aucupari.
681 2780 711 2807 fr.
730 2783 754 2808 3.
774 2782 839 2815 5.1.
859 2782 892 2808 de
910 2783 941 2809 A.
962 2782 992 2809 R.
1008 2783 1040 2809 D.

875 1064 951 1091 Auct.
978 1065 1042 1090 iuris
1064 1077 1065 1080 ¹

208 2825 250 2849 41.
271 2825 292 2849 l.
313 2822 342 2849 fr.
364 2824 403 2849 13.
423 2823 444 2856 5.
465 2824 486 2848 7.
514 2822 545 2849 dc
564 2824 640 2850 iniur.
664 2825 704 2850 47.
725 2827 764 2851 10.
797 2842 826 2846 --
859 2826 891 2859 ἓ.
911 2828 946 2853 2.
977 2828 1041 2853 ΕΙ-

1888 175 1930 205 89

1086 258 1212 286 petere,
1233 253 1366 279 Ambit-e.
1405 252 1446 279 111.
1462 254 1527 280 Gn.
1548 252 1600 288 Qui
1621 254 1744 279 messium
1765 259 1867 291 tempus
1886 256 1929 281 ad-

1089 294 1176 321 solent
1195 304 1250 320 auc.
1288 294 1337 321 Th.
1362 294 1393 322 C.
1418 295 1473 321 VII.
1496 298 1539 322 20.
1564 306 1584 322 c.
1607 297 1645 322 11.
1671 296 1703 322 de
1722 301 1836 324 veteran.
1874 298 1928 333 Qui

1088 337 1243 374 popularem
1266 337 1388 374 plausum
1411 338 1502 364 alienis
1526 338 1731 376 spoliationibus
1757 345 1927 378 aucupantur.

1088 380 1125 407 lb.
1145 380 1204 407 XV.
1224 382 1247 407 5.
1268 390 1290 407 e.
1310 382 1332 407 1.
1353 381 1385 407 de
1405 386 1518 417 spectac.

1122 423 1346 457 Aucupatio.
1385 425 1553 458 Captatio.
1591 423 1634 450 III.
1652 425 1718 451 Gn.
1747 425 1813 451 Iuris
1833 425 1928 452 forum-

1088 466 1140 495 lae.
1161 467 1333 503 aucupatione
1352 466 1504 492 sillabarum
1523 466 1678 493 insidiantes
1697 473 1849 495 cunctorum
1868 470 1928 495 acti-

1088 509 1146 535 hus.
1172 520 1192 535 ι’.
1214 511 1236 535 1.
1258 508 1290 535 (le
1309 508 1412 535 formul.
1434 514 1459 534 et
1479 510 1580 546 impetr.
1600 512 1623 536 2.
1643 511 1685 536 58.

1122 552 1346 585 Aucupium.
1384 553 1500 578 Avium
1524 559 1671 586 captura.
1710 553 1751 579 III.
1778 555 1844 581 (Ἦ.
1875 555 1928 581 Au-

1088 596 1224 631 cupiorum
1244 599 1269 621 et
1287 595 1455 620 venationum
1474 594 1582 620 reditus
1607 611 1638 615 —
1663 595 1731 632 Ergo
1757 602 1782 622 et
1806 598 1927 633 piscatio-

1088 648 1157 664 num.
1177 637 1207 663 sr.
1227 638 1250 663 9.
1271 637 1292 670 5.
1312 639 1335 663 5.
1356 636 1388 663 de
1408 636 1475 663 usus.
1495 639 1518 663 7.
1540 639 1562 662 l.
1592 636 1663 664 Paul.
1684 638 1724 664 III.
1745 640 1768 665 6.
1789 640 1810 673 5
1830 642 1871 666 22.
1896 640 1926 666 fr.

1089 682 1128 706 12.
1149 681 1232 714 5.13.
1253 680 1284 706 de
1303 681 1377 706 instr.
1397 679 1446 716 leg.
1466 681 1508 705 33.
1529 681 1550 705 7.

1122 724 1307 750 Audacia.
1327 725 1469 757 Impetus
1489 725 1644 755 audendi,
1664 725 1785 751 Libido.
1806 725 1927 753 111οη.

1089 766 1209 801 Quantae
1229 765 1363 797 audaciae,
1386 770 1498 802 quantae
1517 767 1672 792 temeritatis
1691 768 1744 792 sint
1763 768 1927 804 (publicano-

1088 819 1145 835 rum
1165 809 1313 840 l'actiones).
1339 809 1369 834 sr.
1391 811 1430 835 12.
1450 819 1489 846 pr.
1510 808 1543 834 de
1562 809 1696 845 publican.
1719 811 1760 835 39.
1782 812 1804 836 4.
1842 811 1928 837 Auda-

1089 853 1141 883 cia,
1163 851 1206 878 vel
1231 853 1370 877 acrimonia
1395 852 1536 888 (superare
1561 852 1722 883 veritatem).
1756 852 1805 878 Tb.
1826 853 1856 879 C.
1881 854 1926 881 XI.

1087 896 1129 921 36.
1150 905 1170 920 c.
1191 896 1213 920 7.
1239 894 1321 930 Quor.
1342 905 1400 931 app.
1422 905 1445 920 n.
1466 905 1517 920 rec.
1555 894 1584 920 Si
1603 896 1786 921 111a11un1iss01·i
1807 901 1851 922 tuo
1874 899 1927 924 vim

1089 943 1114 964 et.
1133 937 1264 963 audaciam
1285 937 1414 963 obiecisti.
1444 947 1465 963 c.
1485 939 1509 963 4.
1536 936 1568 963 de
1593 937 1702 974 obsequ.
1727 943 1828 975 patron.
1854 941 1877 966 6.
1902 942 1926 966 6.

1089 980 1197 1007 Furoris
1222 980 1310 1006 audac.
1336 984 1414 1005 tanta.
1452 979 1502 1006 Th.
1523 979 1553 1006 C.
1579 979 1622 1006 IV.
1647 982 1688 1006 22.
1714 991 1734 1006 c.
1753 983 1777 1007 3.
1804 982 1873 1008 unde
1891 984 1925 1009 vi.

1088 1023 1236 1059 T)rannica
1260 1022 1318 1049 aud.
1360 1022 1397 1048 lb.
1422 1022 1480 1049 XV.
1506 1025 1530 1048 4.
1561 1033 1582 1049 c.
1607 1024 1630 1048 6.
1658 1023 1689 1049 de.
1714 1024 1807 1050 inlirm.
1832 1025 1856 1051 h.
1883 1036 1926 1062 qu.

1087 1076 1108 1092 s.
1128 1071 1135 1091 t
1150 1076 1177 1092 r.

1121 1077 1326 1136 Audacter.
1361 1107 1484 1141 (Advb.)
1527 1110 1695 1140 Animose,
1726 1110 1926 1139 Libidinose.

1086 1152 1129 1178 III.
1150 1154 1215 1180 Cn.
1236 1152 1264 1177 Si
1285 1152 1343 1187 quis
1363 1167 1395 1170 -
1415 1150 1551 1178 audacius.
1577 1160 1653 1186 quani
1673 1152 1818 1179 consultius
1838 1154 1927 1181 molie—

1087 1201 1136 1222 tur.
1165 1195 1201 1221 lb.
1214 1193 1273 1220 XV.
1290 1196 1311 1220 l.
1326 1196 1399 1220 0:28.
1419 1193 1451 1220 de
1471 1204 1531 1230 opp.
1552 1194 1613 1230 pub.
1651 1193 1787 1231 Vsurparh
1807 1207 1830 1222 v.
1849 1197 1926 1229 Elici,

1087 1238 1144 1265 aud.
1166 1249 1187 1264 c.
1206 1239 1247 1263 23.
1268 1237 1301 1263 de
1320 1242 1423 1263 testam.
1444 1242 1467 1263 et
1489 1236 1607 1273 quemad.
1628 1238 1651 1262 b'.
1671 1238 1712 1263 23.
1738 1240 1812 1265 2:13.
1833 1240 1865 1266 de
1885 1251 1926 1267 co-

1087 1281 1180 1308 hortal.
1201 1283 1240 1307 12.
1260 1282 1302 1306 58.

1122 1325 1268 1352 Audax.
1298 1322 1435 1357 (Adiect.)
1476 1323 1690 1350 Temerarius.
1728 1324 1770 1350 III.
1786 1326 1850 1352 (711.
1874 1326 1926 1353 Au·

1088 1369 1144 1395 daci
1170 1368 1276 1405 spiritu,
1307 1371 1332 1392 et
1360 1370 1447 1392 mente
1470 1365 1595 1401 sacrilega
1626 1367 1792 1398 (temeranda
1820 1368 1927 1396 credere

1088 1413 1200 1443 statuta)
1235 1421 1255 1436 c.
1277 1411 1316 1436 14.
1338 1410 1359 1443 5.
1381 1411 1402 1435 l.
1429 1408 1461 1435 dc
1480 1408 1529 1435 SS.
1549 1408 1612 1435 eccl.
1639 1411 1660 1435 1.
1679 1412 1702 1436 2.
1741 1412 1794 1445 Qui
1813 1411 1861 1438 hac
1879 1422 1927 1450 spe

1088 1455 1210 1482 audacior
1229 1453 1312 1480 sactus
1332 1457 1379 1478 est.
1400 1451 1429 1478 fr.
1445 1453 1467 1477 l.
1483 1452 1541 1485 5.1.
1562 1453 1584 1477 si
1603 1453 1625 1478 is
1646 1463 1688 1488 qu.
1704 1458 1762 1480 test.
1781 1453 1825 1480 lib.
1846 1456 1887 1482 47.
1901 1457 1925 1482 4.

1087 1499 1178 1529 Ratio,
1198 1495 1416 1533 quemadmodum
1436 1494 1624 1520 audacissimus
1644 1496 1756 1532 quisque
1775 1499 1871 1524 maiore
1890 1500 1926 1525 in·

1086 1543 1152 1568 iuria
1172 1540 1284 1567 adliciat.
1310 1539 1339 1565 fr.
1361 1540 1383 1564 1.
1403 1538 1424 1572 5
1445 1540 1468 1564 5.
1490 1537 1521 1563 de
1542 1536 1620 1564 Carb.
1641 1538 1680 1564 ed.
1700 1541 1741 1565 37.
1758 1542 1796 1566 10.
1822 1541 1851 1567 Si
1865 1543 1925 1578 quis

1086 1584 1240 1622 parentibus
1264 1583 1319 1608 suis
1346 1580 1456 1607 audaces
1480 1591 1571 1607 manus
1594 1582 1718 1618 imponat.
1747 1582 1836 1609 Iulian.
1863 1586 1924 1622 epit.

1087 1639 1147 1654 nov.
1168 1638 1188 1653 c.
1210 1628 1267 1652 107.
1288 1626 1309 1659 5.
1328 1626 1387 1650 373.

1120 1670 1328 1698 Audenter.
1370 1667 1491 1701 (Advb.)
1536 1669 1711 1698 fidenter,
1752 1670 1923 1697 Audacter.

1086 1714 1127 1740 III.
1149 1715 1214 1741 Cn.
1243 1711 1301 1737 Nisi
1321 1710 1404 1747 qnod.
1425 1710 1486 1736 licet
1506 1710 1641 1737 audenter.
1662 1711 1751 1746 possis
1770 1711 1864 1738 dicere.
1892 1713 1923 1740 fr.

1085 1759 1127 1783 29.
1148 1756 1231 1789 514.
1256 1754 1288 1780 de
1307 1754 1351 1780 lib.
1373 1758 1398 1778 et
1416 1752 1504 1790 posth.
1529 1754 1570 1778 25.
1590 1755 1614 1778 2.
1648 1753 1678 1778 ct'.
1704 1752 1733 1779 fr.
1756 1756 1777 1779 l.
1802 1755 1824 1788 5.
1848 1757 1871 1781 5.
1900 1757 1924 1782 si

1086 1809 1147 1836 pars
1166 1797 1254 1824 hered.
1275 1799 1298 1822 5.
1318 1798 1341 1822 4.

1121 1842 1285 1868 Auderc.
1324 1840 1394 1865 Sibi
1419 1848 1554 1870 sumere,
1582 1836 1759 1874 Adrogizre.
1796 1840 1838 1866 IlI.
1857 1842 1923 1869 (In.

1087 1885 1155 1911 Sunt
1180 1883 1299 1920 plerique
1324 1880 1476 1908 Praesidum
1500 1886 1551 1907 tam
1580 1881 1676 1913 timidi,
1705 1887 1734 1908 nt
1757 1899 1788 1902 —
1812 1894 1923 1920 poenam

1087 1928 1241 1954 sustineant.
1261 1936 1308 1951 nec
1328 1924 1470 1961 quidquam
1489 1923 1607 1950 audeant.
1639 1924 1668 1950 fr.
1688 1926 1711 1951 (5.
1731 1936 1769 1962 pr.
1794 1926 1826 1952 de
1844 1937 1922 1963 poen.

1086 1974 1127 1997 48.
1149 1972 1188 1996 19.
1226 1969 1353 2004 Quamvis
1376 1968 1475 2004 possit,
1504 1983 1536 1986 -
1559 1971 1645 1993 tamen
1669 1978 1721 1993 non
1745 1968 1829 1995 audet.
1866 1969 1921 1996 Gai.

1087 2014 1129 2040 III.
1149 2015 1208 2039 224.
1246 2011 1388 2047 Tamquam
1408 2009 1527 2036 nonnihil
1544 2011 1571 2036 in
1584 2010 1662 2036 alium
1676 2021 1794 2041 ausurus.
1815 2013 1859 2048 qni
1872 2012 1923 2039 hoc

1087 2057 1212 2083 adversus
1233 2065 1261 2081 se
1280 2064 1358 2080 ansus
1378 2058 1425 2079 est.
1446 2053 1476 2079 fr.
1495 2054 1536 2079 23.
1556 2053 1577 2087 5.
1596 2055 1620 2079 3.
1641 2053 1673 2079 de
1692 2054 1757 2080 Aed.
1777 2054 1817 2080 ed.
1836 2057 1877 2081 21.
1899 2058 1920 2082 1.

1087 2100 1115 2126 Si
1136 2100 1273 2135 quisquam
1292 2099 1373 2124 vetito
1393 2106 1457 2123 ausu
1476 2096 1588 2122 audebit.
1617 2095 1782 2123 Th.C.X11.
1802 2099 1824 2123 6.
1846 2109 1866 2124 c.
1879 2100 1920 2125 32.

1086 2143 1107 2177 5.
1127 2145 1151 2169 2.
1172 2142 1203 2168 de
1223 2145 1368 2177 susceptor.

1121 2184 1297 2212 Audiani.
1336 2185 1583 2210 Haeretirorum
1603 2189 1698 2209 secta.
1730 2182 1771 2208 III.
1787 2184 1852 2210 011.
1871 2183 1921 2209 Eu-

1086 2229 1208 2255 nomiani.
1230 2226 1415 2253 Valentiniani.
1435 2241 1465 2245 -—
1486 2225 1649 2253 Donatistae.
1669 2224 1783 2251 Audiani
1797 2231 1844 2252 etc.
1870 2225 1918 2251 Th.

1087 2272 1117 2298 C.
1138 2270 1207 2297 XVI.
1227 2272 1250 2296 5.
1272 2280 1292 2295 c.
1312 2271 1353 2295 65.
1373 2270 1394 2302 5.
1414 2270 1437 2294 2.
1458 2268 1489 2294 de
1508 2268 1604 2294 haeret.

1121 2314 1300 2341 Audiens.
1325 2311 1444 2344 (Partic.)
1473 2311 1504 2343 §0
1524 2312 1558 2337 l.
1584 2312 1708 2337 Auditi:
1724 2312 1917 2344 percipiens.

1086 2357 1127 2383 Ill.
1149 2358 1214 2384 Cn.
1238 2356 1323 2382 Minus
1343 2354 1459 2381 audienS.
1479 2355 1679 2386 (immunitatem
1700 2353 1813 2379 civilium
1832 2363 1919 2379 mune-

1085 2410 1141 2426 rum
1161 2409 1213 2425 non
1232 2398 1330 2429 habet).
1352 2397 1380 2423 fr.
1399 2399 1423 2423 2.
1443 2397 1465 2430 5.
1484 2398 1507 2423 6.
1528 2397 1560 2424 de
1579 2408 1633 2423 vae.
1655 2401 1680 2422 et
1699 2406 1753 2422 exc.
1773 2397 1814 2421 50.
1834 2397 1856 2421 5.
1886 2396 1917 2422 cf.

1085 2443 1114 2469 fr.
1138 2445 1176 2468 10.
1196 2443 1217 2475 5.
1241 2443 1260 2467 l.
1282 2441 1312 2467 fr.
1334 2442 1372 2466 ll.
1393 2439 1425 2465 de
1445 2439 1514 2476 legit.
1534 2444 1581 2466 tut.
1600 2441 1642 2465 26.
1656 2441 1679 2465 4.
1701 2454 1731 2457 —
1751 2438 1781 2470 §-
1802 2439 1837 2465 2.
1860 2439 1918 2465 Oh-

1085 2493 1280 2519 temperans,
1302 2485 1490 2517 Obsequens.
1521 2481 1563 2508 111.
1577 2483 1638 2509 Gn.
1667 2481 1695 2507 Si
1715 2480 1822 2506 dixerit:
1840 2480 1916 2517 frugi.

1084 2528 1209 2565 probum.
1234 2527 1304 2553 dicto
1324 2526 1478 2552 audientem.
1506 2525 1536 2551 sr.
1558 2526 1595 2551 19.
1616 2534 1654 2561 pr.
1680 2523 1711 2549 de
1730 2522 1794 2549 Aed.
1815 2522 1854 2550 ed.
1874 2525 1915 2549 21.

1087 2573 1108 2597 1.
1146 2570 1175 2596 Si
1195 2580 1286 2596 servus
1311 2571 1380 2595 eius.
1410 2579 1467 2595 cum
1491 2568 1635 2594 iuberetur.
1660 2582 1691 2585 -—
1715 2565 1785 2592 dicto
1808 2565 1916 2592 audiens

1086 2624 1137 2639 non
1156 2613 1212 2639 suit.
1231 2612 1261 2638 fr.
1277 2614 1299 2637 l.
1319 2612 1340 2645 5.
1353 2613 1376 2637 3.
1397 2612 1419 2637 si
1439 2621 1481 2647 qu.
1502 2621 1549 2636 om.
1570 2620 1590 2635 c.
1610 2613 1670 2635 test.
1688 2610 1730 2635 29.
1744 2610 1767 2634 4.
1788 2608 1818 2634 cl'.
1834 2608 1915 2635 fr.2l.

1062 2693 1064 2700 V
1085 2657 1106 2690 5
1129 2658 1150 2682 1.
1170 2666 1219 2682 rer.
1239 2660 1343 2681 amotar.
1363 2656 1404 2681 25.
1424 2656 1447 2680 2.
1472 2653 1500 2679 fr.
1520 2654 1560 2678 20.
1581 2651 1613 2678 de
1633 2651 1665 2677 O.
1686 2655 1711 2677 et
1729 2651 1759 2678 A.
1779 2653 1820 2678 44.
1842 2653 1863 2677 7.

1120 2698 1337 2725 munientia.
1374 2698 1404 2730 §.
1425 2698 1458 2722 1.
1496 2697 1593 2721 Actus
1617 2696 1783 2725 audiendi,
1816 2695 1915 2721 Ocra-

1086 2744 1133 2768 sio
1152 2743 1304 2767 discendi.
1342 2740 1383 2766 111.
1405 2741 1468 2766 011.
1496 2737 1583 2764 Animi
1602 2738 1733 2769 iuvenum.
1752 2738 1796 2773 qui
1815 2737 1847 2763 ad
1865 2738 1915 2773 pri-

1086 2794 1153 2810 mam
1176 2783 1260 2820 legum
1288 2784 1394 2809 veniunt
1422 2780 1589 2811 audientiam.
1617 2781 1757 2817 perterriti.
1788 2790 1808 2805 c.
1834 2781 1855 2805 1.
1883 2779 1915 2805 (1(-

1087 2826 1157 2853 nudo
1175 2828 1231 2853 iure
1251 2826 1324 2861 Quir.
1346 2826 1367 2850 7Δ
1387 2826 1428 2850 25.
1457 2839 1488 2841 —
1513 2824 1544 2857 §0
1564 2825 1599 2850 2.
1626 2815 1754 2850 Iudicis'
1769 2824 1914 2857 cognitio

1442 2867 1475 2891 12
