2197 3121
259 183 322 213 974

259 263 327 290 VIII.
348 265 387 290 15.
413 273 436 290 c.
460 265 482 290 5.
507 264 528 298 §.
550 264 572 290 1.
597 262 630 289 de
654 262 678 289 Ιι.
703 272 745 299 qu.
770 261 865 289 admin.
906 261 949 289 Ad
972 261 1104 299 publicam

260 307 398 335 utilitatem
414 307 574 344 pertinentia
596 307 644 337 (sc.
664 305 825 337 interdicta‚)
851 304 894 332 vel
913 305 993 332 officii
1013 303 1104 330 tuendi

261 359 348 382 causa,
375 348 418 376 vel
438 350 474 376 rei
494 347 636 375 familiaris.
666 348 696 375 I'r.
716 350 740 375 2.
760 348 798 382 §§.
819 350 840 375 l.
861 357 920 385 sqq.
948 348 981 375 de
1009 346 1104 374 interd.
1128 351 1129 378 ζ
1150 347 1173 380 §.
1192 348 1215 372 2.
1237 346 1269 373 de
1287 345 1312 373 h.
1333 348 1376 383 qui
1396 346 1428 374 ad
1448 347 1510 374 eccl.
1548 347 1637 375 Tuitio
1661 348 1793 380 militaris,
1820 347 1862 374 vel
1887 358 1996 376 exsecu-

260 395 302 420 ⁴3.
318 395 339 420 l.
377 393 456 420 Tueri
475 393 516 418 ius
536 400 620 423 suum,
641 401 693 417 non
710 392 831 418 iniuriam
844 391 1014 418 comminisci.
1036 390 1066 417 fr.
1083 391 1105 416 l.
1128 384 1129 416 i

261 437 283 471 §.
303 439 328 464 2.
355 436 406 472 Qu.
432 435 457 461 vi
477 439 520 461 aut
544 433 575 460 cl.
595 435 636 460 43.
656 435 698 461 24.
719 433 750 461 cf.
769 433 800 461 fr.
821 435 844 461 l.
864 434 890 468 ξ.
908 435 946 460 16.
966 433 999 460 de
1019 432 1053 459 Ο.
1073 431 1104 460 N.
1128 452 1130 468 1

261 478 294 506 N.
313 480 355 506 39.
377 480 398 504 1.
436 477 516 504 Tueri
537 477 613 508 bona.
633 487 666 505 ne
685 476 900 515 dilapidarentur.
920 476 951 503 fr.
974 478 995 503 1.
1014 487 1053 514 pr.
1074 475 1107 502 de
1128 470 1130 490 Ὗ

262 522 331 559 legit.
356 526 403 548 tut.
422 521 463 547 26.
484 522 508 547 4.
533 520 563 546 fr.
585 521 624 546 15.
645 519 677 546 de
697 530 755 546 ann.
774 519 849 556 legat.
868 521 947 546 2351.
967 518 1029 556 VIp.
1049 518 1106 545 XII.

262 567 286 591 4.
307 564 363 591 Gai.
383 563 401 590 1.
424 565 479 590 197.
515 563 564 590 Est
583 567 668 589 autem
688 562 769 590 tutela
789 579 821 583 —
841 563 881 589 vis
901 572 930 589 ac
942 567 1062 599 potestas
1081 562 1107 588 iu

263 609 348 645 capite
366 606 464 637 libero,
493 606 524 633 ad
544 605 669 633 tuendum
689 616 760 639 eum,
789 607 833 643 qui
861 610 970 643 propter
997 610 1107 632 aetatem

262 654 358 687 sponte
381 659 410 676 se
433 649 574 676 defendere
597 649 696 685 nequit.
722 648 752 675 t'r.
774 651 796 675 l.
817 658 856 686 pr.
875 648 908 675 de
928 648 1002 675 tutel.
1021 650 1063 676 26.
1085 650 1107 674 1.

263 691 385 720 Consilio
405 696 431 718 et
449 702 528 730 opera
549 693 678 718 curatoris
698 692 765 718 tueri
789 691 869 718 debet
887 701 939 718 non
959 691 1046 718 solum
1065 701 1109 728 pa-

263 736 424 767 trimonium,
444 735 490 762 sed
510 740 536 762 et
555 745 651 772 corpus
671 745 699 761 ac
719 733 791 761 salus
810 733 912 761 furiosi.
933 734 963 761 fr.
978 736 1002 761 7.
1016 744 1056 772 pr.
1077 733 1109 760 de

263 789 317 806 cur.
337 778 385 806 sur.
405 780 446 804 27.
467 780 506 805 10.
527 794 558 799 —
579 778 610 811 ξ.
627 779 711 804 LA.
732 779 866 804 Sarrum
885 783 1003 804 tectum
1020 787 1111 811 prae-

263 829 361 849 stare.
399 821 429 848 lI.
445 823 512 855 Op.
532 820 612 848 Extra
631 819 739 846 tutelam
758 821 932 847 necessariam
951 819 1110 858 impendere.

264 865 295 892 fr.
318 867 357 891 15.
385 864 417 891 de
441 865 551 901 impens.
581 864 608 890 in
631 873 674 890 res
698 862 753 889 dot.
772 864 814 889 25.
837 865 857 890 1.
895 862 998 889 Novum
1018 863 1110 889 facere.

264 908 295 935 fr.
316 909 356 934 44.
377 906 409 933 de
428 907 509 934 usufr.
529 909 551 934 7.
574 908 596 933 l.
632 905 676 932 III.
697 907 763 933 Cn·
788 905 864 933 Viam
882 905 1016 944 publicam
1034 907 1111 933 tueri.

265 950 333 978 Tab.
351 950 453 977 Heracl.
473 952 514 977 20.
534 960 573 987 sq.
599 960 649 976 aer.
674 949 718 975 ΒΓ.
756 948 914 986 Vectigalia,
939 949 1044 976 ultrove
1067 949 1112 975 tri-

264 994 341 1023 buta.
369 992 478 1020 fruenda
505 992 643 1020 tuendave.
672 992 709 1018 lb.
730 993 770 1018 73.
790 1001 829 1029 sq.
850 991 866 1019 l.
886 991 904 1019 l.
940 991 1112 1019 IIIunitionem

265 1036 403 1068 adhibere,
428 1041 456 1063 ut
474 1046 563 1072 agrum
582 1045 658 1062 suum
677 1040 803 1062 tueretur.
827 1034 857 1062 fr.
878 1037 900 1062 1.
924 1035 947 1069 ᾗ.
968 1037 990 1062 7.
1011 1045 1044 1061 ue
1065 1045 1108 1071 qu.

266 1082 292 1107 in
306 1080 376 1106 ssum.
392 1079 453 1117 pub.
468 1081 507 1105 43.
524 1081 611 1110 13.;—
630 1079 662 1112 ἕ.
676 1079 764 1105 1.13.
780 1080 986 1110 sustentare,
1006 1080 1029 1105 A
1039 1080 1111 1104 lere.

266 1123 285 1150 1.
303 1124 365 1158 Sy.
384 1122 526 1154 Exhibere,
546 1122 634 1149 Alere.
659 1121 689 1148 I'r.
708 1123 750 1148 20.
771 1130 810 1158 pr.
835 1120 865 1147 fr.
885 1122 927 1148 21.
952 1120 985 1147 de
1007 1121 1035 1147 in
1054 1130 1110 1146 rem

265 1176 352 1193 verso.
374 1168 413 1193 15.
432 1168 456 1193 3.
475 1165 506 1192 I'r.
528 1167 566 1191 12.
587 1164 621 1191 de
639 1164 715 1201 legat.
735 1163 777 1190 III.
798 1164 865 1197 (32.)
886 1163 917 1190 cf.
939 1163 968 1190 t'r.
991 1165 1030 1189 ll.
1050 1163 1072 1197 §.
1090 1164 1111 1189 1.

267 1209 299 1236 ad
323 1208 409 1236 exliib.
435 1210 474 1235 10.
500 1210 523 1235 4.
559 1208 603 1235 III.
624 1209 690 1236 Gn.
715 1206 820 1243 Quibus
843 1206 946 1239 tuendi,
971 1205 1113 1233 curandive

267 1253 387 1290 corporis
407 1253 491 1278 nostri
511 1253 592 1288 gratia
611 1252 714 1278 utimur.
735 1250 765 1276 fr.
785 1252 826 1276 44.
846 1249 877 1276 cf.
899 1249 929 1276 fr.
947 1251 989 1276 43.
1010 1248 1039 1276 fr.
1052 1249 1112 1275 203.

267 1295 300 1323 de
319 1295 351 1322 V.
372 1294 399 1322 S.
419 1296 460 1322 50.
482 1296 522 1321 16.
560 1293 708 1331 Impensae,
735 1303 799 1329 quas
819 1292 916 1320 faceret
935 1291 1041 1324 mulier,
1061 1302 1113 1329 quo

267 1338 406 1365 honestius
425 1348 454 1364 se
472 1342 596 1364 tueretur.
617 1336 649 1363 I'r.
669 1338 710 1362 31.
731 1335 753 1369 ξ.
772 1340 795 1362 ὅ.
816 1336 848 1362 de
867 1336 928 1363 don.
953 1337 999 1363 int.
1019 1335 1051 1362 V.
1071 1337 1114 1363 24,

269 1383 292 1408 1.
330 1381 359 1408 Si
377 1381 468 1413 matri,
487 1385 530 1407 aut
549 1381 648 1412 sorori,
667 1389 732 1416 quae
751 1378 826 1405 aliter
844 1389 873 1405 se
892 1379 960 1405 tueri
983 1388 1036 1405 non
1056 1388 1115 1416 pos-

268 1429 344 1456 sunt,
364 1428 436 1450 tutor
454 1423 575 1450 alimenta
594 1423 763 1460 praestiterit.
788 1422 817 1448 fr.
839 1423 861 1448 l.
881 1422 903 1456 §.
922 1424 946 1449 2.
971 1421 1003 1448 de
1022 1427 1069 1449 tut.
1090 1427 1115 1448 et

269 1472 316 1494 rat.
334 1469 377 1493 27.
396 1468 420 1493 3.
442 1483 471 1486 -
496 1467 527 1499 §.
547 1468 582 1493 2.
609 1467 746 1492 Auxilio
770 1467 858 1491 iuris
882 1467 1064 1497 subvenire,
1087 1472 1116 1492 et

269 1512 450 1547 defendere.
482 1508 499 1535 I.
514 1510 576 1543 Sy.
595 1507 764 1534 Succurrere.
779 1507 819 1534 Cf.
834 1507 858 1534 h.
872 1517 896 1534 v.
916 1507 1025 1535 Auxilio
1038 1507 1115 1535 Prae-

270 1555 336 1580 toris
349 1553 448 1578 servari
462 1551 544 1583 soliti,
564 1551 640 1587 Quos
659 1550 768 1578 Praetor
781 1550 904 1577 tuebatur
917 1552 956 1584 (in
971 1551 1116 1584 libertate.)

270 1596 327 1623 Gai.
347 1595 388 1622 lII.
409 1596 449 1621 56.
487 1594 661 1621 Securitatem
681 1593 765 1626 dedit,
791 1593 892 1620 Tuetur
912 1593 1000 1627 (Iex.)
1025 1593 1054 1621 fr.
1077 1596 1116 1620 19.

269 1640 291 1674 §.
310 1640 335 1666 3.
355 1638 386 1665 ad
405 1637 434 1665 L.
454 1637 501 1663 Iul.
522 1637 555 1664 de
575 1637 655 1664 adult.
675 1639 716 1664 48.
737 1639 760 1662 5.
797 1636 944 1668 Excusare,
965 1636 1046 1664 Tueri
1066 1638 1117 1670 (se,

271 1683 401 1719 aequitate
421 1680 541 1713 iudicis.)
566 1680 596 1707 fr.
616 1682 639 1707 8.
664 1681 687 1714 ξ.
707 1682 729 1706 8.
754 1679 839 1706 mand.
866 1681 906 1706 17.
928 1681 950 1705 l.
986 1679 1030 1706 III.
1052 1681 1118 1708 Cn.

271 1725 422 1752 Praetorem
447 1725 606 1750 intervenire
625 1728 762 1761 oportere,
782 1723 901 1759 tuerique
914 1722 1065 1750 huiusmodi
1086 1723 1119 1750 fa-

272 1773 350 1795 ctum.
370 1767 401 1794 sr.
423 1768 461 1793 14.
481 1776 521 1804 pr.
541 1766 573 1793 de
593 1766 665 1803 relig.
687 1768 725 1792 11.
746 1767 768 1792 7.
790 1765 821 1792 fr.
842 1767 863 1792 1.
884 1766 905 1799 §.
922 1767 944 1793 l.
964 1776 996 1792 ne
1015 1767 1055 1792 vis
1075 1766 1120 1793 fiat

273 1812 304 1838 ei.
324 1812 365 1837 43.
384 1812 408 1836 4.
445 1809 520 1836 Licet
539 1810 654 1836 servitus
673 1810 728 1835 iure
752 1818 804 1834 uon
824 1808 920 1840 valuit,
940 1825 972 1829 —
992 1808 1119 1836 tuendum

274 1863 332 1881 esse
352 1863 418 1884 eum,
438 1853 482 1889 qui
501 1851 552 1878 hoc
571 1853 611 1878 ius
631 1851 759 1889 possedit.
779 1851 808 1878 sr.
827 1853 851 1878 2.
872 1861 964 1878 comm.
984 1851 1074 1889 praed.
1094 1853 1118 1878 8.

273 1900 298 1924 4.
335 1895 411 1922 Licet
429 1894 562 1921 subtilitas
581 1895 646 1921 iuris
665 1895 787 1931 relragari
807 1894 923 1927 videtur,
943 1899 1055 1921 attamen
1075 1904 1119 1921 vo-

274 1940 361 1967 luntas
381 1939 515 1964 testatoris
535 1948 566 1964 ex
586 1937 656 1964 bono
676 1943 701 1964 et
721 1947 804 1974 aequo
825 1938 948 1964 tuebitur.
973 1937 1003 1964 fr.
1026 1939 1065 1964 17.
1086 1937 1119 1964 de

275 1984 373 2010 iniusto
402 1985 470 2018 rupt.
499 1982 540 2007 28.
567 1982 590 2007 3.
629 1981 777 2017 Quousque
806 1980 895 2007 tuendi
924 1985 1014 2007 essent
1041 1981 1067 2008 in
1088 1990 1119 2007 eo

276 2025 358 2053 ususr.
384 2023 546 2060 municipes?
575 2022 604 2049 fr.
625 2025 667 2049 56.
697 2023 730 2050 de
757 2022 838 2050 ususr.
864 2025 887 2050 7.
909 2025 930 2050 l.
968 2022 1028 2050 Non
1052 2023 1119 2050 solet

276 2069 344 2095 tueri
369 2067 478 2094 Praetor
502 2065 628 2092 adversus
648 2071 696 2093 etc.
716 2077 740 2092 v.
761 2071 788 2093 ut
809 2071 856 2093 etc.
878 2066 907 2093 fr.
926 2068 950 2092 2.
970 2067 993 2092 si
1013 2066 1064 2093 tab.
1085 2072 1122 2093 te-

277 2116 352 2138 stam.
376 2109 440 2137 null.
459 2110 500 2135 38.
520 2110 543 2134 6.
569 2108 598 2135 fr.
619 2110 659 2135 41.
685 2109 717 2135 de
737 2109 767 2135 A.
792 2108 822 2135 R.
844 2109 876 2135 D.
901 2111 942 2136 41.
963 2111 986 2135 1.
1023 2109 1066 2136 An
1090 2119 1121 2136 ex

278 2154 327 2181 bac
346 2163 422 2180 eausa
441 2153 544 2178 actione
562 2151 680 2188 quadam,
701 2151 742 2177 vel
762 2153 917 2188 exceptione
930 2151 1043 2179 tuendus
1056 2153 1122 2179 sim'!

279 2196 310 2223 fr.
333 2198 371 2222 16.
395 2197 417 2221 si
441 2196 530 2221 servit.
554 2196 577 2221 ὃ.
598 2196 621 2220 5.
647 2194 674 2220 I'r.
697 2196 719 2220 7.
741 2205 778 2232 pr.
803 2194 832 2220 fr.
852 2196 876 2220 9.
901 2195 933 2221 de
958 2195 982 2221 d.
1008 2205 1040 2222 m.
1066 2206 1122 2222 exc.
1144 2202 1146 2208 ⁸

280 2242 320 2266 44.
347 2243 370 2265 4.
396 2254 427 2258 -
456 2239 487 2272 §.
508 2239 546 2265 3.
575 2239 728 2264 lmmunis
756 2240 932 2271 praestari.
961 2239 1123 2265 Liberari.

280 2282 323 2309 III.
343 2283 409 2310 Cn.
437 2280 529 2317 Neque
558 2280 591 2306 ob
621 2280 670 2306 hoc
689 2279 797 2307 sordido
821 2279 954 2316 quolibet.
983 2281 1124 2307 minimove
1146 2284 1147 2289 ¹

281 2330 392 2356 tueatur,
410 2323 453 2350 vel
473 2334 485 2349 a
505 2323 660 2350 verberibus
680 2339 712 2343 -
732 2327 880 2350 excusetur.
901 2322 949 2349 Th.
971 2322 1002 2350 C.
1022 2323 1080 2350 XII.
1102 2326 1123 2350 l.
1146 2320 1147 2326 ¹

282 2379 303 2395 c.
327 2370 382 2394 153.
402 2367 435 2393 de
453 2366 586 2393 decurion.

1008 178 1102 211 TUG
1112 197 1150 203 —

319 2409 542 2443 'ragau-ium.
581 2410 709 2436 Tecrum
733 2410 940 2436 subitarium.
965 2410 1051 2435 Casa
1073 2419 1125 2435 ru-

282 2455 375 2480 utica.
414 2452 431 2478 Ι.
447 2453 508 2486 Sy.
528 2451 695 2481 Aediliciuni.
716 2451 785 2487 quod
805 2453 918 2478 rusticae
939 2452 1020 2488 magis
1040 2456 1126 2478 custo-

283 2496 341 2523 diae
366 2496 496 2521 convenit.
522 2494 551 2520 fr.
574 2496 629 2521 180.
648 2504 690 2532 pr.
716 2494 748 2520 de
767 2494 798 2521 V.
819 2495 846 2521 S.
865 2497 907 2521 50.
929 2496 967 2522 16.
993 2494 1024 2521 cf.
1049 2493 1079 2521 fr.
1099 2496 1125 2521 6.
1148 2488 1149 2516 i

283 2540 304 2573 §.
327 2541 347 2565 l.
368 2538 400 2564 de
419 2537 446 2565 S.
466 2537 494 2564 P.
514 2536 545 2563 R.
565 2538 589 2564 8.
609 2540 633 2564 3.
654 2537 822 2573 Tegularium
843 2537 887 2571 [al.
908 2536 1074 2573 Tegurium]
1096 2536 1126 2564 Τι’.

286 2583 342 2607 lat).
363 2581 385 2615 §.
409 2582 429 2606 1.
449 2579 465 2606 l.
486 2582 527 2606 50.
550 2581 589 2606 16.
627 2580 668 2607 III.
692 2581 759 2608 Gn.
780 2579 886 2607 Hortus.
906 2580 1055 2607 Ileredium.
1076 2579 1128 2607 Tu·
1148 2590 1149 2602 ¹

285 2625 393 2659 gurium.
414 2623 442 2649 L.
463 2622 511 2649 XII
530 2622 614 2649 Tabl).
636 2621 690 2649 VII.
709 2624 732 2649 3.
771 2622 799 2648 In
820 2633 910 2660 campo
930 2623 1023 2650 Martio
1045 2632 1127 2655 casaS,
1148 2607 1151 2646 i

287 2675 333 2691 seu
353 2667 461 2701 tuguria.
480 2665 618 2692 collocare.
639 2665 687 2692 Th.
703 2665 733 2692 C.
749 2664 818 2691 XIV.
841 2667 880 2691 14.
901 2676 921 2691 c.
945 2668 966 2692 l.
986 2666 1018 2693 de
1038 2676 1128 2704 campo

289 2707 362 2734 Mart.

323 2750 462 2777 Tuifio.
497 2751 528 2784 ξ.
548 2752 583 2778 l.
612 2753 711 2777 Actus
737 2753 883 2778 tutandi.
909 2752 1074 2778 Custodia.
1110 2750 1129 2778 I.
1151 2759 1153 2789 Ι

290 2794 351 2827 Sy.
375 2792 483 2819 munitio
509 2793 643 2826 (limitis.)
668 2793 708 2819 Cf.
729 2793 753 2819 h.
774 2803 797 2819 v.
818 2793 839 2828 ξ.
862 2795 882 2821 l.
920 2793 963 2820 III.
989 2795 1054 2821 Cn.
1079 2793 1130 2820 Pro
1151 2794 1153 2816 l

291 2851 322 2855 —
343 2844 438 2862 rerum.
459 2835 526 2872 apud
546 2846 574 2861 se
594 2838 803 2865 constitutarum.
823 2837 964 2863 munimine
977 2846 1007 2863 ac
1020 2837 1130 2863 tuitione
1151 2850 1153 2866 ι

1161 178 1267 210 TUM.

1149 260 1312 298 (accipere.)
1335 270 1356 287 c.
1375 262 1417 287 22.
1441 261 1525 288 mand.
1549 263 1574 289 4.
1597 263 1639 289 35.
1677 262 1720 289 Ad
1745 262 1882 289 tuitionem
1901 263 1990 290 couru-

1151 304 1276 339 gientium
1299 305 1454 341 (proposita
1474 304 1589 338 altaria.)
1615 304 1664 332 Th.
1685 304 1717 332 C.
1737 305 1781 332 lx.
1801 306 1844 331 45.
1870 315 1891 332 c.
1911 308 1934 332 4.
1953 317 1993 344 pr.

1152 390 1197 416 tio.
1216 389 1254 416 lb.
1274 389 1291 416 I.
1312 391 1337 416 9.
1358 399 1379 416 c.
1400 392 1423 417 1.
1443 390 1476 417 de
1494 391 1536 417 ofl'.
1558 391 1610 417 iud.
1630 391 1706 418 milit.
1727 407 1758 411 —
1783 392 1814 425 §.
1836 392 1871 418 Β.
1896 393 1996 418 Auxi—

1151 433 1246 463 num,
1270 433 1476 460 Praesidium
1501 434 1567 467 (ius
1586 434 1752 467 dicentis.)
1789 433 1821 460 11.
1842 435 1909 468 Op.
1935 434 1997 471 Ipso

1151 475 1216 506 iure,
1237 491 1267 495 —
1289 474 1339 502 Per
1358 477 1494 502 tuitionem
1514 476 1646 504 Praetoris
1666 478 1821 509 (constitui,
1841 487 1864 503 v.
1884 476 1998 510 valere.)

1153 517 1182 544 fr.
1202 519 1225 544 9.
1251 517 1273 551 §.
1294 519 1317 545 l.
1338 519 1419 545 usufr.
1446 519 1564 556 quemad.
1589 530 1643 547 cav.
1665 522 1688 547 7.
1707 522 1732 547 9.
1757 519 1787 547 fr.
1809 521 1831 546 1.
1855 520 1878 553 §.
1897 522 1921 546 5.
1946 520 1997 555 Qu.

1152 559 1218 586 salso
1238 565 1284 587 tut.
1304 566 1370 588 auct.
1383 563 1425 588 27.
1440 563 1463 588 6.
1501 562 1544 590 III.
1559 564 1625 591 Cn.
1646 563 1775 600 Quamvis
1794 562 1920 590 defecerit
1939 572 1999 590 con-

1153 603 1227 636 ditio,
1246 602 1356 631 Praetor
1374 610 1460 631 tamen
1480 604 1562 632 filium
1584 622 1614 627 -
1634 607 1704 633 tueri
1724 606 1841 637 debebit,
1861 615 1890 632 ae
1908 606 1930 632 si
1944 615 1965 632 c.
1979 609 1997 632 t.

1153 646 1202 679 (B.
1222 646 1319 679 Pnem)
1339 649 1484 686 acceperit;
1503 659 1568 685 quae
1587 650 1664 676 tuitio
1685 650 1724 681 ei,
1749 650 1794 686 qui
1819 649 1999 686 emancipatus

1130 708 1132 720 .
1154 694 1206 721 est,
1231 691 1378 717 necessaria
1403 695 1450 717 est.
1473 690 1504 718 fr.
1523 694 1548 718 2.
1569 693 1590 726 §.
1612 694 1634 719 l.
1659 691 1692 719 de
1710 692 1741 719 B.
1761 691 1788 719 P.
1814 701 1836 718 s.
1855 697 1873 718 t.
1893 693 1936 718 37.
1958 693 1998 718 11.

1154 731 1305 760 Tuitionem
1328 733 1440 771 pulsatis
1464 739 1598 771 praestare
1617 735 1738 762 iubemus
1762 735 1870 762 enixam.
1895 734 1945 762 Th.
1967 733 1998 761 C.

1154 775 1198 802 IV.
1220 777 1259 802 15.
1279 785 1300 803 c.
1322 777 1344 802 l.
1363 776 1396 803 de
1415 778 1523 814 qninqu.
1541 787 1657 816 praescr.
1676 778 1747 805 XIII.
1766 780 1791 805 5.
1805 788 1827 804 c.
1846 779 1887 804 36.
1907 788 1946 816 pr.
1967 776 2000 804 de

1156 818 1269 845 navicul.

1190 862 1338 890 Tuitor.
1377 863 1439 895 Qui
1457 864 1633 891 tuitionem
1650 866 1790 899 praebet.
1810 863 1854 891 III.
1869 864 1935 892 Gn.
1947 862 2000 890 Ad-

1155 904 1288 942 pellantur
1307 906 1455 937 ,‚tutores,“
1474 907 1548 942 qnasi
1567 907 1715 938 „tuitores“
1738 912 1816 944 atque
1838 907 2000 939 defensores,

1156 949 1225 974 sicut
1243 947 1376 979 ‚,aeditui“
1396 947 1531 981 dicuutur,
1550 950 1595 986 qui
1615 949 1692 977 aedes
1711 955 1825 977 tuentur.
1844 950 1875 977 fr.
1896 952 1918 977 l.
1939 951 1961 985 §.
1977 951 2000 976 l.

1158 990 1190 1017 de
1210 990 1285 1017 tutel.
1305 992 1347 1017 26.
1368 992 1392 1017 1.

1192 1035 1301 1060 Tum.
1321 1033 1444 1066 (Advb.)
1471 1034 1502 1067 §.
1522 1035 1556 1061 1.
1577 1035 1713 1067 Deinde,
1734 1038 1921 1063 Praeterea.
1957 1035 2001 1063 ΙΙΙ.

1158 1077 1223 1104 Gn.
1243 1075 1330 1107 Initio,
1351 1092 1380 1097 —
1402 1081 1471 1108 tum,
1491 1091 1522 1096 —
1543 1076 1643 1105 deinde.
1670 1078 1727 1105 Gai.
1752 1078 1796 1106 IV.
1816 1080 1856 1106 60.
1893 1079 1933 1106 Ex
1956 1078 2002 1106 illa

1157 1124 1231 1157 parte
1254 1118 1344 1146 edicti:
1369 1118 1475 1151 „Tarm
1500 1129 1576 1156 quem
1595 1121 1618 1147 ei
1637 1120 1761 1148 heredem
1786 1132 1846 1148 esse
1864 1123 2002 1160 oportet.“

1158 1162 1187 1189 fr.
1206 1163 1266 1189 227.
1285 1172 1324 1200 pr.
1349 1161 1382 1189 de
1401 1161 1433 1189 V.
1453 1162 1480 1189 S.
1500 1164 1542 1189 50.
1564 1164 1603 1189 16.
1628 1163 1659 1190 cI.
1682 1164 1713 1191 fr.
1734 1166 1755 1191 1.
1781 1165 1803 1199 ξ.
1823 1166 1847 1191 2.
1868 1170 1895 1192 ut
1915 1175 1948 1192 ex
1966 1163 2002 1191 le-

1157 1204 1208 1242 gib.
1233 1206 1274 1231 38.
1296 1207 1334 1231 14.
1356 1221 1386 1226 --
1411 1206 1443 1239 δ.
1463 1206 1498 1232 2.
1528 1207 1623 1233 Tunc.
1660 1205 1690 1233 11.
1711 1208 1778 1241 Op.
1802 1206 1885 1234 Nunc.
1909 1207 1940 1235 sr.
1962 1209 2003 1234 10.

1157 1249 1180 1282 §.
1199 1249 1224 1274 3.
1244 1247 1276 1274 de
1295 1247 1406 1274 edendo.
1425 1251 1449 1275 2.
1471 1250 1510 1275 13.
1531 1248 1633 1275 Statim.
1654 1248 1683 1276 fr.
1702 1251 1727 1276 4.
1746 1250 1768 1284 §.
1788 1252 1810 1276 l.
1831 1250 1863 1277 de
1882 1250 1957 1277 cond.
1978 1255 2004 1277 et

1159 1290 1225 1318 dem.
1244 1292 1286 1318 35.
1307 1293 1328 1318 l.
1365 1290 1407 1318 III.
1428 1292 1494 1319 Gn.
1514 1290 1687 1329 Posteaquam
1706 1293 1808 1326 scierit,
1828 1309 1860 1313 -
1879 1297 1934 1320 tum
1953 1297 2003 1319 etc.

1160 1333 1216 1360 Gai.
1235 1333 1265 1361 11.
1287 1335 1344 1361 195.
1381 1333 1410 1361 Si
1430 1335 1456 1361 in
1476 1335 1670 1371 quinquennio,
1689 1328 1721 1355 —'
1741 1339 1796 1362 tum
1815 1340 1863 1363 etc.
1887 1335 1917 1362 fr.
1937 1338 1961 1363 4.
1981 1336 2003 1370 §.

1163 1378 1183 1404 1.
1204 1376 1220 1403 l.
1239 1378 1281 1403 35.
1303 1378 1324 1403 l.
1362 1376 1391 1403 Si
1410 1378 1432 1403 is
1447 1387 1499 1403 non
1517 1378 1592 1410 vivit,
1611 1383 1666 1405 tum
1681 1382 1729 1405 etc.
1749 1377 1779 1405 sr.
1793 1379 1836 1406 33.
1854 1377 1887 1405 de
1899 1383 2002 1405 testam.

1160 1424 1208 1446 tut.
1226 1419 1268 1446 26.
1288 1421 1312 1446 2.
1350 1419 1466 1457 Oportet
1492 1425 1520 1447 ut
1544 1425 1592 1448 etc.
1613 1436 1645 1441 --
1665 1426 1720 1448 tum
1739 1422 1808 1448 enim
1828 1425 1876 1448 etc.
1895 1420 1952 1448 Gai.
1972 1421 2003 1448 II.

1162 1464 1219 1489 156.
1257 1462 1339 1489 ludex
1352 1468 1418 1490 esto.
1438 1462 1468 1489 Si
1481 1468 1531 1490 etc.
1547 1480 1577 1484 —
1591 1468 1647 1490 tum
1661 1464 1735 1497 (dare
1750 1464 1836 1491 facere
1849 1473 1907 1490 eum
1922 1463 2004 1498 iube.)

1161 1505 1190 1532 L.
1214 1505 1282 1532 Gall.
1304 1504 1405 1543 Cisalp.
1426 1516 1447 1532 c.
1466 1507 1508 1533 20.
1529 1506 1560 1533 cf.
1580 1505 1637 1533 Gai.
1657 1506 1702 1534 IV.
1720 1508 1762 1534 34.
1781 1508 1823 1533 36.

1196 1549 1392 1576 Tumidus.
1411 1548 1540 1582 (Adiect.)
1560 1551 1688 1577 Elatus.
1724 1549 1767 1576 III.
1783 1551 1848 1578 011.
1869 1550 1938 1586 Quis
1950 1555 2006 1577 tau-

1160 1597 1203 1618 tae
1222 1591 1361 1629 superbiae
1381 1591 1487 1619 fastidio
1507 1592 1623 1619 tumidus
1643 1597 1692 1625 est,
1711 1597 1740 1619 ut
1754 1597 1802 1619 etc.
1822 1602 1843 1620 c.
1859 1594 1900 1619 12.
1913 1603 1952 1630 pr.
1973 1592 2006 1620 de

1162 1634 1215 1661 LL.
1237 1636 1259 1661 l.
1281 1636 1321 1661 14.

1198 1679 1352 1705 Tumor.
1389 1678 1553 1714 Inflatio,
1575 1679 1712 1713 Tur-gor.
1742 1677 1783 1705 111.
1799 1679 1865 1706 011.
1879 1677 2006 1711 Caedere,

1164 1737 1195 1741 —
1215 1726 1244 1747 ut
1262 1720 1396 1747 scinderet
1414 1719 1491 1746 alicui
1511 1730 1621 1758 corpus,
1645 1720 1687 1747 vel
1711 1725 1839 1748 tumorem
1860 1720 1954 1748 facere.
1974 1720 2004 1748 fr.

1164 1765 1205 1790 27.
1225 1764 1246 1798 §.
1269 1765 1307 1790 17.
1328 1762 1360 1790 ad
1379 1762 1408 1790 L.
1432 1763 1500 1800 Aqu.
1520 1764 1544 1790 9.
1563 1766 1587 1790 2.
1625 1763 1749 1791 Faucium
1767 1769 1892 1791 tumores,
1912 1764 1943 1791 I'r.
1964 1766 2005 1791 14.

1164 1807 1186 1841 §.
1206 1807 1229 1833 8.
1249 1806 1281 1833 de
1300 1805 1387 1833 Aedil.
1408 1806 1484 1833 edict.
1503 1808 1546 1833 21.
1567 1808 1590 1833 1.

1199 1850 1501 1877 Tumussuarius.
1521 1849 1650 1883 (Adiect.)
1677 1851 1789 1876 Subito
1808 1851 1926 1884 factus.
1963 1849 2006 1876 111.

1164 1893 1231 1920 Gn.
1250 1891 1331 1918 Navis
1351 1891 1460 1919 adversa
1478 1897 1634 1930 tempestate
1657 1891 1797 1930 depressa,
1817 1908 1849 1913 —
1868 1892 2008 1920 tumultua-

1164 1937 1210 1963 riis
1234 1936 1395 1962 ornamentis
1418 1935 1451 1962 ad
1473 1945 1600 1973 praesens
1624 1936 1780 1973 comparatis
1804 1940 1853 1962 etc.
1877 1935 1907 1962 fr.
1927 1937 1950 1962 6.
1975 1935 2008 1963 de

1164 1978 1193 2006 L.
1212 1977 1299 2005 Rhod.
1319 1980 1359 2005 14.
1378 1980 1402 2005 2.

1200 2023 1481 2049 Tumultuosus.
1501 2019 1639 2053 (Adiect.)
1667 2022 1844 2053 Turbidus,
1870 2022 2007 2048 Seditio-

1165 2074 1224 2091 8118.
1260 2063 1304 2091 III.
1329 2065 1396 2092 οη.
1414 2064 1499 2100 Quasi
1517 2063 1716 2096 tumultuosum,
1734 2063 1777 2090 vel
1793 2065 1947 2090 iniuriosum
1965 2062 2008 2090 ad—

1166 2117 1260 2134 versus
1280 2107 1390 2134 colonos
1414 2107 1545 2139 Caesaris,
1565 2106 1748 2143 (prohibere.)
1772 2106 1802 2133 I'r.
1828 2108 1851 2133 3.
1875 2106 1898 2140 §.
1926 2108 1948 2132 l.
1975 2105 2007 2133 de

1168 2150 1210 2177 off.
1240 2149 1314 2177 Proc.
1340 2150 1416 2177 Caes.
1444 2152 1464 2176 1.
1491 2152 1529 2176 19.
1568 2149 1736 2176 Tumultuosi
1763 2149 1895 2176 clamores.
1923 2148 2006 2178 Nova.

1168 2204 1197 2220 ac
1221 2193 1381 2220 tumultuosa
1414 2192 1603 2219 conventicula.
1629 2202 1650 2219 c.
1669 2194 1693 2220 2.
1720 2192 1752 2219 de
1774 2192 1891 2219 seditios.
1916 2193 1940 2218 9.
1964 2193 2006 2218 30.

1168 2236 1218 2263 Th.
1238 2236 1269 2263 C.
1288 2235 1359 2263 XVI.
1378 2238 1402 2262 2.
1423 2246 1443 2262 c.
1462 2237 1503 2262 37.
1523 2235 1556 2262 de
1575 2236 1655 2273 episc.
1675 2235 1738 2262 eccl.

1204 2280 1416 2306 Tumultus.
1458 2279 1490 2312 §.
1515 2280 1549 2306 1.
1579 2281 1762 2306 Concursus
1788 2279 1947 2304 hominum
1975 2279 2007 2304 in

1168 2324 1295 2357 publico
1309 2323 1433 2358 factus.
1470 2320 1514 2348 III.
1533 2323 1599 2349 Gn.
1618 2321 1747 2348 Auctores
1766 2319 1906 2346 seditionis
1925 2325 1951 2346 et
1970 2324 2008 2347 tu-

1170 2364 1276 2397 multus,
1296 2364 1338 2391 vel
1358 2365 1532 2391 concitatores
1550 2363 1650 2402 populi.
1669 2362 1740 2389 Paul.
1754 2362 1786 2389 V.
1799 2365 1840 2389 22.
1860 2363 1881 2396 ξ.
1897 2365 1919 2389 1.
1939 2362 1970 2389 fr.
1985 2364 2007 2390 1.

1147 2413 1149 2423 ⁴
1170 2409 1191 2442 ᾗ.
1213 2409 1235 2434 1.
1256 2407 1287 2434 ad
1306 2406 1336 2434 L.
1356 2406 1404 2433 lul.
1424 2408 1480 2433 mai.
1500 2408 1542 2433 48.
1561 2408 1585 2432 4.
1606 2416 1626 2432 c.
1647 2407 1669 2431 5.
1691 2405 1722 2431 de
1742 2405 1766 2432 li.
1787 2407 1831 2443 qui
1851 2405 1882 2432 ad
1901 2405 1964 2432 eccl.
1985 2407 2008 2432 l.

1147 2470 1149 2480 ,
1171 2452 1210 2476 12.
1231 2449 1294 2476 Sine
1313 2450 1401 2483 turba,
1427 2460 1456 2476 ac
1474 2449 1585 2476 tumultu
1604 2447 1653 2475 Tb.
1673 2448 1703 2475 C.
1723 2448 1794 2475 XVI.
1816 2450 1853 2475 10.
1874 2459 1894 2475 e.
1916 2450 1956 2475 16.
1976 2447 2008 2475 de

1171 2503 1259 2529 pagan.
1280 2492 1322 2519 Cf.
1343 2492 1372 2520 fr.
1392 2494 1415 2520 4.
1435 2493 1457 2527 §.
1476 2495 1500 2519 2.
1519 2493 1545 2518 vi
1565 2491 1625 2517 bon.
1650 2496 1715 2528 rapt.
1734 2493 1775 2518 47.
1795 2492 1819 2518 8.
1856 2490 1914 2518 Nisi
1940 2490 2009 2517 forte

1148 2557 1149 2561 .
1171 2535 1297 2562 tumultus
1317 2535 1392 2563 aliter
1417 2535 1502 2562 sedari
1526 2544 1578 2560 non
1602 2535 1695 2571 possit.
1715 2533 1744 2560 sr.
1767 2535 1806 2560 16.
1825 2533 1857 2560 ad
1876 2533 1906 2560 L.
1926 2533 2006 2560 Corn.

1171 2578 1203 2604 de
1221 2580 1295 2605 sicar.
1315 2581 1356 2606 4⁸.
1377 2582 1400 2605 8.
1436 2577 1560 2614 Rapinae.
1580 2577 1715 2609 tumultus,
1734 2576 1865 2608 incendia,
1886 2587 2009 2614 aquarum

1171 2621 1376 2656 magnitudines,
1401 2622 1512 2658 impetus
1532 2619 1699 2657 praedonum.
1719 2620 1748 2647 fr.
1768 2621 1808 2647 23.
1829 2619 1861 2646 de
1879 2619 1909 2647 R.
1928 2619 1946 2646 1.
1966 2622 2007 2646 50.

1174 2665 1213 2690 17.
1233 2664 1265 2690 cf.
1285 2664 1315 2690 Ir.
1337 2666 1357 2690 1.
1377 2664 1399 2698 §.
1422 2665 1442 2689 1.
1466 2662 1496 2689 fr.
1517 2665 1556 2690 18.
1576 2663 1667 2700 depos.
1688 2664 1726 2689 16.
1746 2665 1770 2689 3.
1795 2662 1824 2689 I'r.
1846 2664 1867 2689 1.
1892 2663 1913 2697 §.
1932 2664 1956 2689 2.
1976 2662 2008 2689 de

1174 2706 1276 2733 incend.
1300 2708 1380 2733 ruina.
1400 2708 1440 2732 47.
1460 2707 1482 2733 9.
1504 2722 1535 2726 -
1561 2706 1592 2740 ξ.
1611 2707 1647 2733 8.
1668 2708 1842 2741 strepitus.
1878 2705 1922 2732 III.
1941 2706 2007 2733 οη.

1175 2749 1333 2786 Capitulium
1353 2750 1486 2776 criminum
1507 2749 1627 2780 tumultu,
1647 2753 1672 2774 et
1690 2748 1802 2775 nefariae
1815 2748 1954 2775 delationis
1972 2748 2008 2774 iu-

1174 2791 1250 2818 diciis
1274 2793 1446 2826 (incessere.)
1470 2792 1518 2819 Th.
1537 2791 1568 2819 C.
1588 2792 1632 2819 IX.
1651 2793 1675 2818 6.
1701 2802 1722 2818 c.
1744 2793 1764 2817 l.
1785 2801 1818 2818 ne
1836 2796 1916 2829 praet.
1936 2791 2006 2816 crini.

1175 2845 1231 2862 mai.
