2197 3121
1012 151 1098 183 INC.

194 238 217 263 1.
229 236 250 270 §.
262 237 286 261 5.
297 236 320 262 si
330 245 390 272 pars
401 234 491 261 bered.
505 236 529 261 5.
541 236 565 261 4.
585 234 615 261 Si
632 235 760 260 incertum
774 238 814 259 est
828 232 860 259 de
873 233 1032 269 (quantitate
1050 236 1052 244 ¹

194 278 342 316 ponderis.)
354 278 384 304 fr.
397 280 419 305 1.
435 279 457 312 §.
469 280 510 304 40.
521 277 613 314 depos.
628 278 668 303 16.
680 278 702 302 3,
724 276 827 302 Incerto
837 275 895 305 hoc.
907 282 1031 313 quantum

195 326 243 348 etc.
264 321 366 347 Incerto
377 320 470 352 adhuc.
482 330 513 347 an
524 326 572 347 etc.
584 320 614 346 fr.
625 321 649 345 3.
662 319 694 346 de
705 324 752 345 tut.
766 324 791 346 et
802 324 848 345 rat.
859 321 901 346 27.
913 321 936 346 3.
948 320 979 346 fr.
990 321 1031 346 36.

194 364 217 397 §.
230 366 253 391 4.
274 363 306 390 ad
324 363 354 390 L.
365 363 435 390 Falc.
453 365 495 390 35.
515 365 538 390 2.
559 373 580 389 c.
597 364 618 388 1.
639 361 671 388 de
682 362 712 388 B.
724 361 751 388 P.
772 372 793 388 S.
812 366 829 388 t.
846 363 869 388 6.
883 364 922 388 ll.
949 362 1032 398 Quasi

195 406 228 433 (18
246 417 274 433 rc
294 406 380 438 dubia,
401 411 426 433 et
444 406 490 433 lite
509 407 608 432 incerta
629 415 713 441 neque
732 405 814 436 finita.
833 406 986 441 transigere.
1001 405 1032 431 fr.

195 451 220 476 1.
239 449 271 476 de
290 454 412 476 transact.
431 451 455 475 2.
478 451 517 474 15.
554 448 654 474 Incerta
679 447 743 474 haec.
767 452 793 473 et
815 448 949 484 inopinata
968 448 1033 480 (tur-

195 492 259 519 bant
277 492 474 530 provinciales.)
494 491 524 518 t'r.
546 493 570 517 4.
590 491 610 524 ξ.
631 492 655 516 4.
675 490 708 516 de
727 490 769 516 oss'.
790 489 864 516 Proc.
887 495 912 516 et
930 489 992 526 Leg.
1011 492 1032 516 l.

196 537 237 562 16.
275 535 330 562 Suh
350 535 450 560 incerto
470 534 547 567 (eius,
567 535 611 570 qui
631 533 745 566 edetur.)
770 533 852 558 satius
872 537 924 565 est,
945 543 965 559 s.
986 534 1035 559 uti-

195 577 255 605 lius.
275 578 308 605 fr.
329 580 351 604 l.
372 577 409 610 βξ.
428 578 453 603 3.
472 579 495 602 5.
521 576 553 603 de
577 581 669 602 ventre
694 577 720 602 in
743 585 815 612 poss.
835 577 876 601 37.
901 577 925 601 9.
950 574 981 602 cf.
1002 575 1033 602 sr.

196 622 236 647 16.
257 621 338 654 §.14.
359 619 391 646 ad
411 619 437 646 S.
457 619 488 646 C.
508 618 587 645 Treh.
606 620 648 645 36.
670 620 692 645 1.
735 617 765 644 In
788 619 889 644 incerto
909 618 990 651 (esse,
1009 628 1033 644 v.

196 662 331 700 relinqui.)
356 662 412 689 Gai.
433 662 463 688 II.
483 664 524 689 44.
549 661 593 688 IV.
614 663 670 687 131.
690 661 720 687 sr.
745 662 785 687 75.
811 661 833 695 ξ
853 664 877 687 8.
897 660 930 687 (18
948 660 979 687 V.
1001 661 1033 687 Ο.

196 707 237 731 45.
259 707 281 731 l.
317 705 447 732 Incertum
467 706 523 731 eius
543 706 579 731 rei
599 704 710 737 (venire,
729 714 754 730 v.
774 705 927 737 aestimari.)
947 703 1033 730 sr.11.

197 747 230 774 de
249 747 338 774 hered.
358 758 382 774 v.
403 752 450 774 act.
471 747 548 773 vend.
569 748 608 773 18.
628 748 651 773 4.
675 746 705 772 fr.
727 748 767 774 12.
787 746 820 773 de
839 747 871 773 Α.
891 747 920 773 Ε.
942 747 972 774 V.
994 749 1033 774 19.

197 791 220 817 1.
257 789 333 821 Litis.
352 801 377 817 v.
397 790 597 822 Contentionis,
621 790 756 816 incertum.
783 800 803 816 c.
828 792 870 816 20.
890 800 928 827 pr.
948 790 1033 817 mand.

195 835 220 859 4.
239 833 280 859 35.
313 832 363 859 Th.
383 832 414 859 C.
434 832 493 859 XV.
514 834 554 859 10.
579 843 600 859 c.
621 834 643 858 1.
668 832 700 858 de
725 842 784 869 equ.
804 832 885 859 curul.
922 832 1035 870 Propter

195 876 325 902 incertum
349 876 556 908 (successionis,
575 885 599 901 v.
620 876 725 907 aetatis,
750 885 774 901 v.
794 875 980 909 conditionis.)
1003 875 1032 903 sr.
1055 873 1056 876 ¹

197 919 238 944 14.
259 917 291 944 de
310 923 434 944 trausact.
453 920 478 943 2.
500 920 538 944 15.
558 917 591 944 fr.
611 920 649 944 ll.
669 928 709 955 pr.
729 917 761 944 de
780 918 810 944 B.
824 917 853 944 P.
873 928 893 945 s.
908 924 925 945 t.
939 921 980 946 37.
994 921 1033 945 11.
1055 936 1057 954 s

195 961 227 988 fr.
246 962 287 987 48.
308 961 329 994 ξ.
352 962 373 987 l.
393 960 426 987 de
444 960 560 987 fideiuss.
574 962 614 987 46.
631 963 642 986 l
691 960 804 998 Propter
822 962 985 998 antiquitatis
998 964 1034 989 in-

197 1008 306 1030 certum.
327 1003 376 1030 Th.
391 1003 422 1030 C.
436 1003 454 1030 I.
468 1004 492 1029 4.
513 1013 534 1029 c.
548 1005 572 1030 3.
593 1003 697 1037 (ch.)
717 1003 750 1030 de
763 1014 833 1041 resp.
847 1005 923 1041 prud.
950 1006 1036 1032 Even-

197 1051 249 1077 tus.
269 1056 290 1072 s.
310 1046 413 1078 Exitus,
432 1047 556 1072 incertus.
580 1045 610 1072 fr.
630 1048 671 1072 51.
695 1046 728 1073 de
746 1047 832 1084 pecul.
853 1049 892 1074 15.
914 1050 935 1075 l.
960 1048 990 1075 fr.
1010 1050 1034 1075 6.

198 1088 250 1124 Qu.
276 1088 333 1115 fals.
357 1093 405 1115 tut.
430 1091 472 1115 27.
497 1090 520 1115 6.
550 1099 571 1115 c.
595 1090 619 1115 6.
644 1089 676 1115 de
704 1090 764 1117 inst.
789 1095 814 1117 et
838 1090 921 1117 subst.
946 1093 969 1118 6.
993 1094 1035 1118 25.

197 1131 273 1158 Ordo
291 1133 407 1158 incertus
427 1132 631 1165 (nascentium.)
656 1132 686 1158 sr.
708 1134 747 1159 15.
767 1143 807 1169 sq.
827 1133 859 1160 (Ie
878 1138 947 1160 statu
966 1134 1035 1161 hom.

198 1176 223 1201 1.
241 1176 266 1200 5.
287 1190 317 1195 -—
338 1174 369 1207 §.
389 1175 478 1201 1·A.
501 1177 686 1201 Fortuitus.
723 1175 765 1202 ΙΙΙ.
781 1177 847 1203 Cn.
868 1177 930 1213 Qui,
949 1177 1037 1215 lapide

198 1217 294 1243 iactato
313 1217 428 1244 incerto.
452 1217 560 1244 fortuito
586 1222 696 1244 statuam
721 1218 850 1255 adtigerit.
875 1219 905 1246 fr.
925 1223 949 1247 5.
970 1221 992 1254 ξ.
1014 1223 1035 1247 1.

199 1259 232 1286 ad
250 1258 279 1285 L.
299 1259 346 1286 Iul.
366 1261 425 1286 mai.
444 1261 484 1286 48.
505 1262 529 1286 4.
551 1277 580 1281 —
602 1261 632 1295 §.
651 1262 686 1288 2.
708 1263 777 1288 Non
796 1264 968 1298 definitus.
1005 1264 1035 1290 Π.

199 1303 266 1336 01).
285 1302 412 1334 Evidens‚
432 1302 473 1329 vel
494 1308 604 1335 certum,
625 1319 657 1323 —
676 1303 807 1331 Incertum
827 1306 883 1338 (aes
903 1305 1036 1340 alienum.)

197 1344 228 1371 sr.
250 1346 272 1371 1.
296 1345 318 1379 §
338 1347 362 1372 4.
382 1346 405 1372 si
425 1347 465 1372 cui
484 1345 520 1383 pl.
545 1356 587 1382 qu.
613 1357 638 1384 p.
658 1346 687 1373 L.
707 1346 776 1374 Falc.
796 1350 836 1375 35.
856 1350 880 1374 3.
918 1349 1036 1382 Certum,

197 1403 230 1408 —
249 1387 380 1415 Incertum
400 1389 534 1425 (pretium,
554 1399 578 1415 v.
599 1399 704 1427 corpus,
723 1400 746 1417 v.
766 1392 891 1428 tempus)
912 1392 942 1419 fr.
955 1394 977 1419 7.
996 1393 1032 1427 §§.

198 1432 222 1457 l.
241 1440 282 1467 sq.
301 1430 335 1457 de
355 1436 437 1458 contr.
458 1437 517 1458 emt.
540 1434 578 1458 18.
601 1435 622 1459 l.
646 1433 675 1459 fr.
696 1435 737 1460 87.
758 1433 790 1460 (18
809 1434 886 1471 legat.
905 1435 948 1461 111.
969 1436 1036 1469 (32.)

198 1483 220 1500 c.
239 1476 264 1500 2.
289 1473 321 1500 de
345 1474 405 1501 don.
430 1485 473 1511 qu.
501 1485 522 1501 s,
546 1475 615 1501 mod.
639 1477 663 1502 8.
689 1478 730 1502 55.
768 1476 847 1504 Certa
866 1480 984 1514 pecunia.
1004 1495 1037 1498 —

197 1515 337 1543 Incertum.
358 1517 414 1544 Gai.
433 1517 477 1543 lv.
497 1519 538 1544 5l.
558 1519 599 1544 68.
638 1518 719 1549 Certi.
739 1535 771 1539 —
790 1519 884 1547 Incerti
903 1521 1037 1557 (legatum,

197 1568 223 1585 v.
243 1559 389 1596 stipulatio,
409 1570 429 1586 s.
450 1560 602 1593 condictio.)
627 1561 657 1588 fr.
677 1563 700 1588 8.
721 1562 753 1589 (18
772 1563 852 1589 usul'r.
873 1573 923 1590 ear.
943 1574 992 1591 rer.
1013 1567 1036 1591 7.

199 1603 223 1628 5.
243 1601 273 1628 fr.
294 1604 352 1629 118.
372 1603 394 1637 §.
413 1605 438 1629 2.
459 1603 491 1629 de
511 1602 541 1629 V.
562 1603 594 1630 Ο.
615 1605 656 1630 45.
678 1606 700 1631 1,
725 1605 755 1632 fr.
777 1608 816 1632 12.
837 1606 869 1632 de.
888 1612 975 1633 novat.
994 1609 1036 1634 46.

199 1645 224 1670 2.
261 1644 367 1677 Certus,
388 1662 418 1666 —-
438 1645 557 1672 Incertus
578 1647 771 1681 (contractus.)
797 1648 826 1675 fr.
851 1651 875 1676 9.
895 1660 933 1686 pr.
954 1649 986 1676 de
1005 1650 1036 1677 R.
1059 1651 1060 1677 l

201 1685 233 1713 C.
258 1688 297 1714 12.
322 1690 344 1714 1.
369 1688 400 1715 fr.
424 1690 444 1715 l.
470 1689 492 1722 §.
512 1690 535 1715 6.
560 1689 592 1715 de
611 1700 704 1727 pecun.
725 1697 808 1718 const.
829 1694 869 1719 13.
889 1695 913 1719 5.
949 1692 1037 1725 Certa,

202 1745 234 1749 --
253 1729 353 1757 Incerta
373 1731 537 1768 (quantitaS‚
557 1742 578 1758 s.
598 1742 673 1770 pars,
693 1744 717 1760 v.
738 1734 874 1771 stipulatio
894 1736 960 1768 etc.)
981 1736 1037 1762 Gai.

202 1771 247 1798 lv.
271 1774 313 1799 54.
337 1773 367 1799 fr.
393 1774 433 1800 76.
457 1774 478 1808 §.
501 1776 522 1801 1.
547 1774 579 1801 de
603 1775 633 1802 R.
653 1775 686 1802 V.
705 1778 729 1803 6.
756 1778 778 1804 1.
804 1776 834 1803 fr.
857 1779 895 1803 10.
920 1779 941 1811 ξ.
964 1780 986 1804 l.
1007 1779 1039 1805 de

202 1824 260 1840 aun.
280 1814 355 1851 legat.
374 1817 416 1841 33.
438 1818 459 1842 l.
479 1816 509 1843 fr.
528 1818 569 1843 68.
590 1817 622 1844 de
636 1818 667 1845 V.
687 1818 720 1845 Ο.
740 1821 781 1845 45.
804 1821 825 1845 l.
863 1820 963 1847 Incerta
982 1831 1040 1858 per-

201 1867 274 1884 sona.
294 1872 328 1877 —
348 1857 445 1884 Certus
465 1861 581 1892 (tutor.)
612 1860 669 1887 Gai.
693 1861 724 1888 II.
748 1863 807 1888 238.
833 1872 873 1899 sq.
910 1863 952 1889 ΙΙΙ.
973 1866 1038 1892 Gn.

201 1899 258 1926 Sub
273 1905 341 1926 certa
356 1900 579 1929 demonstratione
592 1904 706 1930 incertae
718 1915 847 1942 personae
860 1905 939 1942 legari
950 1916 1039 1943 posse.

202 1941 263 1979 le.
282 1942 379 1969 XXIV.
401 1944 440 1969 18.
477 1943 577 1971 Incerta
597 1956 722 1983 persona.
742 1947 784 1974 vel
804 1948 961 1985 posthumus
981 1949 1041 1976 alie-

201 1995 259 2012 nus.
279 1985 336 2012 Gai.
350 1985 380 2012 ΙΙ.
394 1987 453 2012 287.
491 1987 597 2025 Corpus
616 1989 751 2016 incertum.
772 1990 831 2028 le.
845 1991 927 2018 XXII.
942 1994 965 2018 5.
992 1992 1041 2019 He-

202 2038 245 2054 res
268 2029 393 2055 incertus.
418 2028 448 2055 fr.
474 2031 516 2057 70.
538 2041 576 2067 pr.
602 2031 634 2057 de
658 2031 689 2058 V.
714 2032 741 2059 S.
766 2035 806 2060 50.
833 2035 872 2060 l6.
918 2034 1040 2067 Perinde.

203 2073 277 2107 quasi
297 2082 329 2098 ex
348 2071 404 2098 filio
424 2071 466 2098 vel
485 2074 584 2100 incerto
605 2074 694 2107 (natus
713 2077 756 2107 sit.
776 2086 813 2103 sc.
832 2078 936 2114 nepos.)
957 2077 986 2104 fr.
998 2080 1039 2105 43.

204 2122 244 2149 sq.
264 2113 296 2140 de
309 2113 396 2151 adopt.
413 2115 435 2140 l.
450 2116 473 2141 7.
510 2115 641 2143 Incertum
661 2117 792 2145 deducere
805 2120 831 2145 in
845 2120 1039 2157 obligationem.

205 2154 347 2192 Stipulatio
366 2158 474 2192 incerta.
494 2168 514 2185 s.
540 2160 640 2186 incerti.
666 2159 696 2187 fr.
718 2163 757 2188 75.
783 2172 821 2199 pr.
846 2163 867 2197 §.
888 2165 910 2189 1.
931 2163 960 2190 fr.
982 2166 1040 2191 118.

206 2198 228 2231 §.
247 2200 272 2224 2.
292 2198 324 2225 de
342 2199 375 2225 V.
390 2200 423 2226 Ο.
438 2202 479 2227 45.
495 2203 518 2227 l.
555 2201 684 2234 Formula,
705 2214 754 2240 qua
773 2205 901 2232 incertum
919 2208 1040 2243 petimus.
1061 2228 1063 2242 ,

206 2240 307 2266 Incerta
324 2241 442 2269 formula.
462 2242 518 2270 Gai.
538 2244 581 2272 IV.
602 2247 643 2271 54.
666 2247 721 2272 131.
763 2247 893 2274 Incertum
912 2249 1041 2286 stipulari,

208 2292 231 2308 v.
251 2292 299 2319 pro
319 2282 399 2311 altero
418 2285 470 2312 fide
489 2296 536 2313 sua
556 2297 615 2314 esse
634 2289 731 2315 iubere.
752 2289 788 2316 lb.
809 2290 852 2317 IV.
874 2293 929 2318 136.
950 2302 990 2328 sq.
1011 2293 1040 2319 fr.

211 2327 265 2350 106.
286 2324 318 2351 de
331 2324 362 2351 V.
383 2326 415 2352 O.
435 2330 476 2354 45.
498 2331 518 2354 l.
556 2330 634 2357 Actio
654 2333 746 2358 incerti
765 2343 797 2359 ex
816 2334 950 2370 stipulatu.
971 2335 1001 2362 fr.
1016 2338 1039 2362 4.

208 2377 248 2404 pr.
268 2366 300 2393 de
319 2378 390 2394 usur.
408 2372 449 2396 22.
471 2373 492 2397 l.
529 2372 624 2399 Civilis
644 2375 738 2401 incerti
751 2377 827 2407 actio.
847 2377 864 2402 i.
879 2388 900 2403 e.
914 2379 1042 2414 praescri-

208 2411 263 2447 ptis
281 2410 378 2436 verbis.
403 2411 432 2438 fr.
452 2414 475 2439 7.
499 2414 520 2447 ξ.
539 2417 563 2441 2.
584 2416 616 2443 de
635 2422 702 2454 pact.
726 2420 750 2444 2.
772 2420 811 2445 14.
836 2419 865 2445 fr.
886 2422 928 2446 23.
949 2431 1041 2448 comm.

211 2452 262 2479 div.
283 2454 322 2478 10.
341 2455 365 2479 3.
386 2464 406 2479 c.
427 2456 450 2480 9.
463 2455 502 2486 vdc
520 2457 606 2485 donat.
626 2463 650 2486 8.
670 2462 710 2487 54.
749 2460 829 2488 Civili
848 2463 993 2490 intentione
1007 2465 1044 2490 in-

211 2497 275 2522 certi
294 2496 428 2531 agendum.
448 2496 478 2523 fr.
497 2500 521 2525 6.
540 2500 572 2526 de
590 2512 689 2538 praesc.
708 2514 750 2530 vv.
772 2506 810 2530 19.
823 2507 846 2531 5.
883 2505 993 2541 Agendo
1007 2508 1043 2533 in-

212 2540 284 2564 certi.
305 2540 430 2575 consequi
450 2545 498 2566 etc.
522 2540 552 2568 fr.
570 2545 595 2570 2.
619 2545 640 2578 §,
660 2547 684 2572 4,
709 2546 741 2573 de
760 2546 847 2574 donat,
871 2549 912 2574 39,
932 2550 955 2575 5,
993 2549 1043 2576 Vel

212 2592 244 2608 ex
268 2581 376 2608 vendito
401 2592 475 2618 agere
503 2594 596 2620 posse,
623 2587 666 2614 vel
688 2590 816 2616 incertum
841 2590 990 2622 condicere.
1015 2598 1043 2618 ut

212 2629 261 2650 etc.
286 2624 315 2650 fr.
340 2625 381 2650 35.
405 2624 437 2651 de
461 2625 487 2652 S.
508 2625 535 2652 P.
556 2626 587 2653 V.
606 2629 629 2654 8.
648 2631 672 2656 2.
712 2631 795 2659 Posse
820 2634 912 2660 incerti
932 2635 1043 2667 condiet,

212 2668 287 2704 quasi
307 2672 355 2693 etc.
375 2666 404 2692 fr.
426 2669 465 2694 16.
485 2669 507 2702 §.
526 2671 550 2695 2.
570 2669 602 2696 de
620 2673 711 2700 minor.
730 2677 753 2701 4.
773 2677 796 2701 4.
817 2675 846 2702 fr.
866 2678 907 2703 40.
926 2678 948 2711 §.
969 2680 991 2704 1.
1012 2678 1045 2705 (18

177 2712 180 2715 ’
212 2709 288 2736 cond.
308 2709 396 2735 indeh.
417 2711 456 2736 12.
476 2713 499 2737 6.
540 2712 634 2739 Incerti
659 2709 822 2744 condictione
841 2719 994 2757 (consequi,
1019 2732 1043 2748 v.

214 2752 391 2789 compellere.)
412 2752 442 2778 sr.
461 2755 484 2779 3.
505 2754 537 2780 de
556 2756 630 2782 cond.
651 2757 707 2783 sine
731 2768 752 2784 c.
773 2761 811 2787 12.
832 2763 855 2787 7.
879 2761 910 2788 fr.
929 2765 952 2789 2.
978 2764 1000 2797 §.
1020 2766 1043 2791 3.

215 2794 247 2821 de
266 2795 352 2821 donat.
373 2796 414 2821 39,
434 2797 456 2820 5.
488 2810 518 2813 --
548 2797 578 2830 §.
598 2801 635 2828 3.
667 2801 734 2826 Non
755 2803 892 2830 idoneus.
930 2805 960 2832 II.
978 2808 1044 2840 ⁰1¹·

1852 155 1914 185 449

1076 235 1187 265 Bonum,
1208 250 1238 254 ——
1258 234 1389 260 Incertum
1408 234 1537 267 (nomen.)
1557 233 1586 260 fr.
1607 235 1630 260 l.
1649 244 1688 271 pr.
1709 234 1741 260 ad
1760 233 1826 261 SC.
1848 234 1912 261 Mac.

1078 279 1116 303 14.
1137 278 1160 303 6.
1181 276 1222 303 ΠΙ.
1235 278 1301 304 Cn.
1320 276 1429 303 Incertis
1448 277 1597 304 nominibus
1617 276 1724 304 credere
1744 278 1913 314 (pecuniam.)

1076 319 1112 346 lb.
1133 319 1149 346 1.
1169 319 1186 346 1.

1112 363 1368 390 Incessanter.
1405 362 1519 393 (Advb.)
1557 364 1631 389 Sine
1649 373 1743 389 mora.
1782 362 1822 389 III.
1847 365 1913 391 Cn.

1076 405 1173 432 Incess.
1194 404 1323 442 stipendia
1342 414 1441 431 merere
1461 405 1602 441 designata.
1623 410 1648 431 et
1666 410 1772 432 strenue
1791 406 1914 433 insudare

1078 449 1227 485 (susceptis
1252 448 1355 479 armis.)
1389 447 1438 474 Th.
1464 447 1495 474 C.
1520 447 1586 474 YIII.
1611 451 1634 474 4.
1659 459 1680 475 c.
1703 450 1744 475 28.
1765 448 1798 475 de
1823 449 1914 476 cohor-

1077 490 1121 517 tal.
1158 491 1254 518 Iucess.
1275 491 1438 526 conquirere.
1458 501 1481 516 c.
1503 492 1526 517 6.
1547 491 1568 524 §.
1591 493 1613 517 6.
1635 491 1666 517 (18
1685 491 1709 517 11.
1730 501 1773 527 qu.
1794 491 1828 518 ad
1848 492 1911 519 eccl.

1079 535 1101 559 l.
1126 535 1166 560 12.

1113 578 1324 604 Incesserc.
1343 578 1513 607 Invadere,
1534 578 1698 610 .—ldpe!ere.
1721 577 1764 604 III.
1778 579 1842 605 Gn.
1862 577 1912 604 Ne-

1079 618 1157 645 fariae
1177 619 1316 645 delationis
1336 619 1440 645 iudiciis
1460 620 1593 645 incessere
1617 620 1748 652 (auctores
1775 620 1913 647 liberalita-

1079 663 1134 695 tis)
1154 661 1203 688 Th.
1224 662 1254 688 C.
1275 662 1320 688 IX.
1344 663 1367 688 6.
1394 672 1415 688 c.
1441 664 1463 688 1.
1488 671 1522 688 118
1540 666 1621 698 praet.
1646 663 1716 688 crim.
1754 662 1814 690 Yox
1833 664 1914 689 conti-

1055 716 1057 719 *
1078 715 1144 731 nuao.¹
1164 706 1339 731 accusationis
1353 706 1469 731 incesset
1483 704 1649 741 (sacrilegum
1663 707 1778 739 nomen.)
1791 706 1828 732 Ib.
1842 705 1912 733 XVI.

1079 749 1102 774 7.
1124 758 1145 774 c.
1166 750 1189 774 7.
1208 758 1248 785 pr.
1268 748 1301 774 de
1320 752 1430 785 apostat.

1114 792 1324 818 Incestare.
1362 793 1526 822 Polluere,
1549 791 1695 817 Violare.
1733 790 1844 825 1101).
1864 791 1914 818 Pu-

1078 833 1188 859 rificarc.
1209 833 1258 859 Th.
1280 833 1310 860 C.
1330 833 1400 860 XVI.
1421 834 1444 859 6.
1465 843 1486 859 c.
1505 835 1530 859 2.
1549 843 1588 870 pr.
1608 843 1641 859 ne
1660 833 1688 860 S.
1701 833 1771 871 bapt.
1791 833 1833 860 III.
1848 835 1913 861 Cn-

1078 876 1202 902 Insaustis
1227 877 1357 902 incestare
1380 875 1549 913 adspectibus
1575 875 1679 909 (oculos
1703 876 1857 908 hominum.)
1876 876 1913 903 Ib.

1078 919 1122 945 lx.
1144 921 1183 945 17.
1204 929 1225 945 c.
1245 920 1269 944 5.
1290 919 1311 952 ξ,
1333 921 1355 944 l.
1376 918 1407 945 de
1427 918 1526 956 sepulc.
1545 918 1608 945 viot.
1628 918 1729 945 cf.V11.
1750 921 1772 945 1.
1787 929 1808 946 c.
1823 921 1862 945 13.
1883 919 1915 945 de

1114 1017 1280 1043 Inceste.
1302 1014 1414 1048 (Advb.)
1441 1017 1516 1042 Cum
1536 1022 1612 1043 nota
1632 1018 1781 1043 incestus.
1801 1016 1832 1043 II.
1848 1018 1915 1051 Op.

1080 1058 1168 1086 Castc.
1189 1058 1225 1085 Cf
1250 1058 1274 1085 h.
1294 1068 1318 1084 v.

1115 1110 1324 1140 Incestum,
1349 1119 1369 1135 s.
1389 1110 1576 1136 Incestus.
1615 1111 1725 1136 Coitio
1743 1112 1915 1144 prohibita

1080 1155 1168 1179 inter
1195 1162 1355 1187 personas
1382 1154 1577 1187 cognatione
1605 1154 1743 1179 iunctas.
1781 1152 1824 1179 III.
1850 1154 1915 1181 Gn.

1081 1195 1154 1222 Citra
1178 1205 1289 1233 poenam
1313 1195 1407 1221 incesti
1431 1204 1539 1221 uxorem
1564 1194 1658 1221 (lucere
1682 1195 1768 1221 licere.
1793 1194 1865 1221 Paul.
1885 1195 1914 1222 Π.

1082 1240 1121 1265 19,
1141 1239 1163 1272 ξ.
1183 1241 1207 1265 5.
1250 1238 1381 1264 Incestum
1400 1247 1448 1274 per
1467 1237 1660 1264 matrimonium
1677 1237 1797 1264 illicitum
1816 1243 1916 1264 contra-

1082 1287 1158 1308 etum.
1179 1280 1208 1308 fr.
1228 1282 1270 1307 38.
1290 1281 1328 1315 §§.
1348 1282 1373 1306 3.
1393 1282 1416 1307 7.
1437 1279 1468 1306 ad
1487 1279 1517 1306 L.
1537 1279 1584 1306 Iul.
1604 1279 1636 1306 de
1656 1280 1735 1307 adult.
1750 1282 1790 1307 45.
1804 1283 1827 1307 5.
1864 1281 1917 1307 Ad-

1081 1324 1203 1351 ulterium
1223 1334 1280 1350 cum
1300 1325 1401 1350 incesto
1422 1324 1591 1350 committere.
1611 1322 1641 1349 fr.
1654 1324 1696 1349 38.
1717 1334 1755 1361 pr.
1775 1324 1805 1350 fr.
1824 1325 1865 1351 39.
1879 1324 1916 1358 ἓξ.

1081 1370 1104 1395 5.
1124 1378 1182 1404 sqq.
1203 1367 1237 1393 ib.
1258 1368 1299 1394 48.
1311 1368 1334 1393 5.
1371 1365 1429 1392 Ιιιι·8
1448 1367 1563 1402 gentium
1582 1367 1711 1392 incestum
1730 1366 1917 1403 (prohibitum)

1082 1412 1251 1437 committere.
1272 1409 1302 1436 fr.
1323 1410 1364 1436 38.
1385 1409 1405 1443 ξ.
1425 1410 1450 1435 2.
1469 1409 1504 1435 ib.
1523 1410 1564 1436 48,
1585 1411 1608 1436 5.
1634 1409 1665 1436 cf.
1690 1409 1720 1435 fr.
1739 1411 1781 1436 39.
1802 1410 1823 1444 ξ.
1844 1411 1866 1436 1.
1887 1409 1917 1436 fr.

1081 1456 1122 1481 68.
1142 1453 1173 1480 de
1190 1453 1223 1480 R.
1242 1452 1274 1478 N.
1293 1453 1334 1478 23.
1353 1453 1378 1477 2.
1416 1451 1537 1484 Crimen,
1557 1451 1656 1484 Poena,
1680 1453 1782 1479 incesti.
1803 1452 1832 1479 fr.
1853 1454 1875 1479 7.
1895 1453 1917 1487 §.

1083 1499 1104 1523 1.
1125 1496 1154 1523 fr.
1173 1498 1215 1523 38.
1236 1496 1273 1529 ἐξ
1293 1496 1317 1521 3.
1337 1504 1377 1531 sq.
1397 1494 1427 1521 fr.
1446 1496 1488 1520 39.
1512 1495 1550 1528 §§.
1569 1496 1593 1521 5.
1614 1497 1636 1521 7.
1657 1494 1689 1521 ad
1707 1494 1737 1521 L.
1757 1494 1804 1522 Iul.
1825 1495 1857 1521 dc
1876 1495 1917 1522 ad-

1081 1539 1127 1566 ult.
1147 1540 1188 1566 48.
1208 1541 1231 1565 5.
1252 1537 1323 1564 Paul.
1342 1537 1373 1563 ΙΙ.
1392 1539 1433 1564 26.
1454 1538 1475 1571 ξ.
1498 1539 1536 1564 15.

1117 1591 1304 1618 Incestus.
1325 1588 1454 1622 (Adiect.)
1474 1590 1696 1615 lncestuoxus.
1720 1587 1763 1614 III.
1784 1589 1848 1615 Cn.
1868 1587 1918 1614 Ne-

1082 1633 1159 1660 sarias
1178 1638 1255 1669 atque
1274 1633 1388 1658 incestas
1407 1632 1511 1668 nuptias
1532 1631 1693 1657 contrahere.
1713 1630 1769 1656 Gai.
1790 1630 1808 1656 l.
1824 1632 1864 1657 64.
1886 1631 1917 1657 cf.

1081 1679 1123 1703 59.
1144 1676 1175 1702 cs.
1196 1686 1216 1702 c.
1237 1677 1259 1702 7.
1280 1675 1312 1701 de
1331 1680 1382 1701 nat.
1407 1674 1481 1700 liber.
1505 1676 1529 1699 5.
1553 1675 1595 1699 27.
1635 1673 1766 1700 Incestum
1789 1674 1919 1700 matrimo-

1083 1721 1154 1746 nium
1174 1717 1336 1745 contrahere.
1363 1716 1423 1753 t‘lp.
1444 1716 1474 1742 V.
1500 1718 1522 1742 7.
1559 1715 1677 1742 Incestae
1700 1717 1806 1753 nuptiae
1826 1716 1919 1743 confir-

1083 1763 1146 1788 mari
1172 1771 1225 1788 non
1248 1759 1343 1786 solent.
1368 1758 1398 1786 fr.
1421 1760 1463 1785 38.
1492 1758 1513 1792 §.
1538 1759 1561 1785 6.
1591 1758 1623 1785 ad
1650 1757 1680 1784 L.
1704 1758 1750 1785 Iul.
1768 1759 1814 1786 'de
1838 1759 1917 1786 adult.

1083 1806 1124 1831 48.
1143 1806 1167 1830 5.

1118 1856 1320 1882 Inchoare.
1357 1854 1520 1887 Incipere,
1540 1854 1708 1879 Exordiri.
1732 1852 1750 1879 1.
1771 1853 1833 1886 Sy.
1853 1851 1920 1879 Coe-

1083 1899 1164 1936 pisse.
1184 1897 1214 1924 fr.
1233 1899 1275 1923 21.
1300 1897 1321 1930 §
1341 1898 1365 1922 2.
1392 1895 1425 1922 de
1448 1894 1479 1921 Ν.
1500 1894 1532 1921 G.
1551 1896 1575 1921 3.
1595 1896 1619 1921 5.
1643 1894 1673 1921 fr.
1692 1896 1716 1921 8.
1743 1894 1775 1921 de
1799 1905 1868 1922 mun.
1894 1900 1920 1922 et

1084 1941 1144 1968 hon.
1164 1943 1205 1967 50.
1224 1942 1248 1966 4.
1268 1938 1298 1966 fr.
1320 1940 1341 1965 l.
1361 1939 1398 1972 §§.
1418 1940 1441 1964 4.
1461 1947 1500 1973 sq.
1523 1939 1562 1964 ll.
1582 1936 1615 1963 de
1634 1936 1743 1974 pollicit.
1763 1939 1803 1964 50.
1825 1939 1864 1964 12.
1888 1937 1918 1964 ΙΙ.

1085 1986 1152 2018 ΟΡ.
1180 1982 1324 2013 perficere,
1350 1981 1484 2017 Persequi.
1509 1979 1592 2007 Vatic.
1617 1980 1637 2014 §.
1657 1981 1716 2007 249.
1742 1980 1772 2007 fr.
1791 1982 1833 2007 41.
1853 1980 1874 2013 ξ.
1895 1982 1917 2006 l.

1084 2027 1116 2054 de
1135 2027 1166 2053 A.
1186 2036 1210 2052 v.
1232 2026 1264 2052 O.
1284 2024 1316 2051 H.
1335 2026 1376 2051 29.
1396 2027 1420 2051 2.
1440 2024 1470 2050 fr.
1490 2025 1514 2050 5.
1533 2027 1580 2049 rat.
1599 2033 1654 2049 rem
1672 2022 1731 2049 hab.
1745 2024 1786 2050 46.
1801 2024 1824 2049 8.
1849 2023 1918 2051 Con-

1085 2079 1222 2101 summare,
1243 2068 1338 2094 Finire.
1358 2067 1390 2093 fr.
1409 2069 1451 2093 21.
1471 2067 1494 2100 ξ.
1513 2068 1536 2093 2.
1557 2065 1589 2092 do
1608 2065 1639 2092 N.
1653 2065 1683 2092 G.
1703 2067 1727 2092 3.
1747 2068 1770 2092 5.
1790 2066 1820 2092 fr.
1841 2068 1880 2092 15.
1896 2067 1917 2099 §.

1084 2114 1108 2139 3.
1128 2122 1161 2138 ex
1181 2122 1223 2148 qu.
1244 2122 1264 2137 c.
1285 2111 1342 2137 mai.
1361 2112 1384 2136 4.
1405 2112 1428 2136 6.
1448 2109 1478 2136 fr.
1498 2112 1539 2136 58.
1560 2111 1581 2144 §.
1601 2110 1625 2135 3.
1644 2118 1692 2146 pro
1706 2119 1759 2135 soc.
1776 2110 1814 2135 l7.
1828 2110 1854 2135 2.
1874 2108 1917 2135 III.

1086 2157 1151 2183 Gn.
1176 2154 1205 2180 Si
1228 2155 1254 2180 in
1278 2155 1445 2185 societatem,
1475 2163 1551 2189 quam
1574 2153 1635 2179 vivo
1660 2157 1734 2188 patre
1752 2151 1918 2178 inchoaverat

1085 2197 1164 2229 filius,
1183 2202 1246 2234 post
1263 2201 1373 2223 mortem
1396 2197 1479 2233 patris
1502 2195 1716 2233 perseveraverit.
1742 2194 1773 2221 fr.
1793 2196 1833 2221 42.
1853 2195 1874 2228 ξ.
1895 2196 1917 2221 1.

1085 2240 1117 2267 de
1135 2240 1167 2267 A.
1187 2250 1211 2266 v.
1232 2239 1264 2266 O.
1285 2239 1316 2266 H.
1335 2241 1377 2266 29.
1397 2242 1421 2265 2.
1459 2239 1533 2274 Quae
1559 2237 1679 2264 inchoata
1696 2242 1766 2266 sunt
1789 2237 1853 2274 (per
1876 2235 1918 2262 de-

1085 2284 1224 2315 functum.)
1245 2282 1369 2320 explicari
1387 2282 1484 2308 debent
1503 2283 1563 2318 (per
1580 2280 1723 2312 heredem.)
1742 2280 1773 2306 sr.
1789 2282 1811 2305 l.
1824 2289 1862 2316 pr.
1885 2278 1917 2304 de

1085 2326 1203 2353 fideiuss.
1223 2330 1270 2352 tut.
1289 2327 1330 2351 27.
1351 2327 1373 2351 7.
1395 2324 1426 2351 cf.
1445 2324 1474 2351 fr.
1494 2326 1535 2349 21.
1556 2324 1577 2357 ξ.
1592 2326 1616 2350 2.
1637 2323 1669 2349 (18
1681 2323 1713 2350 N.
1728 2322 1759 2349 G.
1777 2324 1801 2348 3.
1820 2324 1844 2347 5.
1868 2320 1917 2347 Im-

1086 2369 1158 2406 plere
1177 2368 1311 2394 inchoatas
1336 2367 1489 2394 delationes.
1513 2366 1543 2393 fr.
1563 2368 1586 2393 5.
1610 2367 1632 2400 ξ,
1656 2368 1680 2392 2.
1705 2365 1737 2391 de
1759 2364 1820 2401 pub.
1839 2363 1917 2390 iudic.

1086 2414 1127 2439 48.
1153 2414 1175 2438 l.
1211 2411 1355 2442 Deserere,
1380 2426 1412 2430 -
1435 2410 1577 2447 Repetere,
1602 2409 1747 2435 inchoatam
1771 2406 1873 2439 (litem,
1896 2416 1917 2432 s.

1087 2455 1237 2487 actionem.)
1263 2453 1292 2480 fr.
1316 2455 1357 2479 21.
1377 2463 1416 2490 pr.
1437 2452 1469 2479 de
1487 2453 1558 2479 inoff.
1578 2457 1679 2478 testam.
1699 2453 1722 2475 5.
1741 2451 1764 2475 2.
1785 2448 1816 2475 fr.
1834 2450 1875 2475 54.
1894 2449 1917 2482 §

1088 2501 1110 2525 1,
1130 2498 1162 2525 (18
1182 2508 1209 2524 1-8
1228 2496 1280 2523 iud.
1300 2498 1341 2522 42.
1354 2498 1376 2522 1.
1412 2496 1452 2522 Ex
1471 2506 1523 2532 quo
1543 2505 1618 2521 causa
1637 2495 1663 2520 in
1682 2497 1726 2518 tuo
1745 2490 1841 2518 iudicio
1861 2501 1918 2518 eoe-

1086 2542 1155 2578 perit
1175 2539 1300 2566 inchoari.
1321 2538 1370 2565 Th.
1390 2538 1421 2565 C.
1440 2538 1458 2565 I.
1474 2540 1513 2565 16.
1534 2539 1591 2565 c.1.
1612 2535 1713 2568 (ch.)
1734 2533 1766 2560 de
1785 2534 1828 2560 off.
1842 2533 1917 2561 Rect.

1087 2584 1129 2610 Pr.
1150 2582 1257 2609 Crimen
1276 2581 1392 2608 inchoari
1410 2591 1491 2619 posse
1510 2581 1599 2612 (etiam
1618 2582 1679 2615 post
1696 2582 1806 2604 mortem
1823 2587 1917 2603 nocen-

1087 2627 1172 2657 tium.)
1193 2636 1213 2651 c.
1234 2626 1257 2651 8.
1277 2635 1316 2662 pr.
1336 2635 1356 2651 c.
1378 2627 1417 2651 13.
1441 2624 1474 2650 ad
1492 2623 1520 2649 L.
1540 2621 1586 2648 lul.
1609 2621 1667 2647 mai.
1691 2622 1714 2647 9.
1734 2621 1758 2646 8.
1784 2630 1805 2646 c.
1825 2621 1865 2646 13.
1885 2620 1917 2646 ad

1088 2669 1117 2696 L.
1137 2668 1185 2695 Iul.
1205 2668 1237 2694 de
1256 2667 1336 2694 adult.
1355 2669 1378 2694 9.
1398 2669 1422 2693 9.

1124 2710 1314 2748 Incidere.
1351 2721 1381 2753 ξ.
1400 2720 1433 2745 1.
1466 2719 1599 2748 Cadere,
1621 2717 1780 2743 Deciana
1817 2715 1835 2741 1.
1855 2716 1916 2749 Sy.

1090 2763 1227 2790 Decidere.
1252 2763 1282 2789 [ι’.
1301 2764 1342 2789 28,
1367 2771 1405 2797 sq.
1432 2759 1463 2786 ad
1482 2759 1509 2785 L.
1530 2759 1598 2796 Aqu.
1617 2760 1640 2785 9.
1659 2761 1683 2785 2,
1709 2758 1739 2785 fr.
1760 2760 1781 2784 7.
1802 2758 1823 2792 §.
1842 2759 1865 2783 2.
1885 2757 1915 2783 fr.

1092 2808 1130 2833 13.
1151 2807 1172 2840 §.
1192 2808 1216 2832 2.
1237 2806 1268 2832 de.
1288 2806 1371 2832 damn.
1391 2803 1435 2830 inf.
1454 2804 1495 2829 39.
1515 2804 1538 2829 2.
1576 2801 1617 2828 111.
1638 2802 1703 2829 Gn.
1727 2801 1764 2828 Si.
1784 2809 1847 2837 quas
1866 2801 1913 2833 (sc.

1448 2849 1480 2873 57
