2197 3121
235 179 297 209 710
1067 173 1160 204 PER.

234 260 304 287 stell.
324 262 348 287 9.
367 261 409 286 3-1.
447 260 483 287 Vt
508 270 536 286 ea
562 268 604 285 res
629 268 681 284 non
708 257 787 284 lateat
812 256 1007 294 possidentem,
1032 265 1080 282 nec
1102 258 1104 282 '1
1128 257 1151 282 l.
1176 254 1207 282 fr.
1228 256 1268 283 16.
1293 254 1323 282 sr.
1344 256 1384 282 18.
1409 255 1442 282 de
1468 255 1550 282 codic.
1570 256 1613 282 29.
1634 257 1657 282 7.
1699 254 1769 287 Lex,
1789 272 1822 276 —
1841 261 1867 283 et
1887 256 1974 284 S.Cta

235 303 310 332 clam.
330 309 357 330 ut
381 303 424 337 [al.
441 313 488 329 nec
508 302 630 329 damnum
650 301 704 335 aut]
726 300 842 327 fraudem
863 300 974 337 tempori
994 298 1080 330 saciat,
1103 312 1104 321 1
1126 297 1158 325 nd
1178 308 1234 325 eam
1254 298 1337 335 legem
1356 299 1524 336 pertinentia.
1544 298 1574 325 sr.
1597 300 1637 325 11.
1657 298 1680 332 5.
1699 301 1724 325 2.
1744 299 1777 326 ad
1795 298 1825 326 L.
1845 298 1926 326 Corn.
1941 299 1975 326 de

234 352 400 384 pertentetur
419 346 461 380 [al.
482 349 681 383 pertemptetur,
702 353 722 370 5.
739 343 918 381 pertendatur,
938 352 958 369 s.
978 347 1082 380 perten—
1103 363 1104 372 ,
1126 342 1202 368 sicar.
1222 343 1264 368 45.
1283 343 1308 368 8.
1329 341 1361 368 cf.
1381 352 1402 368 0.
1422 343 1446 367 4.
1467 341 1500 368 de
1519 341 1604 368 fideic.
1624 341 1690 368 libb.
1711 343 1734 368 7.
1753 345 1778 368 4.
1814 341 1845 368 In
1863 344 1974 369 caeteris

235 390 325 423 tator]
347 389 395 416 Th.
416 390 447 416 C.
467 389 497 415 Il.
517 390 541 415 6.
561 398 582 414 0.
597 390 621 414 4.
642 387 674 413 de
694 391 772 424 temp.
793 396 880 413 cursu.
1127 384 1249 411 omnibus
1263 384 1295 411 ad
1310 383 1425 411 edictum
1438 383 1571 411 Praetoris
1585 384 1789 422 pertinentibus.
1809 384 1840 411 fr.
1856 387 1878 412 7.
1898 386 1974 420 5.14.

273 434 531 460 Pertentator.
569 430 610 457 Cf.
631 440 654 456 v.
676 429 836 456 pertentare.
1103 430 1105 457 ζ
1127 427 1160 454 de
1178 432 1246 465 pact.
1265 430 1289 454 2.
1312 429 1352 454 14.
1377 427 1409 454 cf.
1434 426 1464 454 fr.
1487 429 1526 454 15.
1551 427 1583 454 de
1607 428 1633 454 in
1657 428 1698 454 ius
1722 437 1780 454 voc.
1800 429 1824 454 2.
1845 429 1868 454 4.
1910 427 1974 455 Cae—

272 477 511 503 Perterrere.
558 475 656 500 Valde
688 479 818 499 terrere.
862 471 905 498 IH.
931 472 998 499 Gn.
1028 470 1082 506 Qui
1104 503 1105 510 ἵ
1127 476 1181 497 tera
1201 472 1256 497 iura
1276 472 1333 497 eius
1353 470 1418 507 legis
1438 480 1491 496 non
1509 471 1643 507 pertinere
1662 470 1694 497 ad
1708 470 1897 508 (peregrinos.)
1917 470 1974 498 Gai.

236 520 366 555 coegerit.
391 522 419 544 ut
438 522 488 543 etc.
508 532 540 537 —-
565 521 591 543 et
614 516 660 543 ille
684 517 842 553 perterritus
861 515 978 552 scripsit.
1007 513 1038 540 fr.
1058 514 1082 539 9.
1104 517 1105 542 1
1127 513 1146 540 I.
1167 516 1208 541 47.
1233 513 1264 540 cf.
1289 515 1331 541 44.
1352 513 1382 540 ll.
1403 514 1444 540 63.
1491 513 1578 539 Omne
1602 514 1643 540 ius
1667 529 1699 533 --
1724 513 1768 540 vel
1792 513 1825 540 ad
1847 523 1976 551 personas

237 572 274 600 pr.
296 563 349 597 Qui
369 566 395 587 et
413 572 426 587 a
447 570 489 597 qu.
509 570 576 586 man.
595 562 637 586 40.
657 561 680 586 9.
702 559 733 586 cf.
758 559 788 585 fr.
810 561 832 585 l.
855 558 878 592 5.
897 559 939 584 29.
960 556 993 583 de
1012 557 1038 582 vi
1058 560 1083 582 et
1104 548 1106 579 ¹.
1128 557 1254 594 pertinet,
1278 557 1321 584 vel
1346 556 1377 583 ad
1402 566 1458 589 res,
1482 555 1525 582 vel
1549 555 1582 582 ad
1606 557 1732 583 actiones.
1758 556 1795 582 lb.
1815 556 1834 583 I.
1853 558 1877 583 8.
1915 556 1976 583 Non

237 607 262 631 vi
282 615 343 631 ami.
358 606 398 630 43.
417 605 455 629 16.
494 603 567 630 lusto
587 607 667 634 metu,
686 613 710 629 v.
726 601 883 628 Huiusmodi
903 601 1007 631 timore,
1026 609 1084 637 per-
1105 621 1107 636 ἲ
1129 599 1213 626 videri
1238 610 1281 626 eas
1306 600 1407 627 litteras
1432 600 1566 637 pertinere
1591 599 1624 626 ad
1651 600 1887 634 (constitutionem
1906 600 1975 633 etc.)

236 649 352 674 territus.
379 646 407 673 fr.
427 648 469 672 23.
494 647 516 680 5.
538 648 560 672 l.
590 646 642 682 Qu.
663 650 723 672 met.
749 655 770 671 c.
789 647 813 671 4.
833 646 857 672 2,
882 654 903 670 0,
922 645 964 671 26.
989 643 1022 670 de
1041 642 1084 669 ad·
1129 643 1159 669 sr.
1178 644 1220 669 38.
1240 653 1279 680 pr.
1305 643 1338 670 de
1362 642 1465 669 liberali
1494 653 1515 669 0.
1535 645 1577 669 40.
1599 645 1639 670 12.
1663 642 1695 670 cf.
1720 642 1751 670 fr.
1771 644 1795 669 8.
1821 642 1854 669 de
1873 641 1976 680 sepulc.

236 693 296 718 min.
317 695 364 717 tut.
384 692 408 716 5.
429 691 470 716 37.
1129 686 1192 713 viol.
1205 688 1247 713 47.
1264 688 1303 713 12.
1331 687 1489 713 Arescusam
1510 686 1644 723 pertinere
1657 686 1689 712 ad
1703 687 1869 723 rescriptum.
1889 685 1920 712 fr.
1934 686 1976 712 43.

273 733 441 760 l’ertica.
470 734 618 760 Baculus
637 733 807 765 oblongus,
828 733 956 766 Regula
976 732 1083 764 longa.
1129 729 1162 756 de
1181 730 1212 756 A.
1227 730 1257 756 E.
1271 728 1303 756 V.
1318 731 1358 756 19.
1375 731 1396 756 l.
1435 728 1495 755 Non
1514 729 1613 755 debent
1632 728 1664 755 ad
1683 729 1750 756 hanc
1768 739 1881 767 poenam
1900 728 1976 766 pert2,

236 776 278 803 111.
299 777 366 804 Gn.
390 775 522 807 Perticae,
547 774 643 811 quibus
668 784 776 800 araneae
795 774 972 808 detergantur.
991 772 1022 798 fr.
1044 774 1083 798 12.
1106 776 1107 780 ’
1130 774 1174 809 qui
1194 777 1242 799 etc.
1263 772 1334 799 Coll.
1354 771 1406 798 LL.
1427 772 1461 799 Μ.
1480 772 1525 798 XI.
1545 776 1568 799 ὅ.
1590 771 1621 798 cf.
1642 771 1672 798 fr.
1691 774 1715 799 3.
1735 773 1756 806 5.
1771 774 1796 799 3.
1816 772 1867 808 Qu.
1889 773 1976 808 quisq.

235 820 257 854 5.
277 821 319 845 22.
340 818 372 846 cf.
391 819 413 852 5.
436 820 475 845 1⁸.
496 818 528 844 de
548 819 622 844 instr.
646 816 695 853 leg.
715 818 757 843 33.
777 818 801 842 7.
839 816 895 842 Pali
915 821 940 842 et
959 816 1084 853 perticae.
1105 838 1107 853 ⁴
1129 817 1177 842 iur.
1196 817 1220 842 2.
1240 817 1264 842 2.
1303 814 1465 847 Conventio,
1490 825 1556 851 quae
1580 816 1696 852 pertinet
1721 814 1753 841 ad
1773 814 1976 847 (resolvendum

237 863 314 893 Pert..
334 861 498 900 pedamenta.
519 861 549 887 fr.
569 862 610 887 56.
631 859 663 886 de
683 860 759 896 legat.
779 858 821 885 111.
843 860 909 892 (32.)
929 858 960 885 fr.
983 861 1004 885 1.
1024 859 1083 892 5.1.
1106 871 1107 885 1
1130 859 1192 892 etc.)
1213 858 1244 886 fr.
1263 859 1305 884 58.
1326 857 1357 884 cs.
1377 858 1408 884 fr.
1427 860 1469 885 50.
1489 858 1522 884 de
1541 863 1609 895 pact.
1624 859 1647 884 2.
1664 859 1703 884 14.
1724 857 1754 884 fr.
1768 860 1828 884 200.
1849 857 1882 884 de
1901 857 1932 884 V.
1947 856 1975 884 S.

236 906 269 933 de
288 907 360 942 tigno
380 906 459 931 iunct.
479 906 520 931 47.
540 906 564 930 3.
602 903 690 930 Funes
714 907 741 929 et
764 903 881 939 perticae
905 901 1083 935 (machinae.)
1106 918 1107 930 1
1129 904 1171 929 50.
1192 904 1231 928 16.
1254 901 1285 928 cf.
1306 900 1337 928 fr.
1361 903 1401 928 10.
1421 901 1443 935 5.
1465 903 1489 928 2.
1510 901 1540 927 10.
1563 903 1588 928 3.
1608 901 1640 927 (10
1660 900 1754 927 edend.
1773 904 1798 927 2.
1817 902 1856 927 13.
1895 899 1977 935 Quod

236 950 266 976 fr.
287 952 311 975 5.
331 949 353 982 5.
374 950 397 974 7.
418 947 547 974 commod.
569 948 609 973 13.
629 948 653 973 6.
1106 940 1107 973 i
1129 945 1162 972 ad
1186 946 1351 972 eversionem
1376 945 1458 971 totius
1483 943 1576 970 domus
1602 945 1740 980 pertineat.
1768 943 1798 970 I'r.
1817 945 1859 970 21.
1880 943 1913 970 de
1932 943 1976 970 off.

274 992 566 1019 Pertimescere.
594 991 694 1017 Valde
713 990 832 1015 timere.
860 987 878 1014 1.
893 989 955 1022 Sy.
969 987 1083 1014 Timere.
1130 988 1219 1015 l'raes.
1241 990 1263 1014 l.
1286 989 1326 1013 ls.
1364 987 1445 1019 Sciat,
1459 1003 1491 1007 -
1506 987 1538 1013 ad
1557 987 1682 1013 invidiam
1702 987 1978 1023 existimationemqne

236 1034 435 1063 T11.C.X1.30.
456 1036 530 1060 058.
543 1043 582 1071 pr.
597 1032 629 1059 de
643 1042 702 1069 app.
718 1036 743 1058 et
756 1040 834 1068 poen.
854 1030 972 1058 ULCn.
988 1030 1084 1057 811500-
1106 1030 1107 1039 ’
1129 1042 1202 1058 suam
1222 1031 1364 1068 pertinere,
1385 1035 1414 1057 ut
1432 1035 1480 1056 etc.
1501 1029 1531 1056 fr.
1553 1031 1577 1056 l.
1598 1040 1637 1067 pr.
1658 1030 1691 1056 de
1710 1031 1804 1067 inspic.
1823 1034 1924 1056 ventre.
1934 1031 1976 1056 25.

235 1079 335 1117 ptionis
354 1086 449 1103 nmnus
469 1077 667 1114 perfungantur,
682 1091 714 1094 —
731 1085 780 1101 1100
799 1084 830 1100 ex
850 1074 898 1100 hac
917 1074 1084 1101 ordinatione
1129 1077 1153 1101 4.
1191 1073 1273 1110 Quod
1296 1073 1376 1109 vulgo
1402 1072 1511 1105 dicitur,
1531 1089 1563 1092 —
1588 1083 1640 1099 non
1665 1083 1696 1099 eo
1720 1074 1851 1110 pertinet,
1876 1077 1904 1099 ut
1928 1077 1976 1099 etc.

236 1121 334 1149 curiale
358 1121 521 1147 consortium
545 1120 740 1157 pertimescant.
768 1117 806 1143 lb.
826 1117 883 1144 ΧΠ.
907 1119 931 1143 6.
961 1128 983 1144 c.
1004 1119 1027 1143 7.
1052 1116 1085 1143 (10
1106 1130 1107 1149 1
1130 1119 1188 1145 Gai.
1212 1117 1243 1144 II.
1267 1118 1309 1144 49.
1335 1116 1366 1143 cs.
1387 1118 1429 1142 45.
1454 1116 1485 1142 fr.
1506 1117 1546 1142 11.
1573 1116 1596 1150 5.
1616 1117 1639 1143 6.
1664 1115 1696 1142 de
1722 1117 1792 1153 pign.
1819 1121 1868 1142 act.
1894 1118 1935 1143 13.
1954 1117 1976 1142 7.

236 1169 384 1202 susceptor.
421 1163 493 1190 Metu
512 1163 606 1189 mortis
619 1177 652 1182 —
670 1166 812 1193 extortum,
832 1160 875 1186 vel
894 1159 1021 1197 capitales
1040 1160 1086 1186 mi-
1131 1161 1211 1198 Quod
1231 1171 1262 1187 eo
1281 1160 1404 1197 pertinet,
1425 1160 1485 1196 quia
1500 1163 1548 1185 etc.
1569 1159 1625 1186 Gai.
1640 1158 1682 1185 111.
1702 1161 1759 1185 154.
1796 1158 1853 1186 Nec
1872 1159 1904 1186 ad
1923 1169 1979 1186 rem

235 1218 283 1235 nas
306 1205 526 1245 pertimescendo.
553 1216 573 1232 c.
594 1208 617 1232 7.
641 1204 674 1232 de
694 1204 718 1231 h.
740 1214 782 1241 qu.
802 1204 836 1230 vi.
856 1206 880 1230 2.
899 1205 942 1229 20.
979 1202 1085 1229 'Nullam
1107 1225 1108 1240 ,
1130 1206 1271 1243 pertinere,
1291 1204 1314 1229 si
1334 1208 1383 1229 etc.
1403 1212 1428 1228 v.
1449 1201 1528 1238 quod.
1548 1201 1579 1228 fr.
1599 1203 1640 1228 93.
1660 1201 1693 1228 de
1712 1201 1788 1228 cond.
1809 1207 1835 1228 et
1855 1202 1921 1229 dem.
1936 1204 1978 1229 35.

237 1251 440 1278 existimationis
465 1248 596 1276 infamiam
616 1264 648 1268 —
672 1249 849 1286 pertimescat.
875 1257 896 1273 c.
918 1248 958 1272 14.
983 1256 1016 1272 ex
1041 1256 1084 1282 qu.
1134 1250 1154 1274 l.
1179 1247 1236 1274 Gai.
1256 1246 1286 1273 Il.
1309 1247 1349 1272 16.
1387 1245 1468 1281 Quod
1491 1245 1606 1282 pertinet
1629 1244 1661 1271 ad
1680 1250 1729 1272 etc.
1758 1245 1795 1272 ld.
1814 1245 1845 1272 II.
1868 1247 1925 1272 108.
1947 1262 1977 1266 —

237 1306 257 1322 0.
277 1293 364 1321 insam.
385 1295 408 1319 2.
430 1294 469 1318 12.
1131 1291 1162 1324 §.
1183 1291 1273 1317 3.A.
1303 1291 1483 1320 Interesse,
1509 1289 1711 1314 Conveniens
1735 1298 1809 1315 esse.
1846 1287 1891 1314 111.
1911 1289 1978 1316 Cn.

273 1335 511 1365 Pertinacia.
557 1335 764 1366 Obstinatit),
795 1334 999 1360 Perricacia.
1042 1331 1085 1358 111.
1107 1358 1108 1364 ,
1131 1332 1211 1369 Quod
1233 1332 1338 1369 quidem
1358 1332 1469 1358 maxime
1489 1331 1578 1367 quaeri
1598 1331 1732 1368 pertinere
1750 1332 1802 1363 ait,
1826 1336 1855 1358 ut
1874 1336 1923 1358 etc.
1948 1330 1978 1358 fr.

237 1381 303 1409 0²1.
323 1379 352 1406 ln
371 1378 438 1405 hanc
457 1378 628 1415 pertinaciam
648 1377 735 1404 illiciti
755 1376 852 1403 furoris
869 1385 1014 1412 erumpere.
1035 1374 1085 1401 Th.
1130 1379 1172 1403 34.
1192 1376 1259 1410 51.
1279 1375 1364 1402 mand.
1386 1376 1426 1401 17.
1448 1376 1471 1400 l.
1509 1373 1571 1400 Ideo
1590 1374 1707 1411 pertinet
1725 1375 1795 1400 scire
1814 1379 1862 1401 etc.
1886 1374 1916 1401 fr.
1935 1375 1978 1400 20.

237 1424 268 1451 C.
282 1423 340 1450 XII.
357 1424 379 1448 1.
400 1432 420 1448 c.
435 1423 476 1447 85.
495 1420 527 1447 de
547 1420 681 1447 (1001101011.
719 1419 760 1446 Ne
779 1429 824 1446 005
845 1418 1010 1445 inconsultae
1029 1428 1087 1455 per·
1108 1443 1109 1457 χ
1131 1420 1152 1454 5.
1172 1422 1196 1445 2.
1217 1419 1250 1446 de
1269 1420 1358 1445 interr.
1379 1419 1405 1445 in
1424 1418 1487 1444 iure.
1510 1419 1550 1444 ll.
1572 1418 1594 1443 1.
1615 1433 1647 1436 —
1672 1418 1703 1451 §.
1725 1418 1764 1444 4.
1785 1419 1978 1452 competere.

236 1467 347 1493 tinaciae
372 1474 431 1491 sero
456 1464 600 1501 poeniteat.
628 1463 666 1490 lb.
690 1463 724 1489 X.
743 1464 786 1489 26.
811 1472 832 1489 c.
853 1464 876 1488 l.
901 1461 934 1488 de
958 1461 1034 1488 cond.
1061 1466 1086 1488 et
1107 1464 1108 1499 ζ
1131 1463 1150 1490 Ι.
1170 1464 1232 1498 Sy.
1253 1462 1420 1499 Competere.
1447 1460 1490 1487 Cf.
1510 1460 1534 1486 h.
1554 1470 1579 1486 v.
1604 1460 1625 1494 5.
1644 1461 1669 1486 2.
1706 1459 1762 1486 Sub
1788 1470 1849 1487 cura
1868 1460 1979 1488 alicuius

236 1510 306 1536 bom.
330 1508 397 1534 dom.
418 1507 449 1533 A.
1132 1516 1199 1535 esse.
1220 1505 1348 1543 Spectare
1367 1504 1400 1531 ad
1419 1514 1487 1536 eum,
1507 1502 1661 1529 Incumbere
1680 1504 1712 1530 ei.
1736 1503 1766 1530 fr.
1788 1505 1810 1530 l.
1835 1504 1873 1538 55.
1892 1506 1916 1530 4.
1938 1505 1978 1530 ll.

274 1550 546 1579 pertinaciter.
561 1549 674 1581 (Advb.)
693 1550 948 1575 Contumaciter.
968 1547 1086 1575 HLCn.
1131 1559 1171 1586 sq.
1192 1548 1225 1575 de
1244 1548 1288 1574 oss.
1308 1547 1361 1574 Prt'.
1376 1547 1422 1574 Vr.
1443 1549 1466 1573 l.
1488 1548 1528 1573 12.
1548 1546 1578 1573 fr.
1598 1548 1640 1572 25.
1661 1547 1682 1580 5.
1698 1547 1722 1573 8.
1742 1546 1775 1573 de
1792 1547 1880 1574 Aedil.
1900 1547 1977 1574 edict.

236 1595 306 1622 Pert.
325 1595 465 1624 resistere.
485 1597 563 1629 atque
583 1593 649 1618 actis
668 1593 703 1618 ita
723 1591 914 1618 contradicere.
934 1590 970 1616 lb.
984 1591 1030 1617 XI.
1044 1593 1085 1617 30.
1130 1595 1172 1619 21.
1194 1594 1216 1618 1.
1255 1591 1382 1618 Transire
1401 1590 1433 1617 ad
1453 1589 1611 1623 (heredem.)
1638 1589 1774 1617 Pertinere
1793 1590 1826 1617 ad
1844 1594 1979 1628 (compen-

237 1649 257 1665 c.
280 1640 321 1665 53.
341 1638 363 1672 5.
385 1639 407 1663 l.
427 1636 460 1662 de
479 1646 541 1673 app.
560 1640 586 1662 et
604 1645 682 1672 poen.
704 1634 746 1661 Cf.
765 1633 830 1660 lust.
845 1633 876 1660 C.
897 1643 920 1660 0.
932 1636 957 1660 2.
977 1634 1023 1660 ubi
1043 1644 1086 1670 qu.
1132 1635 1204 1662 dium
1223 1635 1307 1668 01115.)
1333 1634 1364 1660 sr.
1385 1634 1425 1660 16.
1450 1634 1472 1667 5.
1491 1635 1516 1659 2.
1542 1633 1594 1668 Qu.
1613 1638 1675 1659 met.
1696 1643 1717 1660 c.
1737 1635 1761 1659 4.
1780 1635 1804 1659 2.
1842 1633 1979 1660 Obvenire

237 1681 270 1708 de
290 1691 344 1707 cnr.
363 1682 387 1706 3.
406 1681 449 1705 23.
1132 1678 1219 1709 nobis,
1238 1677 1373 1713 Relinqui.
1410 1676 1555 1707 Pertinere,
1575 1675 1672 1702 Redire
1691 1676 1724 1702 ad
1743 1686 1792 1702 nos
1805 1676 1980 1709 (hereditates

274 1724 473 1751 Pertinax.
512 1721 643 1754 (Adiect.)
682 1721 895 1751 obstinatus,
917 1721 1085 1746 pervicax.
1133 1722 1200 1754 etc.)
1230 1720 1287 1747 Gai.
1308 1720 1338 1746 11.
1357 1721 1399 1746 35.
1420 1729 1460 1756 sq.
1480 1720 1522 1746 99.
1542 1729 1582 1756 sq.
1607 1719 1650 1745 111.
1672 1721 1694 1746 l.
1713 1721 1737 1746 9.
1758 1721 1798 1746 14.
1819 1721 1859 1746 16.
1878 1721 1919 1747 36.
1939 1729 1979 1757 sq.

237 1767 280 1794 111.
296 1768 362 1795 Gn.
383 1765 580 1792 obstinationis
600 1764 723 1801 pertinax
741 1767 842 1789 natura.
863 1761 913 1788 Th.
929 1763 960 1789 C.
974 1762 1046 1789 XVI.
1062 1765 1087 1790 5.
1132 1766 1174 1790 51.
1194 1765 1236 1793 58,
1261 1763 1322 1801 le.
1342 1762 1440 1789 XXVI.
1462 1764 1484 1788 1.
1504 1772 1542 1799 sq.
1564 1764 1588 1788 5.
1608 1772 1666 1799 sqq.
1691 1761 1722 1789 sr.
1743 1764 1766 1789 1.
1786 1762 1823 1796 55.
1844 1765 1866 1790 1.
1886 1773 1927 1800 sq.
1947 1763 1980 1790 de

238 1822 259 1837 c.
281 1812 304 1836 7.
324 1810 345 1843 5.
368 1811 391 1835 1.
416 1808 449 1835 de
473 1808 570 1834 haeret.
614 1806 767 1833 pertinaces
791 1806 901 1843 spiritus
926 1805 1088 1840 (haeretico-
1133 1809 1189 1834 iure
1208 1808 1314 1833 immun.
1335 1808 1376 1832 50.
1396 1807 1420 1832 6.
1458 1805 1501 1832 Ad
1527 1815 1594 1842 quos
1612 1815 1655 1831 res
1674 1810 1832 1842 perventura
1851 1810 1937 1841 esset,
1956 1807 1980 1833 si

238 1853 316 1885 rum.)
335 1852 372 1878 lb.
393 1862 414 1878 0.
434 1854 476 1878 25.
495 1861 537 1888 pr.
556 1850 572 1876 l.
593 1849 609 1876 1.
1133 1856 1182 1877 etc.
1221 1849 1263 1876 Ad
1287 1859 1355 1886 quos
1379 1859 1408 1875 ea
1431 1859 1474 1875 res
1500 1849 1622 1886 pertinet.
1651 1848 1681 1875 fr.
1702 1850 1741 1875 18.
1766 1848 1796 1875 fr.
1817 1850 1857 1876 19.
1881 1859 1922 1886 pr.
1946 1849 1980 1876 de

276 1895 491 1923 Pertinere.
535 1894 567 1927 ξ.
591 1895 626 1920 l.
659 1894 848 1924 Per-meare,
881 1894 1086 1927 Pertingerc.
1133 1893 1222 1931 adopt.
1244 1895 1265 1919 l.
1287 1894 1310 1919 7.
1348 1892 1433 1919 Cuius
1452 1892 1571 1918 interest.
1609 1891 1642 1923 ts.
1665 1891 1696 1918 ad
1717 1902 1794 1928 quem
1813 1902 1842 1918 ea
1861 1902 1903 1919 res
1921 1901 1979 1929 per-

238 1939 257 1965 I.
272 1940 335 1973 Sy.
355 1937 448 1974 Dirigi.
484 1935 609 1967 Extendi,
628 1935 770 1962 Pervenire
790 1935 835 1968 (ex
855 1934 965 1961 aedibus
985 1936 1041 1961 eius
1062 1937 1086 1961 in
1133 1939 1206 1963 tinet.
1228 1936 1258 1963 10.
1277 1938 1320 1962 27.
1340 1946 1379 1973 pr.
1398 1935 1436 1969 55.
1458 1937 1479 1962 1.
1500 1945 1559 1972 sqq.
1579 1934 1611 1961 ad
1631 1934 1659 1961 L.
1679 1934 1727 1961 Iul.
1748 1935 1780 1961 de
1800 1934 1880 1962 adult.
1899 1936 1940 1961 48.
1954 1936 1977 1961 5.

238 1987 311 2013 tuas,
335 1990 372 2007 sc.
393 1980 533 2010 cloacam.)
558 1979 589 2006 fr.
612 1981 634 2004 l.
655 1988 693 2016 pr.
720 1978 758 2013 55.
779 1980 802 2004 8.
825 1980 864 2004 10.
892 1977 924 2004 de
944 1977 1025 2019 cloac.
1045 1979 1086 2004 43.
1133 1980 1175 2006 111.
1196 1981 1262 2007 οη.
1283 1978 1312 2005 Si
1332 1978 1411 2005 modo
1431 1979 1487 2004 eius
1506 1979 1603 2004 mortui
1623 1977 1701 2004 funus
1722 1977 1753 2004 ad
1772 1988 1821 2004 nos
1840 1979 1977 2015 pertineat.

238 2027 280 2051 23.
303 2040 332 2044 —
353 2024 384 2057 ἓ.
399 2023 435 2049 2.
456 2024 650 2057 Adtiugere,
671 2023 863 2048 Adhaererc.
900 2021 918 2047 l.
940 2022 1002 2056 Sy.
1028 2021 1088 2047 Per·
1133 2024 1190 2049 Gai.
1211 2022 1241 2049 ll.
1261 2024 1284 2048 6.
1310 2022 1341 2048 fr.
1364 2023 1402 2047 14.
1429 2021 1513 2055 5.17.
1534 2020 1566 2047 de
1585 2020 1658 2057 relig.
1680 2022 1720 2047 11.
1741 2022 1764 2047 7.
1789 2020 1819 2047 fr.
1838 2023 1862 2047 3.
1886 2030 1925 2057 pr.
1945 2020 1979 2047 de

240 2068 330 2094 venire
355 2065 405 2098 (ad
425 2064 599 2097 libertatem.)
628 2064 658 2090 l'r.
681 2066 720 2091 13.
745 2065 767 2098 5.
787 2066 811 2090 3.
837 2064 869 2090 de
893 2074 961 2091 man.
984 2068 1087 2090 testam.
1109 2094 1110 2098 Ἰ
1133 2065 1234 2104 sepulc.
1258 2064 1320 2091 viol.
1347 2066 1388 2090 47.
1410 2066 1450 2090 12.
1491 2064 1528 2090 Ea
1553 2079 1584 2083 -
1608 2074 1662 2090 non
1687 2063 1763 2090 valde
1786 2063 1818 2089 ad
1841 2073 1899 2089 enm
1924 2064 1977 2097 (sc.

240 2112 281 2137 40.
301 2112 326 2136 4.
363 2108 405 2135 III.
422 2109 488 2135 0²1.
509 2107 592 2134 Nemo
607 2108 693 2144 possit
712 2107 744 2133 ad
763 2106 895 2133 indultum
914 2118 927 2133 a
947 2107 1025 2133 nobis
1045 2107 1089 2133 be—
1109 2127 1110 2131 .
1133 2109 1262 2139 iudicem)
1282 2108 1430 2144 pertinent,
1455 2108 1506 2133 nisi
1526 2107 1623 2133 fuerint.
1641 2108 1664 2133 ei
1683 2107 1834 2133 nominatim
1854 2107 1978 2133 iniuncta.

239 2152 361 2179 neficium
382 2152 530 2188 pertinere,
555 2151 607 2176 nisi
626 2151 671 2186 qui
691 2154 740 2176 etc.
768 2149 818 2176 Th.
839 2149 870 2176 C.
890 2150 922 2176 X.
944 2152 983 2177 10.
1004 2161 1025 2177 c.
1048 2152 1086 2177 14.
1109 2171 1111 2183 ,
1134 2152 1162 2178 10.
1182 2153 1224 2177 25.
1244 2150 1266 2184 5.
1280 2154 1304 2176 ὅ.
1325 2149 1357 2176 (10
1377 2149 1463 2176 Αο(111.
1484 2149 1561 2176 edict.
1576 2151 1617 2176 21.
1634 2151 1656 2176 l.
1695 2149 1748 2184 Qui
1768 2148 1799 2174 ad
1819 2149 1978 2176 iurisdictio-

240 2195 273 2222 de
287 2195 361 2232 petit.
378 2199 404 2220 et
423 2194 492 2220 ultro
513 2193 564 2220 dat.
585 2192 617 2220 ct'.
638 2192 679 2220 Vl.
693 2194 735 2219 35.
756 2202 777 2218 c.
797 2194 821 2218 3.
842 2202 880 2229 pr.
901 2192 933 2219 de
951 2194 1018 2230 priv.
1034 2204 1087 2220 eor.
1109 2192 1111 2231 ξ
1133 2204 1192 2221 110111
1211 2194 1267 2220 eius
1289 2210 1318 2213 —
1340 2193 1482 2230 pertinent.
1508 2193 1539 2219 sr.
1559 2194 1600 2219 53.
1624 2193 1646 2226 5.
1666 2194 1690 2218 3.
1715 2191 1748 2217 de
1771 2201 1800 2217 re
1819 2191 1871 2218 iud.
1892 2194 1933 2218 42.
1955 2194 1977 2219 1.

241 2248 285 2275 qu.
310 2239 337 2264 in
356 2236 383 2263 S.
404 2237 455 2274 pal.
498 2236 634 2268 llonores,
657 2245 706 2273 per
729 2235 825 2271 gradus
848 2236 1014 2272 pertinentes
1038 2236 1086 2269 [al.
1109 2242 1111 2275 ᾗ
1134 2237 1165 2264 01“.
1190 2236 1221 2263 fr.
1242 2238 1282 2262 19.
1307 2237 1372 2270 5.1.
1393 2235 1426 2262 de
1449 2235 1540 2262 iurisd.
1559 2237 1584 2262 2.
1605 2237 1627 2261 1.
1670 2234 1825 2265 Curatores,
1855 2234 1886 2261 ad
1911 2245 1978 2272 quos

241 2280 433 2317 obtingentes.]
460 2279 489 2306 fr.
509 2281 550 2306 45.
575 2289 614 2316 pr.
639 2278 672 2305 de
696 2278 728 2305 N.
753 2278 785 2305 G.
809 2280 833 2304 3.
853 2280 877 2304 5.
915 2278 997 2313 Quod
1021 2280 1089 2306 inter
1109 2282 1111 2312 ,I
1133 2291 1186 2307 non
1206 2290 1219 2306 e
1239 2279 1295 2316 lege
1315 2280 1415 2305 curatio
1434 2279 1556 2316 pertinet.
1579 2278 1634 2304 Gai.
1655 2277 1672 2303 I.
1692 2279 1752 2303 200.
1772 2277 1804 2303 cf.
1826 2278 1882 2304 164.
1919 2278 1978 2305 Iure

241 2327 329 2363 ipsos,
354 2327 398 2349 aut
421 2323 465 2358 qui
490 2322 522 2348 ad
547 2332 592 2348 eos
618 2323 763 2359 pertinent.
788 2325 832 2347 aut
850 2331 898 2357 per
916 2322 1088 2358 interpositas
1109 2314 1111 2347 1
1134 2321 1328 2361 quodammodo
1347 2321 1446 2359 peculii
1467 2321 1534 2348 bona
1548 2320 1701 2347 Latinorum
1722 2320 1752 2346 ad
1772 2321 1977 2347 manumissores

240 2376 369 2405 personas
390 2366 514 2400 (agatur.)
534 2364 564 2390 fr.
577 2367 602 2391 5.
621 2366 642 2398 5.
663 2367 686 2391 2.
707 2364 739 2391 de
759 2364 819 2391 don.
840 2365 886 2390 int.
907 2363 939 2390 V.
959 2366 1000 2391 24.
1018 2366 1040 2391 1.
1055 2364 1086 2391 01.
1109 2354 1111 2401 i
1135 2384 1165 2388 -
1186 2367 1327 2404 pertinent.
1353 2364 1388 2391 ld.
1409 2364 1451 2390 llI.
1472 2366 1512 2390 56.
1532 2365 1574 2390 58.
1594 2373 1652 2399 sqq.
1690 2362 1788 2389 Litcm.
1814 2373 1834 2389 s.
1855 2362 1977 2391 Causam.

242 2411 273 2437 fr.
287 2413 311 2436 2.
332 2409 365 2435 de
384 2412 541 2444 receptator.
561 2409 603 2433 47.
624 2409 663 2434 16.
702 2407 885 2444 Semproniam
904 2408 1037 2444 pertinere
1056 2408 1088 2434 ad
1134 2410 1166 2436 ad
1190 2419 1219 2436 se
1242 2409 1419 2446 pertinentem
1443 2406 1556 2439 (idonee
1579 2407 1659 2433 tueri.
1684 2416 1704 2431 s.
1725 2407 1860 2442 exsequi.)
1886 2406 1915 2433 fr.
1935 2409 1977 2433 24.

243 2453 356 2480 animum
376 2461 470 2481 meum,
490 2451 646 2486 cognovisti.
667 2450 696 2476 10.
716 2452 758 2477 60.
778 2451 799 2484 5.
822 2452 843 2477 1.
864 2450 949 2477 mand.
967 2452 1007 2477 17.
1022 2453 1043 2477 1.
1057 2467 1086 2470 —
1133 2454 1155 2487 5.
1176 2453 1199 2478 1.
1219 2450 1249 2477 fr.
1269 2452 1312 2477 28.
1331 2451 1353 2484 5
1367 2452 1391 2476 2.
1412 2449 1444 2476 de
1463 2459 1522 2486 app.
1544 2453 1569 2475 et
1588 2448 1661 2474 relat.
1675 2450 1716 2475 49.
1733 2450 1754 2475 l.
1776 2449 1808 2475 cf.
1829 2448 1858 2475 sr.
1873 2450 1896 2475 9.
1917 2450 1939 2483 5
1953 2451 1977 2476 3.

243 2496 274 2529 ξ.
295 2497 332 2522 3.
354 2496 524 2525 Adeinere,
545 2496 715 2527 Spectare,
736 2495 878 2530 Referri.
916 2493 934 2519 1.
955 2494 1016 2528 Sy.
1036 2493 1090 2519 Ad·
1134 2495 1166 2521 de
1190 2499 1314 2521 transact.
1333 2495 1357 2519 2.
1379 2495 1419 2519 15.
1461 2491 1556 2518 Damni
1581 2491 1669 2517 insecti
1694 2491 1831 2529 stipulatio
1855 2493 1977 2529 pertinet,

242 2539 334 2564 tinere.
355 2537 396 2563 Cf.
417 2537 441 2563 h.
462 2547 485 2562 v.
505 2537 527 2570 5
546 2538 570 2563 3.
609 2536 754 2563 Continwi.
775 2537 805 2563 l'r.
826 2539 850 2562 ti.
871 2536 901 2562 fr.
920 2538 943 2562 7.
963 2546 1002 2573 pr.
1022 2536 1088 2570 5.1.
1134 2538 1237 2564 etiamsi
1257 2542 1306 2563 etc.
1327 2536 1356 2562 t'r.
1375 2536 1418 2561 30.
1438 2544 1476 2571 pr.
1501 2534 1533 2560 de
1552 2534 1637 2560 damu.
1658 2535 1702 2561 int'.
1721 2536 1763 2561 39.
1783 2537 1808 2561 2.
1827 2549 1861 2554 —
1887 2536 1918 2569 §.
1939 2536 1977 2562 5.

244 2581 274 2606 10.
294 2584 317 2607 ὅ.
342 2581 363 2614 5.
383 2582 409 2606 3.
442 2580 494 2615 Qu.
519 2584 580 2605 met.
606 2589 627 2605 0.
652 2580 675 2605 4.
699 2581 723 2604 2.
753 2578 783 2604 10.
802 2581 826 2605 3.
852 2589 891 2616 pr.
915 2579 938 2613 5.
957 2581 981 2605 4.
1007 2579 1089 2606 usul'r.
1111 2600 1112 2603 .
1137 2583 1298 2608 Bonorum
1317 2584 1516 2608 nostrorum,
1537 2579 1626 2603 Iuris
1645 2579 1766 2609 nostri,
1788 2587 1860 2604 esse.
1886 2578 1903 2604 1.
1916 2579 1976 2612 Sy.

245 2623 363 2659 quemad.
389 2633 442 2649 cav,
469 2624 492 2649 7.
512 2624 534 2649 9.
574 2621 669 2653 Trahi,
698 2620 816 2651 Referri,
844 2622 990 2659 Respicere
1013 2622 1088 2655 (ad.)
1133 2624 1201 2650 Esse
1220 2622 1339 2652 alicuius.
1358 2619 1471 2656 Adquiri
1491 2621 1522 2651 ei,
1543 2619 1678 2646 Pertinere
1697 2620 1729 2646 ad
1746 2630 1811 2647 eum.
1832 2620 1889 2646 Gai.
1902 2620 1920 2646 I.
1934 2621 1974 2646 85.

245 2666 275 2691 fr.
296 2668 337 2691 26.
357 2676 416 2702 sqq.
441 2665 473 2692 de
492 2664 546 2691 LL.
568 2667 590 2690 1.
609 2666 633 2690 3.
659 2664 690 2690 fr.
709 2666 751 2690 29.
778 2664 814 2697 55.
836 2666 859 2690 6.
880 2675 919 2701 sq.
946 2665 978 2691 de
998 2664 1044 2691 lib.
1063 2669 1090 2691 et.
1110 2664 1112 2678 l
1134 2666 1164 2692 ll.
1186 2667 1226 2692 72.
1247 2667 1288 2692 91.
1309 2673 1347 2699 sq.
1375 2662 1436 2700 le.
1457 2662 1528 2689 XIX.
1550 2665 1588 2689 18.
1609 2672 1648 2699 sq.
1686 2662 1753 2695 Res,
1775 2673 1839 2699 quas
1858 2664 1914 2689 iure
1932 2661 1976 2688 ali-

246 2707 333 2745 posth.
353 2710 394 2734 25,
414 2711 437 2734 2.
464 2708 494 2735 fr.
517 2710 538 2734 1.
563 2708 585 2741 5.
605 2708 629 2733 2.
658 2707 688 2733 fr.
708 2709 731 2734 3.
756 2707 778 2741 5.
801 2709 839 2732 10.
865 2707 895 2733 sr.
916 2709 939 2734 4.
965 2708 986 2741 5.
1006 2710 1030 2734 2.
1057 2707 1089 2733 de
1111 2734 1112 2746 ἵ
1136 2718 1187 2745 quo
1208 2706 1382 2745 possidemus.
1422 2706 1496 2740 Quae
1520 2706 1654 2742 pertinent
1677 2705 1708 2732 ad
1729 2716 1786 2732 nos.
1815 2705 1845 2732 10.
1867 2706 1922 2731 181.
1943 2703 1976 2730 de

245 2751 276 2777 B.
297 2749 324 2776 1¹.
345 2760 366 2776 0.
386 2755 403 2776 t.
427 2752 469 2777 37.
489 2753 512 2777 4.
555 2750 597 2776 III.
622 2751 688 2777 Gn..
717 2748 834 2777 Tabulae
859 2751 1023 2781 testamenti,
1048 2750 1090 2777 vel
1111 2758 1113 2790 1
1135 2750 1166 2777 V.
1181 2750 1208 2776 S.
1222 2752 1264 2776 50.
1280 2751 1319 2776 16.
1357 2748 1410 2784 Qui
1430 2749 1456 2774 iu
1476 2749 1627 2775 universum
1646 2749 1687 2774 ius
1701 2748 1809 2775 alterius
1823 2746 1974 2774 succedunt.

246 2792 372 2824 codicilli,
391 2792 433 2818 vel
453 2793 515 2828 quid
529 2792 599 2819 aliud
614 2792 645 2819 ad
659 2797 843 2819 testamentum
857 2793 1001 2829 pertinens.
1022 2793 1051 2819 fr.
1065 2795 1089 2819 3.
1111 2796 1113 2807 ¹
1136 2794 1251 2823 Omnes,
1276 2792 1308 2818 ad
1333 2801 1399 2828 quos
1424 2801 1452 2817 ea
1476 2801 1519 2818 res
1542 2791 1664 2828 pertinet.
1694 2791 1724 2818 fr.
1746 2793 1768 2818 l.
1792 2792 1856 2825 5.1.
1884 2788 1913 2815 fr.
1936 2790 1973 2816 19.

247 2837 268 2869 5.
283 2838 306 2863 8.
327 2834 359 2861 ad
379 2834 465 2861 exhib.
484 2837 520 2861 10.
533 2838 556 2861 4.
576 2836 660 2862 1021.
681 2836 737 2869 53.
759 2836 810 2871 Qu.
831 2840 932 2862 testam.
948 2835 994 2861 sac.
1009 2845 1034 2872 p.
1047 2837 1089 2862 28.
1111 2833 1114 2888 ¹f
1135 2836 1157 2870 5.
1176 2837 1200 2861 5.
1225 2834 1258 2861 (10
1279 2834 1365 2861 Acdil.
1390 2834 1467 2861 edict.
1491 2836 1532 2860 21.
1555 2836 1578 2860 l.
1602 2833 1634 2860 cf.
1659 2832 1688 2860 fr.
1709 2836 1732 2860 7.
1757 2833 1786 2860 10.
1806 2834 1829 2859 9.
1854 2832 1875 2865 5.
1897 2833 1918 2857 7.
1943 2831 1975 2858 (11·
