2197 3121
278 163 341 193 698

279 244 326 271 sed
352 244 440 281 aliquo
469 244 548 271 modo
574 245 646 271 litem
670 243 780 282 perdere
806 243 882 281 culpa
905 253 959 270 sua.
988 242 1018 270 fr.
1041 245 1080 271 19.
1100 245 1123 271 si
1145 245 1147 271 ἶ

278 289 368 314 servit.
389 292 412 314 ὅ.
433 290 456 313 5.
477 287 508 314 fr.
528 290 552 314 9.
577 288 599 322 5.
619 288 643 314 6.
669 287 701 314 ad
721 287 809 314 exhib.
830 289 870 313 10.
890 289 914 313 4.
940 286 996 313 Gai.
1016 286 1061 313 IV.
1080 289 1122 314 30.

278 333 319 357 60.
342 332 398 356 123.
437 330 512 366 Quae
532 334 586 363 (sc.
607 330 713 367 regula)
733 346 765 350 —
790 330 879 368 perdit
903 329 1020 357 officium
1038 340 1122 357 suum.

278 374 307 400 fr.
330 376 351 399 1.
373 373 404 399 de
424 373 455 399 R.
476 373 493 400 1.
514 376 555 400 50.
576 375 616 401 17.

316 417 507 443 Perdstus.
528 415 650 450 (Partic.)
669 417 700 450 ξ.
712 418 746 443 1.
767 418 921 443 Amissus.
958 415 1051 450 LSy.
1071 415 1123 443 De-

277 459 405 497 perditus.
426 458 467 485 Cs.
488 459 512 486 h.
533 470 557 486 v.
578 459 642 493 5.1.
680 459 710 486 ΙΙ.
731 461 798 493 ⁰1).
818 459 936 491 Perdita,
956 474 988 478 —
1008 458 1123 486 Conser-

277 507 348 533 vata.
370 502 449 528 Salva
468 503 586 535 (navis.)
606 502 678 529 Paul.
697 502 728 529 ΙΙ.
749 504 771 529 7.
792 503 829 536 55.
849 504 873 528 2.
894 512 953 538 sqq.
989 501 1121 528 Alienatu-

277 556 333 572 rum
353 545 505 572 vindicatio.
519 561 550 565 —
571 545 735 573 Perditarum
756 545 941 580 redintegratio
961 545 1121 572 facultatum.

276 588 343 614 Nov.
365 588 466 621 Severi,
486 588 519 615 de
538 589 626 625 abrog.
647 590 724 626 capit.
745 588 776 615 V.
794 590 815 614 l.
837 598 857 614 e.
873 590 896 614 1.
916 588 937 622 5.
954 590 975 615 1.
998 588 1042 615 ΠΙ.
1055 590 1120 616 Gn.

276 630 383 658 Perdito
403 633 510 664 marito,
530 648 562 651 ——
587 632 663 658 alteri
682 632 806 658 festinare
825 631 932 658 nubere.
957 631 1007 658 Th.
1027 631 1058 658 C.
1078 631 1121 658 Ill.
1143 643 1144 646 ¹

275 676 300 701 8.
321 685 342 700 c.
364 676 386 700 1.
407 674 439 701 de
458 684 509 701 sec.
530 680 603 712 nupt.
624 691 654 695 —
676 676 707 709 ξ.
727 676 762 701 2.
783 676 965 708 [mprobus.
985 676 1119 708 Impius.

276 717 295 744 1.
316 718 378 752 Sy.
403 717 547 745 Tantorum
567 717 697 744 scelerum
721 717 926 747 machinatores,
951 717 1058 744 Perditi.
1083 717 1120 745 ΙΙ).

275 760 320 787 IV.
341 763 364 788 6.
395 771 416 787 c.
435 762 459 788 3.
479 761 593 795 (wok.)
613 761 645 787 de
664 766 747 787 natur.
767 760 804 787 fil.
824 760 879 787 ΥΠ.
901 762 942 787 19.
966 771 987 787 c.
1009 762 1030 787 l.
1055 761 1076 794 5.
1096 763 1120 787 2.

275 803 308 830 de
328 804 459 831 Saturian.
496 804 527 831 11.
544 806 607 838 Op.
627 803 709 841 Lapsi
728 808 753 830 et
767 808 892 830 errantes.
907 819 939 823 -—
956 803 1064 830 Perditi.
1083 803 1120 830 lb.

274 847 345 875 XVI.
367 850 389 874 7.
410 858 431 874 c.
451 850 473 873 4.
495 847 527 874 de
546 852 658 884 apostat.

314 892 543 918 Perdoeere.
568 891 697 917 Docere.
734 889 752 916 I.
767 891 830 924 Sy.
849 889 977 922 Edocerc.
997 889 1120 916 Probare.

275 933 317 961 Cf.
338 944 362 961 v.
381 934 508 960 Edocere.
533 934 555 967 5.
574 936 598 960 2.
636 933 678 960 111.
701 934 766 961 Cn.
797 932 826 959 In
851 932 949 959 iudicio
970 949 1002 952 —
1026 933 1119 970 perdo-

276 987 342 1004 cere.
373 977 421 1004 Th.
443 976 474 1003 C.
494 976 551 1003 XII.
577 978 599 1002 l.
625 987 646 1003 c.
669 978 724 1003 177.
749 986 787 1013 pr.
813 976 845 1002 dc
873 975 1006 1002 decurion.
1044 977 1120 1011 Quae

275 1021 397 1058 primitus
417 1024 514 1046 statuta
534 1019 719 1057 perdocentur.
748 1019 785 1046 lb.
804 1018 876 1046 XIV.
896 1021 919 1045 1.
940 1029 961 1046 c.
980 1021 1005 1046 2.
1025 1019 1058 1046 de
1077 1019 1120 1046 de-

276 1074 329 1090 cur.
350 1063 405 1089 urb.
426 1062 457 1089 11.

313 1107 546 1133 perducere.
571 1106 602 1139 §-
617 1106 652 1132 1.
673 1106 809 1137 Ducere,
829 1107 980 1132 Educere.
1017 1105 1036 1132 1.
1056 1107 1118 1140 Sy.

275 1148 370 1175 Secum
389 1148 493 1175 ducere.
514 1148 571 1176 Gai.
584 1148 628 1175 III.
644 1150 700 1175 196.
738 1148 780 1174 III.
793 1150 859 1176 (711.
879 1147 1003 1175 Nondum
1018 1150 1045 1175 in
1061 1159 1118 1175 eum

274 1191 361 1218 Iocum
382 1192 511 1229 perducti,
532 1193 557 1219 in
577 1202 629 1228 quo
650 1192 754 1228 operari
773 1191 878 1218 liabent.
898 1191 928 1218 fr.
950 1193 990 1218 10.
1010 1192 1031 1225 5.
1048 1194 1070 1219 l.
1086 1192 1118 1219 de

273 1245 351 1272 poen.
370 1237 412 1261 48.
434 1237 473 1262 19.
511 1235 553 1262 Ad
572 1234 738 1263 Praetorem.
765 1244 786 1261 s.
806 1235 999 1271 magistratum.
1019 1251 1052 1254 —
1075 1235 1119 1262 Ad

273 1278 470 1315 Imperatorem,
489 1278 563 1315 perd.
584 1277 705 1314 aliquem.
726 1277 757 1304 fr.
777 1280 818 1304 43.
838 1278 870 1304 de
890 1278 921 1304 A.
941 1277 971 1304 E.
991 1277 1023 1304 V.
1039 1279 1079 1305 19.
1095 1280 1117 1304 1.

274 1321 305 1347 fr.
326 1323 349 1348 4.
370 1321 414 1347 ubi
433 1331 495 1358 pup.
515 1323 556 1347 27.
576 1323 600 1347 2.
622 1321 651 1348 fr.
673 1323 695 1347 7.
716 1331 755 1358 pr.
776 1321 808 1347 de
828 1321 882 1348 reb.
903 1320 964 1347 dub.
977 1322 1019 1347 34.
1034 1323 1058 1348 5.
1089 1321 1117 1348 In

273 1363 371 1391 iudicio
391 1364 524 1390 Praesidis
544 1363 696 1400 perductus
717 1363 764 1390 lul.
784 1374 824 1401 ep.
844 1374 904 1390 nov.
931 1374 952 1390 c.
972 1366 1014 1391 21.
1034 1364 1056 1398 5.
1076 1366 1116 1392 70.

275 1406 329 1440 (Cf.
350 1417 374 1433 v.
394 1406 565 1440 Producere.)
582 1423 611 1427 —
633 1407 710 1440 §.2
732 1409 925 1439 Produc-ere,
945 1408 1116 1439 Deducere,

273 1452 440 1485 Redigere.
478 1450 495 1476 I.
511 1452 572 1484 Sy.
592 1450 732 1476 Deducere
747 1451 813 1482 (rem
827 1451 853 1476 in
867 1450 1014 1483 iudicium.)
1033 1449 1063 1477 fr.
1075 1452 1117 1477 31.

274 1493 307 1519 de
326 1493 404 1520 indic.
419 1496 443 1519 5.
465 1495 487 1519 1.
526 1493 675 1525 l'ervenire,
695 1492 808 1519 Perduci
828 1492 872 1526 (ad
888 1493 1036 1520 libertatem
1056 1495 1117 1526 etc.)

273 1535 346 1562 Paul.
366 1536 410 1562 IV.
432 1538 472 1562 12.
492 1536 574 1570 551.
594 1546 653 1573 sqq.
691 1536 734 1562 ΠΙ.
755 1537 821 1564 011.
846 1536 974 1562 Maturius
997 1537 1024 1562 in
1048 1536 1118 1563 sami-

273 1578 333 1605 Iiam
353 1580 446 1616 sponsi
465 1579 610 1616 perducere
630 1579 714 1605 voluit
733 1579 848 1611 (filiam.)
868 1578 899 1605 fr.
922 1580 961 1605 11.
981 1579 1002 1613 5.
1021 1581 1045 1606 3.
1066 1580 1117 1615 Qu.

274 1621 340 1648 salso
360 1627 408 1648 tut.
427 1624 468 1648 27.
489 1624 513 1649 6.
551 1622 637 1657 Quem
657 1623 716 1658 quis
737 1632 769 1648 ex
789 1622 917 1648 servitute
935 1621 967 1648 ad
986 1623 1118 1649 civitatem

273 1664 305 1691 R.
325 1665 457 1702 perduxit.
478 1665 508 1691 fr.
528 1667 552 1691 3.
573 1665 594 1698 5.
617 1667 638 1691 1.
659 1665 691 1691 de
711 1666 766 1691 suis
787 1669 812 1690 et
831 1664 901 1700 legit.
920 1666 962 1690 38.
983 1666 1022 1691 16.
1047 1664 1118 1692 Paul.

273 1707 304 1734 ll.
324 1708 405 1734 21.A.
430 1709 451 1742 5
473 1711 495 1735 7.
538 1708 580 1734 Ad
605 1709 700 1734 iustam
724 1707 872 1734 libertatem
897 1707 1005 1744 perduci
1029 1718 1117 1745 posse.

272 1750 310 1777 ld.
330 1750 374 1777 IV.
397 1753 436 1777 12.
457 1752 477 1785 5.
497 1753 521 1778 3.
543 1751 572 1777 fr.
591 1752 633 1777 32.
654 1750 687 1777 de
706 1750 730 1777 d.
745 1761 777 1777 m.
792 1752 814 1776 4.
835 1752 859 1777 3.
896 1750 1033 1783 conditio,
1053 1762 1118 1788 quae

272 1794 304 1820 ad
324 1793 471 1820 libertatem
491 1794 619 1832 perducit.
640 1794 670 1820 fr.
689 1796 731 1820 35.
752 1793 785 1820 de
805 1793 880 1819 cond.
901 1798 927 1820 et.
946 1793 1013 1821 dem.
1032 1796 1074 1821 35.
1095 1797 1116 1821 l.

273 1836 372 1863 Servos
397 1854 427 1858 --
453 1837 564 1864 libertos
593 1837 746 1875 perducere.
772 1836 801 1863 fr.
821 1839 862 1863 25.
890 1837 912 1870 5.
933 1839 956 1864 2.
986 1837 1018 1864 de
1044 1848 1116 1875 oper.

273 1879 360 1906 libert.
384 1882 424 1906 33.
446 1882 469 1907 1.
512 1880 610 1907 Servos
636 1897 668 1900 —
691 1890 777 1917 neque
801 1881 827 1906 in
852 1890 910 1907 eum
935 1890 1023 1907 casum
1049 1880 1116 1907 sacto

273 1932 321 1949 suo
341 1923 550 1950 usufructum-ius
570 1923 714 1961 perducere
733 1928 829 1961 potest.
850 1933 901 1960 quo
918 1928 967 1949 etc.
987 1923 1060 1950 Paul.
1074 1923 1116 1950 ΙΙΙ.

273 1967 297 1992 G.
317 1966 339 1999 5.
359 1968 400 1992 23.
439 1966 515 1993 Ratio
535 1978 565 1993 eo
587 1967 719 2004 perduxit,
738 1972 767 1993 ut
786 1972 834 1993 etc.
856 1966 925 1993 Coll.
946 1965 998 1993 LL.
1018 1967 1051 1993 M.
1072 1966 1116 1994 IV.

275 2010 315 2035 11.
354 2008 433 2044 Quod
454 2009 573 2046 plerique
593 2015 618 2036 et
634 2010 665 2036 ad
680 2010 762 2046 legata
776 2027 807 2030 —
822 2010 1009 2047 perduxerunt.
1030 2010 1060 2036 fr.
1074 2012 1116 2037 24.

274 2051 291 2078 I.
312 2051 327 2078 l.
347 2054 388 2078 35.
410 2054 432 2078 1.
469 2053 508 2078 Eo
528 2063 570 2079 res
590 2053 715 2089 perducta
736 2058 789 2085 est,
809 2059 837 2080 ut
857 2059 905 2080 nte.
934 2054 990 2080 Gai.
1010 2053 1055 2080 IV.
1074 2055 1116 2080 30.

274 2095 317 2121 Ad
336 2096 434 2121 exitum
454 2095 607 2132 perducitur
626 2105 676 2121 res.
700 2095 735 2122 lb.
757 2095 799 2122 IV.
821 2098 879 2123 162.
900 2098 957 2123 165.
995 2096 1037 2123 Ad
1057 2097 1117 2123 effe-

275 2143 344 2164 ctum
364 2138 481 2175 perduci.
502 2154 531 2158 —
558 2138 600 2164 Ad
620 2138 730 2164 nihilum
749 2139 821 2175 perd.
850 2139 879 2166 sr.
898 2141 921 2166 3.
943 2139 975 2166 de
994 2139 1062 2166 alim.
1082 2139 1117 2166 le-

275 2186 324 2217 gat.
349 2184 390 2207 32.
414 2183 434 2207 l.
461 2181 489 2207 l'r.
510 2183 551 2207 55.
577 2181 609 2207 de
629 2182 662 2207 Ο.
683 2187 708 2207 et
727 2182 759 2208 A.
778 2184 819 2208 44.
841 2184 863 2208 7.
901 2182 944 2208 Ad
975 2188 1116 2219 egestatem

274 2224 420 2261 perducere
440 2224 551 2256 (liberos
571 2226 656 2255 suos.)
675 2224 747 2251 Paul.
768 2224 811 2251 Ill.
832 2225 893 2251 -1.A.
914 2226 935 2259 5.
951 2227 973 2252 7.
986 2242 1017 2245 —
1037 2227 1115 2259 §.3-

275 2269 447 2294 Adducere.
484 2267 527 2293 111.
543 2269 609 2294 Cn.
629 2267 678 2293 Per
698 2267 768 2304 quod
788 2278 818 2294 eo
833 2267 1010 2305 perducimur.
1026 2274 1053 2295 ut
1067 2274 1116 2296 etc.

275 2311 306 2337 l'r.
326 2311 367 2336 34.
388 2320 426 2347 pr.
452 2309 483 2335 de
509 2320 571 2336 auro
596 2321 647 2346 arg.
670 2312 712 2337 34.
732 2314 756 2336 2.
781 2327 810 2331 «-
838 2312 868 2344 §.
886 2313 924 2337 ⁴.
950 2313 1115 2338 Reducere.

276 2353 318 2380 ΠΙ.
331 2354 397 2380 Cn.
418 2352 475 2379 Nisi
495 2353 613 2380 animalia
633 2354 758 2390 perducta
777 2353 880 2380 suerint.
901 2353 951 2380 Th.
966 2354 996 2380 C.
1012 2353 1078 2380 Vlll.
1093 2357 1116 2381 5.

277 2407 297 2422 c.
317 2398 358 2422 53.
379 2395 411 2422 de
431 2406 509 2422 cursu
529 2396 591 2433 pul).
617 2413 648 2416 —
678 2398 709 2430 ξ.
730 2399 767 2424 5.
793 2399 959 2429 inducere,
985 2398 1116 2424 Cancel-

275 2443 354 2466 [αν-ι».
391 2438 433 2465 111,
450 2440 516 2466 Cn.
536 2440 565 2465 Si
584 2439 682 2476 aliquid
704 2440 875 2472 interleverit,
894 2440 1055 2477 perduxerit.
1076 2440 1118 2467 ad·
1139 2449 1140 2455 ¹

275 2483 374 2514 iecerit.
395 2482 580 2508 eun-udaverit.
605 2482 635 2508 fr.
655 2485 695 2508 20.
721 2483 742 2516 5
764 2485 785 2509 1.
809 2483 841 2509 de
861 2483 935 2509 milit.
954 2488 1055 2509 testam.
1075 2485 1116 2510 29.
1139 2502 1140 2512 1

278 2527 299 2551 l.
320 2526 352 2551 cf.
373 2524 402 2551 fr.
426 2527 445 2551 l.
466 2535 505 2561 pr.
526 2525 557 2551 de
577 2525 601 2551 h.
623 2535 666 2561 qu.
687 2526 711 2551 in
732 2530 833 2552 testam.
853 2528 895 2552 28.
909 2527 933 2552 4.

314 2568 545 2595 Perduellio.
583 2569 614 2602 §-
636 2569 670 2594 1.
696 2570 823 2595 Crimen
847 2579 968 2601 eurum,
992 2571 1047 2604 qni
1065 2571 1117 2595 Ιιο-

277 2613 352 2637 3Ιί1ί
380 2614 536 2638 adversus
564 2613 708 2644 patriam
733 2613 839 2638 (ιηίιηυ
860 2614 1017 2646 grassati
1035 2619 1116 2639 sunt.

278 2652 318 2679 111.
338 2655 404 2681 Cn.
429 2654 482 2688 Qui
502 2654 693 2690 perduellionis
713 2663 773 2679 reus
793 2659 841 2682 est.
862 2654 952 2681 hostili
972 2656 1056 2681 animo
1076 2654 1118 2681 ad-

277 2705 369 2722 versus
389 2707 469 2733 remp.
489 2696 531 2722 vel
552 2696 700 2734 Principem
719 2698 854 2723 aniinatus.
874 2697 903 2723 fr.
920 2699 958 2723 11.
978 2697 1010 2724 ad
1026 2697 1056 2724 L.
1071 2697 1116 2724 lul.
1139 2719 1140 2723 .

278 2739 334 2763 mai.
354 2740 395 2764 43.
415 2741 438 2766 4.
476 2739 535 2765 Non
554 2740 642 2765 solent
661 2739 744 2775 lugeri
763 2755 795 2759 -—
815 2739 915 2771 hostes.
937 2740 980 2766 vel
999 2740 1119 2777 perduel-

279 2779 357 2806 lionis
378 2780 498 2813 damnati.
519 2792 566 2809 nec
585 2783 753 2820 suspendiosi
774 2788 821 2809 etc.
846 2782 876 2809 sr.
898 2784 936 2808 11.
956 2783 978 2816 5.
997 2785 1020 2810 3.
1041 2783 1073 2809 de
1092 2783 1116 2810 h.

279 2833 322 2860 qu.
346 2828 402 2850 not.
424 2824 509 2851 insani.
529 2828 552 2851 3.
572 2828 595 2851 2.
634 2824 698 2851 Post
722 2826 820 2852 crimen
843 2825 1033 2855 perduellionis
1057 2835 1117 2853 con-

1101 162 1194 192 PER.

1168 248 1293 276 tractum,
1317 253 1341 270 v.
1366 243 1474 272 illatum.
1501 261 1533 265 —
1563 245 1629 272 Post
1653 246 1769 273 defuncti
1795 249 1946 274 memoriam
1971 248 2014 275 dn-

1167 291 1288 313 mnatam.
1308 286 1338 313 fr.
1358 287 1399 313 31.
1420 287 1442 321 5.
1461 290 1486 315 4.
1507 288 1540 315 de
1559 288 1647 315 donat.
1666 291 1708 316 39.
1728 292 1752 316 5.
1774 290 1806 317 cf.
1832 290 1862 317 fr.
1884 292 1924 317 76.
1944 292 1968 325 5.
1989 293 2014 318 9.

1167 329 1200 355 de
1219 329 1296 366 legat.
1314 328 1345 355 Il.
1365 330 1443 363 (31.)
1464 347 1494 351 —
1524 332 1555 365 ξ.
1576 333 1611 358 2.
1633 334 1768 359 Inrasio
1788 335 1932 360 hostilis.
1970 334 2013 360 ΙΙΙ.

1168 373 1234 400 Cn.
1264 371 1393 409 Depulsis
1421 372 1650 410 perduellionibus
1676 376 1731 407 (sit
1754 375 1818 402 haec
1840 377 1924 413 prima
1942 387 2014 415 repa-

1167 416 1233 441 ratio
1254 418 1317 446 etc.)
1340 414 1390 441 Tb.
1411 415 1443 442 C.
1461 415 1507 443 XI.
1527 418 1568 444 31.
1589 428 1610 444 c.
1631 419 1654 444 7.
1675 417 1707 443 de
1727 428 1811 455 repar.
1831 429 1891 456 app.

1204 458 1433 485 Per-tuellis.
1465 460 1584 487 Hostis
1600 463 1762 495 publicus.
1798 461 1817 488 I.
1831 464 1894 496 Sy.
1912 461 2012 489 Hostis.

1167 499 1208 526 Cf.
1229 499 1253 526 h.
1275 511 1298 526 v.
1319 501 1340 534 5.
1360 502 1385 526 2.

1203 544 1436 571 Perdurare.
1474 546 1622 578 Durare.
1652 549 1790 574 Manere.
1828 547 1848 574 Ι.
1868 548 1930 582 Sy.
1962 547 2014 574 De-

1166 587 1274 618 morari.
1298 586 1410 613 Durare.
1441 586 1483 614 Cf.
1503 598 1528 614 v.
1548 588 1695 616 Demorari.
1721 591 1787 624 5.1.
1826 589 1869 617 111.
1889 592 1955 618 Cn.
1975 590 2014 617 ln-

1166 628 1312 656 dubitatum
1333 635 1410 666 atque
1429 631 1557 657 intactum
1569 631 1646 658 saciat
1659 633 1811 670 perdurare.
1831 633 1881 660 Th.
1897 633 1928 660 C.
1940 633 2011 660 XIV.

1165 673 1189 698 4.
1210 682 1231 698 c.
1252 673 1276 698 6.
1296 672 1328 699 de
1347 682 1415 699 suar.
1455 672 1524 700 Vitia
1544 690 1576 693 —
1596 685 1610 700 a
1633 676 1777 702 maioribus
1802 681 1936 703 contracta
1955 686 2013 714 per-

1167 713 1268 741 durant.
1289 724 1310 741 c.
1332 717 1371 742 11.
1392 715 1424 742 de
1443 716 1475 742 A.
1497 721 1522 743 et
1540 716 1571 743 R.
1592 717 1620 744 P.
1641 720 1664 744 7.
1683 721 1724 745 32.

1202 759 1383 792 Pereger.
1412 761 1620 794 Peregrinus.
1657 760 1700 787 Ill.
1721 763 1787 789 Cn.
1807 761 1955 795 Decedam-ez,
1969 761 2012 789 vel

1165 810 1276 837 pereger
1294 801 1360 827 fieri.
1382 800 1442 838 le.
1461 801 1544 829 XVII.
1566 805 1588 829 l.

1202 845 1383 878 Peregre.
1415 845 1540 878 (Advb.)
1571 848 1680 873 Extra
1699 849 1852 881 patriam.
1890 847 1921 874 Π.
1942 849 2011 882 ⁰1²·

1164 886 1264 913 Eodem
1284 886 1345 919 loci,
1364 889 1421 914 sive
1440 888 1501 921 alio,
1520 890 1576 915 sive
1596 899 1713 926 peregre.
1733 890 1763 917 I'r.
1778 892 1801 917 7.
1820 891 1898 925 5.13.
1917 901 1949 917 ex
1968 901 2010 927 qu.

1165 939 1185 956 c.
1205 930 1232 956 in
1251 940 1324 967 poss
1345 932 1386 957 42.
1407 933 1430 957 4.
1456 942 1477 958 c.
1497 934 1521 958 5.
1546 931 1579 958 de
1604 942 1702 959 emanc.
1722 934 1746 958 8.
1767 935 1808 960 49.
1846 933 1875 960 ln
1900 934 2012 971 patriam

1166 974 1271 999 reverti.
1291 989 1324 992 —
1352 973 1464 1009 Peregre
1484 974 1566 1001 obire.
1590 975 1620 1001 l'r.
1639 977 1681 1002 34.
1707 975 1739 1002 dc
1758 975 1790 1002 N.
1811 975 1840 1003 G.
1862 978 1888 1003 3.
1907 979 1930 1003 5.
1967 976 2011 1003 ΠΙ.

1165 1016 1231 1042 Cn.
1252 1015 1282 1041 Si
1301 1016 1327 1042 in
1347 1016 1405 1053 fuga
1425 1018 1468 1049 sit,
1488 1017 1530 1044 vel
1549 1028 1666 1055 peregre.
1690 1018 1720 1044 sr.
1741 1021 1782 1045 21.
1807 1020 1829 1053 5.
1849 1021 1873 1046 3.
1898 1019 1931 1046 de
1950 1029 2011 1046 nox.

1140 1080 1141 1092 ÷
1164 1063 1213 1084 act.
1233 1060 1257 1085 9.
1277 1060 1300 1084 4.
1339 1060 1393 1095 Qui
1421 1059 1454 1086 de
1483 1065 1553 1086 statu
1581 1071 1630 1087 suo
1660 1062 1776 1088 incertus
1804 1067 1858 1094 est,
1883 1078 1916 1082 —-
1940 1064 2012 1099 quod

1164 1106 1238 1138 patre
1261 1111 1371 1138 peregre
1394 1107 1498 1129 mortuo
1522 1104 1624 1140 ignorat
1647 1114 1676 1130 se
1700 1106 1740 1131 sui
1768 1106 1832 1131 iuris
1852 1115 1920 1132 esse.
1950 1105 2010 1143 le.

1163 1144 1222 1170 XX.
1243 1146 1283 1170 11.
1321 1145 1467 1181 Argentum
1487 1146 1612 1173 utendum
1631 1161 1661 1166 —
1685 1157 1791 1183 rogare,
1812 1153 1837 1174 et
1856 1148 1882 1174 id
1901 1158 2012 1185 peregre

1163 1197 1252 1214 secum
1272 1187 1348 1215 serre.
1369 1188 1426 1215 Gai.
1445 1188 1488 1215 111.
1510 1190 1567 1215 196.
1604 1188 1661 1216 Per.
1682 1191 1831 1227 proticisci,
1851 1201 1875 1217 v.
1896 1201 1969 1224 esse,
1989 1201 2010 1218 S.

1164 1240 1246 1267 agere.
1273 1230 1303 1257 l'r.
1323 1233 1365 1258 35.
1390 1232 1412 1265 5.
1434 1234 1456 1258 1.
1482 1231 1514 1258 de
1539 1242 1610 1269 oper.
1637 1232 1723 1260 libert.
1744 1236 1785 1259 35.
1807 1236 1828 1259 l.
1850 1234 1879 1260 fr.
1900 1237 1923 1261 9.
1943 1235 1965 1268 5
1985 1236 2010 1261 4.

1164 1273 1196 1300 dc
1215 1275 1248 1300 A.
1269 1274 1299 1301 R.
1320 1274 1354 1301 D.
1374 1277 1415 1301 41.
1437 1276 1458 1301 1.
1479 1275 1511 1301 ct'.
1530 1274 1561 1301 fr.
1576 1277 1617 1301 50.
1638 1275 1695 1302 fam.
1716 1277 1807 1302 ercisc.
1826 1279 1862 1303 10.
1877 1280 1902 1304 2.
1922 1278 1953 1304 fr.
1967 1279 2009 1304 23.

1163 1317 1183 1350 5.
1198 1319 1222 1343 4.
1243 1317 1276 1344 de
1294 1317 1384 1344 hered.
1405 1319 1466 1344 inst.
1479 1319 1521 1344 28.
1536 1321 1560 1345 5.
1589 1317 1647 1344 Per.
1667 1318 1820 1346 muneribus
1839 1320 1918 1356 fungi.
1940 1320 1970 1346 I'r.
1985 1322 2009 1346 5.

1163 1360 1184 1394 5.
1203 1362 1228 1386 3.
1248 1360 1281 1387 de
1299 1362 1356 1387 iure
1375 1362 1482 1387 immun.
1502 1363 1543 1387 50.
1563 1362 1587 1387 6.
1624 1360 1736 1398 Peregre
1754 1364 1807 1389 uati
1828 1363 1873 1396 [al.
1892 1362 2010 1399 Peregri-

1163 1402 1240 1438 nati.]
1260 1404 1281 1438 5.
1303 1406 1343 1430 12.
1363 1403 1381 1430 I.
1402 1403 1434 1430 de
1454 1403 1543 1430 hered.
1564 1405 1625 1431 inst.
1644 1406 1669 1431 2.
1691 1407 1731 1431 14.

1200 1447 1462 1481 Peregrinari.
1500 1450 1644 1483 Peregre
1666 1450 1781 1475 abesse.
1818 1448 1836 1475 I.
1857 1450 1919 1483 Sy.
1942 1449 2009 1476 Eva-

1162 1491 1224 1525 gari.
1245 1490 1287 1516 Cf.
1307 1489 1332 1516 li.
1352 1499 1376 1516 v.
1413 1490 1534 1522 Absens,
1555 1491 1608 1526 Qui
1628 1492 1815 1528 peregrinatur.
1843 1491 1892 1518 Th.
1913 1491 1944 1519 C.
1963 1491 2008 1518 IV.

1162 1534 1204 1559 22.
1225 1543 1245 1559 c.
1267 1535 1289 1559 l.
1309 1532 1379 1559 unde
1397 1534 1431 1559 vi.
1469 1533 1512 1559 Ill.
1533 1535 1599 1561 Gn.
1618 1533 1722 1570 Peregr.
1742 1534 1886 1571 longinquo
1906 1536 2009 1561 itinere.

1140 1574 1141 1579 ¹
1163 1575 1192 1602 l'r.
1212 1578 1236 1602 4.
1262 1576 1327 1610 5.1.
1353 1575 1385 1602 de
1408 1576 1498 1603 hered.
1523 1577 1584 1603 inst.
1604 1578 1646 1603 28.
1665 1579 1689 1603 5.
1728 1576 1796 1604 Cum
1819 1579 1919 1604 maritis
1943 1579 2009 1615 reip.

1163 1629 1184 1645 c.
1210 1618 1364 1645 absentibus
1388 1620 1569 1656 peregrinatae.
1593 1619 1761 1653 (mulieres.)
1785 1630 1807 1646 c.
1829 1623 1850 1647 l.
1876 1620 1909 1647 de
1932 1631 2008 1647 uxor.

1163 1661 1237 1687 milit.
1262 1663 1286 1688 2.
1305 1664 1347 1688 52.
1386 1661 1504 1694 furiosi,
1533 1667 1576 1688 aut
1600 1662 1727 1694 infantes,
1753 1668 1778 1689 et
1802 1665 2008 1700 peregrinantes.

1163 1703 1235 1730 Paul.
1255 1703 1299 1730 lv.
1319 1705 1342 1731 S.
1364 1705 1385 1738 5.
1406 1707 1429 1731 5.
1468 1704 1497 1731 Si
1522 1705 1596 1732 solus
1619 1707 1735 1742 naviget,
1760 1707 1783 1732 si
1802 1706 1876 1732 solus
1897 1707 2010 1744 peregri-

1163 1752 1246 1773 netur.
1267 1747 1296 1773 l'r.
1316 1749 1357 1773 29.
1378 1748 1400 1781 5.
1422 1750 1444 1774 1.
1465 1758 1513 1785 pro
1533 1758 1587 1775 soc.
1609 1750 1649 1774 17.
1669 1752 1693 1775 2.
1732 1749 1835 1785 Quodsi
1856 1749 1942 1782 rediit,
1965 1759 2010 1787 pe-

1163 1792 1288 1826 regrinari
1307 1792 1356 1817 iam
1377 1791 1486 1818 destitit.
1507 1803 1528 1818 c.
1550 1794 1572 1818 7.
1593 1792 1626 1818 de
1645 1792 1724 1819 incol.
1746 1795 1785 1818 10.
1805 1794 1847 1819 39.

1200 1835 1480 1868 Peregrinatio.
1518 1835 1549 1868 §.
1567 1836 1601 1861 l.
1621 1837 1778 1862 Absentia
1797 1842 1891 1862 extra
1911 1837 2008 1862 dumi-

1161 1878 1244 1903 cilin
1252 1886 1283 1903 111.
1322 1876 1364 1903 111.
1377 1878 1443 1904 Cn.
1464 1878 1539 1913 Quae
1558 1881 1606 1911 (sc.
1621 1877 1741 1910 donatio)
1756 1878 1925 1915 impendente
1937 1882 2008 1905 metu

1161 1921 1253 1946 mortis
1274 1919 1311 1951 fit.
1332 1925 1359 1946 ut
1378 1925 1418 1946 est
1432 1920 1600 1953 valetudinis,
1619 1922 1848 1958 peregrinationis,
1868 1921 2008 1957 navigatio—

1162 1964 1213 1993 nis,
1233 1962 1275 1989 vel
1295 1963 1367 1989 belli.
1387 1963 1458 1990 Paul.
1474 1964 1504 1990 II.
1519 1967 1560 1990 23.
1581 1965 1602 1998 5
1623 1967 1647 1990 1.
1688 1963 1827 1995 Valetudo.
1847 1963 1889 1990 vel
1907 1968 2006 1990 mortes

1162 2007 1317 2043 parentium,
1337 2011 1381 2032 ant.
1400 2007 1520 2044 capitalia
1541 2008 1657 2039 crimina,
1677 2012 1721 2033 aut
1741 2007 1872 2043 longiores
1892 2007 2006 2043 peregri-

1162 2050 1290 2080 nationes.
1310 2059 1376 2085 quae
1395 2060 1428 2076 ex
1448 2051 1606 2076 necessitate
1627 2050 1700 2076 liunt.
1726 2050 1755 2076 fr.
1777 2051 1816 2075 17.
1836 2049 1869 2075 de
1887 2049 2004 2086 sponsal.

1161 2094 1202 2118 23.
1225 2094 1246 2118 1.
1267 2103 1287 2118 c.
1308 2096 1331 2118 2.
1353 2092 1385 2119 de
1402 2093 1493 2130 repud.
1514 2095 1537 2119 5.
1554 2095 1592 2119 17.
1614 2092 1645 2119 ci'.
1666 2092 1738 2119 Paul.
1751 2092 1781 2118 11.
1797 2094 1836 2118 15.
1856 2092 1915 2125 5.1.
1937 2092 1966 2118 sr.
1981 2094 2005 2118 8.

1161 2135 1183 2168 5.
1202 2136 1226 2161 3.
1247 2135 1277 2161 fr.
1297 2137 1320 2161 9.
1341 2145 1381 2172 sq.
1401 2136 1430 2162 l'r.
1454 2138 1492 2162 17.
1512 2146 1550 2172 pr.
1572 2136 1593 2169 5.
1613 2138 1637 2161 2.
1657 2136 1688 2162 l'r.
1709 2136 1749 2161 18.
1769 2144 1827 2170 sqq.
1849 2134 1881 2160 de
1901 2145 2004 2171 procur.

1160 2180 1184 2204 3.
1197 2180 1222 2204 3.
1253 2178 1326 2213 Quas
1346 2181 1395 2211 (sc.
1410 2179 1555 2215 impensas)
1576 2178 1704 2216 impendit
1723 2183 1774 2203 tam
1791 2179 1817 2203 in
1831 2178 2005 2214 profectione,

1161 2231 1237 2258 quam
1257 2222 1283 2247 iu
1302 2223 1511 2258 peregrinatione
1531 2232 1584 2248 sua.
1604 2221 1650 2248 lul.
1665 2232 1705 2258 ep.
1726 2230 1785 2246 nov.
1806 2230 1827 2246 c.
1848 2222 1889 2246 47.
1909 2221 2005 2254 §.182

1162 2280 1194 2284 —-
1214 2265 1245 2298 §.
1267 2266 1303 2291 2.
1329 2267 1476 2299 Legatiu.
1513 2265 1556 2291 111.
1575 2266 1641 2292 Cn.
1665 2264 1904 2299 Peregrinationem
1923 2265 2006 2290 susci-

1164 2318 1238 2345 pere.
1264 2318 1346 2344 eaque
1365 2308 1397 2334 ad
1417 2318 1504 2334 sacras
1524 2318 1599 2334 aures
1619 2306 1734 2338 deferre,
1754 2317 1820 2343 quae
1840 2311 1889 2332 etc.
1927 2306 2004 2333 Onus

1140 2363 1141 2371 1
1163 2352 1389 2388 peregrinationis.
1411 2351 1460 2377 Th.
1481 2351 1510 2378 C.
1524 2350 1581 2377 XII.
1598 2352 1636 2375 12.
1659 2360 1679 2375 c.
1696 2352 1719 2376 9.
1740 2349 1772 2375 de
1792 2349 1868 2385 legat.
1889 2354 1914 2375 et.
1933 2349 2003 2376 decr.

1139 2390 1141 2426 ᾗ
1164 2395 1194 2421 cf.
1214 2395 1271 2421 ΧΗ.
1294 2397 1315 2421 1.
1338 2405 1359 2420 c.
1381 2396 1436 2421 159.
1457 2394 1489 2421 de
1508 2393 1641 2420 decurion.

1200 2437 1473 2471 Peregrinitus-
1495 2438 1649 2462 conditio
1668 2438 1928 2469 peregrinorum.
1960 2435 2002 2462 111.

1163 2482 1228 2508 Cn.
1257 2481 1287 2507 Si
1315 2491 1362 2517 per
1385 2489 1495 2516 poenam
1519 2478 1709 2515 deportationis
1734 2479 1766 2505 ad
1791 2479 2002 2515 peregrinitatem

1139 2515 1140 2546 l
1162 2523 1283 2549 redactus
1302 2525 1344 2549 sit.
1364 2523 1394 2549 t'r.
1416 2525 1454 2548 10.
1475 2523 1495 2555 5
1516 2523 1538 2548 (i.
1560 2522 1591 2548 de
1610 2523 1636 2547 in
1656 2523 1696 2548 ins
1716 2532 1772 2548 voc.
1792 2524 1816 2547 2.
1837 2524 1859 2547 4.

1138 2550 1140 2608 l
1201 2566 1442 2600 Peregrinus.
1480 2566 1510 2598 §-
1535 2567 1568 2591 l.
1600 2567 1715 2596 Emer,
1745 2566 1922 2591 Barbarus.
1958 2563 2000 2589 111.

1139 2610 1141 2649 ξ
1163 2611 1228 2637 Cn.
1254 2610 1282 2636 Si
1301 2609 1445 2646 Imperator
1467 2614 1556 2635 noster
1575 2608 1722 2645 Principem
1743 2607 1852 2634 alienius
1872 2607 2000 2643 peregrini

1138 2651 1140 2663 ¹
1162 2653 1253 2690 populi
1273 2652 1304 2678 de
1324 2662 1386 2688 pace
1407 2653 1439 2677 ita
1465 2653 1614 2687 interroget.
1640 2652 1695 2677 (iai.
1717 2651 1759 2677 Ill.
1780 2653 1821 2677 94.
1859 2649 1937 2687 Apud
1956 2659 1999 2686 pe-

1139 2688 1141 2693 !
1163 2697 1280 2731 regrinos
1301 2705 1352 2721 non
1372 2694 1500 2725 similiter,
1521 2700 1546 2721 ut
1568 2694 1636 2731 apud
1655 2704 1704 2719 nos
1724 2698 1773 2720 etc.
1794 2693 1830 2719 ld.
1851 2693 1868 2719 I.
1890 2694 1945 2719 193.
1967 2692 1998 2718 cs.

1139 2727 1141 2795 ιγ
1164 2741 1219 2765 197,
1241 2739 1269 2765 ll.
1290 2740 1330 2763 40.
1369 2738 1518 2764 Secundum
1542 2737 1612 2773 leges
1637 2746 1777 2773 moresque
1796 2736 1998 2773 peregrinorum.

1138 2814 1139 2819 1
1162 2782 1196 2807 ld.
1218 2782 1236 2808 1.
1256 2784 1295 2807 92.
1317 2781 1358 2807 111.
1383 2783 1437 2807 120.
1460 2781 1520 2818 Hp.
1542 2780 1600 2806 ΧΧ.
1623 2781 1661 2805 1⁴.
1683 2795 1714 2799 —
1747 2780 1777 2812 §-
1798 2781 1833 2806 ἓ.
1859 2780 1921 2811 Qui
1944 2780 1998 2804 im-

1138 2821 1250 2864 {perio
1280 2827 1308 2851 1’.
1340 2826 1369 2851 R.
1397 2831 1506 2858 paret,
1538 2825 1671 2850 tametsi
1701 2833 1754 2849 uec
1780 2823 1919 2849 civitate
1946 2831 1999 2847 ner
