2197 3121
266 182 330 213 882

269 262 436 290 suetudinem
458 263 541 289 istam.
568 262 598 288 sr.
618 264 642 288 4.
662 262 684 296 5.
703 264 727 288 5.
748 261 780 288 de
800 261 844 287 off.
864 260 940 287 Proc.
960 265 985 287 et
1004 260 1066 297 Leg.
1089 262 1111 287 1.

1085 178 1174 209 SER.

1158 260 1234 291 caria,
1254 259 1389 291 Serviano,
1410 260 1633 296 Quasi-Serviana
1649 262 1751 295 (actio.)
1772 261 1813 289 Cf.
1827 273 1851 289 v.
1865 262 2000 301 IIypothe-

269 308 310 333 16.
348 306 376 333 Si
402 316 451 341 qua
476 305 524 332 alia
550 306 573 331 ci
598 305 723 342 competit
747 305 830 331 actio.
855 320 887 324 —-
911 305 1011 340 inti-gra
1036 305 1059 330 ci
1079 319 1111 323 —
1134 314 1136 339 ι
1157 304 1251 329 carius.
1283 302 1454 338 Pigneraticia
1474 304 1608 335 Sei-viana,
1628 303 1799 341 Pigneraticia
1819 307 1856 342 (p.
1871 307 1921 339 se‚)
1941 306 2001 332 Ser-

268 349 424 377 servabitur.
450 348 479 375 fr.
502 350 541 374 14.
565 348 587 381 5.
610 350 648 374 11.
674 348 725 383 Qu.
745 352 805 374 met.
831 357 852 374 c.
872 350 896 374 4.
916 350 940 374 2.
977 346 1111 373 Servanda

267 403 320 420 non
345 397 384 418 cst
409 393 464 424 (sc.
490 391 660 428 stipulatio.)
684 390 730 417 sed
754 390 904 417 omnimodo
931 389 1112 416 rescindenda.

269 436 299 463 fr.
325 437 348 462 7.
377 436 398 469 5
423 436 460 460 to.
491 434 521 460 sr.
540 436 582 461 27.
608 434 629 468 5.
655 435 678 460 4.
703 433 735 460 de
759 438 827 471 pact.
851 435 876 460 2.
902 434 942 458 14.
980 432 1112 459 Praetoris

268 483 373 516 oportet
394 479 419 503 in
440 488 468 503 ea
488 487 516 504 re
535 478 692 503 sententiam
711 478 819 503 servari.
840 476 869 503 fr.
882 478 924 502 29.
944 486 984 513 pr.
1004 475 1037 502 de
1056 485 1112 501 exc.

268 523 305 549 rei
325 520 377 547 iud.
397 521 439 546 44.
459 523 482 546 2.
503 519 535 547 cf.
556 520 585 546 fr.
604 522 628 547 3.
649 520 714 554 5.1.
735 530 826 547 comm.
848 519 900 545 div.
923 521 961 545 10.
981 520 1004 544 3.
1025 518 1056 544 fr.
1074 520 1111 544 12.

268 564 300 591 ad
319 563 348 589 L.
369 562 438 589 falc.
458 565 499 589 35.
519 564 543 589 2.
566 580 594 583 —
625 564 656 596 ᾖ.
678 564 713 590 2.
743 564 933 589 Custodiam
957 571 1112 588 exercere.

267 607 286 633 1.
309 608 370 641 Sy.
398 605 550 632 Custodire.
570 605 725 632 Custodiam
745 610 886 643 praestare.
912 604 953 631 Cf.
973 615 997 631 v.
1017 604 1114 631 Custo-

268 650 332 676 dire.
356 650 378 683 5.
402 651 422 675 Ι.
460 647 575 676 Tenere.
602 648 714 675 Servare
740 650 783 681 (in
809 647 942 685 publico.)
967 647 998 674 l'r.
1018 649 1059 673 48.
1080 647 1112 673 de

268 692 299 719 V.
320 692 346 719 S.
367 695 408 719 50.
430 693 469 718 16.
506 691 549 718 111.
570 693 636 720 Cn.
662 691 726 718 Tam
746 691 877 717 fructuum
897 690 1113 727 colligendorum⁷

268 746 344 772 quam
364 735 562 765 servandorum.
583 734 770 767 (constituta.)
791 744 811 760 c.
831 736 854 760 2.
876 733 908 760 de
928 733 959 760 Υ.
979 734 1007 759 S.
1027 734 1051 760 6.
1070 735 1113 759 38.

268 779 322 815 Qui
341 778 498 804 servandum
519 777 617 814 aliquid
641 777 803 809 conducunt,
828 782 872 803 aut
896 777 1022 803 utendum
1050 772 1136 802 acci-²

267 823 350 860 piunt.
372 821 401 847 sr.
423 823 462 847 19.
483 820 612 847 commod.
634 822 673 846 13.
693 821 716 846 6.
747 820 776 846 Si
796 820 967 858 praedixerit,
988 824 1017 846 ut
1036 829 1115 846 unus-

268 866 382 902 quisque
401 868 536 890 vectorum
556 873 598 889 res
617 873 678 889 suas
698 868 794 890 servet.
815 863 845 890 fr.
860 866 883 890 7.
897 874 937 901 pr.
951 868 1022 889 naut.
1039 873 1113 899 caup.

268 910 292 934 4.
307 910 331 935 9.
358 908 387 934 Si
406 911 525 933 ventrem
544 916 649 932 servare
669 906 740 933 velit.
761 906 791 933 l'r.
805 908 829 932 3.
850 906 882 933 de
901 907 994 943 inspic.
1014 910 1114 932 ventre.

267 953 311 978 25.
331 953 354 976 4.
392 950 479 980 Bona,
503 950 541 975 rei
564 949 708 976 servandae
733 960 825 982 causa,
850 949 940 976 iubere
967 948 1113 986 possidere.

270 994 300 1020 [ι’.
319 996 361 1020 26.
383 994 445 1027 5.1.
465 992 497 1018 ad
517 993 667 1018 rnunic.50.
689 993 711 1019 1.
748 992 906 1029 Legatorum
925 991 1112 1019 servandorum
1135 1025 1136 1028 Ἴ

270 1046 360 1063 causa.
380 1037 406 1062 iu
426 1036 624 1073 possessiouem
644 1036 719 1061 mitti.
747 1034 777 1062 fr.
797 1037 821 1062 4.
845 1035 911 1069 5.1.
932 1035 965 1061 de
984 1035 1027 1061 off.
1048 1035 1112 1060 eius.

271 1081 294 1106 1.
313 1081 354 1106 21.
375 1079 405 1105 fr.
425 1082 449 1105 2.
471 1078 503 1105 de
527 1078 599 1104 feriis
618 1080 642 1104 2.
664 1080 703 1104 12.
730 1094 760 1098 —
785 1079 816 1112 ξ.
835 1080 872 1105 3.
894 1080 1112 1112 Recuperare,

271 1124 439 1157 Consequi.
477 1121 496 1148 1.
515 1122 577 1156 Sy.
598 1120 677 1147 Ferre
697 1121 741 1154 (ab
760 1121 870 1158 aliquo.)
889 1122 1007 1157 Exigere.
1027 1120 1057 1147 sr.
1072 1121 1112 1146 (57-

269 1176 318 1203 pro
338 1176 392 1192 soe.
414 1167 454 1192 17.
472 1167 497 1191 2.
523 1164 552 1192 fr.
572 1166 614 1190 41.
634 1174 673 1202 pr.
698 1164 728 1191 fr.
749 1166 790 1190 52.
810 1175 848 1202 pr.
874 1164 906 1190 de
930 1164 1048 1191 fideiuss.
1071 1164 1112 1189 46.

271 1211 294 1235 1.
332 1209 477 1245 Cousequi,
498 1207 672 1234 conservare.
693 1207 722 1234 l'r.
739 1209 778 1234 18.
799 1207 831 1234 de
851 1207 939 1234 hored.
959 1217 983 1233 v.
1003 1211 1052 1233 act.
1073 1207 1112 1232 18.

269 1253 293 1278 4.
314 1251 343 1278 [ι’.
365 1253 406 1278 79.
425 1250 458 1277 ad
477 1250 541 1277 S.C.
557 1250 637 1277 Treb.
651 1252 692 1277 36.
714 1252 735 1277 l.
768 1250 809 1277 111.
825 1252 890 1279 Gn.
910 1250 1038 1286 Quamvis
1058 1259 1113 1275 eam

270 1295 320 1328 (sc.
341 1295 490 1332 pecuniam)
511 1294 535 1320 ei
554 1298 668 1320 mutuam
689 1294 806 1326 dederis.
831 1304 844 1320 a
864 1304 916 1330 quo
936 1303 1042 1320 servare
1061 1303 1113 1319 non

269 1338 397 1375 potueris.
423 1337 480 1364 Gai.
504 1336 546 1363 111.
568 1338 624 1363 156.
663 1338 745 1372 Quia,
772 1337 842 1374 quod
861 1333 1036 1374 praestiterit,
1060 1345 1113 1362 ser-

270 1391 332 1407 vare
351 1380 382 1407 ab
407 1390 438 1407 co
459 1396 487 1400 —
510 1390 561 1406 non
586 1385 689 1417 potest.
713 1382 772 1417 quia
792 1382 814 1407 is
834 1390 886 1406 non
907 1381 956 1407 erit
975 1379 1112 1406 solvendo.
1134 1397 1136 1403 ι

270 1423 302 1450 fr.
321 1426 362 1450 23.
387 1423 420 1449 de
443 1424 536 1449 minor.
557 1425 580 1449 4.
600 1425 624 1450 4.
650 1424 679 1449 l'r.
702 1425 739 1450 15.
763 1423 795 1450 de
813 1423 902 1450 hored.
922 1434 946 1450 v.
967 1428 1015 1450 act.
1035 1422 1112 1449 vend.

272 1468 312 1493 18.
333 1468 355 1493 4.
377 1466 407 1493 [Γ.
427 1469 468 1493 55.
489 1466 520 1493 de
539 1466 656 1492 fids-iuss.
677 1467 716 1492 46.
740 1468 761 1493 l.
781 1466 811 1493 fr.
832 1468 873 1493 45.
899 1467 921 1500 5.
943 1468 982 1492 12.
1007 1465 1039 1492 de
1058 1467 1114 1492 iure
1134 1463 1136 1474 ’

271 1510 337 1536 fisci.
358 1511 398 1536 49.
420 1512 458 1536 14.
497 1509 576 1544 Quod
597 1510 681 1535 minus
702 1519 857 1541 servavero
878 1519 1024 1546 consequar
1043 1519 1112 1535 man—

272 1552 326 1579 dati
346 1554 455 1578 actione.
476 1552 505 1579 1“·ι.
524 1554 567 1578 22.
587 1553 609 1586 5.
629 1555 652 1578 2.
673 1552 703 1578 f.r
723 1554 764 1579 45.
785 1552 806 1586 5.
827 1554 850 1579 7.
869 1553 955 1579 mand.
970 1554 1009 1578 17.
1030 1554 1052 1578 l
1085 1552 1114 1579 Si

272 1595 346 1626 nihil,
366 1600 482 1622 autnon
501 1600 593 1627 totum,
613 1601 745 1622 servatum
765 1596 807 1621 sit.
827 1595 857 1622 fr.
870 1597 894 1622 8.
915 1597 966 1631 Qu.
986 1595 1052 1621 falso
1067 1600 1114 1621 tut.

271 1639 313 1664 27.
333 1640 356 1665 6.
377 1638 406 1665 sr.
427 1640 468 1665 49.
488 1649 527 1676 pr.
547 1638 580 1665 de
600 1637 659 1664 surt.
681 1640 722 1664 47.
741 1640 765 1664 2.
803 1637 832 1664 Si
857 1638 888 1664 ab
914 1638 964 1665 alio
990 1648 1031 1665 res
1051 1638 1114 1664 mihi

273 1682 373 1708 servari
396 1686 493 1718 potest.
519 1683 548 1708 t'r.
568 1683 592 1708 3.
612 1691 652 1717 sq.
673 1681 705 1707 de
724 1681 749 1707 d.
768 1691 801 1707 m.
821 1683 844 1708 4.
864 1683 888 1708 3.
913 1681 943 1708 fr.
961 1684 986 1708 2.
1006 1682 1028 1715 5.
1049 1683 1071 1708 l.
1091 1682 1114 1707 si

272 1729 356 1751 ventr.
377 1735 445 1751 nom.
465 1727 506 1751 25.
526 1727 550 1751 5.
587 1724 652 1751 Doli
675 1723 735 1750 mali
761 1725 917 1761 exceptione
936 1726 1035 1761 posita,
1060 1735 1114 1751 rem

273 1768 373 1794 servari
391 1778 478 1804 posse.
499 1767 529 1794 fr.
545 1769 584 1794 10.
605 1767 637 1794 dc
657 1767 681 1794 d.
701 1778 733 1793 m.
754 1778 809 1794 exc.
829 1769 871 1794 44.
891 1769 915 1794 4.
953 1768 1020 1795 Cum
1039 1768 1115 1794 alter-

273 1815 329 1837 utra
348 1812 451 1837 actione
471 1820 524 1837 rem
543 1812 710 1837 servaverim.
736 1810 766 1837 fr.
785 1812 826 1837 35.
847 1811 912 1845 5.1.
932 1811 1009 1837 locat.
1032 1813 1070 1838 19.
1090 1813 1114 1837 2.

276 1853 307 1879 cl'.
328 1853 357 1880 sr.
378 1855 401 1880 9.
422 1864 460 1891 pr.
482 1853 514 1880 de
534 1863 667 1891 compens.
689 1855 728 1880 16.
747 1856 771 1880 2.
792 1854 821 1880 fr.
841 1856 882 1880 59.
903 1854 935 1881 de
954 1854 1014 1880 l'urt.
1034 1856 1075 1880 47.
1089 1856 1113 1880 2.

273 1895 316 1922 Ad
336 1896 413 1923 linem
433 1897 560 1934 superflui
580 1898 680 1923 servari
699 1898 844 1930 (sumtus.)
867 1897 896 1924 fr.
917 1900 958 1923 42.
979 1897 1044 1931 5.1.
1064 1897 1114 1923 sol.

274 1940 384 1965 matrim.
403 1941 444 1966 24.
464 1942 488 1966 3.
509 1956 540 1960 —
560 1940 592 1973 ξ.
614 1942 652 1967 Ι.
675 1941 860 1967 Observare.
897 1940 908 1966 Ι
936 1941 999 1975 Sy.
1019 1939 1115 1966 Custo-

275 1981 339 2008 dire.
359 1982 400 2008 Cf.
421 1982 445 2008 1ι.
464 1992 488 2009 v.
509 1984 530 2016 5.
544 1985 568 2009 2.
589 1983 747 2010 Observare.
767 1983 807 2010 Cl'.
823 1983 847 2009 li.
862 1994 884 2010 v.
906 1983 928 2016 5.
941 1985 964 2010 2.
992 1983 1034 2010 111.
1048 1985 1114 2011 Gn.

275 2024 326 2051 Pro
346 2025 402 2061 lege
427 2027 534 2052 scr-vari.
559 2026 589 2052 fr.
608 2028 632 2052 2.
657 2027 693 2060 55.
713 2027 736 2052 8.
757 2036 815 2062 sqq.
839 2025 872 2052 de
891 2026 924 2052 O.
944 2026 962 2053 1.
983 2028 1005 2053 1.
1024 2028 1048 2052 2.
1085 2026 1114 2053 In

275 2078 325 2094 usu
344 2069 450 2095 servari.
471 2067 554 2095 Vatic.
574 2069 596 2102 5.
611 2070 667 2095 147.
697 2068 808 2095 Perinde
827 2070 912 2095 omnia
931 2069 1107 2096 servabuntur

276 2121 305 2138 ac
324 2112 347 2138 si
367 2117 415 2138 etc.
436 2111 465 2138 fr.
485 2112 525 2138 67.
545 2112 566 2145 5.
588 2113 609 2137 l.
630 2111 662 2137 de
682 2111 756 2147 legat.
777 2111 806 2138 11.
827 2114 902 2145 (31.)
940 2112 1010 2139 Idem
1029 2122 1116 2139 serva-

276 2158 327 2185 tur.
346 2164 403 2180 cum
424 2160 472 2181 etc.
492 2170 524 2174 —-
544 2154 686 2181 Diversum
709 2155 735 2180 iu
759 2164 790 2180 eo
809 2160 928 2181 servatur
947 2160 996 2182 etc.
1020 2155 1062 2182 Fr.
1083 2155 1115 2182 de

276 2196 295 2223 1.
316 2196 343 2223 F.
367 2198 388 2231 5.
411 2199 449 2225 14,
478 2197 506 2224 1“ι-.
526 2200 549 2224 4.
576 2197 608 2223 de
633 2198 675 2224 off.
696 2197 795 2223 adsess.
819 2199 840 2223 1.
859 2200 900 2224 22.
939 2198 967 2224 In
987 2198 1044 2234 lege
1063 2203 1112 2225 etc.

277 2240 328 2267 hoc
347 2250 406 2267 esse
425 2239 589 2266 servandum.
610 2240 639 2267 fr.
655 2243 696 2266 62.
710 2251 749 2277 pr.
770 2240 801 2267 ad
822 2240 850 2266 1,.
865 2240 934 2266 Falc.
947 2243 989 2267 35.
1003 2244 1026 2268 2.
1047 2241 1077 2268 fr.
1091 2243 1115 2267 5.

278 2282 310 2310 de
329 2284 390 2319 stip.
411 2288 523 2320 praetor.
543 2285 584 2310 46.
603 2286 626 2310 5.
665 2283 793 2310 Ordinem
818 2283 1006 2310 servandorum
1025 2294 1116 2320 sugge-

278 2336 343 2352 rere.
363 2325 412 2352 Th.
434 2326 464 2352 C.
483 2326 528 2352 XI.
547 2329 588 2352 29.
608 2337 629 2353 c.
643 2329 667 2353 5.
687 2326 720 2353 de
739 2325 858 2352 relation.
878 2326 918 2352 Cf.
932 2326 1000 2352 thl.
1014 2329 1037 2353 4.
1057 2338 1078 2353 c.
1091 2329 1116 2353 3.

279 2368 311 2395 dc
330 2379 418 2395 cxcus.
438 2374 485 2395 art.

313 2413 504 2440 servator.
548 2414 609 2445 Qui
636 2423 652 2439 a
681 2414 886 2448 magistratu
914 2414 1140 2449 constitutus¹

278 2462 325 2481 est
352 2462 462 2482 custos
490 2457 610 2489 reipub.
635 2457 789 2482 civitatis
812 2457 956 2482 minoris.
993 2454 1116 2483 lll.(⁷11.

278 2497 362 2524 Nemo
375 2498 490 2524 iudicum
503 2513 536 2517 —
550 2497 699 2524 facultatem
719 2498 830 2525 babeant
848 2497 985 2525 ordinandi
1002 2498 1052 2524 sibi
1067 2497 1117 2524 loci

279 2545 427 2567 servatores
452 2542 478 2567 in
505 2541 663 2568 civitatibus.
691 2541 738 2568 lul.
759 2552 798 2578 ep.
819 2551 878 2568 nov.
898 2551 919 2568 c.
941 2543 997 2568 124.
1017 2541 1039 2574 5.
1058 2542 1116 2568 559.

281 2584 312 2610 cf.
331 2585 352 2617 5.
368 2586 426 2610 558.

315 2627 514 2654 Serviana.
551 2627 582 2660 §.
602 2628 637 2653 l.
659 2628 807 2654 Actionis
827 2637 952 2659 nomen,
973 2637 1051 2662 quae
1069 2603 1141 2659 bo-l

280 2678 389 2695 norum
408 2671 525 2697 emtori
543 2673 813 2697 accommodatur.
850 2669 892 2695 111.
915 2671 980 2697 sn.
1010 2670 1118 2707 Species
1139 2663 1141 2687 l

282 2712 401 2743 aetionis.
420 2723 470 2748 qua
489 2713 551 2739 sicto
571 2723 599 2739 se
618 2712 715 2739 herede
734 2712 863 2738 bonorum
882 2717 965 2739 emtor
981 2713 1040 2747 agit,
1060 2712 1120 2739 Ser-

282 2755 358 2781 viana
377 2761 491 2782 vocatur.
517 2756 574 2782 Gai.
594 2755 638 2782 IV.
657 2758 698 2783 35.
725 2772 755 2776 —
784 2756 814 2789 §0
838 2757 874 2782 2.
902 2757 1063 2782 Iudicium
1087 2757 1118 2782 in

283 2807 345 2824 rem
363 2805 561 2831 conceptum,
582 2799 647 2835 (quo
666 2798 781 2825 creditor
799 2799 916 2836 pignoris
930 2799 1064 2835 experitur
1077 2797 1120 2824 ad-

283 2849 377 2867 versus
395 2849 578 2877 possessorem
598 2843 636 2868 rei
655 2842 828 2879 pigneratae.)
866 2840 883 2867 1.
904 2842 965 2876 Sy.
984 2840 1119 2877 Ilypothe-

1134 344 1136 351 '
1157 346 1231 371 viana
1245 346 1348 378 (actio.)
1368 344 1523 372 Servianum
1543 347 1675 374 iudicium.
1697 347 1726 374 sr.
1740 349 1764 374 3.
1785 348 1806 381 5
1817 349 1842 374 3.
1861 347 1894 374 ad
1913 348 2000 375 exhib.

1159 390 1198 414 10.
1218 390 1242 414 4.
1266 388 1296 415 sr.

1818 392 1841 417 7.
1870 390 1900 417 fr.
1920 393 1944 417 2.
1969 391 2001 418 de

1315 390 1357 414 28.
1382 398 1421 425 pr.
1446 389 1510 422 5.1.
1536 389 1569 416 de
1594 391 1663 427 pign.
1688 395 1736 417 act.
1759 392 1797 417 13.

1158 431 1229 458 Salv.
1249 431 1343 458 interd.
1362 433 1404 457 43.
1423 433 1465 458 33.
1502 431 1545 458 111.
1560 433 1626 460 Cn.
1647 432 1690 459 Sic
1710 438 1797 460 tuetur
1816 443 1857 460 me
1876 444 1924 470 pcr
1942 433 2002 460 Ser-

1157 475 1258 501 vianam
1278 474 1395 505 Praetor,
1415 474 1633 510 quemadmodum
1653 475 1798 503 debitorem
1813 486 1860 513 per
1873 475 2002 503 Publicia-

1157 527 1223 543 nam.
1249 516 1278 544 fr.
1301 519 1339 543 1⁸.
1361 516 1393 542 de
1412 518 1481 554 pign.
1501 520 1543 544 20.
1565 520 1586 544 1.
1625 520 1707 554 Quasi
1727 519 1866 551 Serviano,
1891 529 1957 556 quae
1976 523 2003 545 et

1135 588 1136 599 ἵ
1157 559 1345 597 hypothecaria
1364 565 1481 587 vocatur.
1503 560 1532 587 sr.
1556 562 1592 587 13.
1613 561 1678 594 5.1.
1699 562 1729 588 lr.
1745 564 1785 588 17.
1806 562 1828 596 5.
1844 564 1866 588 l.
1887 561 1918 588 ad
1932 561 1999 588 S.C.

1135 603 1136 607 ¹
1159 602 1227 629 Yell.
1246 604 1284 630 16,
1302 605 1323 630 1.
1343 603 1375 630 cf.
1396 603 1425 630 l'r.
1445 606 1470 630 4.
1490 603 1510 637 5.
1531 605 1572 630 30.
1593 603 1626 630 de
1645 604 1670 631 d.
1690 615 1723 631 m.
1744 615 1800 632 exc.
1819 606 1860 631 44.
1880 606 1904 631 4.
1942 603 2002 631 Per-

1158 645 1242 672 sonali
1262 647 1379 677 actione,
1399 657 1431 672 an
1451 662 1483 666 -
1503 647 1529 673 in
1549 657 1603 673 rem
1623 646 1761 679 Serviana,
1781 649 1940 681 (convcnire
1959 647 2002 674 de-

1158 689 1252 715 bitoris
1273 688 1405 722 heredes.)
1426 700 1446 716 c.
1469 691 1507 716 14.
1529 688 1561 715 de
1581 689 1614 716 Ο.
1635 695 1661 716 et
1679 691 1709 717 A.
1730 693 1754 717 4.
1776 693 1816 718 10.
1841 691 1872 718 fr.
1894 693 1916 718 1.
1935 691 1958 725 5.
1976 692 2000 717 2.

1158 731 1190 758 de
1210 733 1310 769 piguor.
1324 734 1366 759 20.
1382 734 1404 759 1.

1192 775 1383 802 Servitus.
1421 775 1550 808 (Pax-tic.)
1587 777 1705 808 Locus,
1730 779 1786 811 qui
1809 779 2001 803 servitutem

1158 820 1243 845 debet
1269 820 1406 853 praedio
1430 820 1546 845 vicino.
1584 818 1602 845 1.
1623 820 1687 853 Sy.
1715 820 1768 855 Qui
1787 821 1882 851 servit,
1901 819 2002 846 Servus

1160 861 1300 894 (fundus.)
1325 860 1356 887 l'r.
1375 862 1399 887 8.
1423 861 1488 895 5.1.
1518 861 1647 897 Quemad.
1671 863 1761 889 servit.
1781 864 1804 889 8.
1823 864 1848 890 6.
1869 862 1899 889 l'r.
1919 864 1942 889 8.
1961 872 2001 899 pr.

1158 905 1180 938 ξ.
1194 907 1215 931 l.
1236 904 1268 931 de
1288 905 1318 930 A.
1333 904 1362 930 E.
1378 903 1410 930 ι’.
1430 905 1470 930 19.
1492 905 1514 930 1.
1551 904 1580 930 11.
1604 906 1671 938 op.
1690 904 1778 932 Liber.
1800 905 1920 932 ci·.11.v.
1940 905 2001 938 §.2

1159 947 1267 974 Fundus
1291 948 1424 978 serviens,
1449 946 1491 972 vel
1511 947 1547 977 iS‚
1572 948 1613 973 cui
1633 949 1748 974 servitus
1767 947 1886 975 debetur.
1911 947 1940 974 sr.
1959 949 2001 974 23.

1158 991 1172 1024 5
1199 992 1223 1016 2.
1249 990 1281 1016 de
1300 989 1327 1016 S.
1347 989 1375 1016 P.
1395 989 1426 1015 R.
1446 993 1470 1015 ὅ.
1490 991 1514 1016 3.
1552 989 1594 1016 111.
1615 992 1681 1017 Gn.
1705 990 1826 1017 Servitus
1850 990 2004 1017 naturaliter

1159 1049 1190 1052 ——
1210 1032 1313 1059 laedere
1333 1037 1422 1069 potest
1441 1031 1549 1058 fundum
1573 1034 1739 1060 servientem.
1765 1034 1795 1060 fr.
1814 1036 1856 1060 20.
1880 1034 1946 1068 5.1.
1966 1033 2001 1060 ib.

1158 1080 1182 1102 δ.
1201 1078 1225 1102 3.
1264 1075 1394 1101 Dominus
1414 1076 1554 1101 servientis
1568 1086 1650 1102 areae.
1669 1076 1757 1103 Locus
1771 1078 1899 1104 serviens.
1920 1077 1950 1103 l'r.
1960 1078 2002 1102 20.

1158 1119 1194 1153 ἕξ.
1214 1120 1238 1144 3.
1259 1120 1282 1144 5.
1303 1117 1335 1144 de
1355 1118 1382 1144 S.
1403 1117 1430 1144 P.
1450 1117 1480 1144 v.
1501 1120 1524 1144 s.
1544 1120 1569 1145 2.

1192 1161 1361 1188 servilis.
1383 1160 1513 1193 (Adiect.)
1528 1162 1574 1187 Ad
1591 1172 1700 1189 servos
1719 1169 1876 1197 spectans.
1895 1162 2002 1197 11⁰1».

1158 1204 1253 1231 Libera
1274 1205 1432 1241 (persona.)
1459 1203 1516 1230 Gai.
1536 1203 1554 1230 1.
1577 1206 1633 1230 120.
1654 1215 1693 1241 sq.
1731 1206 1791 1232 Non
1810 1205 1892 1232 libera
1911 1205 2003 1232 volun-

1159 1252 1225 1279 tate,
1250 1247 1298 1273 sed
1323 1248 1397 1284 quasi
1418 1257 1449 1273 ex
1469 1248 1628 1273 necessitate
1647 1248 1744 1274 servili.
1772 1248 1803 1275 fr.
1826 1251 1864 1275 19.
1884 1249 1906 1282 5.
1925 1250 1950 1275 2.
1970 1248 2004 1276 de

1158 1289 1190 1316 N.
1211 1290 1241 1316 G.
1261 1292 1285 1316 3.
1305 1292 1329 1316 5.
1366 1289 1409 1316 111.
1430 1291 1496 1317 Gn.
1522 1289 1590 1316 Cum
1613 1296 1657 1317 aut
1680 1292 1733 1317 vita
1752 1291 1886 1324 adimitur,
1906 1297 1950 1318 aut
1969 1292 2004 1318 ci-

1158 1334 1233 1365 vitas,
1254 1338 1298 1359 aut
1316 1332 1422 1359 servilis
1443 1332 1560 1359 conditio
1580 1334 1716 1369 irrogatur.
1737 1333 1766 1360 sr.
1789 1336 1810 1360 1.
1829 1345 1868 1372 pr.
1889 1334 1922 1361 de
1940 1334 2002 1361 bon.

1158 1376 1270 1403 damnat.
1290 1377 1331 1402 48.
1351 1377 1392 1402 20.
1417 1375 1474 1402 Gai.
1493 1375 1512 1403 1.
1533 1378 1590 1403 123.
1628 1376 1657 1403 ln
1682 1378 1857 1414 imaginariam
1880 1377 2003 1404 servilem

1159 1429 1262 1446 cansam
1281 1418 1419 1445 deductus.
1439 1418 1469 1445 l‘r.
1489 1421 1513 1446 3.
1534 1419 1599 1453 51.
1620 1419 1653 1445 de
1672 1430 1727 1458 cap.
1747 1421 1838 1446 minut.
1857 1422 1882 1447 4.
1901 1422 1926 1447 5.
1945 1431 1966 1447 c.
1978 1422 2002 1447 9.

1159 1462 1191 1489 de
1215 1462 1326 1489 liberali.
1351 1472 1371 1488 c.
1396 1464 1420 1488 7.
1447 1463 1486 1488 16.
1524 1461 1686 1489 Verberibus
1710 1463 1853 1490 servilibus
1877 1464 2003 1490 coiit-ceri.

1159 1505 1189 1532 fr.
1212 1507 1250 1531 12.
1278 1505 1310 1531 de
1334 1506 1390 1532 iure
1413 1505 1480 1532 fisci.
1502 1507 1544 1532 49.
1566 1508 1605 1532 14.
1643 1505 1776 1533 Peculium
1800 1506 1906 1533 servile.
1930 1506 1960 1533 sr.
1979 1508 2003 1533 4.

1159 1558 1197 1585 pr.
1217 1547 1250 1574 de
1269 1548 1353 1585 pecul.
1376 1550 1415 1575 15.
1437 1550 1460 1575 1.
1498 1548 1615 1576 Servilcs
1641 1550 1823 1585 cognationes,
1844 1553 1870 1575 et
1889 1565 1922 1569 —
1941 1548 2004 1576 adfi-

1159 1593 1263 1618 nitates.
1284 1591 1314 1618 fr.
1337 1593 1375 1618 14.
1396 1592 1417 1625 5.
1436 1593 1460 1617 3.
1481 1591 1513 1618 de
1532 1591 1563 1618 R.
1583 1591 1615 1618 N.
1635 1595 1677 1619 23.
1697 1594 1721 1618 2.
1742 1591 1803 1629 ΠΡ.
1822 1591 1879 1618 Xll.
1899 1594 1924 1619 3.

1193 1635 1389 1662 servilius.
1410 1636 1527 1661 Nomen
1546 1637 1643 1662 Lcei.
1682 1635 1723 1661 111.
1738 1636 1804 1662 011.
1823 1635 1904 1672 ldque
1924 1636 2002 1662 etiam

1158 1677 1272 1704 Proculo
1291 1677 1424 1715 placuisse
1444 1677 1574 1704 Servilius
1593 1677 1638 1711 [al.
1658 1678 1782 1710 Servius,
1804 1687 1828 1705 v.
1849 1678 2003 1712 Cervidius]

1159 1720 1246 1747 refert.
1267 1720 1297 1747 fr.
1319 1722 1358 1746 10.
1379 1720 1411 1746 de
1431 1721 1486 1747 iure
1505 1725 1608 1757 patron.
1627 1722 1669 1747 37.
1690 1723 1729 1747 14.

1193 1764 1358 1792 servire.
1396 1764 1427 1797 ξ.
1447 1764 1481 1789 l·
1507 1766 1705 1791 Servitutem
1729 1766 1810 1798 pati.
1850 1765 2004 1791 Ministe-

1160 1809 1241 1834 rium
1265 1809 1384 1833 servile
1404 1812 1584 1841 praestare.
1626 1806 1644 1833 1.
1666 1808 1728 1841 Sy.
1753 1807 1914 1833 Scrvitutem
1939 1808 2002 1844 pati.

1160 1850 1189 1877 l'r.
1204 1852 1227 1877 9.
1248 1850 1277 1876 l'r.
1294 1852 1332 1876 12.
1350 1859 1388 1886 pr.
1409 1849 1441 1876 dc
1460 1849 1545 1876 fideic.
1565 1849 1630 1876 libb.
1649 1852 1690 1876 40.
1709 1852 1733 1876 5.
1770 1849 1813 1876 111.
1831 1852 1896 1877 Cn.
1917 1850 2003 1882 Servi,

1160 1894 1257 1930 quique
1276 1902 1323 1930 pro
1344 1893 1428 1919 servis
1448 1894 1602 1920 servitutem
1621 1893 1777 1919 servierunt.
1801 1892 1882 1919 Vatie.
1902 1894 1923 1927 5.
1942 1894 2002 1919 307.

1160 1938 1213 1972 Qui
1233 1937 1259 1962 in
1282 1936 1409 1962 servitute
1434 1936 1524 1968 fuerit,
1550 1937 1606 1963 sive
1626 1936 1649 1962 b.
1671 1936 1685 1962 f.
1706 1937 1803 1962 serviat
1823 1935 1901 1962 homo
1921 1935 2000 1968 liber,

1160 1981 1216 2006 sive
1235 1979 1356 2005 detentus
1376 1980 1418 2005 sit.
1440 1979 1524 2006 sr.11.
1541 1990 1573 2006 cx
1593 1990 1635 2016 qu.
1655 1989 1676 2006 c.
1697 1980 1755 2005 mai.
1770 1981 1793 2005 4.
1808 1980 1831 2005 6.
1851 1979 1881 2006 l'r.
1898 1981 1919 2006 1.
1939 1979 1962 2013 5.
1975 1981 2000 2005 6.

1160 2022 1192 2049 dc
1211 2022 1296 2060 pecul.
1318 2024 1356 2048 15.
1378 2024 1400 2048 1.
1437 2022 1467 2049 Si
1486 2022 1599 2049 sortasse
1623 2026 1649 2048 et
1671 2023 1770 2048 serviat
1793 2021 1883 2054 alicui,
1906 2026 2002 2059 putans

1160 2076 1189 2091 se
1207 2075 1312 2092 servum
1331 2075 1397 2091 esse.
1418 2065 1448 2091 fr.
1470 2067 1492 2092 1.
1511 2066 1533 2099 5.
1553 2068 1576 2092 2.
1597 2064 1629 2091 de
1653 2066 1702 2091 iur.
1722 2070 1747 2091 ct
1766 2065 1827 2091 facti
1845 2066 1896 2101 ign.
1914 2066 1957 2091 22.
1976 2065 2001 2090 6.

1160 2108 1273 2140 Servus,
1298 2109 1342 2144 qui
1362 2108 1409 2135 tibi
1428 2110 1522 2135 iustam
1541 2109 1696 2134 servitutem
1715 2109 1834 2134 serviret.
1859 2108 1888 2134 fr.
1907 2108 1949 2133 28.
1969 2106 2002 2133 de

1161 2161 1221 2177 nox.
1246 2155 1294 2177 act.
1315 2153 1338 2177 9.
1358 2153 1381 2177 4.
1406 2151 1435 2177 fr.
1454 2153 1496 2178 34.
1521 2151 1554 2178 de.
1577 2152 1640 2188 stip.
1663 2161 1732 2177 serv.
1756 2152 1800 2177 45.
1815 2152 1840 2176 3.
1864 2149 1896 2176 cf.
1923 2150 1953 2177 fr.
1977 2152 2001 2176 4.

1160 2195 1182 2228 5.
1202 2197 1226 2220 4.
1252 2193 1284 2220 de
1307 2193 1423 2220 statulib.
1444 2196 1484 2220 40.
1505 2195 1528 2220 7.
1553 2193 1624 2220 Paul.
1645 2193 1675 2220 V.
1699 2195 1737 2220 16.
1761 2193 1782 2226 5
1802 2194 1826 2218 8.
1864 2192 1893 2219 Si
1913 2193 1947 2219 ita
1967 2194 2002 2220 sit

1161 2237 1269 2264 libertas
1292 2246 1370 2263 servo
1394 2236 1467 2263 data:
1495 2236 1525 2263 Si
1553 2237 1732 2273 quinquennio
1758 2234 1848 2261 heredi
1871 2236 2002 2262 servierit.

1162 2280 1192 2306 sr.
1212 2282 1236 2306 3.
1257 2280 1340 2313 §.15.
1361 2278 1390 2306 fr.
1410 2281 1434 2305 4.
1454 2280 1490 2313 55
1509 2281 1532 2306 4.
1554 2289 1593 2316 sq.
1618 2279 1652 2305 ib.
1671 2281 1712 2304 40.
1733 2279 1756 2304 7.
1794 2278 1847 2313 Qui
1867 2278 1890 2304 b.
1912 2278 1928 2304 f.
1948 2288 2002 2305 ser-

1162 2325 1212 2355 vit,
1241 2324 1263 2349 si
1289 2325 1380 2359 postea
1409 2322 1476 2349 liber
1503 2323 1691 2359 pronunciatus
1717 2321 1759 2346 sit.
1791 2319 1874 2347 Vatic.
1899 2321 1921 2355 5.
1940 2322 2000 2348 307.

1162 2366 1215 2403 lpsi
1234 2366 1355 2402 bonaque
1379 2376 1468 2392 corum
1487 2365 1592 2403 publice.
1617 2365 1706 2390 venire
1729 2363 1865 2396 iubentur,
1889 2374 1917 2390 ea
1941 2374 2002 2390 con-

1162 2409 1270 2439 ditionc,
1291 2414 1319 2435 ut
1338 2419 1370 2435 ne
1390 2410 1415 2435 in
1436 2409 1500 2435 urbe
1518 2408 1600 2434 Roma
1615 2423 1644 2427 —
1659 2408 1783 2438 servi.‘.·nt
1804 2416 1869 2433 neve
1888 2417 2000 2440 unquam

1139 2450 1382 2482 Jmanumittantur.
1411 2452 1467 2478 Gai.
1487 2450 1504 2476 1.
1523 2451 1565 2475 27.
1591 2464 1621 2468 -
1650 2450 1681 2482 ὃ.
1702 2451 1736 2476 2.
1759 2452 1896 2484 Operam
1917 2453 2000 2477 dare.

1162 2495 1181 2522 1.
1199 2496 1260 2529 SJ.
1280 2494 1362 2531 1⁴ungi
1383 2496 1508 2527 (munero.
1513 2495 1521 2524 )
1542 2493 1640 2519 uenu-
1661 2494 1789 2525 (munus.)
1808 2492 1836 2519 f.r
1859 2494 1898 2519 18.
1918 2493 1956 2527 55.
1975 2494 1999 2520 8.

1164 2539 1203 2564 17.
1217 2540 1258 2564 20.
1279 2537 1311 2564 d«
1330 2547 1398 2564 mun.
1418 2541 1443 2563 ct
1462 2536 1522 2562 hon.
1538 2537 1578 2562 50.
1593 2538 1616 2562 4.
1637 2535 1666 2561 tr.
1680 2537 1704 2562 5.
1724 2536 1744 2569 5.
1759 2537 1783 2562 3.
1803 2535 1860 2561 de'
1855 2545 1910 2562 mre.
1930 2537 1999 2563 imm.

1140 2574 1141 2600 l
1162 2582 1203 2606 50.
1228 2582 1251 2607 6.
1289 2580 1479 2616 Obtemperare
1503 2578 1647 2611 (ecclcsiae
1671 2579 1738 2611 etc.)
1765 2577 1814 2604 Th.
1835 2578 1865 2604 C.
1884 2578 1935 2605 M
1937 2578 1956 2605 1.
1974 2580 1999 2606 2.

1163 2634 1184 2649 e.
1203 2626 1227 2650 5.
1247 2634 1268 2650 c.
1287 2625 1329 2650 30.
1349 2622 1381 2649 de
1400 2623 1479 2659 episc.
1501 2621 1562 2648 eccl.
1583 2622 1614 2648 ct'.
1633 2621 1702 2648 XIII.
1725 2623 1746 2647 1.
1767 2631 1788 2647 c.
1810 2622 1848 2647 16.
1872 2621 1904 2648 de
1923 2621 1998 2648 lustr.

1163 2666 1249 2693 collat.
1270 2682 1300 2686 —-
1320 2666 1351 2699 §-
1370 2666 1407 2691 3.
1428 2666 1673 2692 Accmnmoaare
1695 2674 1732 2690 se.
1769 2663 1800 2690 11.
1821 2665 1889 2697 Op.
1913 2663 1941 2690 1n
1961 2669 1999 2690 to-

1162 2713 1216 2735 tum
1235 2709 1357 2736 recodere
1376 2718 1388 2733 a
1408 2713 1456 2734 rte.
1478 2724 1506 2728 —
1528 2708 1578 2735 Per
1597 2708 1681 2734 omnia
1701 2708 1723 2733 ei
1742 2707 1849 2733 servire.
1869 2706 1900 2733 fr.
1915 2708 1938 2733 6.
1958 2715 1997 2742 pr.

1163 2752 1195 2778 dc
1214 2752 1231 2778 1.
1252 2757 1279 2778 ct
1296 2751 1314 2778 I.
1337 2753 1358 2777 l.
1380 2753 1401 2777 1.
1439 2751 1585 2787 Quantitati
1604 2755 1754 2776 contractus
1773 2750 1880 2776 servire.
1896 2763 1927 2768 —
1946 2748 1997 2774 Ex-

1163 2795 1263 2827 cederc,
1282 2794 1324 2821 vcl
1344 2796 1459 2821 minuere
1479 2795 1655 2831 quantitatem.
1676 2793 1705 2820 fr.
1723 2796 1747 2820 2.
1768 2794 1789 2827 5.
1809 2794 1833 2819 8.
1854 2792 1885 2819 de
1903 2801 1933 2818 eo
1953 2801 1995 2827 qu.

1163 2848 1184 2865 c.
1204 2837 1271 2864 loco.
1294 2840 1331 2865 13.
1353 2841 1376 2865 4.
1399 2855 1429 2859 -
1457 2839 1488 2872 §.
1510 2839 1548 2865 4.
1573 2838 1724 2864 Dominio
1745 2847 1802 2864 non
1821 2838 1918 2863 libero
1939 2836 1993 2860 uti.
