2197 3121
923 159 1011 189 NEX
1036 177 1075 183 —
1100 159 1185 189 Nlu.

183 245 291 282 Pignori
311 244 432 281 obligata.
453 259 485 264 -—
504 243 581 270 Nexu
599 242 717 280 pignoris
737 240 818 267 libera
839 241 915 273 (res)
936 240 967 267 fr.
984 242 1026 267 31.

183 288 213 316 fr.
237 290 279 315 33.
304 287 361 314 sam.
387 288 478 314 ercisc.
505 288 544 313 10.
567 288 591 312 2.
634 284 677 311 111.
697 285 762 311 Gn.
791 284 820 310 Si
847 288 930 310 emtor
954 283 1026 309 fundi

183 330 345 357 damnaverit
364 329 487 356 heredem
506 338 590 360 suum,
609 332 638 354 ut
656 326 820 353 venditorem
838 336 907 352 nexu
926 326 1027 352 venditi
1048 348 1049 374 1

182 373 315 400 liberaret.
336 372 366 399 fr.
381 374 423 399 26.
443 373 464 406 5.
479 374 501 398 7.
522 371 554 398 de
574 370 649 397 cond.
670 369 756 396 iudeb.
778 371 818 395 12.
837 370 861 395 6.
899 368 957 404 Qua
976 370 1027 401 (sc.
1047 375 1049 400 1

182 415 399 453 acceptilatione)
425 415 563 450 utriusque
587 414 715 449 contingit
738 412 770 439 ab
795 411 886 438 eodem
909 421 977 437 nexu
996 410 1026 437 li-

182 458 292 485 beratio.
317 458 348 484 fr.
370 459 392 484 l.
411 457 444 484 de
463 456 583 494 acceptil.
602 457 644 482 46.
664 458 687 481 4.
725 455 753 482 In
772 456 903 492 privatum
922 464 1024 485 nexum,

183 518 215 522 —
236 502 329 527 emissa
355 501 488 532 cautione,
512 501 630 535 migrare.
659 497 726 525 Nov.
750 498 839 524 Maior.
866 496 899 523 de
926 496 1023 532 indulg.

181 543 275 580 reliqu.
295 542 339 569 IV.
358 544 382 569 3.
405 554 426 569 c.
448 545 470 569 1.
495 543 561 576 5.1.
600 541 728 568 Commisi
747 550 814 566 nexu
834 539 947 566 liberari.
975 538 1023 566 Th.
1046 545 1048 571 j

183 586 216 613 C.
234 586 291 612 XII.
311 587 335 612 6.
361 596 382 612 c.
401 588 426 612 2.
451 585 516 619 5.1.
541 585 574 611 de
597 589 745 621 susceptor.
787 582 1024 609 condemnationis

182 629 366 656 frumentariae
384 629 497 655 nexibus
516 629 622 654 minime
641 627 731 653 teneri.
752 625 791 652 lb.
810 624 854 651 VI.
869 628 893 651 4.
914 635 934 651 c.
951 627 974 651 1.
992 624 1024 651 de
1046 641 1047 661 3

181 671 267 698 Praet.
288 677 313 697 et
333 671 385 707 Qu.
1046 683 1047 709 1

216 716 354 741 Nexus.
391 712 522 746 (Partic.)
559 713 590 746 ξ.
610 713 645 739 l.
670 713 881 738 Coniunctus
919 710 938 738 I.
963 711 1024 744 Sy.

182 756 335 784 Conuexus.
360 755 391 782 fr.
412 758 452 782 13.
478 755 510 782 de
529 760 578 782 tut.
597 759 623 781 et
641 759 687 781 rat.
707 756 748 780 27.
767 755 791 779 3.
812 752 842 780 fr.
861 755 886 780 3.
906 753 927 787 5.
948 756 972 779 ὅ.
992 752 1024 778 de

181 805 293 827 contrar.
314 804 361 826 tut.
381 801 423 825 27.
443 799 467 824 4.
488 814 519 818 ——
540 799 571 832 §0
587 799 622 824 2.
644 798 831 832 Obligatus.
851 795 910 828 (Cf.
930 806 954 822 v.
975 795 1024 821 Ne·
1045 822 1046 827 ¹

181 848 260 869 ctere.
280 843 302 876 5
321 844 359 873 2.)
397 841 416 868 I.
432 843 494 875 Sy.
515 840 663 876 Obligatus,
683 839 790 876 PIgnori
808 848 905 869 nexus.
925 837 1023 869 Nexus,

180 885 344 922 Pigneratus.
366 884 396 910 fr.
416 886 457 910 42.
478 883 507 910 fr.
527 885 568 909 52.
588 883 625 916 55.
647 885 669 909 l.
689 892 728 918 sq.
749 882 781 908 de
800 887 868 919 pact.
887 885 912 908 2.
934 883 973 908 14.
994 881 1023 908 fr.
1044 892 1046 906 1

180 930 222 954 22.
243 929 264 962 5.
286 930 308 954 1.
329 927 362 954 de
381 928 437 953 iure
457 926 522 952 fisci.
536 927 577 951 49.
594 927 633 951 14.
655 936 676 952 c.
691 927 714 951 7.
734 935 754 951 c.
771 927 810 951 10.
831 924 863 951 de
883 926 952 962 pign.
974 929 1022 951 act.

180 972 204 996 4.
224 973 266 997 24.
304 969 334 996 ll.
357 971 424 1003 011.
450 968 538 995 Liber.
558 967 599 994 Cf.
620 967 644 994 h.
664 978 680 994 v
709 969 730 1002 5.
749 971 773 994 2.
810 967 853 994 III.
871 969 937 995 Cn.
958 967 1023 993 Rem
1044 967 1046 980 ¹

180 1023 253 1040 suam
272 1012 394 1050 putabat⁷
418 1011 461 1038 vel
480 1011 531 1037 sibi
550 1021 650 1038 nexam.
675 1010 705 1037 fr.
728 1013 749 1037 1.
775 1011 796 1045 5.
816 1012 840 1037 4.
867 1021 899 1036 ne
918 1011 958 1037 vis
978 1011 1023 1036 liat
1044 1036 1045 1041 ,

180 1057 210 1082 ei.
231 1057 273 1082 43.
293 1057 317 1082 4.
354 1053 538 1091 Hypothecae,
562 1064 609 1080 seu
631 1054 751 1091 pignori,
776 1064 831 1080 rem
855 1054 906 1080 sibi
930 1063 1023 1080 nexam

179 1098 328 1132 (vendere.)
348 1108 369 1124 c.
388 1099 413 1123 2.
438 1096 471 1123 de
495 1096 604 1123 distrah.
624 1099 648 1123 ὅ.
667 1098 710 1123 28.
746 1096 858 1133 Pignora
885 1096 933 1122 tibi
956 1106 1023 1122 nexa
1044 1098 1045 1127 1

179 1142 304 1179 persequi
324 1145 349 1167 te
368 1149 456 1177 posse.
482 1150 503 1166 c.
523 1142 548 1166 2.
573 1139 606 1166 de.
625 1139 649 1166 h.
670 1150 712 1176 qu.
736 1141 762 1166 iu
781 1140 861 1177 prior.
883 1138 952 1165 cred.
972 1138 1022 1166 loc.

179 1188 204 1211 8.
224 1186 264 1210 19.
285 1183 316 1210 cf.
336 1192 358 1209 c.
380 1184 404 1209 7.
423 1182 456 1209 de
475 1183 577 1208 remiss.
596 1183 666 1219 pigu.
686 1183 710 1208 8.
729 1184 771 1209 26.

213 1227 271 1253 m.
300 1227 337 1252 ει·
355 1235 421 1252 non.
459 1224 477 1252 1.
497 1226 556 1259 sy.
577 1225 606 1251 si
626 1235 686 1251 non.
707 1224 897 1252 Gai.1V.166.
918 1224 1022 1251 cf.18⁴.
1044 1217 1045 1226 ¹

178 1268 221 1295 III.
242 1270 308 1296 Gn·
328 1267 362 1294 Ni
381 1277 412 1294 eo
432 1267 474 1294 die
494 1268 610 1294 finiverit
629 1269 776 1304 negotium,
802 1268 979 1294 vadimonium
1000 1268 1022 1293 ei
1044 1261 1045 1306 1

179 1314 228 1344 (sc.
249 1311 413 1343 adversario)
433 1310 581 1337 faciendum
601 1316 649 1338 est.
675 1311 712 1337 lh.
732 1310 776 1337 IV.
798 1312 855 1337 184.
893 1310 922 1337 Id
941 1312 967 1337 ni
988 1310 1023 1337 fe·
1044 1310 1045 1338 1

179 1355 245 1381 cerit
258 1358 307 1380 etc.
329 1353 378 1380 Th.
394 1353 424 1380 C.
438 1353 539 1380 XL31.
560 1355 615 1380 c.1.
636 1353 668 1380 de
687 1364 771 1392 repaiJ.
791 1364 850 1391 app.
870 1354 925 1388 (Cf.
939 1354 1023 1380 Asco-
1043 1346 1045 1385 1

177 1398 249 1423 nium
269 1396 301 1423 ad
321 1396 378 1423 Cic.
398 1397 425 1423 in
444 1396 519 1423 Verr.
538 1396 556 1423 1.
573 1397 633 1429 45.)
1044 1406 1045 1425 1

212 1439 448 1467 Nicaeensis.
485 1439 624 1472 (Adiect.)
662 1441 708 1466 Ad
735 1440 887 1466 Nicaeam
914 1439 1045 1474 perti-ff

177 1493 267 1514 uene,
289 1484 471 1518 Bithyniae
490 1484 667 1509 civitatem.
696 1481 738 1508 III.
754 1483 820 1509 Cn.
840 1482 1022 1509 Nicaeensium
1043 1501 1044 1514 3

179 1525 228 1559 [al.
249 1525 421 1559 Nicensium]
441 1526 548 1558 civitas,
566 1535 614 1551 seu
633 1524 795 1552 habitatores
815 1526 880 1552 eius.
905 1536 926 1551 c.
946 1527 970 1552 6.
990 1524 1022 1551 de
1043 1550 1044 1559 1

178 1568 230 1595 (Ην,
250 1567 339 1605 praed.
359 1568 416 1594 urb.
439 1570 478 1595 11.
499 1569 539 1594 69.
1043 1570 1044 1598 1

212 1611 416 1638 NicaenuS.
437 1611 574 1643 (Adiect.)
594 1611 673 1637 Idem.
710 1610 754 1637 III.
773 1612 839 1638 Cn.
858 1610 887 1637 1η
907 1621 956 1647 qua
972 1612 1020 1645 (sc.
1043 1611 1044 1645 1

179 1654 306 1686 ecclesia)
326 1653 370 1680 IV.
391 1659 480 1680 sancta
505 1654 616 1680 coucilia
639 1654 840 1692 praedicantur.
868 1653 1021 1686 Nicaeuum,
1043 1655 1044 1685 1

179 1701 206 1722 et
232 1696 574 1734 Constantinopfflitanum,
603 1702 629 1724 et
651 1697 814 1734 Ephesinum
842 1698 972 1734 primum,
996 1702 1022 1723 et
1043 1692 1044 1730 1

179 1738 406 1767 chalcedonense.
431 1739 478 1766 lul.
504 1750 544 1777 ep.
569 1750 628 1767 nov.
654 1751 675 1766 c.
696 1742 753 1766 107.
778 1741 799 1774 5
819 1741 878 1766 373.
899 1740 931 1766 cf.
956 1750 977 1766 c.
996 1742 1020 1766 8.
1043 1736 1044 1784 1

178 1792 217 1819 pr.
237 1781 270 1808 de
288 1782 385 1809 haeret.
403 1785 423 1809 l.
437 1785 462 1809 5.
499 1782 584 1810 Verae
603 1794 631 1809 ac
644 1783 774 1809 *Nicaenae
793 1783 856 1809 fidei
875 1782 1021 1809 sacerdotia
1043 1791 1044 1819 1

179 1830 250 1851 casta
274 1830 451 1862 permaneant.
480 1825 529 1852 Th.
550 1826 580 1852 C.
600 1825 671 1852 XVI.
693 1828 714 1852 l.
740 1836 761 1852 c.
780 1827 804 1852 3.
830 1825 863 1851 de
882 1825 935 1851 fide
953 1825 1020 1851 cath.
1043 1829 1044 1864 1

178 1867 248 1895 XVI.
269 1870 292 1894 5.
314 1878 335 1894 c.
354 1870 378 1894 6.
398 1868 479 1901 551.
494 1878 552 1904 sqq.
573 1869 606 1895 de
625 1868 722 1895 haeret.
891 1870 895 1873 ’
1043 1871 1044 1902 1

212 1911 510 1938 Nicomedensis.
542 1913 589 1937 Aa
608 1913 826 1938 Nicomediam
845 1913 1020 1945 pertinens.
1043 1908 1044 1950 1

178 1953 220 1979 111.
237 1954 303 1980 Cn.
321 1953 355 1979 D.
369 1953 516 1979 Hadrianus
536 1952 774 1980 Nicomedensibus
787 1954 933 1990 rescripsit.
953 1954 983 1980 I'r.
997 1956 1020 1980 5.
1043 1954 1044 1977 1

179 1995 211 2022 de
231 1995 299 2022 decr.
320 1995 351 2021 ab
372 1995 427 2022 ord.
447 1998 488 2022 50.
508 1997 532 2022 9.
570 1995 645 2022 Ordo
665 1996 904 2023 Nicomedensium.
929 1996 959 2023 fr.
981 1998 1021 2023 11.
1043 2001 1044 2012 ³

179 2038 212 2065 de
230 2038 364 2065 decurion.
384 2041 425 2064 50.
445 2041 469 2065 2.
1043 2030 1045 2082 1

212 2081 446 2108 Nicomedia.
466 2083 644 2117 Bithyniae
661 2084 792 2109 civitas.
830 2081 872 2108 ΙΙΙ.
886 2083 952 2109 Gn.
972 2081 1022 2108 Ve-

180 2125 270 2156 terani,
290 2125 334 2161 qui
355 2134 388 2150 ex
406 2123 449 2150 die
468 2123 499 2150 V.
519 2123 587 2150 Non.
607 2124 668 2157 lul..
694 2135 752 2151 eum
771 2126 854 2162 prima
873 2135 921 2162 per
940 2125 1021 2151 Thra-

181 2167 245 2192 ciam
262 2168 372 2194 victoria
392 2168 515 2193 universo
536 2167 593 2193 orbi
613 2167 710 2200 illuxit,
730 2173 756 2195 et
775 2169 819 2205 qui
838 2173 932 2205 postea
952 2168 1020 2205 apud

180 2207 358 2236 Nicomediam
378 2214 494 2236 nostram
513 2211 664 2237 missionem
678 2216 836 2238 meruerunt.
858 2210 907 2237 Th.
922 2211 952 2238 C.
964 2211 1020 2237 VII.
1042 2204 1043 2227 1

180 2254 222 2277 20.
243 2262 263 2277 c.
281 2254 303 2278 1.
322 2252 354 2278 de
372 2257 487 2279 veteran.
1042 2241 1043 2250 1

215 2294 414 2327 Nicopolis.
459 2297 574 2323 Nomen
597 2298 748 2330 pluriam
773 2299 964 2329 civitatum,
989 2299 1020 2323 in

180 2339 318 2363 diversis
350 2340 538 2370 provinciis
571 2341 839 2365 constitutarum.
886 2339 927 2366 111.
954 2333 1043 2367 Gn.¹

181 2379 294 2415 Legatus
314 2384 416 2405 creatus
429 2396 461 2399 —
480 2382 506 2407 in
525 2381 616 2408 urbem
631 2381 740 2408 Romam
760 2384 840 2414 venit,
861 2388 886 2408 et
905 2383 1020 2409 nondum

182 2421 296 2459 pei-secta
317 2421 446 2457 legatione
464 2423 581 2452 domum.
606 2435 672 2461 quae
692 2430 745 2451 erat
766 2426 792 2451 in
811 2426 895 2462 ipsius
915 2427 1020 2452 civitate

183 2464 313 2501 Nicopoli.
334 2465 403 2490 emit.
423 2464 453 2490 fr.
474 2467 513 2492 12.
533 2467 565 2493 de
585 2467 706 2503 legatiou.
726 2471 768 2494 50.
789 2470 811 2494 7.

216 2508 510 2541 Nicostrate-gus-
547 2509 588 2536 Cf.
609 2521 632 2537 v.
650 2511 879 2548 Nyctostrategus.

215 2550 463 2576 Nicostratus.
484 2552 636 2580 thetoris
655 2557 824 2581 cuiusdam
843 2565 956 2581 nomen.
976 2554 1018 2581 III.

182 2593 247 2619 Gn.
267 2592 390 2628 Aquilius
403 2592 519 2629 Regulus
536 2594 636 2622 iuveniS
651 2597 682 2623 ad
696 2597 874 2624 Nicostratum
888 2597 1020 2624 rhetorem

181 2636 216 2661 ita
236 2636 352 2671 scripsit.
373 2635 403 2661 fr.
422 2637 463 2662 27.
484 2635 516 2662 de
536 2635 623 2663 donat.
637 2640 678 2665 39.
698 2642 721 2666 5.

215 2678 344 2704 Nidor.
366 2679 453 2705 Odor
471 2680 674 2706 incensorum
693 2690 882 2711 aromatum.
902 2683 1018 2711 HLCn,

181 2719 273 2747 Larem
297 2722 368 2757 igue.
392 2731 463 2747 mero
487 2722 603 2757 genium,
632 2729 740 2759 penates
764 2726 857 2753 nidore
879 2731 1019 2753 veneratus

182 2768 230 2790 etc.
250 2763 299 2789 Th.
320 2764 350 2790 C.
370 2763 440 2790 XVI.
459 2765 497 2790 10.
518 2774 539 2791 c.
561 2767 601 2791 12.
620 2775 658 2801 pr.
680 2765 712 2792 de
731 2776 820 2803 pagan.

216 2807 348 2834 Nidus.
372 2809 486 2834 Arium
505 2809 712 2835 domicilium.
736 2808 779 2836 III.
794 2812 860 2838 Cn.
880 2811 1018 2844 Voluca-m,

1851 156 1913 187 623

1072 250 1138 277 quae
1160 241 1187 266 in
1205 244 1294 266 nostra
1319 239 1412 266 arbore
1436 239 1527 266 nidum
1551 238 1668 265 fecerint.
1695 237 1725 264 l'r.
1745 239 1769 263 5.
1794 237 1815 270 5.
1836 239 1859 263 2.
1880 237 1912 263 de

1072 284 1102 310 Α.
1123 282 1153 310 R.
1173 283 1206 309 D.
1230 284 1271 309 41.
1293 284 1315 308 1.

1105 327 1232 361 Niger.
1270 325 1410 358 (Adiect.)
1447 326 1538 356 Ater,
1559 326 1690 351 Fuscus.
1730 322 1747 349 I.
1768 323 1830 356 Sy.
1850 321 1912 348 Fur-

1071 379 1128 395 vus.
1148 370 1169 402 5.
1183 371 1207 395 2.
1227 368 1245 394 1.
1266 367 1298 394 de
1318 367 1370 394 obl.
1391 377 1434 404 qu.
1454 377 1486 393 ex
1506 366 1555 393 del.
1572 369 1596 393 4.
1618 368 1640 393 1.
1676 365 1718 392 III.
1735 366 1800 392 Cu.
1820 363 1912 401 Neque

1047 416 1049 423 ¹
1071 411 1171 443 album,
1195 421 1280 447 neque
1300 410 1452 437 naturaliter
1475 410 1589 446 nigrum,
1615 420 1663 436 nec
1686 408 1794 435 alterius
1814 407 1911 434 coloris

1047 443 1049 462 '¹
1071 454 1203 480 naturalis.
1224 454 1254 480 fr.
1274 455 1313 480 70.
1334 454 1416 487 §.12.
1437 452 1469 479 de
1489 452 1564 488 legat.
1584 452 1627 479 III.
1647 453 1714 485 (32.)

1104 497 1268 532 Nigidia.
1306 496 1347 523 Cf.
1367 506 1390 522 v.
1411 495 1547 531 Negidius.

1104 540 1219 567 Nihil.
1255 540 1286 573 §0
1306 540 1341 566 l.
1368 540 1513 569 Nullum,
1540 539 1635 564 xalta
1655 540 1752 564 modo.
1790 535 1821 562 ΙΙ.
1842 537 1910 569 Op·

1046 583 1047 596 ¹
1069 582 1179 619 Aliquid
1202 583 1320 618 (agere.)
1345 580 1401 608 Gai.
1422 580 1463 607 III.
1488 582 1529 607 86.
1550 590 1588 617 sq.
1632 579 1752 606 Solidum
1771 580 1859 612 (iuter
1882 588 1911 604 se

1046 630 1047 636 ¹
1069 626 1183 662 capere.)
1203 624 1263 662 le.
1278 624 1348 651 XVI.
1369 625 1390 650 l.
1410 633 1450 660 sq.
1488 623 1529 649 III.
1551 625 1617 651 Gn.
1637 623 1691 649 Aut
1709 622 1783 652 nihil.
1803 626 1846 648 aut
1864 622 1911 647 mi-

1069 678 1118 694 nus
1138 678 1214 704 quam
1234 672 1334 705 partem
1354 667 1487 693 dimidiam
1506 665 1699 702 (relinquere.)
1729 664 1785 691 Gai.
1806 664 1847 690 III.
1868 665 1910 690 41.

1068 710 1129 748 le.
1149 710 1246 737 XXIX.
1269 712 1290 736 l.
1332 709 1377 741 Ei.
1402 709 1474 746 quod
1496 708 1598 735 nullum
1622 713 1674 739 est,
1698 707 1764 734 nihil
1786 706 1911 734 accedere

1068 758 1165 790 potest.
1186 753 1242 779 Gai.
1258 752 1301 779 IV.
1323 755 1380 778 151.
1418 751 1491 778 Nihil
1511 753 1617 778 omnino
1638 750 1736 783 (damni
1754 750 1910 787 praestare.)

1068 796 1104 822 lb.
1120 796 1161 822 llI.
1177 798 1235 822 149.
1264 796 1397 822 Divisisse
1411 795 1619 828 (heredifflffuu)
1639 793 1756 830 nihilque
1775 792 1826 819 sibi
1843 802 1911 818 com-

1045 837 1046 848 *
1068 848 1145 864 mune
1164 839 1331 865 remansisse.
1352 838 1381 865 fr.
1399 840 1440 865 35.
1461 838 1494 865 de
1512 842 1581 875 pact.
1600 840 1624 863 2.
1645 839 1686 863 14.
1723 836 1855 871 Quoniam
1874 835 1911 861 ni-

1068 881 1105 907 hil
1125 882 1180 907 eius
1201 881 1277 918 culpa
1298 898 1327 902 —
1350 883 1512 917 contigisset,
1533 881 1672 917 quominus
1692 883 1741 904 otc.
1766 878 1797 905 I'r.
1816 880 1857 904 58.
1877 877 1910 903 de

1068 924 1099 950 R.
1119 923 1151 950 V.
1171 925 1194 950 6.
1217 926 1238 950 l.
1276 924 1347 950 Nihil
1372 930 1462 961 aperte
1485 924 1614 960 proponi,
1638 927 1748 960 propter
1770 920 1840 957 quod
1860 925 1908 946 etc.

1068 967 1098 993 fr.
1120 968 1159 993 18.
1184 966 1218 993 de
1243 977 1327 993 accus.
1348 969 1389 993 48.
1408 970 1432 992 2.
1471 966 1543 992 Nihil
1567 976 1658 992 eorum
1682 965 1817 1001 (recipere
1842 964 1909 993 etc.)

1068 1010 1124 1036 Gai.
1144 1009 1174 1035 II.
1193 1011 1235 1036 38.
1256 1009 1285 1036 fr.
1305 1012 1329 1036 3.
1350 1010 1382 1036 de
1402 1010 1445 1036 off.
1466 1009 1582 1035 Praetor.
1604 1010 1623 1035 1.
1648 1009 1688 1034 14.
1725 1006 1798 1033 >ihil
1817 1006 1910 1032 vitium

1067 1052 1110 1086 [al.
1130 1052 1198 1086 vitii]
1219 1053 1361 1079 incurrere.
1398 1052 1470 1079 Nihil
1495 1053 1518 1078 ei
1541 1067 1574 1071 -·
1601 1061 1633 1077 ex
1651 1050 1702 1076 hoc
1720 1048 1910 1087 praeiudicium

1067 1095 1111 1128 [al.
1131 1095 1296 1132 praeiudicii]
1316 1105 1448 1132 generare.
1474 1095 1503 1121 fr.
1524 1096 1563 1120 13.
1589 1094 1653 1127 5.1.
1679 1092 1711 1119 de
1730 1092 1791 1118 don.
1811 1092 1857 1117 int.
1878 1089 1909 1116 V.

1044 1139 1046 1151 ¹
1066 1140 1108 1164 24.
1133 1141 1151 1165 Ι.
1182 1138 1212 1164 fr.
1233 1140 1256 1164 7.
1281 1138 1313 1164 de
1336 1148 1441 1174 agnose.
1466 1142 1492 1163 et
1516 1136 1600 1163 alend.
1623 1138 1664 1162 25.
1688 1137 1715 1162 3.
1751 1133 1824 1161 Nihil
1847 1134 1910 1159 novi

1068 1180 1123 1213 (lex
1137 1182 1276 1218 praestat.)
1296 1180 1352 1208 Gai.
1365 1180 1406 1207 III.
1420 1182 1461 1206 51.
1490 1179 1563 1206 Nihil
1581 1181 1645 1206 iuris
1660 1179 1777 1212 (habere.
1790 1188 1814 1203 v.
1829 1177 1909 1207 esse.)

1067 1223 1102 1251 Il).
1123 1223 1165 1250 111.
1185 1225 1226 1250 23.
1247 1226 1288 1250 40.
1307 1226 1348 1250 52.
1373 1223 1434 1260 le.
1453 1223 1551 1250 XXIX.
1573 1224 1595 1249 1.
1615 1233 1654 1259 sq.
1692 1219 1841 1247 Videndum
1859 1223 1909 1250 est,

1067 1277 1098 1293 au
1118 1266 1181 1292 nihil
1203 1268 1238 1293 sit
1251 1268 1318 1293 acti?
1339 1266 1420 1293 sr.21.
1442 1267 1463 1300 5.
1475 1268 1498 1292 4.
1520 1268 1571 1301 Qu.
1586 1270 1645 1292 met.
1662 1276 1683 1291 c.
1697 1266 1720 1290 4.
1735 1267 1759 1290 2.
1780 1263 1909 1289 Vtrumne

1067 1309 1133 1335 nihil
1153 1314 1242 1346 agatur
1261 1320 1294 1336 ex
1318 1320 1346 1336 ea
1365 1310 1503 1347 pactione?
1529 1310 1559 1335 l'r.
1580 1311 1603 1335 1.
1630 1308 1662 1334 de
1685 1317 1751 1334 rese.
1770 1305 1847 1332 vend.
1869 1307 1908 1330 15.

1067 1354 1090 1379 5.
1128 1351 1222 1379 Vtrum
1242 1363 1272 1379 eo
1293 1352 1360 1379 facto
1381 1352 1446 1379 nihil
1466 1352 1562 1389 egerit?
1585 1351 1616 1378 fr.
1634 1352 1677 1378 34.
1697 1361 1735 1388 pr.
1756 1349 1788 1375 de
1809 1349 1908 1385 pignor.

1066 1397 1108 1421 20.
1130 1397 1151 1421 1.
1180 1395 1340 1428 Donatione,
1360 1406 1384 1422 v.
1404 1395 1568 1427 Traditioue,
1588 1405 1610 1421 v.
1631 1392 1762 1420 Adeuudo
1782 1396 1830 1418 etc.
1844 1389 1910 1416 nihil

1067 1448 1150 1475 agere,
1170 1448 1190 1464 s.
1211 1439 1258 1474 agi.
1279 1439 1309 1464 l'r.
1329 1440 1353 1465 9.
1372 1449 1411 1475 pr.
1432 1438 1462 1464 fr.
1484 1440 1523 1464 11.
1543 1439 1565 1472 5.
1579 1439 1603 1464 9.
1623 1437 1656 1464 de
1675 1436 1736 1463 dou.
1756 1437 1802 1462 int.
1822 1433 1853 1460 V.
1866 1435 1908 1459 24.

1043 1481 1045 1492 ¹
1068 1483 1089 1507 1.
1115 1481 1144 1507 fr.
1167 1482 1206 1507 13.
1235 1482 1257 1515 ξ.
1280 1483 1301 1507 l.
1331 1481 1360 1508 fr.
1384 1484 1425 1508 25.
1455 1482 1476 1515 ς.
1499 1483 1539 1507 14.
1562 1480 1595 1507 de
1618 1480 1650 1506 A.
1675 1490 1699 1506 v.
1720 1479 1752 1505 0.
1773 1477 1804 1505 Η.
1823 1478 1865 1503 29.
1884 1478 1908 1502 -ι,

1066 1524 1204 1554 Evenisse‚
1225 1529 1253 1550 ut
1272 1523 1385 1551 ademtio
1404 1523 1470 1550 nihil
1484 1524 1573 1559 egerit.
1593 1523 1720 1559 fundique
1738 1521 1851 1556 legatum
1864 1518 1909 1545 du-

1067 1568 1171 1593 raverit.
1192 1567 1221 1593 fr.
1235 1569 1277 1593 24.
1292 1577 1331 1604 pr.
1352 1569 1404 1602 Qu.
1425 1567 1481 1593 dies
1497 1566 1572 1603 legat.
1586 1567 1627 1592 36.
1640 1568 1664 1591 2.
1681 1582 1710 1585 —-
1732 1565 1762 1597 §-
1775 1565 1811 1590 2.
1832 1564 1876 1589 No
1884 1572 1909 1588 11.

1066 1609 1084 1636 I.
1102 1611 1164 1644 Sy.
1193 1609 1262 1636 Non.
1287 1610 1317 1636 fr.
1339 1611 1378 1635 Il.
1403 1609 1435 1636 de
1454 1611 1480 1636 in
1500 1611 1540 1636 ius
1560 1619 1617 1635 voc.
1637 1611 1660 1634 2.
1681 1610 1704 1634 4.
1730 1607 1759 1633 fr.
1781 1608 1804 1632 7.
1824 1606 1907 1639 5.10.

1067 1652 1097 1679 fr.
1116 1656 1158 1680 23.
1179 1653 1208 1680 fr.
1228 1655 1270 1678 25.
1295 1653 1317 1686 5.
1336 1655 1360 1679 2.
1381 1652 1414 1679 de
1432 1658 1499 1690 pact.
1520 1655 1544 1678 2.
1566 1654 1606 1678 14.
1644 1651 1683 1678 Ne
1703 1649 1773 1687 quid.
1798 1648 1829 1674 sr.
1850 1648 1906 1673 126.

1067 1695 1098 1723 de
1118 1695 1149 1722 V.
1171 1695 1198 1722 S.
1217 1698 1258 1721 50.
1281 1697 1319 1721 16.
1362 1695 1404 1722 111.
1425 1697 1492 1723 (¹11.
1519 1694 1621 1721 Lumen
1645 1693 1751 1730 quidem
1775 1690 1840 1718 nihil
1863 1691 1908 1716 im-

1066 1739 1164 1775 pedire,
1185 1738 1268 1764 solem
1288 1743 1373 1764 autem
1392 1738 1501 1764 auferre.
1522 1738 1552 1764 ΓΡ.
1576 1739 1613 1763 17.
1634 1747 1672 1774 pr.
1694 1736 1725 1762 de
1745 1735 1772 1761 S.
1792 1734 1820 1760 P.
1836 1733 1867 1760 V.
1883 1736 1907 1759 δ.

1065 1783 1088 1807 2.
1126 1780 1198 1807 ¹Nihil
1218 1782 1329 1811 sentire.
1356 1791 1380 1807 v.
1400 1780 1473 1817 loqui
1498 1780 1589 1807 videri.
1615 1780 1671 1806 Gai.
1692 1779 1733 1805 111.
1755 1780 1794 1804 71.
1815 1777 1845 1803 fr.
1864 1778 1906 1802 25.

1067 1824 1088 1857 5.
1107 1825 1131 1850 5.
1157 1823 1189 1849 de
1213 1823 1302 1850 hered.
1328 1829 1380 1861 pet.
1405 1827 1433 1850 5.
1454 1826 1478 1850 3.
1520 1823 1593 1850 Nihil
1616 1832 1698 1860 posse
1721 1830 1861 1858 quaerere,
1886 1828 1906 1845 s.

1067 1865 1244 1902 quaerendum
1264 1876 1331 1899 esse,
1351 1867 1383 1893 de
1398 1872 1446 1893 ete.
1467 1866 1524 1893 Gai.
1539 1866 1568 1892 II.
1581 1867 1641 1892 237.
1661 1865 1694 1892 cf.
1713 1864 1731 1890 l.
1747 1866 1803 1890 171.
1824 1862 1854 1889 fr.
1867 1864 1907 1888 15.

1067 1910 1118 1945 Qu.
1139 1914 1198 1935 met.
1220 1919 1240 1935 c.
1260 1912 1284 1935 4.
1303 1912 1328 1935 2.
1365 1909 1438 1936 Nihil
1458 1920 1561 1940 nocere,
1582 1919 1602 1935 s.
1622 1909 1745 1939 obiicere.
1766 1917 1786 1933 s.
1803 1906 1907 1936 obesse,

1067 1962 1089 1978 v.
1110 1952 1248 1989 proficere,
1268 1962 1288 1978 S.
1308 1952 1444 1989 prodesse.
1466 1952 1526 1990 le.
1541 1952 1599 1978 XX.
1614 1955 1637 1978 6.
1656 1950 1698 1977 Fr.
1720 1949 1826 1976 (161,Ιὶ
1846 1949 1868 1982 5.
1882 1950 1906 1973 2.

1067 1995 1123 2021 Gai.
1143 1995 1185 2021 III.
1207 1997 1262 2021 176.
1283 1995 1312 2021 sr.
1332 1997 1356 2021 3.
1377 1995 1410 2022 (le
1429 1996 1472 2022 oss.
1492 1995 1608 2022 Praetor.
1631 1996 1652 2020 l.
1674 1996 1712 2019 14.
1733 1993 1763 2019 fr.
1786 1994 1825 2018 15.
1845 1992 1866 2025 5.
1882 1992 1904 2016 7.

1067 2038 1118 2073 Qu.
1138 2037 1228 2064 satisd.
1250 2048 1305 2074 cog.
1324 2040 1347 2064 2.
1369 2042 1392 2064 δ.
1412 2039 1442 2065 I'r.
1462 2040 1503 2065 63.
1524 2039 1606 2072 5.10.
1627 2036 1658 2063 ad
1679 2035 1746 2063 SC.
1767 2034 1845 2061 Treb.
1863 2034 1905 2059 36.

1067 2083 1089 2107 1.
1109 2080 1139 2108 fr.
1160 2082 1200 2108 92.
1221 2080 1253 2107 de
1272 2081 1302 2107 R.
1322 2081 1339 2107 I.
1354 2084 1394 2108 50.
1412 2084 1450 2109 17.
1488 2081 1561 2108 Nihil
1581 2091 1638 2107 eum
1656 2079 1809 2117 periclitari,
1829 2087 1850 2103 s.
1870 2082 1906 2103 te-

1065 2125 1128 2150 neri.
1156 2123 1211 2150 Gai.
1232 2123 1275 2150 lv.
1295 2127 1336 2151 55.
1361 2125 1390 2151 l'r.
1411 2128 1451 2152 28.
1476 2135 1515 2162 pr.
1541 2124 1572 2150 ad
1591 2124 1621 2150 L.
1641 2123 1709 2159 Aqu.
1729 2124 1752 2148 9.
1772 2123 1796 2147 2.
1833 2119 1906 2146 Nihil

1042 2173 1043 2179 ¹
1065 2168 1235 2203 requirimus,
1260 2168 1334 2194 cuius
1358 2169 1450 2194 aetatis
1474 2169 1522 2200 sit,
1542 2183 1574 2187 —-
1601 2177 1630 2193 ac
1654 2176 1686 2192 ne
1706 2164 1772 2191 illud
1791 2162 1905 2200 quidem.

1066 2220 1097 2236 an
1118 2214 1165 2236 etc.
1192 2209 1248 2236 Gai.
1268 2210 1286 2237 1.
1309 2213 1364 2237 139.
1403 2211 1476 2238 <Nihil
1500 2216 1540 2237 est
1564 2209 1634 2236 aliud
1658 2207 1803 2239 hereditas.
1829 2215 1905 2242 quam

1065 2258 1113 2279 etc.
1133 2252 1163 2278 fr.
1182 2254 1224 2279 24.
1245 2253 1278 2279 de
1296 2253 1328 2280 V.
1349 2255 1376 2280 S.
1397 2256 1438 2280 50.
1461 2257 1499 2281 16.

1099 2297 1358 2331 Nihilonlagis.
1396 2298 1426 2330 §·
1447 2300 1480 2324 l.
1506 2299 1610 2331 Aeque
1634 2305 1678 2321 ac.
1715 2293 1734 2319 1.
1756 2294 1816 2326 Sy.
1843 2290 1903 2317 Per-

1065 2339 1125 2365 inde
1145 2350 1182 2365 ac.
1211 2339 1241 2365 fr.
1263 2342 1302 2365 12.
1332 2340 1352 2373 5.
1373 2342 1396 2366 2.
1423 2345 1468 2366 rat.
1493 2350 1548 2366 rem
1571 2339 1629 2365 hab.
1654 2339 1695 2364 46.
1714 2340 1738 2362 ὅ.
1775 2334 1816 2361 111.
1837 2335 1903 2360 Cn.

1065 2382 1154 2408 Nihilo
1173 2383 1271 2414 minus,
1292 2384 1343 2409 imo
1363 2384 1443 2419 magis
1464 2384 1508 2415 (et
1527 2384 1549 2409 is
1570 2382 1724 2410 tenebitur.)
1746 2378 1774 2404 fr.
1795 2379 1818 2403 6.
1838 2377 1859 2410 5.
1878 2377 1902 2402 3.

1065 2425 1098 2452 de
1117 2425 1148 2452 N.
1169 2425 1200 2451 G.
1220 2428 1244 2452 3.
1264 2428 1287 2452 5.
1325 2427 1358 2452 Et
1378 2426 1437 2452 ideo
1462 2427 1485 2452 si
1503 2427 1564 2453 vivo
1584 2429 1710 2452 testatore
1729 2426 1846 2447 mortuus
1864 2418 1903 2445 fu-

1041 2483 1043 2503 ,¹
1065 2470 1122 2498 erit.
1136 2485 1168 2488 —
1182 2468 1264 2495 nihilo
1284 2470 1365 2505 magis
1385 2469 1429 2501 (ad
1444 2480 1501 2495 eum
1514 2468 1677 2506 pertinebit.)
1697 2465 1727 2491 fr.
1741 2468 1763 2491 8.
1779 2463 1811 2490 de
1825 2463 1902 2489 adim.

1042 2524 1043 2529 ¹
1065 2512 1139 2547 legat.
1165 2514 1206 2538 34.
1227 2514 1250 2537 4.
1279 2528 1310 2530 —
1340 2512 1370 2545 §0
1391 2514 1426 2538 2.
1454 2514 1668 2546 Nequaquam.
1706 2510 1812 2541 Aeque
1835 2518 1900 2534 ηοιι.

1041 2569 1042 2573 ¹
1064 2555 1082 2581 1.
1097 2557 1158 2589 sy.
1178 2554 1258 2581 Nullo
1278 2554 1363 2581 modo.
1384 2555 1440 2581 Gai.
1461 2555 1478 2581 1.
1501 2556 1557 2581 137.

1594 2552 1661 2579 Nou.
1682 2551 1718 2577 lb.
1738 2550 1780 2577 111.
1800 2552 1841 2576 21.
1862 2560 1901 2586 sq.

1063 2600 1103 2624 24.
1118 2600 1159 2624 28.
1188 2597 1229 2623 III.
1246 2599 1311 2625 Cn.
1332 2598 1392 2624 Non
1411 2608 1499 2635 posse.
1515 2613 1544 2615 —
1561 2596 1642 2622 nihilo
1662 2595 1742 2631 magis
1762 2604 1838 2630 quam
1852 2599 1900 2619 eie.

1063 2640 1093 2667 sr.
1115 2642 1153 2666 12.
1174 2640 1207 2667 dc
1227 2651 1276 2667 usu
1296 2646 1322 2667 et
1341 2641 1422 2668 usufr.
1443 2640 1490 2675 leg.
1511 2641 1551 2665 33.
1571 2641 1595 2664 2.
1633 2638 1708 2664 Adeo
1728 2642 1765 2668 ut,
1783 2639 1901 2674 quamvis

1040 2696 1042 2703 ⁴
1063 2689 1136 2721 pater
1156 2684 1178 2709 ei
1197 2685 1339 2721 permittat.
1360 2683 1442 2710 nihilo
1462 2683 1542 2717 inagis
1562 2686 1649 2707 tamen
1668 2682 1724 2707 iure
1736 2681 1827 2707 testari
1841 2690 1901 2716 pos-

1064 2728 1105 2753 sit.
1125 2726 1155 2752 fr.
1176 2728 1199 2752 6.
1219 2737 1257 2764 pr.
1278 2728 1330 2762 Qu.
1351 2731 1451 2752 testam.
1472 2725 1518 2751 fac.
1538 2735 1563 2761 p.
1582 2725 1624 2750 28.
1646 2726 1668 2750 1.

1096 2769 1360 2796 Nihilominus.
1398 2769 1428 2801 §0
1448 2769 1484 2794 1·
1514 2769 1581 2794 Non
1605 2769 1716 2793 minus.
1755 2768 1820 2793 Hoc
1842 2776 1898 2792 ηοη

1040 2814 1041 2845 J
1062 2815 1217 2840 obstante.
1240 2812 1257 2838 I.
1271 2813 1332 2845 Sy.
1346 2810 1405 2837 Non
1419 2811 1500 2847 magis
1516 2821 1599 2847 quam.
1624 2810 1800 2837 Nihilominus
1815 2819 1895 2845 quam.
