2197 3121
921 167 1009 197 ΛΒΤ
1036 184 1074 191 -
1098 166 1201 197 ADV.

200 253 222 286 §.
240 252 265 278 3.
284 250 366 278 usufr.
386 249 505 287 quemad.
525 251 548 275 7.
567 250 591 276 9.
611 264 643 268 -—-
663 249 693 282 ξ.
714 249 749 275 2.
778 249 967 285 Adfligere,
987 250 1039 275 Ιη-

194 296 329 331 fligere.
365 293 407 320 111.
429 294 494 320 Cn.
523 291 615 327 Quod,
641 301 720 328 saepe
739 291 827 318 adtriti
847 292 906 317 istis
926 292 1040 327 negotia-

200 336 329 365 tionibus.
354 336 432 372 longo
451 340 569 371 tempore
588 334 614 360 id
634 335 761 370 ignorant.
788 333 818 361 sr.
839 336 879 360 10.
909 334 963 369 Qui
983 338 1007 360 et
1027 344 1039 359 a

200 389 244 416 qu.
263 389 330 406 man.
354 381 395 404 40.
414 380 437 404 9.
480 377 520 403 Ne
538 393 571 397 --
590 377 724 403 familiaris
744 386 786 403 res
811 376 950 403 adteratur.
989 375 1038 402 Th.

199 422 232 449 C.
251 421 308 448 VII.
333 423 357 448 9.
383 431 404 447 c.
426 422 448 446 l.
473 419 505 446 de
524 420 646 456 salgamo.
685 419 720 446 Vt
740 418 847 445 eosdem
867 429 919 445 non
940 419 1040 446 adterat

201 464 296 492 damno
325 464 402 501 culpa
430 463 584 489 temeritatis
612 462 719 489 alIenae.
760 462 798 488 lb.
826 461 870 488 IV.
899 464 941 488 22.
970 472 991 488 c.
1015 464 1039 488 2.

200 507 270 534 uude
288 508 321 534 vi.

233 549 438 578 Adtestari.
462 551 510 576 Ad
526 550 749 575 testimonium
769 557 896 583 rogare.
920 547 961 573 III.
974 549 1039 575 (721.

200 592 236 620 Vt
254 592 399 619 adulterum
424 591 616 628 deprehensum
635 590 694 617 XX.
714 590 800 621 horis,
825 590 980 617 adtestando
1004 591 1040 616 vi-

200 636 288 667 cinos,
308 636 419 662 retinere
439 634 522 660 liceat.
560 633 632 660 Paul.
652 633 682 659 11.
702 635 743 659 26.
765 634 786 667 9.
807 635 831 659 3.

234 678 457 705 Adtestatio.
485 678 648 706 Testatio.
672 677 919 703 Testimonium.
944 675 962 702 I.
978 677 1039 710 Sy.

199 720 382 748 Deuunciatio.
413 731 434 746 c.
454 722 477 746 3.
502 720 568 753 91.
597 719 629 745 de
653 720 709 745 iure
734 718 802 745 (lom.
827 720 929 756 impetr.
954 720 977 745 8.
996 720 1038 745 34.

200 763 375 790 Contestatio.
413 762 584 789 Testilicatio.
615 761 664 788 Th.
685 761 716 788 C.
738 761 807 788 VIII.
828 764 867 788 12.
888 772 909 788 c.
929 764 953 788 2.

200 817 221 833 c.
242 808 265 832 5.
294 806 326 832 de
350 805 437 832 donat.
474 805 516 832 111.
541 807 606 833 Cu.
640 804 694 831 Nec
716 804 836 837 libellos,
861 810 904 831 aut
928 805 1040 831 adtesta-

199 850 300 881 tiones,
325 848 369 875 vel
392 849 595 875 contestationes
620 847 674 873 litis
699 849 779 883 gratia
804 849 949 884 suscipere.
974 858 995 874 c.
1015 849 1038 873 4.

199 891 232 918 de
251 893 346 918 curioS.
372 894 411 918 12.
430 893 471 918 23.
509 890 571 917 Sive
595 891 662 916 inter
686 895 742 916 aeta
765 890 843 917 suerit
868 891 1038 921 testificatus,

198 935 256 961 sive
274 936 380 961 testium
399 944 477 960 voces
497 933 697 959 adtestationem
717 938 779 959 sunt
803 933 944 970 amplexae.
974 943 995 959 c.
1016 935 1038 959 l.

198 978 221 1011 §.
236 980 261 1003 2.
282 978 313 1004 (1(-
326 977 383 1004 Lat.
398 977 482 1003 libert.
502 976 558 1003 toll.
580 978 602 1002 7.
622 977 645 1002 6.
682 976 867 1003 Adtestatione
886 977 1038 1013 praemissa,

199 1020 295 1047 offerre
312 1021 448 1058 pecunias.
474 1020 568 1057 hisque
592 1019 736 1055 obsignatis
757 1025 805 1046 etc.
835 1030 856 1046 c.
875 1021 900 1046 2.
926 1019 958 1046 de
983 1020 1038 1045 iure
1059 1045 1061 1053 ,

199 1063 284 1101 emph.
308 1065 331 1090 4.
346 1064 386 1089 66.
423 1062 572 1089 Adtestatio
593 1066 619 1088 et
638 1072 784 1089 consensus
799 1062 912 1089 accedat.
942 1062 991 1089 Th.
1007 1062 1038 1088 C.

198 1105 242 1133 Vl.
261 1108 303 1133 27.
323 1116 344 1132 c.
364 1108 387 1131 4.
409 1106 440 1132 cf.
461 1116 482 1132 c.
504 1107 543 1132 19.
564 1104 596 1131 (18
616 1110 698 1141 agent.
719 1106 745 1131 in
764 1105 818 1132 reb.

231 1149 429 1176 Adtinere.
487 1149 518 1182 ξ.
550 1149 584 1174 l.
635 1150 773 1180 Tenere,
811 1150 1037 1184 Adstringere.

196 1191 216 1218 Ι.
236 1192 298 1226 Sy.
333 1191 483 1227 Adstringi,
513 1191 682 1227 Constringi,
711 1191 833 1218 Adtineri
858 1191 990 1227 (legibus,
1014 1201 1037 1217 v.
1060 1202 1061 1224 ς

197 1233 295 1261 debitis
315 1238 386 1268 em).
415 1234 464 1261 Th.
485 1234 516 1260 C.
535 1234 580 1260 XI.
600 1236 641 1260 20.
663 1245 683 1260 c.
704 1236 727 1261 4.
749 1235 770 1268 ξ.
790 1237 814 1261 2.
835 1245 855 1260 c.
876 1236 900 1260 5.
920 1235 942 1268 ς’.
964 1236 986 1261 1.
1007 1234 1039 1260 de

198 1277 285 1305 collat.
310 1277 397 1303 donat.
421 1277 478 1303 XII.
501 1279 522 1303 l.
548 1288 568 1303 c.
591 1278 647 1303 186.
676 1277 708 1304 de
734 1277 867 1304 decurion.
905 1277 1038 1313 Obligare.

197 1320 235 1347 Ib.
254 1319 323 1347 VIII.
346 1322 370 1347 2.
395 1330 416 1346 c.
436 1322 460 1347 5.
485 1320 516 1346 (18
536 1320 646 1346 tabular.
689 1320 815 1347 mulctare.
840 1321 968 1358 (poena).
1001 1320 1038 1346 Ib.

197 1362 254 1390 VH.
274 1364 297 1390 8.
322 1374 343 1390 c.
364 1364 404 1389 13.
430 1362 462 1389 de
487 1363 615 1390 desertor.
647 1363 718 1390 XVI.
738 1365 762 1390 6.
787 1374 808 1390 c.
828 1365 852 1390 4.
876 1364 898 1397 §.
917 1365 941 1390 4.
965 1373 998 1389 ne
1017 1373 1038 1389 s.

196 1405 319 1443 baptism.
351 1406 393 1432 III.
408 1407 473 1434 Gn.
499 1406 640 1432 Obnoxius
660 1407 771 1433 adtineri
791 1407 969 1444 praestationi.
1000 1406 1037 1432 lb.

195 1449 268 1476 XIV.
287 1451 311 1476 6.
337 1459 358 1476 c.
379 1451 401 1475 1.
426 1449 458 1476 de
484 1449 546 1475 calc.
568 1454 665 1476 coctor.
707 1450 812 1485 Quodsi
836 1450 968 1486 aliquibus
988 1449 1038 1476 sor-

199 1497 271 1519 tasse
289 1492 435 1519 rationibus
460 1492 610 1519 adtincntur
630 1493 757 1530 impliciti.
791 1492 828 1519 lb.
849 1492 904 1519 VH.
930 1495 952 1519 l.
973 1503 994 1519 c.
1015 1495 1037 1519 7.

199 1535 232 1563 de
245 1536 276 1562 R.
290 1535 323 1562 Μ.
346 1535 476 1561 Immunes
491 1552 523 1555 -
537 1536 688 1564 habeantur.
709 1546 756 1562 nec
771 1536 914 1573 descriptio
928 1536 1037 1572 glebalis

197 1589 243 1606 eos
262 1579 322 1605 ideo
342 1578 463 1605 adtineat.
492 1578 528 1605 lb.
542 1578 586 1605 Yl.
605 1581 646 1605 23.
667 1590 687 1605 c.
704 1581 726 1605 1.
746 1578 778 1605 de
797 1579 885 1605 decur.
906 1584 931 1605 et
950 1579 1037 1606 silent.

198 1638 230 1642 —
260 1623 292 1656 ξ,
314 1624 349 1649 2.
378 1623 547 1650 Detinere.
568 1624 730 1648 Retinere.
768 1621 810 1648 HI.
831 1624 897 1649 (7η.
925 1622 972 1651 Hi,
993 1623 1037 1658 qui

198 1665 265 1692 inter
284 1665 467 1691 adcrescentes
487 1665 630 1691 matriculis
650 1665 806 1691 adtiuentur.
839 1665 876 1691 lb.
896 1664 951 1691 Vll.
973 1667 995 1691 1.
1016 1676 1037 1691 e..

199 1709 239 1733 ll.
264 1707 296 1734 de
320 1707 351 1734 R.
370 1707 403 1734 Μ.
445 1707 604 1734 Desertores
628 1708 713 1734 modis
737 1708 858 1734 omnibus
882 1708 1037 1734 adtinendos

198 1760 266 1776 esse.
293 1750 329 1777 Ib.
350 1750 405 1778 ΥΠ.
428 1752 467 1777 18.
492 1762 512 1777 e.
534 1753 572 1777 13.
600 1751 632 1777 de
651 1751 778 1777 desertor.
824 1752 899 1786 Quos
924 1752 1037 1788 privato-

198 1803 255 1819 rum
274 1792 380 1822 domus.
400 1804 452 1820 non
472 1794 626 1830 religionum
644 1794 716 1825 loca,
736 1794 925 1820 habitationum
944 1795 1036 1821 merito

198 1837 321 1862 convenit
340 1836 464 1862 adtinere.
492 1837 528 1862 lb.
544 1836 599 1863 VII.
618 1838 642 1863 8.
664 1847 686 1863 c.
699 1839 722 1862 2.
744 1836 775 1862 de
794 1841 880 1863 metat.
901 1853 933 1856 —
954 1838 984 1870 ξ.
998 1839 1035 1863 3.

197 1880 405 1914 Pertingere,
431 1882 593 1912 Spectare.
631 1879 648 1905 I.
668 1880 729 1913 Sy.
763 1878 904 1905 Pertinere.
941 1879 997 1905 Gai.
1017 1879 1035 1906 l.

198 1923 255 1948 157.
288 1922 319 1948 es.
339 1923 360 1956 9.
380 1924 404 1947 2.
429 1921 446 1947 l.
471 1921 502 1947 de.
526 1921 595 1958 legit.
615 1927 698 1958 agnat.
718 1926 765 1948 tut.
791 1923 813 1948 1.
834 1924 873 1948 15.
910 1922 1036 1960 Spectare

197 1964 237 1991 ad.
269 1964 340 1991 Paul.
362 1965 385 1990 6.
406 1964 443 1998 99
463 1966 504 1990 80.
525 1974 564 2000 sq.

231 2008 450 2041 Adtingere.
463 2008 535 2041 §.l.
552 2009 713 2043 Tangere,
729 2010 936 2044 Continget-e.
949 2008 1035 2043 [Sy.

197 2050 354 2077 Adtrectare
368 2050 456 2083 (rem).
476 2050 506 2077 fr.
517 2051 558 2076 46.
570 2051 591 2084 9.
607 2052 629 2076 7.
649 2050 681 2076 de
695 2050 755 2077 furt.
775 2053 816 2078 47.
827 2054 850 2078 2.
876 2051 1035 2088 Contingere

197 2093 319 2130 aliquem,
334 2093 510 2119 Coniunctum
526 2094 548 2119 ei
562 2103 620 2119 esse
635 2094 822 2130 (cognatione).
836 2094 920 2121 Vatic.
931 2095 1033 2128 §§.2lss.

196 2138 255 2163 298.
282 2136 351 2163 Coll.
367 2135 419 2162 LL.
437 2136 470 2163 M.
485 2136 528 2162 IX.
542 2138 567 2162 2.
592 2136 633 2163 Fr.
654 2136 719 2173 legis
733 2137 868 2164 Serviliae.
905 2137 947 2164 III.
968 2139 1034 2165 Cn.

197 2179 266 2214 Qui,
285 2179 374 2216 lapide
393 2180 487 2205 iactato
508 2180 620 2211 incerto,
647 2180 754 2206 fortuito
774 2185 885 2207 statuam
905 2180 1033 2217 adtigerit.

197 2221 227 2248 sr.
242 2224 264 2248 5.
278 2223 300 2256 §.
316 2224 337 2248 l.
357 2221 389 2248 ad
408 2221 437 2248 L.
457 2222 504 2248 Iul.
525 2223 582 2248 mai.
601 2225 642 2248 48.
663 2224 686 2249 4.
713 2223 766 2258 Qui
781 2240 813 2243 -—
827 2223 961 2260 adtingere
974 2235 1034 2261 pur-

198 2274 289 2301 puram
308 2266 479 2302 venerarique
493 2267 627 2302 praecepti
640 2270 707 2292 sunt.
735 2265 783 2292 Th.
796 2266 826 2293 C.
840 2266 907 2293 VIII.
920 2268 942 2293 ’7.
960 2278 980 2293 c.
994 2268 1032 2294 16.

198 2306 231 2333 de
244 2306 295 2333 div.
309 2307 378 2333 offic.
404 2324 436 2327 —
462 2309 492 2341 ξ.
518 2310 554 2336 2.
578 2311 764 2336 hnmiscere
783 2319 830 2342 se,
850 2312 1032 2344 Suscipere.

198 2349 228 2376 Il.
249 2351 316 2383 Op.
343 2350 492 2378 Abstinere.
517 2351 546 2378 sr.
567 2354 589 2378 1.
609 2353 630 2386 §.
651 2353 674 2378 9.
695 2351 727 2378 de
746 2362 776 2378 eo
796 2363 839 2388 qu.
858 2363 906 2389 pro
926 2358 972 2379 tut.
991 2355 1033 2380 27.

197 2394 221 2418 5.
259 2392 301 2418 III.
321 2394 385 2420 (7²1.
414 2393 476 2420 Sive
500 2396 595 2430 gessit.
618 2396 674 2421 sive
698 2396 797 2431 gerenti
816 2395 872 2421 filio
892 2397 1033 2428 consensit,

198 2436 254 2461 sive
274 2436 378 2462 omnino
398 2436 488 2473 adtigit
508 2437 622 2464 tutelam.
641 2437 672 2464 fr.
687 2439 709 2464 7.
730 2437 762 2463 de
781 2437 854 2464 tutel.
872 2440 914 2465 26.
930 2441 951 2465 l.
966 2438 995 2465 fr.
1011 2441 1033 2466 1.

198 2478 251 2512 §.9.
264 2477 280 2504 l.
291 2480 332 2504 27.
344 2480 367 2504 5.
389 2478 440 2513 Qui
455 2481 539 2506 animo
554 2480 690 2516 adgnoscit
703 2482 906 2511 successionem,
924 2481 985 2508 licet
998 2483 1035 2508 ni-

199 2520 236 2547 hil
256 2520 370 2557 adtingat
390 2521 580 2549 hereditarium.
605 2523 634 2550 fr.
653 2525 694 2550 85.
714 2523 746 2550 de
765 2523 796 2549 A.
815 2534 839 2550 v.
859 2525 891 2550 0.
905 2524 936 2550 H.
954 2526 995 2551 29.
1008 2527 1032 2551 2.

198 2563 228 2590 Si
247 2565 382 2600 pecuniam
402 2565 531 2592 inventam
544 2567 570 2592 in
583 2565 727 2593 hereditate
741 2576 793 2592 non
806 2566 927 2602 adtingat.
947 2566 978 2593 fr.
991 2569 1032 2594 20.

198 2607 220 2640 9.
243 2608 281 2632 14.
303 2605 334 2632 (18
353 2606 441 2633 hered.
460 2612 512 2644 pet.
540 2610 563 2634 5.
582 2610 606 2635 3.
637 2625 670 2628 —
701 2610 732 2642 ξ.
752 2610 789 2636 3.
820 2611 1032 2645 Pertingere,

199 2650 387 2683 complecti.
422 2650 441 2676 Ι.
456 2651 516 2684 Sy.
546 2649 677 2688 Contingi,
696 2651 804 2687 Adtingi
823 2652 943 2685 (crimine
962 2654 1032 2685 ete.).

198 2691 230 2718 fr.
251 2693 273 2718 1.
302 2692 324 2726 §.
343 2694 367 2718 2.
397 2692 429 2719 de.
452 2692 550 2729 fugitiv.
572 2695 610 2720 11.
630 2695 653 2720 4.
678 2694 708 2721 fr.
729 2696 751 2721 l.
777 2694 798 2728 9.
822 2696 863 2721 30.
893 2695 925 2722 de
949 2695 975 2722 S.
1000 2696 1031 2723 C.

199 2734 281 2761 Silan.
309 2736 350 2761 29.
370 2737 393 2762 5.
438 2735 479 2761 IH.
505 2737 570 2763 Cn.
607 2736 711 2772 Quaero
740 2747 784 2769 an,
814 2753 847 2757 ——
875 2742 901 2764 et
927 2738 1032 2775 plenius

198 2787 275 2814 rogo,
308 2788 374 2814 quae
406 2778 438 2804 ad
469 2778 532 2805 haec
559 2783 691 2815 spectant,
719 2780 850 2817 adtingas,
881 2781 1033 2817 quotidiana

200 2821 269 2847 enim
286 2825 355 2848 sunt.
384 2819 414 2847 fr.
433 2822 474 2847 25.
494 2821 526 2848 de
545 2821 619 2848 liber.
638 2821 686 2858 leg.
705 2824 747 2850 34.
766 2824 789 2849 3.
827 2823 857 2850 Si
875 2824 960 2851 adhuc
977 2825 1032 2851 vin-

974 772 995 788 c.
1014 764 1038 788 3.
1060 757 1062 797 ξ

1060 807 1061 811 ’
1085 816 1106 831 c.
1129 807 1150 831 l.
1172 806 1192 839 §.
1215 807 1254 831 14.

1060 1123 1061 1127 .
1083 1105 1197 1136 iniuria).

1886 169 1926 199 41

1084 248 1150 275 culis
1174 249 1314 285 potestatis
1338 249 1438 286 patriae
1461 258 1513 275 non
1538 248 1670 285 adtigeris.
1700 259 1721 275 c.
1746 251 1769 275 4.
1801 249 1832 275 de
1857 255 1924 287 pact.

1084 302 1158 319 conv.
1179 294 1202 318 5.
1224 293 1264 318 14.

1117 336 1324 362 Adtollere.
1361 337 1550 367 Extollere,
1570 336 1718 370 Erigere.
1751 335 1793 362 ΙΙΙ.
1809 337 1875 363 οη.
1896 336 1925 362 Si

1085 377 1196 403 eundem
1214 378 1299 403 rivum
1318 377 1459 413 deprimat.
1478 378 1520 404 vel
1541 377 1663 409 adtollat,
1689 383 1732 404 aut
1752 378 1856 409 dilatet,
1882 379 1925 405 vel

1085 420 1209 447 extendat
1229 425 1277 446 etc.
1307 420 1337 446 fr.
1360 422 1381 446 1.
1402 421 1424 454 9.
1446 422 1485 446 ll.
1506 421 1538 447 (18
1557 422 1604 447 riv.
1629 423 1670 447 43.
1690 424 1731 448 21.
1769 421 1861 447 Manus
1881 423 1925 448 im-

1084 464 1140 500 pias
1161 479 1193 482 —
1212 463 1264 489 adt.
1297 462 1346 488 Th.
1368 462 1399 489 C.
1419 463 1488 489 XYI.
1509 466 1532 490 5.
1554 474 1574 490 c.
1597 466 1636 490 15.
1658 464 1689 491 de
1710 464 1806 491 haeret..

1118 506 1332 533 Adtonitus.
1361 505 1486 539 (Partie.)
1525 509 1768 543 Stupefacieue.
1801 507 1924 535 HLCn.

1085 548 1137 583 Qui
1151 559 1182 575 ex
1196 565 1228 568 —
1241 553 1396 585 quaesturae
1413 548 1521 577 honore.
1542 566 1574 569 —
1594 555 1637 576 aut
1651 551 1772 577 comitiva
1787 552 1924 587 utriusque

1084 593 1174 617 aerarii
1194 592 1278 617 nostri
1297 591 1415 617 adtonito
1435 591 1577 628 splendore
1596 594 1742 629 viguerunt.
1779 593 1816 620 lb.
1836 593 1879 620 Vl.
1900 595 1923 620 9.

1085 645 1105 661 c.
1126 637 1150 660 2.
1171 645 1209 671 pr.
1231 634 1263 660 de
1283 634 1422 670 Quaestor.

1118 678 1344 704 Jlerahere.
1377 679 1526 711 „wigera
1558 677 1600 704 111,
1617 679 1681 705 011.
1711 678 1752 705 Ad
1771 679 1923 705 damnosam

1084 719 1173 745 iudicii
1187 719 1398 746 observationem
1419 730 1574 756 quemquam
1592 722 1666 757 prius
1685 731 1738 747 non
1757 722 1835 748 debet
1853 722 1924 748 ullus

1084 762 1164 790 adtr..
1185 773 1261 799 quam
1281 767 1329 788 etc.
1368 762 1435 789 Νῦν.
1456 762 1512 789 Yal.
1533 763 1574 789 III.
1596 763 1628 789 de
1649 764 1728 800 episc.
1754 765 1806 791 iud,
1826 765 1856 791 11.
1880 767 1922 791 35.

1117 849 1355 876 Adtrectare.
1385 849 1415 882 ξ.
1430 850 1464 875 l.
1486 850 1710 876 Contrectare.
1740 850 1757 876 I.
1774 851 1834 884 Sy.
1855 850 1924 877 Con-

1084 895 1204 917 trectare.
1237 891 1267 917 sr.
1287 893 1327 918 46.
1348 893 1385 926 99.
1407 894 1429 919 7.
1449 894 1472 918 9.
1494 892 1526 918 de
1545 892 1605 918 furt.
1626 894 1667 918 47.
1687 894 1710 919 2.
1748 893 1790 919 111.
1805 894 1870 921 (ln.
1894 894 1924 920 Si

1084 935 1142 969 quis
1163 933 1280 960 fiscalem
1299 936 1435 971 pecuniam
1456 935 1652 963 adtrectaverit.
1673 935 1846 972 subripuerit.
1870 947 1924 963 mu-

1084 977 1185 1006 taverit,
1206 987 1251 1003 seu
1270 978 1296 1003 in
1316 988 1379 1003 suos
1399 988 1462 1004 usus
1483 979 1649 1004 converterit.
1678 978 1751 1005 Paul,
1767 979 1796 1005 V.
1810 981 1851 1005 27.
1866 980 1887 1013 9.
1902 982 1922 1006 1.

1083 1035 1115 1038 —
1135 1020 1165 1053 ᾖ.
1182 1021 1216 1046 2·
1246 1021 1417 1052 Iuvadere,
1437 1023 1626 1048 Provocare.
1664 1021 1681 1047 Ι.
1700 1023 1761 1056 Sy.
1780 1021 1922 1060 Usurpare.

1084 1072 1104 1088 e.
1128 1064 1149 1088 l.
1170 1062 1202 1089 de
1221 1073 1302 1089 manc.
1324 1068 1349 1089 et
1368 1063 1454 1090 colon.
1476 1066 1515 1090 11.
1536 1066 1577 1090 62.
1616 1064 1777 1099 Contingere
1796 1065 1922 1102 (aliquem

1237 1105 1286 1132 Th.
1307 1105 1338 1132 C.
1358 1106 1414 1132 XII.
1438 1108 1458 1132 l.
1479 1116 1500 1132 c.
1522 1108 1578 1132 128.
1599 1106 1631 1132 (18
1650 1107 1782 1134 deeurion.

1118 1149 1360 1176 Adtribuere.
1389 1151 1588 1183 Adsignare,
1609 1152 1771 1177 Addit-ere.
1800 1151 1841 1178 III.
1857 1153 1923 1179 Cn.

1084 1191 1297 1218 Continebuntur
1317 1194 1371 1225 (se.
1392 1192 1508 1228 legato).
1534 1202 1600 1228 quae
1624 1193 1675 1229 ipsi
1699 1198 1760 1218 sunt
1784 1194 1922 1225 adtributa,

1083 1234 1125 1261 vel
1145 1235 1282 1261 destinata.
1312 1235 1342 1262 fr.
1364 1237 1404 1262 49.
1426 1236 1462 1269 99.
1483 1237 1506 1261 3.
1528 1237 1550 1262 7.
1576 1235 1607 1261 de
1627 1235 1701 1271 legat.
1722 1235 1763 1262 III.
1782 1238 1850 1271 (32.)
1887 1237 1923 1264 Vt

1083 1277 1171 1304 debita
1191 1283 1216 1304 et
1236 1278 1334 1305 credita
1360 1278 1470 1315 singulis
1494 1288 1543 1315 pro
1567 1278 1667 1306 solido.
1692 1278 1749 1305 aliis
1774 1279 1821 1305 alia
1846 1280 1923 1307 adtri-

1083 1320 1145 1347 buat
1166 1322 1215 1353 (sc.
1236 1321 1336 1353 iudex).
1357 1321 1386 1348 fr.
1400 1324 1424 1348 3.
1445 1321 1502 1347 l'am.
1524 1322 1614 1347 ercisc..
1637 1324 1676 1348 10.
1691 1324 1714 1348 2.
1752 1322 1827 1358 Quae
1847 1323 1923 1349 bene-

1083 1364 1141 1390 ficia
1161 1364 1263 1390 fuerant
1282 1364 1425 1395 adtributa,
1445 1365 1597 1390 intemerata
1616 1371 1792 1401 permaneant.
1825 1365 1874 1393 Th.
1890 1367 1920 1393 C.

1082 1407 1140 1434 ΧΥ,
1160 1409 1184 1434 3.
1205 1418 1226 1434 c.
1246 1409 1270 1434 4.
1291 1407 1323 1433 de
1342 1408 1397 1434 itin.
1417 1417 1486 1434 1111111.

1117 1451 1347 1477 Adtributio.
1385 1452 1602 1485 Adsignatio,
1622 1452 1847 1479 Adiudicatio.
1878 1452 1921 1479 111.

1083 1495 1148 1522 (¹11.
1176 1493 1231 1520 Nec
1251 1498 1336 1519 tamen
1356 1493 1458 1520 seilicet
1477 1493 1539 1520 haec
1553 1494 1618 1520 adtr.
1632 1493 1699 1520 illud
1712 1494 1802 1525 eflicit,
1822 1500 1850 1521 ut
1863 1496 1922 1531 quis

1082 1537 1156 1563 solus
1176 1541 1259 1563 totum
1279 1536 1379 1563 debeat.
1408 1536 1437 1563 fr.
1457 1538 1480 1562 3.
1501 1536 1517 1562 1.
1538 1536 1554 1563 l.
1576 1538 1615 1562 10.
1635 1539 1659 1563 2.
1697 1537 1725 1563 Si
1751 1539 1786 1567 is,
1811 1539 1856 1574 qui
1880 1538 1922 1564 ad-

1083 1580 1197 1607 tributus
1227 1581 1288 1611 erit,
1317 1590 1371 1605 eam
1402 1580 1539 1616 pecuniam
1568 1579 1660 1606 diebus
1684 1580 1763 1607 XXX
1785 1581 1921 1617 proximis,

1083 1624 1179 1660 quibus
1199 1639 1231 1642 —
1251 1623 1317 1649 sciet
1336 1622 1539 1649 adtributionem
1559 1622 1651 1649 factam
1666 1633 1733 1653 esse,
1754 1640 1786 1643 -
1806 1623 1922 1650 11011501-

1082 1668 1147 1693 verit
1169 1671 1216 1692 etc.
1255 1665 1320 1691 Tab.
1341 1665 1442 1692 Heracl.
1462 1665 1519 1692 Lin.
1540 1667 1581 1692 41.
1602 1676 1640 1702 sq.
1662 1666 1722 1692 Aer.
1742 1666 1786 1692 ΒΓ.

1116 1710 1343 1736 on-cetam.
1380 1710 1572 1743 Adportare.
1604 1708 1621 1734 1.
1637 1710 1698 1743 Sy.
1727 1708 1846 1735 Perferre
1865 1710 1921 1746 (pe-

1082 1753 1203 1783 titiones,
1232 1761 1256 1777 v.
1281 1751 1409 1785 decreta).
1447 1751 1496 1777 Th.
1518 1750 1547 1777 C.
1572 1751 1628 1778 XII.
1654 1754 1694 1778 12.
1724 1762 1744 1778 c.
1769 1754 1793 1779 3.
1819 1762 1858 1789 sq.
1888 1752 1920 1779 de

1082 1795 1156 1831 legat.
1177 1799 1202 1820 et
1221 1794 1290 1820 decr.

1116 1839 1329 1864 Advehere.
1362 1839 1561 1871 Importare,
1581 1839 1727 1874 Adferre.
1755 1838 1772 1864 I.
1789 1839 1850 1873 Sy.
1871 1838 1920 1865 Vc·

1081 1881 1156 1912 herc,
1182 1880 1320 1907 Devehere
1346 1880 1488 1913 (merces).
1522 1880 1552 1906 fr.
1576 1882 1617 1907 35.
1642 1891 1681 1918 pr.
1710 1882 1746 1915 99.
1770 1883 1794 1907 3.
1819 1892 1858 1918 sq.
1887 1881 1920 1908 de

1081 1923 1170 1950 hered.
1192 1925 1252 1949 inst.
1272 1926 1313 1949 28.
1328 1925 1351 1949 5.
1390 1922 1552 1949 Transl'erre.
1573 1923 1603 1949 fr.
1618 1926 1641 1950 4.
1656 1924 1677 1957 9.
1694 1926 1716 1950 l.
1737 1923 1769 1950 de.
1787 1924 1917 1961 publican.

1079 1969 1120 1994 39.
1135 1969 1158 1993 4.
1188 1966 1229 1993 Ill.
1245 1967 1310 1994 (711.
1335 1965 1447 2002 Tegere.
1468 1966 1629 1995 substruere.
1649 1968 1754 1997 sarcire,
1773 1967 1918 2000 aedificare,

1080 2012 1142 2036 item
1161 2009 1291 2036 advehere
1310 2009 1502 2046 adportareque.
1527 2020 1568 2039 ea,
1598 2020 1664 2046 quae
1687 2009 1719 2036 ad
1739 2010 1845 2037 eandem
1864 2021 1918 2037 rem

1080 2064 1146 2090 opus
1167 2057 1263 2079 essent.
1289 2051 1319 2078 fr.
1336 2054 1357 2078 1.
1372 2052 1393 2085 9
1408 2053 1431 2078 6.
1452 2052 1484 2078 (18
1502 2054 1549 2079 riv.
1570 2054 1610 2078 43.
1623 2054 1664 2078 21.
1703 2052 1769 2079 Cum
1789 2064 1840 2079 non
1854 2054 1918 2080 alias

1079 2106 1193 2127 merces,
1220 2106 1296 2132 quam
1320 2096 1392 2123 navi.
1417 2095 1533 2121 solerent.
1557 2095 1658 2122 advehi.
1690 2095 1719 2122 sr.
1740 2098 1781 2122 52.
1802 2098 1823 2130 9.
1843 2098 1866 2123 4.
1891 2107 1915 2133 p.

1079 2150 1132 2166 soc.
1162 2141 1201 2165 17.
1221 2141 1245 2165 2.

1079 2182 1151 2208 urbis
1172 2186 1298 2207 aeternae.
1328 2181 1377 2207 Th.
1399 2181 1429 2207 C.
1448 2181 1519 2207 XIV.
1539 2183 1580 2207 22.
1600 2192 1621 2208 c.
1643 2183 1664 2207 l.
1685 2181 1717 2207 de
1736 2192 1832 2208 saccar.

1113 2226 1283 2252 Advenn.
1303 2225 1334 2258 ξ.
1346 2226 1380 2251 1.
1400 2226 1613 2259 Peregrinus,
1634 2226 1775 2251 Adsecla.
1796 2224 1837 2250 111.
1850 2225 1915 2252 Gn.

1078 2268 1187 2295 Advena
1207 2273 1259 2299 est,
1284 2277 1361 2303 quem
1386 2266 1479 2293 Graeci
1503 2266 1610 2293 ἄποικον
1634 2266 1773 2303 adpellant.
1801 2267 1830 2293 sr.
1855 2268 1913 2293 239.

1079 2312 1099 2345 9.
1120 2313 1143 2337 4.
1164 2311 1196 2337 de
1214 2310 1246 2337 V.
1267 2310 1294 2336 S.
1314 2312 1354 2336 50.
1376 2311 1415 2336 16.
1454 2309 1507 2344 Qui
1527 2320 1540 2335 a
1558 2315 1703 2336 mercatore.
1726 2309 1789 2346 quid
1813 2319 1914 2346 compa-

1079 2356 1145 2381 ravit
1164 2353 1271 2380 advena.
1292 2352 1322 2379 fr.
1342 2354 1381 2379 19.
1396 2353 1417 2386 9.
1431 2354 1455 2379 2.
1476 2352 1508 2379 de
1521 2352 1599 2379 iudic.
1619 2355 1641 2379 5.
1663 2355 1685 2379 l.
1706 2369 1738 2372 -
1757 2353 1787 2386 ξ.
1802 2353 1836 2378 2.
1857 2354 1914 2378 Su-

1075 2399 1280 2432 perveniens,
1302 2397 1466 2423 Novicins.
1503 2395 1545 2423 ΙΙΙ.
1566 2397 1631 2423 Cu.
1659 2396 1782 2422 Advenae
1802 2394 1914 2431 plerum-

1079 2451 1129 2477 que
1157 2444 1249 2466 tenues
1278 2439 1445 2475 abiectaeque
1474 2438 1600 2465 fortunae.
1638 2438 1704 2465 Nov.
1729 2437 1785 2463 Val.
1810 2437 1851 2464 111.
1881 2437 1913 2464 (18

1078 2483 1163 2509 colon.
1183 2492 1238 2518 vag.
1258 2481 1288 2508 ΙΙ.
1307 2483 1349 2508 31.
1371 2492 1391 2508 c.
1413 2483 1435 2508 1.
1455 2482 1476 2515 9.
1496 2484 1519 2508 5.
1549 2482 1580 2508 cf.
1601 2481 1649 2508 Th.
1671 2480 1700 2507 C.
1721 2480 1775 2506 VII.
1792 2482 1831 2507 13.
1852 2491 1872 2507 c.
1889 2483 1911 2507 7.

1078 2536 1116 2562 pr.
1139 2525 1171 2552 de
1191 2526 1267 2551 tiron.
1305 2524 1396 2551 Talem
1415 2524 1497 2551 filium
1516 2526 1617 2561 sperui,
1641 2528 1666 2549 et
1688 2523 1720 2549 ad
1739 2522 1817 2549 alium
1837 2523 1912 2550 adve-

1078 2578 1135 2594 nam
1154 2568 1299 2605 pervenire.
1336 2567 1403 2593 Nov.
1422 2569 1463 2594 35.
1483 2569 1509 2594 in
1529 2568 1544 2593 f.

1112 2610 1318 2637 Advenire.
1366 2611 1398 2644 δ.
1429 2612 1463 2637 1.
1512 2611 1706 2642 Per-venire,
1748 2611 1910 2637 Accedere.

1077 2653 1118 2680 III.
1136 2655 1201 2681 Gn.
1234 2653 1286 2688 Qui
1307 2653 1337 2679 ab
1357 2653 1478 2679 hostibus
1498 2653 1608 2678 advenit.
1637 2651 1667 2678 fr.
1689 2653 1728 2679 16.
1760 2652 1792 2678 de
1816 2654 1909 2689 captiv.

1077 2698 1118 2722 49.
1140 2697 1179 2722 15.
1215 2696 1371 2732 Priusquam
1392 2696 1543 2731 cognoverIt
1562 2694 1706 2729 (Praeses)
1730 2705 1911 2722 successorem

1077 2738 1223 2766 advenisse.
1244 2739 1274 2765 fr.
1296 2741 1335 2766 17.
1356 2738 1387 2765 (18
1406 2739 1449 2764 off.
1469 2737 1555 2764 Praos.
1577 2740 1599 2764 l.
1621 2739 1660 2764 18.
1698 2738 1773 2774 Quae
1792 2739 1840 2771 (sc.
1854 2739 1909 2771 res)

1075 2786 1168 2819 postea
1196 2783 1222 2808 in
1251 2782 1435 2817 obligationem
1465 2780 1622 2807 adventurae
1648 2786 1716 2807 sunt.
1750 2781 1779 2807 fr.
1803 2783 1844 2807 35.
1877 2781 1909 2806 de

1076 2825 1154 2852 indic.
1174 2827 1197 2852 5.
1220 2827 1241 2851 l.
1280 2823 1391 2859 Quando
1411 2824 1539 2855 evenerit,
1565 2840 1596 2843 —
1617 2825 1693 2850 etiam
1712 2823 1819 2851 feminas
1837 2824 1908 2850 here-

1441 2866 1458 2892 6

1283 2140 1462 2174 Quaecunque
1481 2138 1633 2164 advexerint
1650 2139 1745 2175 privati
1763 2139 1795 2165 ad
1812 2144 1917 2176 portum
