2197 3121
265 172 330 202 258

267 269 299 273 —
319 254 350 286 ἕ.
369 254 406 280 3.
434 254 658 284 Constituere,
683 253 885 279 Denerihere.
921 252 939 279 I.
960 253 1022 287 Sy.
1052 250 1110 278 Sta-

267 301 353 323 tuere.
373 295 548 329 (mercedem.
574 306 597 322 v.
623 300 726 332 tempus
746 296 821 329 etc.).
853 295 884 322 fr.
902 298 944 322 25.
965 306 1004 333 pr.
1031 294 1108 321 locat.

268 341 308 366 19.
328 341 352 365 2.
373 349 394 364 r.
413 340 437 364 3.
457 339 494 372 §§.
514 341 538 364 2.
559 348 598 375 sq.
619 338 652 364 de
671 339 727 365 iure
746 338 843 365 domin.
864 340 888 365 8.
909 340 951 365 34.
988 337 1110 364 Formam

266 382 336 408 dare.
369 381 399 407 l'r.
420 383 460 407 14.
486 381 507 415 ξ.
530 384 552 408 1.
577 381 609 407 de
632 381 701 408 alim.
724 391 750 408 v.
775 382 825 409 cib.
847 384 889 409 34.
911 383 933 407 l.
976 381 1018 407 111.
1042 382 1108 408 Cn.

266 424 326 452 Non
346 429 397 450 tam
422 423 498 450 facile
521 425 548 450 iu
567 425 719 451 uuiversum
738 424 858 455 deliniri.
883 435 959 460 quam
984 434 1032 461 per
1057 424 1109 450 siu-

266 467 325 504 gula
344 483 376 486 —
396 468 526 493 aestimari
549 472 670 504 possunt.
704 468 735 495 l'r.
758 471 796 495 15.
821 468 853 494 de
878 469 989 504 impens.
1015 468 1042 494 in
1065 477 1108 493 res

266 511 321 538 dot.
340 513 382 537 25.
404 512 425 536 1.
446 510 477 536 cl'.
498 510 527 536 fr.
541 512 583 536 30.
603 510 636 537 de
655 510 731 547 legat.
751 511 780 537 II.
801 511 869 543 (31.)
905 510 1013 547 Magnae
1033 520 1109 547 quae-

266 555 362 580 stionis
382 557 434 585 est.
460 569 492 572 —
512 558 538 579 et
557 553 664 590 quidem
682 555 717 580 ita
737 554 841 581 deliniri
864 558 962 590 potest.
990 553 1021 580 fr.
1042 555 1065 580 7.
1085 554 1107 587 ξ.

268 598 290 623 l.
309 596 342 623 dc
362 607 416 622 exc.
437 597 474 622 rei
494 596 547 623 iud.
567 598 608 623 44.
622 599 646 623 2.
683 597 847 633 Regulariter
866 596 1045 623 deliniendum
1059 601 1107 623 est.

265 639 297 666 fr.
316 641 339 665 9.
359 639 391 665 de
411 639 499 666 hered.
519 644 572 676 pet.
592 642 616 667 5.
636 642 660 666 3.
691 640 721 666 l'r.
740 642 783 666 25.
802 640 824 674 ξ.
844 642 867 666 5.
892 639 925 666 de
944 639 1013 666 usus.
1040 641 1063 666 7.
1085 641 1106 666 l.

266 682 346 718 Quod
368 687 472 709 veteres
496 682 556 709 ideo
580 682 751 715 definierunt,
781 683 852 719 quod
878 688 928 709 etc.
959 682 990 709 l'r.
1010 684 1052 709 97.
1076 682 1108 709 de

265 725 345 751 solut.
365 727 406 752 46.
425 727 449 752 3.
486 725 553 752 luris
573 727 729 752 auctoritate
748 725 885 752 delinitum
905 731 953 752 est.
982 736 1004 752 c.
1026 727 1047 752 l.
1067 735 1107 762 sq.

265 767 298 794 de
317 767 349 794 V.
369 768 396 795 S.
417 769 440 795 6.
460 770 502 795 38.
540 768 718 800 constitutio.
738 779 762 795 v.
783 768 905 800 Sanctio.
930 768 1063 800 delinivit,
1083 778 1107 795 v.

264 820 312 848 per
332 821 409 847 quam
423 811 598 838 definivinms.
624 811 671 838 lul.
691 822 732 849 ep.
752 822 812 838 nov.
833 823 853 838 c.
874 814 915 838 40.
936 812 1036 845 §.1691
1066 811 1107 838 Cf.

264 854 287 887 ᾗ.
300 855 340 880 14.
360 853 378 880 1.
399 854 431 881 de
444 854 532 881 hered.
548 865 590 891 qu.
605 855 636 881 ab
651 856 697 882 int.
717 857 740 882 3.
758 857 779 882 l.
800 854 850 881 Th.
866 854 897 881 C.
909 854 952 881 VI.
966 856 1008 881 27.
1028 865 1049 881 c.
1067 856 1107 881 10.

264 896 297 923 de
316 902 400 933 agent.
424 899 450 924 in
469 898 524 924 reb.

265 950 354 977 usurp.
375 942 416 967 41.
429 942 454 967 3.
486 941 653 976 Quibusdam
667 941 770 978 legibus
786 940 964 978 amplissimus
983 950 1107 966 uumerus

264 984 371 1010 testium
392 983 524 1010 definitus.
549 984 580 1011 fr.
601 986 624 1011 l.
644 985 665 1018 §.
684 987 709 1011 2.
729 984 762 1011 de
781 983 869 1010 testib.
889 986 930 1010 22.
951 986 974 1010 5.

299 1027 492 1054 Definitio.
530 1028 561 1060 ξ.
582 1029 616 1054 l.
648 1029 795 1060 Decitio,
822 1029 997 1054 Sententia
1021 1029 1106 1063 defi-

264 1071 382 1096 nitiva.
420 1069 438 1096 1.
455 1071 517 1105 Sy.
544 1070 672 1097 Definitio
687 1070 786 1102 ultima,
805 1070 949 1097 Definitiva
969 1071 1106 1096 sententia.
1128 1094 1130 1106 <

265 1112 314 1138 Th.
335 1111 366 1139 C.
386 1112 430 1139 IV.
451 1115 491 1140 17.
516 1124 537 1140 c.
560 1115 582 1140 l.
606 1113 639 1140 de
659 1119 725 1140 sent.
746 1124 760 1139 e
778 1115 859 1150 peric.
888 1113 932 1140 XI.
957 1115 998 1139 36.
1024 1123 1045 1139 c.
1066 1114 1106 1139 18.
1128 1115 1130 1125 “

265 1166 286 1181 c.
305 1157 348 1182 29.
375 1156 458 1192 Quor.
483 1167 542 1193 app.
569 1166 622 1183 non
646 1167 697 1183 rec.
735 1156 831 1183 Sacrae
849 1156 1051 1194 disceptationis
1070 1166 1108 1182 ar·
1129 1168 1130 1175 ¹

264 1199 379 1225 bitrium.
416 1199 444 1226 S.
464 1199 627 1226 delinitionis
646 1201 696 1226 ius.
724 1199 762 1226 lb.
782 1199 800 1226 1.
819 1201 843 1226 6.
864 1210 885 1226 c.
903 1202 927 1226 2.
948 1199 980 1226 de
994 1199 1038 1225 off.
1053 1198 1106 1225 Prf.

264 1241 310 1268 Vr.
347 1241 390 1268 III.
411 1243 477 1270 Gn.
508 1242 596 1269 Editio
615 1248 762 1279 gestorum.
786 1252 833 1269 seu
852 1242 957 1274 relatio.
982 1241 1024 1268 vel
1044 1242 1107 1268 defi-

264 1285 338 1311 nitio.
368 1295 388 1311 c.
410 1287 450 1312 12.
475 1286 496 1319 §.
518 1288 540 1312 1.
561 1286 593 1312 de
613 1296 688 1323 prox.
708 1285 735 1312 S.
756 1286 834 1312 scrin.
863 1287 901 1311 12.
924 1287 963 1312 19.
1006 1285 1106 1312 Contra

264 1327 356 1354 arbitri
376 1327 556 1355 definitionem
576 1329 716 1366 adpellare.
745 1328 796 1355 Th.
811 1327 842 1355 C.
862 1328 907 1355 XI.
927 1330 968 1355 31.
990 1339 1011 1355 c.
1030 1330 1054 1355 9.
1074 1328 1107 1355 de

263 1380 348 1408 repar.
368 1381 427 1408 app.
459 1387 492 1391 —-
524 1372 554 1405 ξ.
577 1374 612 1399 2.
641 1373 864 1408 Prae-finitio,
885 1373 1105 1398 Constitutio-

263 1413 283 1440 1.
303 1415 364 1448 Sy.
393 1414 508 1441 Sanctio.
538 1415 574 1441 lb.
594 1414 638 1441 Vl.
651 1417 693 1441 30.
714 1425 735 1441 c.
751 1415 790 1441 16.
805 1425 844 1451 sq.
865 1414 898 1441 de
911 1414 966 1441 Pal.
980 1414 1008 1441 S.
1022 1414 1103 1451 largg.

264 1456 408 1483 Adnotatio
428 1456 567 1494 Principis,
595 1457 632 1484 Ib.
653 1456 696 1484 Vl.
716 1458 758 1483 28.
778 1468 800 1484 c.
820 1459 844 1484 4.
864 1457 897 1484 de
916 1457 1002 1484 Prine.
1022 1463 1105 1494 agent.

264 1500 291 1525 in
310 1499 364 1526 reb.
401 1499 444 1526 III.
460 1502 526 1528 (Ρη.
555 1500 591 1527 Vt
610 1501 653 1531 sit.
673 1516 705 1520 —
725 1501 782 1526 sine
802 1500 956 1527 delinitione
970 1502 1106 1538 temporis,

264 1542 368 1569 licentia
388 1543 564 1580 supplicandi.
593 1543 629 1569 lb.
650 1542 716 1569 VIII.
733 1545 773 1570 17.
794 1554 814 1570 c.
831 1546 853 1569 1.
873 1543 906 1569 de
925 1545 981 1570 iure
999 1543 1106 1570 liberor.

263 1585 400 1611 Adversus
420 1596 466 1612 eos
485 1586 621 1621 agentibus
641 1587 742 1612 ianuam
766 1587 911 1623 aperimus,
936 1596 994 1613 cum
1019 1596 1048 1612 ea
1071 1587 1107 1612 vi·
1129 1608 1130 1614 ,

1128 1630 1130 1639 '
1152 1627 1183 1654 C.
1202 1627 1233 1654 Il.
1253 1628 1277 1653 4.
1297 1637 1318 1653 c.
1333 1629 1356 1653 5.
1377 1627 1409 1653 de
1428 1627 1538 1654 denunc.
1554 1638 1577 1654 V.
1593 1627 1653 1654 edit.
1673 1637 1754 1654 rescr.
1774 1643 1807 1647 —
1826 1628 1858 1661 §-
1877 1629 1915 1655 3.
1936 1629 1997 1655 De-

264 1627 361 1655 delicet
380 1628 547 1661 defiuitione,
572 1634 599 1655 ut
619 1633 667 1655 etc.
700 1628 767 1655 Nov.
788 1628 837 1655 Th.
858 1628 887 1655 Π.
908 1639 940 1655 ne
960 1629 1063 1655 duciani
1082 1639 1106 1656 v.

264 1670 317 1697 lim.
337 1670 356 1697 1.
375 1673 399 1698 2.
432 1682 453 1698 c.
476 1674 498 1698 1.
523 1673 544 1706 ξ.
564 1674 588 1698 2.
635 1671 722 1709 Ipsius
746 1671 812 1707 legis
836 1671 1037 1698 definitionibus
1064 1671 1107 1698 de-

263 1719 432 1741 monstratur.
472 1715 508 1741 lb.
535 1715 567 1741 de
592 1726 640 1741 am.
665 1715 719 1741 mil.
745 1714 794 1741 sori
818 1725 858 1751 pr.
887 1714 905 1740 1.
926 1716 949 1741 9.
978 1725 999 1741 c.
1019 1716 1043 1741 4.
1067 1725 1105 1752 pr.
1128 1728 1130 1748 ἦ

264 1756 399 1789 Numinis,
431 1768 454 1784 v.
484 1758 605 1789 Orat-uli.
634 1759 718 1784 nostri
747 1757 901 1784 delinitione
929 1758 1105 1791 (sancimus).

265 1799 315 1826 Th.
335 1800 366 1826 C.
387 1800 417 1826 11.
436 1803 478 1827 23.
505 1812 526 1827 c.
549 1803 570 1828 1.
595 1802 616 1835 ς’.
636 1804 660 1828 2.
680 1801 713 1828 de
732 1800 762 1827 R.
783 1800 814 1827 Υ.
840 1800 885 1827 XI.
906 1802 946 1826 16.
972 1811 993 1827 c.
1015 1802 1054 1827 16.
1074 1800 1107 1827 de

266 1847 332 1868 extr.
352 1853 372 1869 s.
393 1844 462 1870 sord.
501 1844 575 1871 Yltra
595 1844 776 1871 definitionem
796 1849 821 1870 et
840 1843 957 1875 formam,
976 1853 1000 1870 v.
1021 1843 1106 1880 Supra

266 1884 406 1921 legitimam
420 1886 608 1914 definitionem.
624 1887 728 1921 (illicite
743 1888 870 1923 accipere.
890 1896 914 1912 v.
929 1886 1048 1919 donare).
1068 1886 1107 1913 Iu-

267 1927 329 1954 liani
348 1930 409 1965 epit.
430 1940 489 1956 nor.
510 1941 531 1957 c.
551 1933 592 1957 22.
614 1931 636 1964 ξ.
650 1933 692 1957 82.
713 1930 745 1956 cf.
765 1940 786 1955 c.
800 1931 842 1956 34.
862 1939 901 1966 pr.
922 1929 953 1955 de
974 1929 1061 1956 donat.
1081 1930 1105 1955 8.

266 1972 308 1997 54.
328 1987 360 1991 —
380 1973 411 2005 ᾖ.
432 1974 468 1999 3.
498 1975 721 2008 Praeceptum,
743 1975 878 2007 Regula.
916 1971 935 1998 1.
958 1973 1020 2005 Sy.
1043 1971 1107 1998 Sen-

267 2015 347 2039 tentia
368 2014 482 2048 (1.Cti).
513 2015 544 2042 fr.
566 2018 604 2042 10.
629 2015 662 2042 de
686 2025 748 2042 auro
773 2025 824 2050 arg.
848 2016 890 2040 34.
909 2016 934 2041 2.
976 2014 1019 2041 111.
1041 2016 1106 2042 Cn.

267 2055 372 2083 Veteris
400 2059 464 2084 iuris
492 2058 623 2087 delinitio.
652 2064 677 2085 et
701 2064 771 2085 retro
795 2057 946 2094 Principum
969 2058 1105 2094 rescripta.

268 2098 318 2125 Th.
337 2100 368 2127 C.
387 2101 432 2128 XI.
451 2103 492 2128 39.
514 2112 534 2128 c.
551 2104 572 2128 l.
592 2102 625 2128 de
643 2101 696 2128 lide
716 2106 775 2127 test.
796 2100 827 2127 cf.
848 2101 865 2127 1.
885 2103 908 2126 2.
930 2111 950 2127 c.
965 2102 988 2127 8.
1009 2100 1042 2127 de
1054 2100 1106 2127 div.

268 2152 348 2169 rescr.
385 2144 535 2171 Secundum
555 2150 657 2171 veteres
676 2144 779 2180 regulas
799 2149 824 2170 et
844 2145 963 2180 antiquas
977 2143 1107 2170 delinitio-

268 2195 324 2217 nes,
344 2189 482 2214 vetustatis
502 2189 556 2214 iura
575 2193 695 2214 maneant
715 2189 873 2223 incorrupta.
904 2197 925 2213 e.
945 2188 969 2213 4.
989 2187 1011 2221 ξ
1030 2189 1054 2213 2.
1074 2186 1106 2213 de

270 2228 301 2255 V.
321 2228 348 2255 S.
373 2232 396 2256 6.
415 2232 456 2257 38.
499 2232 644 2257 Catoniana
667 2230 755 2267 regula
780 2231 818 2256 sie
843 2230 942 2256 definit.
972 2245 1005 2248 —
1031 2229 1106 2265 Quae

270 2271 389 2299 delinitio
413 2274 438 2299 in
463 2275 620 2310 quibusdam
645 2274 708 2300 falsa
733 2278 780 2300 est.
809 2273 839 2298 l‘r.
862 2274 883 2298 1.
909 2282 948 2309 pr.
974 2272 1007 2298 de
1026 2271 1106 2307 regul.

270 2314 364 2342 Caton.
383 2317 424 2342 34.
446 2318 468 2343 7.

271 2359 324 2384 cies
343 2375 375 2378 —
395 2359 493 2394 lingo-re
512 2370 661 2396 possumus,
691 2360 748 2386 Gai.
763 2359 792 2386 ll.
807 2361 866 2385 235.
905 2358 962 2385 1)el'.
976 2358 1107 2384 Labeonis

271 2402 405 2438 probanda
424 2407 473 2434 est,
493 2402 603 2428 dicentis
624 2408 671 2429 etc.
698 2404 728 2429 l'r.
743 2405 783 2429 22.
804 2403 826 2436 ξ.
843 2404 863 2428 l.
884 2402 935 2437 Qu.
956 2401 1012 2428 dies
1033 2401 1107 2437 legat.

271 2447 311 2471 36.
332 2447 355 2472 2.
392 2445 561 2483 Papinianus.
581 2445 642 2471 licet
660 2447 806 2475 variaverit.
826 2445 961 2481 eligendus
981 2450 1034 2476 est,
1055 2454 1107 2471 nou
1129 2439 1131 2446 '
1651 2481 1656 2484 -

1130 2501 1131 2506 =
1153 2486 1315 2521 (digitorum,
1335 2494 1356 2510 s.
1375 2483 1488 2515 manus).
1517 2482 1566 2509 Th.
1581 2482 1612 2508 C.
1632 2481 1688 2508 111.
1710 2483 1750 2509 13.
1770 2492 1792 2508 c.
1811 2484 1835 2509 4.
1861 2482 1893 2509 de
1911 2484 1990 2510 tiron.

273 2489 297 2513 in
317 2489 399 2525 prima
425 2488 472 2515 sed
495 2490 522 2515 in
541 2488 655 2515 secunda
675 2490 730 2514 cius
750 2488 910 2515 delinitione.
934 2498 955 2514 c.
974 2490 1016 2514 22.
1042 2488 1063 2521 ξ.
1083 2489 1107 2514 3,

273 2530 304 2556 de
323 2531 382 2558 l'urt.
402 2533 425 2558 6.
446 2534 470 2558 2.

310 2575 547 2601 Definitivus.
562 2573 689 2608 (Adia-et.)
710 2575 818 2600 Finem
839 2576 1015 2608 imponens,
1039 2574 1108 2600 Ter·
1130 2608 1131 2613 1

274 2618 405 2643 minans.
444 2617 473 2643 ll.
498 2619 565 2651 Op.
595 2616 643 2643 Vel
664 2617 689 2642 in
709 2617 838 2653 principio
859 2616 926 2647 litis.
950 2616 991 2642 vel
1012 2617 1037 2642 in
1057 2626 1109 2642 me-
1130 2614 1132 2626 ⁵

274 2659 330 2690 diov
350 2660 391 2685 vel
411 2661 436 2686 iu
456 2661 512 2697 ipsa
532 2660 667 2686 definitiva
691 2661 827 2685 sententia.
861 2670 882 2685 c.
905 2661 942 2685 12.
962 2669 1001 2695 pr.
1026 2658 1058 2685 ‹lo›
1077 2658 1107 2684 R.

274 2701 305 2728 C.
326 2703 348 2727 l.
372 2704 392 2728 1.
430 2703 470 2729 111.
491 2704 557 2730 Cn.
581 2703 656 2738 Quae
676 2703 724 2736 (sc.
745 2702 817 2733 lites)
841 2702 890 2727 iam
908 2701 951 2727 vel
971 2702 1108 2727 sententiis

275 2744 431 2775 definitivis,
462 2745 503 2771 vel
537 2745 755 2772 transactionibus
787 2744 890 2770 decisae
923 2749 991 2770 suut.
1040 2743 1106 2770 Nov.

274 2787 324 2814 Th.
345 2787 374 2814 11.
394 2787 426 2813 (le
446 2789 562 2814 coulirm.
581 2788 630 2814 LL.
651 2798 710 2814 nov.
730 2788 748 2814 1.
768 2788 790 2813 1.
813 2798 833 2813 c.
856 2788 877 2812 1.
902 2787 923 2820 §.
943 2789 966 2812 2.
1010 2786 1108 2814 Mitius,

275 2847 307 2850 —
335 2831 468 2860 severius.
501 2847 532 2849 —
562 2831 722 2857 definitivam
753 2831 820 2857 scias
850 2828 1019 2867 promendam
1050 2839 1108 2855 esse

574 897 692 935 Tempus
717 898 773 935 lege
797 898 942 924 delinitum.
971 897 1002 924 fr.
1025 899 1049 924 3.
1075 897 1107 923 de
1129 919 1130 926 ,

1090 169 1187 200 DEF.

1156 252 1320 278 sententiam.
1359 250 1409 278 Th.
1429 251 1460 279 C.
1481 252 1499 279 Ι,
1522 254 1561 279 10.
1587 262 1608 279 c.
1627 254 1651 280 3.
1672 252 1787 288 (ch.)
1812 255 1845 282 de
1868 257 1912 284 ofl'.
1933 267 2000 284 com.

1155 294 1182 321 S.
1203 295 1282 331 large.

1188 337 1412 365 Definitum.
1446 337 1575 372 (Subst.)
1622 340 1816 376 Definitio,
1853 344 2000 371 Sanctio.

1153 380 1171 406 Ι.
1195 382 1256 414 Sy.
1285 380 1427 406 Statutum.
1461 379 1511 407 Th.
1532 381 1563 408 C.
1582 381 1628 409 XI.
1650 384 1673 409 7.
1693 392 1715 409 c.
1737 384 1777 409 18.
1798 393 1818 410 c.
1838 386 1881 412 21.
1905 385 1938 412 de
1957 396 2001 413 cx-

1153 425 1249 450 action.
1286 422 1329 449 111.
1345 424 1411 450 Cn.
1437 422 1537 450 Contra
1551 424 1658 452 definita
1676 425 1811 459 facientes,
1831 426 2001 460 (condemna-

1153 468 1225 493 tione
1244 466 1392 498 feriantur).
1418 465 1455 492 Ib.
1474 466 1521 493 XI.
1540 469 1582 494 36.
1603 470 1680 495 c.15.
1700 468 1784 504 Quor.
1805 479 1864 507 app.
1884 480 1909 497 n.
1929 481 1981 498 rec.

1187 510 1390 537 Definitus.
1420 508 1551 543 (Partic.)
1589 510 1630 537 Cl'.
1650 521 1674 537 v.
1694 511 1824 539 Defiuire.

1187 553 1355 580 Befixus.
1384 551 1506 585 (Partic.)
1543 552 1575 586 ἕ.
1592 555 1627 580 1.
1648 555 1800 590 Infixun,
1819 557 1999 585 lmminun.

1153 595 1172 622 1.
1193 597 1254 630 Sy.
1286 594 1414 627 Desossa,
1440 595 1590 632 Delu-essa.
1608 596 1712 624 Delixa.
1751 597 1792 625 Cf.
1812 608 1837 625 v.
1857 599 1999 627 Defodere.

1153 654 1185 658 -
1213 639 1244 672 §.
1271 639 1306 664 2.
1344 638 1538 674 Definitus‚
1570 641 1813 675 Prometlgaeut
1856 641 1900 669 111.
1932 643 2000 671 οη.

1153 681 1234 717 Quod
1259 691 1307 718 pro
1332 685 1402 707 certa
1426 680 1491 717 legis
1515 683 1652 709 sanctione
1675 682 1792 710 defixum
1818 689 1866 711 est.
1895 684 1946 712 Th.
1967 684 1999 713 C.

1130 746 1131 756 ,
1153 724 1198 751 IX.
1218 726 1260 750 42.
1285 734 1306 750 c.
1325 725 1368 750 24.
1393 724 1415 758 ἕ.
1436 726 1459 750 1.
1484 724 1517 751 de
1535 724 1597 752 bon.
1617 735 1719 762 proscr.
1761 726 1837 754 quta
1856 729 1999 755 nummaria

1153 768 1238 794 defixa
1258 767 1350 804 pretia.
1379 766 1416 793 Ib.
1437 766 1492 794 Vll.
1513 769 1537 794 4.
1558 777 1579 794 c.
1598 769 1641 795 29.
1661 768 1694 796 de
1712 780 1782 807 erog.
1802 770 1856 797 mil.
1877 781 1973 798 annon.

1188 812 1415 838 Deflectere.
1453 811 1639 843 Diu-edere,
1658 813 1820 841 Avertere.
1863 814 1906 842 ΠΙ.
1931 815 2000 843 Cn·

1153 854 1228 889 Quae
1247 855 1296 887 (sc.
1310 853 1441 890 tempora)
1461 852 1504 879 lex
1517 854 1711 882 revertentibus
1728 858 1870 893 praestitit.
1908 857 2000 893 Quare

1152 897 1175 923 si
1194 906 1246 933 quo
1266 896 1404 922 deflexerit
1424 906 1486 923 suae
1510 897 1547 923 rei
1572 907 1650 924 eausa
1674 903 1724 925 etc.
1755 898 1786 927 l'r.
1806 901 1849 927 38.
1873 900 1896 934 §.
1917 902 1941 926 l.
1966 910 1999 928 ex

1153 949 1195 976 qu.
1215 950 1236 966 c.
1257 939 1316 966 mai.
1335 940 1360 965 4.
1379 940 1404 965 6.
1441 939 1595 966 Deflectcns
1615 951 1628 966 a
1647 941 1756 969 iustitia.
1785 941 1835 970 Tb.
1849 942 1880 970 C.
1895 943 1940 970 IX.
1953 944 1998 970 35.

1153 992 1174 1008 c.
1194 983 1218 1008 6.
1248 981 1281 1008 de
1309 984 1456 1018 quaestion.
1503 983 1558 1019 Qui
1584 984 1691 1010 minime
1719 985 1820 1012 animos
1849 985 1881 1012 ab
1908 985 1999 1013 huius-

1152 1024 1222 1051 modi
1241 1026 1413 1062 usurpatione
1432 1025 1584 1053 deflectunt.
1620 1026 1658 1053 Ib.
1678 1027 1723 1054 IX.
1742 1029 1785 1055 30.
1810 1038 1832 1055 c.
1853 1030 1876 1055 1.
1914 1028 1998 1065 Quib.

1152 1078 1242 1104 equor.
1264 1078 1302 1094 us,

1185 1112 1352 1138 Deflete.
1389 1112 1560 1146 conqueri.
1589 1111 1608 1139 I.
1628 1113 1690 1147 Sy.
1715 1112 1928 1150 Congemiscere.
1955 1113 1998 1141 Cf.

1151 1153 1176 1180 h.
1196 1164 1221 1181 v.
1258 1153 1301 1180 III.
1326 1155 1392 1182 Cn.
1420 1153 1528 1191 Legatio
1548 1171 1581 1174 —
1600 1154 1709 1182 deflevit
1729 1155 1857 1192 adstringi
1877 1161 1926 1183 etc.
1959 1156 1998 1184 lb.

1150 1196 1208 1223 XII.
1230 1198 1252 1223 l.
1273 1207 1295 1223 c.
1316 1198 1374 1224 186.
1399 1197 1432 1224 de
1452 1197 1586 1224 decurion.
1622 1198 1710 1225 Amati
1729 1198 1883 1226 abscessum
1902 1199 1999 1226 defleat

1151 1239 1266 1276 relegati.
1294 1239 1332 1266 Ib.
1352 1240 1397 1266 IX.
1417 1242 1441 1267 9.
1462 1251 1483 1267 c.
1500 1242 1522 1267 1.
1542 1241 1603 1274 §.1.
1624 1240 1657 1268 de
1675 1241 1777 1268 mulier.
1797 1251 1840 1278 qu.
1861 1252 1891 1269 se
1909 1252 1979 1269 serv.

1186 1285 1377 1311 Defluere.
1416 1284 1447 1316 ἓ.
1467 1285 1502 1310 l.
1532 1285 1665 1316 Fluere,
1686 1285 1872 1321 Diffluere.
1899 1285 1919 1312 1.
1934 1286 1998 1320 Sy-

1151 1326 1259 1358 fluere,
1278 1326 1435 1352 Decurrere.
1471 1325 1502 1352 fr.
1523 1327 1546 1353 1.
1571 1326 1609 1360 §§.
1628 1328 1671 1353 20.
1691 1336 1731 1364 sq.
1757 1327 1790 1354 de
1808 1337 1875 1364 aqua
1894 1332 1920 1354 et
1938 1338 1997 1364 aqu.

1151 1370 1187 1407 pl.
1206 1371 1248 1396 39.
1267 1371 1292 1396 3.
1317 1369 1348 1395 fr.
1367 1371 1392 1395 2.
1413 1369 1495 1402 §.1:3.
1516 1379 1549 1395 ne
1568 1379 1611 1406 qu.
1631 1370 1658 1396 in
1676 1369 1727 1396 loc.
1747 1369 1811 1407 pub.
1830 1371 1872 1397 43.
1891 1372 1916 1397 8.
1953 1370 1997 1398 III.

1152 1415 1218 1441 Gn.
1247 1412 1426 1439 Tabesceutes
1445 1416 1533 1444 artus,
1553 1417 1609 1439 atro
1627 1414 1754 1449 sanguine
1772 1414 1903 1450 permixta
1924 1414 1999 1441 sanie

1152 1456 1307 1483 defluentes.
1337 1454 1386 1482 Th.
1408 1454 1439 1482 C.
1459 1454 1505 1482 IX.
1531 1457 1571 1482 12.
1597 1466 1619 1482 c.
1641 1457 1663 1482 l.
1688 1455 1721 1482 de
1744 1455 1845 1483 emend.
1867 1466 1936 1484 serv.
1964 1472 1998 1477 --

1129 1496 1182 1533 ¹§.
1209 1500 1244 1525 2.
1278 1500 1451 1534 Effluet-e,
1483 1500 1590 1525 Abire.
1635 1498 1678 1525 III.
1704 1500 1771 1526 Cn.
1808 1499 1902 1526 Donec
1919 1500 1998 1537 petiti

1152 1542 1279 1579 temporis
1299 1541 1459 1568 defluxerint
1479 1541 1616 1569 curricula.
1646 1552 1668 1568 c.
1681 1543 1706 1568 3.
1726 1541 1759 1568 de
1777 1541 1896 1569 dilation.
1914 1544 1940 1569 3.
1955 1544 1996 1569 11.

1152 1584 1292 1621 Tempora,
1313 1594 1380 1620 quae
1400 1595 1432 1611 ex
1451 1585 1641 1622 rescriptorum
1660 1584 1777 1611 editione
1790 1584 1916 1612 defluunt.
1945 1584 1996 1612 Th.

1154 1672 1254 1702 volni,
1274 1672 1457 1697 Perrenire.
1494 1670 1513 1697 I.
1530 1672 1591 1704 Sy.
1611 1670 1755 1702 Obvenire‚
1775 1669 1925 1703 Pervenire,
1944 1670 1998 1697 De-

1155 1713 1235 1739 volvi.
1256 1712 1293 1739 lb.
1307 1712 1375 1739 vlu.
1391 1715 1430 1739 lo.
1447 1723 1468 1739 c.
1484 1715 1505 1740 l.
1519 1713 1541 1747 ς’.
1557 1715 1579 1739 l.
1599 1723 1620 1739 e.
1632 1715 1656 1739 2.
1677 1723 1698 1740 c.
1713 1715 1736 1739 4.
1751 1712 1784 1739 de
1797 1713 1978 1740 materu.bon.

1186 1757 1389 1783 Defodere.
1419 1757 1454 1782 112
1474 1762 1594 1782 terram
1611 1757 1798 1790 deprimere.
1830 1756 1848 1783 1.
1863 1757 1925 1791 Sy.
1944 1756 1997 1783 De-

1152 1809 1257 1836 pressa,
1277 1798 1387 1827 Defixa.
1406 1798 1521 1835 llligata.
1541 1798 1656 1830 Infossa,
1676 1798 1791 1825 Defessa
1810 1799 1951 1832 (aedibus,
1969 1809 1995 1826 v.

1152 1844 1177 1869 in
1197 1841 1263 1868 cella
1281 1842 1394 1873 vinaria,
1414 1851 1451 1868 sc.
1472 1841 1568 1873 dolia).
1600 1841 1630 1868 fr.
1652 1843 1692 1868 76.
1712 1852 1752 1879 pr.
1777 1842 1811 1868 de
1829 1847 1913 1869 contr.
1933 1846 1995 1869 emt.

1152 1887 1192 1911 18.
1214 1887 1236 1911 l.
1256 1884 1286 1911 fr.
1308 1886 1348 1911 17.
1367 1894 1406 1921 pr.
1426 1884 1457 1911 l'r.
1477 1887 1518 1911 54.
1539 1885 1560 1919 ᾗ.
1582 1886 1604 1911 1.
1624 1884 1656 1911 de
1676 1884 1706 1911 A.
1721 1885 1751 1911 E.
1766 1884 1798 1911 V.
1819 1886 1859 1912 19.
1881 1887 1903 1911 1.
1923 1884 1953 1911 l'r.
1967 1885 1992 1910 3.

1151 1929 1173 1962 ᾗ.
1194 1930 1217 1954 l.
1237 1927 1270 1954 de
1289 1929 1341 1954 trit.
1362 1929 1432 1954 vino.
1452 1929 1494 1954 33.
1514 1928 1538 1954 6.
1559 1927 1589 1954 fr.
1608 1928 1632 1954 8.
1652 1937 1691 1965 pr.
1711 1927 1742 1954 fr.
1755 1929 1798 1954 26.
1813 1938 1852 1965 pr.
1872 1927 1905 1953 de
1918 1927 1994 1954 instr.

1150 1971 1199 2008 leg.
1218 1973 1259 1997 33.
1281 1973 1303 1997 7.
1341 1970 1371 1996 II.
1393 1972 1461 2004 ΟΡ.
1488 1970 1517 1996 In
1537 1975 1605 1996 terra
1624 1969 1772 2002 defossum,
1791 1985 1824 1990 ——
1843 1969 1930 2007 Supra
1944 1974 1995 1996 ter—

1151 2025 1205 2041 ram
1224 2014 1317 2046 (esse).
1338 2013 1369 2039 fr.
1391 2015 1431 2039 18.
1451 2023 1490 2050 pr.
1511 2013 1544 2039 de
1562 2013 1594 2039 A.
1613 2013 1643 2039 E.
1663 2012 1695 2038 V.
1716 2014 1756 2039 19.
1778 2014 1800 2038 l.

1185 2058 1423 2084 nefor-mare.
1455 2057 1487 2089 §.
1501 2057 1536 2082 1.
1569 2056 1744 2087 Mutilare,
1764 2057 1916 2082 Foeaare.
1949 2055 1993 2082 111.

1152 2101 1217 2127 Gn..
1254 2099 1366 2125 Servum
1385 2098 1553 2124 cicatricibus
1572 2097 1726 2124 deformare.
1758 2097 1788 2124 fr.
1810 2099 1850 2124 17.
1874 2098 1896 2132 §.
1918 2099 1940 2124 1.
1960 2098 1994 2125 de

1128 2145 1129 2156 ¹
1151 2142 1219 2169 usus.
1240 2141 1262 2168 7.
1284 2143 1306 2167 l.
1348 2140 1387 2166 Ne
1411 2141 1494 2167 ruinis
1519 2140 1583 2167 urbs
1608 2139 1776 2167 deformetur.
1808 2140 1839 2167 fr.
1859 2142 1883 2167 2.
1908 2141 1930 2174 §.
1951 2142 1992 2168 17.

1151 2186 1182 2212 fr.
1202 2187 1225 2211 7.
1244 2195 1277 2211 ne
1297 2194 1340 2220 qu.
1360 2184 1386 2209 iu
1406 2183 1464 2210 loco
1484 2183 1547 2220 pub.
1571 2184 1613 2210 43.
1632 2186 1656 2210 8.
1699 2182 1768 2209 Cum
1787 2184 1918 2219 agentium
1936 2184 1994 2211 visa

1152 2245 1184 2249 -—
1204 2233 1247 2255 aut
1266 2227 1380 2264 perfecta
1400 2226 1590 2255 deformarent.
1614 2231 1658 2253 aut
1679 2225 1802 2252 inchoata
1825 2226 1992 2263 perlicerent.

1128 2260 1129 2290 l
1152 2271 1236 2297 Vatic.
1256 2271 1278 2304 ς
1289 2271 1348 2296 249.
1369 2285 1402 2289 -—
1426 2270 1457 2303 θ.
1472 2271 1507 2296 θ.
1529 2271 1645 2296 Nolam
1665 2271 1868 2303 adspergere.
1899 2269 1992 2304 [Sy.

510 2318 550 2343 Ex
570 2319 625 2354 ipsa
645 2317 798 2344 delinitione
817 2315 912 2341 multas
931 2315 1030 2342 similes
1050 2325 1107 2352 spe·
1128 2318 1130 2340 J
1152 2314 1219 2341 Nota
1239 2313 1349 2340 deformi
1369 2312 1488 2339 adlicere.
1517 2311 1567 2339 Th.
1583 2311 1614 2338 C.
1633 2311 1677 2338 IX.
1697 2313 1738 2337 40.
1759 2321 1780 2338 c.
1802 2313 1841 2338 15.
1862 2311 1894 2339 de
1913 2322 1991 2349 poen.

1151 2357 1194 2384 111.
1215 2358 1280 2384 Gn.
1308 2355 1485 2382 Del'ormanda
1509 2359 1549 2381 est.
1572 2355 1628 2380 eius
1651 2364 1779 2391 persona,
1804 2359 1894 2381 contra
1914 2364 1992 2391 quem

1152 2401 1279 2427 venimus.
1308 2398 1379 2425 Paul.
1400 2398 1431 2425 V.
1450 2400 1474 2424 4.
1494 2398 1516 2431 ᾗ.
1539 2399 1576 2423 15.

1187 2442 1434 2470 Deformafio.
1471 2441 1659 2467 mutilatio.
1701 2439 1720 2466 I.
1743 2441 1806 2474 Sy.
1837 2440 1991 2477 Amputatio

1154 2529 1195 2555 111.
1220 2530 1286 2556 Cn.
1318 2526 1475 2554 marmorum
1498 2524 1604 2555 frustis.
1628 2524 1799 2561 spoliatarum
1823 2524 1925 2552 aedium
1948 2525 1990 2552 de-

1153 2572 1309 2599 formatione
1328 2568 1471 2596 convulsis.
1500 2568 1537 2595 lb.
1556 2568 1615 2595 XV.
1637 2570 1659 2594 1.
1680 2578 1701 2594 c.
1717 2569 1757 2594 19.
1777 2567 1810 2593 de.
1829 2577 1889 2604 opp.
1909 2567 1971 2604 pub.

1188 2612 1388 2642 Deformis.
1422 2611 1561 2645 (Adiect.)
1603 2611 1634 2644 §-
1654 2611 1689 2637 l.
1728 2611 1918 2637 rennuatis
1935 2619 1989 2636 ex-

1151 2668 1236 2692 pers.
1276 2655 1318 2682 III.
1343 2656 1408 2682 (711.
1436 2653 1545 2681 Fractus
1565 2654 1652 2685 senio,
1675 2657 1719 2680 aut
1741 2652 1865 2679 membris
1884 2651 1988 2679 debilis.

1153 2705 1196 2726 aut
1214 2699 1342 2737 parvitate
1361 2697 1493 2724 deformis.
1522 2697 1559 2723 lb.
1579 2695 1635 2723 VII.
1653 2697 1695 2722 20.
1715 2706 1736 2722 c.
1752 2697 1792 2722 12.
1811 2695 1834 2729 §.
1851 2696 1875 2720 2.
1895 2693 1928 2720 de
1946 2703 1988 2720 ve-

1130 2741 1131 2747 *
1153 2748 1232 2769 ternu.
1270 2741 1345 2776 Quae
1363 2741 1413 2766 iam
1432 2739 1594 2766 deformibus
1613 2739 1695 2766 ruinis
1714 2737 1880 2765 intercidisse
1898 2735 1987 2762 dicun-

1154 2790 1202 2811 tur.
1230 2783 1266 2810 lb.
1287 2782 1345 2810 XV.
1368 2785 1388 2809 l.
1410 2793 1431 2809 c.
1454 2785 1492 2809 11.
1513 2782 1546 2809 de
1564 2792 1625 2819 opp.
1645 2781 1708 2818 pub.
1736 2797 1768 2801 —
1798 2780 1829 2813 ξ.
1848 2779 1883 2805 2.
1907 2780 1986 2805 Tur—

1149 2830 1215 2863 pis,
1244 2828 1421 2862 Infamans.
1468 2825 1511 2852 111.
1536 2826 1602 2853 011.
1636 2823 1770 2851 Deformia
1799 2826 1824 2848 et
1847 2821 1986 2848 criminosa
