2197 3121
265 204 325 233 744
1086 198 1178 228 PRA.

264 286 327 319 Sy.
347 284 477 315 Statuere.
497 282 620 310 Adiicerc
639 281 757 315 (modum
777 281 839 314 etc.)
859 281 888 308 fr.
909 282 932 307 4.
952 281 974 314 §.
993 282 1017 306 2.
1038 279 1068 306 sr.
1085 282 1108 307 5.
1154 278 1197 305 llI.
1217 279 1283 306 Cn.
1307 277 1401 315 Neque
1425 278 1505 306 debet
1527 279 1635 317 publico
1660 278 1758 306 iudicio
1777 281 1877 317 privata
1896 282 1999 307 actione

263 328 286 362 ᾗ.
309 330 330 354 1.
351 327 383 354 de
403 329 428 354 in
449 327 485 353 lit.
506 328 552 352 iur.
576 327 614 352 12.
629 327 653 351 3.
685 324 862 351 Praestituere
879 323 1018 361 (tempus.)
1039 322 1069 349 ir.
1085 323 1108 349 6.
1155 321 1338 359 praeiudicari.
1358 322 1388 348 sr.
1407 324 1431 348 2.
1451 323 1473 356 ξ.
1495 324 1517 350 l.
1537 324 1563 349 vi
1583 323 1644 349 bou.
1665 328 1731 360 rapt.
1751 324 1792 349 47.
1806 326 1828 349 8.
1849 324 1879 351 sr.
1894 326 1917 351 7.
1937 324 1957 358 ς’.
1975 326 1996 350 1.

264 371 296 397 de
321 376 389 397 naut.
416 370 482 396 soen.
506 371 547 394 22.
567 370 591 394 2.
618 367 648 394 fr.
670 370 692 394 l.
712 378 751 406 pr.
777 368 806 394 fr.
828 369 868 393 10.
893 367 925 393 (le.
949 368 1005 393 iure
1028 365 1108 392 delib.
1154 364 1187 391 de
1207 365 1283 391 iniur.
1302 366 1344 391 47.
1366 366 1404 391 10.
1443 364 1571 392 Neutrum
1591 375 1681 392 eorum
1700 368 1750 398 (sc.
1770 365 1939 399 iudiciorum)
1963 368 1997 393 ita

263 416 305 440 28.
331 414 355 439 8.
394 412 435 438 lll.
456 413 522 439 (711.
546 410 757 437 Praeiiniendum
782 411 836 444 (sc.
861 409 934 445 lege)
959 420 988 435 ac
1013 410 1110 435 consti·
1155 407 1280 445 explicari
1300 412 1401 445 potest.
1425 413 1524 434 utnon
1544 408 1690 435 conditioni
1709 410 1779 440 eius,
1804 410 1848 445 qui
1868 419 1896 435 se
1915 409 1999 436 filium

264 456 389 483 tuendum
413 454 580 481 credidimus
607 464 628 480 c.
648 455 671 480 «1.
696 453 729 480 de
754 453 865 480 domest.
891 458 917 479 et
935 457 1047 490 protect,
1069 454 1108 478 12,
1155 460 1214 477 esse
1240 450 1396 478 contendat.
1426 451 1627 488 praeiudicetur.
1653 451 1683 477 t'r.
1707 453 1732 478 3.
1756 452 1779 485 ξ.
1800 454 1839 478 ll.
1864 451 1896 478 de
1918 451 1998 478 Carb.

266 501 305 526 17.
344 498 448 534 Quibus
473 496 566 523 modus
590 497 724 534 praefiniri
748 496 904 533 generaliter
930 506 981 522 non
1010 499 1108 532 potest.
1155 492 1232 519 edict.
1252 495 1294 519 37.
1317 496 1355 520 10.
1377 494 1408 520 cl'.
1428 493 1500 520 Paul.
1521 493 1552 520 V.
1574 496 1596 521 1.
1621 494 1658 528 ἓξ.
1680 496 1702 521 l.
1723 504 1781 530 sqq.
1819 493 1878 520 Non
1899 495 1999 530 cogitur

265 553 322 569 eum
347 541 449 568 facilius
477 550 554 567 causa
578 541 680 576 cognita
704 549 752 577 per
771 539 888 575 singulos
908 540 994 576 possit
1015 539 1109 565 exami-
1154 535 1324 573 respondere,
1344 553 1377 557 —
1396 547 1437 569 ne,
1457 541 1501 563 aut
1513 536 1632 572 negando
1646 547 1674 563 se
1688 537 1819 568 heredem,
1837 536 2000 574 praeiudicet

265 586 327 612 nari.
349 584 378 611 fr.
397 586 420 610 5.
441 593 479 621 pr.
500 583 532 609 de
551 582 618 609 adm.
639 587 663 609 et
683 584 763 620 peric.
782 584 823 609 26.
840 584 861 608 7.
900 581 1029 618 Quolibet
1047 586 1110 607 tem·
1154 579 1204 605 sibi
1220 584 1268 606 etc.
1289 579 1319 606 sr.
1333 580 1356 606 6.
1377 580 1398 613 ξ.
1415 581 1437 606 1.
1458 579 1491 606 de
1504 580 1593 606 interr.
1614 581 1640 606 in
1660 581 1723 607 iure.
1744 582 1783 607 11.
1799 582 1820 606 l.
1853 579 1914 606 Non
1926 589 1999 617 prae-

264 638 329 666 porp
349 630 397 658 (sc,
418 627 529 664 potest.)
549 641 581 645 —
602 627 662 662 quia
682 636 733 652 non
753 626 907 662 praefinitur
926 630 1025 651 certum
1048 629 1110 651 tem·
1131 644 1132 647 .
1154 621 1298 648 iudicatura
1323 632 1479 659 quacunque
1502 622 1671 659 generalitate
1696 623 1848 660 pragmatici
1873 639 1905 642 —
1929 623 1999 649 iube-

264 681 322 708 pns.
343 670 372 696 fr.
392 672 434 696 29.
455 670 476 704 ξ.
495 671 519 696 2.
540 669 572 696 de
592 671 712 696 eviction.
733 671 776 695 21.
795 671 819 694 2.
857 668 1013 704 Priusquam
1035 677 1110 705 prae·
1131 675 1221 696 smus.
1241 664 1291 691 Tb.
1312 665 1342 692 C.
1364 665 1406 694 vj.
1426 667 1468 692 23.
1488 676 1509 692 c.
1529 668 1553 692 3.
1574 665 1606 692 de
1626 666 1713 693 decur.
1735 671 1760 692 et
1779 665 1867 692 silent.

265 714 367 740 linitum
396 718 499 750 tempus
525 713 617 739 aetatis
643 712 777 749 impleret.
806 711 929 737 decessit.
956 711 985 737 sr.
1011 712 1052 736 46.
1078 709 1110 736 ad
1192 708 1642 741 Praeiudieialis.(Adiect.)
1662 710 1693 742 ξ.
1707 710 1742 736 1.
1763 711 1811 736 Aa
1828 711 1913 735 illud
1931 718 1998 743 spe-

265 756 332 783 SC.
353 755 432 782 Trcb.
451 757 494 782 36.
512 757 533 781 1.
565 755 727 782 Medicorum
747 756 814 780 intra
835 764 970 780 numerum
989 753 1110 791 praelini-
1132 777 1133 784 ,
1154 757 1247 777 crans
1264 753 1550 785 praeiudiciorum
1567 761 1683 786 genus,
1703 754 1786 786 quod
1798 754 1832 778 de
1845 757 1998 778 momento

266 804 320 826 tum
341 798 587 826 constituendorum
606 798 750 824 arbitrium.
771 797 801 823 fr.
817 799 839 823 l.
860 797 892 823 de
911 796 981 823 decr.
1001 796 1032 823 ab
1053 795 1108 822 ord.
1153 796 1340 830 profertur,
1361 804 1414 821 nec
1431 805 1494 821 rem
1513 796 1647 830 definit.
1686 794 1728 821 ltt.
1749 796 1815 822 Cn.
1836 793 1892 821 =Nec
1911 793 1944 820 ab
1962 794 1999 820 in-

264 845 306 869 50,
326 844 349 869 9,
1154 836 1376 863 terlocutionibus
1395 837 1580 874 adpellaudum
1599 847 1665 864 esse.
1703 837 1808 873 Quodsi
1833 838 1892 874 quis
1918 836 1943 863 id
1965 835 2000 862 se-

303 885 541 912 Praofinitio.
570 885 824 911 Determinatio.
852 883 882 910 ΙΙ,
898 885 966 917 Op.
986 882 1053 909 Cum
1067 881 1110 908 ali·
1156 881 1228 912 cerii,
1248 879 1460 917 praeiudicialem
1479 880 1586 906 multam
1605 880 1694 907 subire
1708 885 1823 917 cogetur.
1843 879 1893 906 Th.
1908 879 1939 906 C.
1952 879 1999 906 XI.

265 939 315 965 qua
335 929 527 966 praefinitione,
548 937 614 963 quae
632 926 710 962 vulgo
731 926 827 953 dicitur
846 936 903 953 cum
924 927 1064 957 taxatione,
1079 942 1109 945 —
1154 924 1196 949 30.
1221 932 1242 949 c.
1262 924 1303 948 65.
1324 922 1355 949 cs.
1381 933 1402 949 c.
1422 925 1462 949 50.
1487 923 1520 950 de
1544 933 1603 960 app.
1629 928 1655 950 et
1679 933 1756 960 poen.
1782 940 1813 944 —
1840 924 1871 956 ξ.
1892 925 1928 950 2.
1952 924 2001 949 Aa

264 971 367 998 Infinita
392 970 617 1003 (condemnatio.)
645 969 701 996 Gai.
725 969 769 996 IV.
795 971 834 996 51.
872 969 916 995 Ill.
939 970 1004 996 Cn.
1029 968 1058 994 Si
1078 984 1109 987 —
1132 968 1133 1003 J
1152 967 1590 1001 praeiudiciumpertinens,
1610 969 1695 1000 quod
1710 968 1999 1001 respicitqzcalem-

265 1015 374 1052 passim,
395 1015 451 1040 sine
471 1014 598 1050 temporis
617 1013 809 1050 praefinitione,
829 1017 907 1049 prout
923 1013 1017 1048 cuique
1030 1011 1110 1037 libue-
1132 1005 1134 1026 ¹¹
1155 1019 1278 1043 cunque
1296 1011 1552 1036 controversiam
1567 1011 1656 1035 alite
1673 1016 1847 1043 praesente
1863 1011 1999 1044 penden-

268 1059 311 1089 rit,
332 1058 489 1095 permissum
509 1056 594 1083 suerit.
615 1056 645 1083 fr.
661 1058 683 1083 1.
703 1066 742 1093 pr.
762 1055 795 1082 de
813 1065 868 1081 vac.
883 1060 907 1081 et
924 1064 1012 1081 exous.
1032 1056 1073 1080 50.
1087 1056 1111 1080 5.
1133 1055 1134 1082 i
1155 1058 1222 1078 tem.
1260 1050 1301 1076 llI.
1316 1052 1382 1078 Cn.
1401 1051 1514 1078 Intentio
1535 1051 1675 1088 aliquando
1695 1052 1752 1078 sola
1772 1053 1913 1084 iuvenitur,
1932 1052 2001 1078 sicut

265 1101 341 1129 Cum.
362 1111 386 1127 v.
407 1100 484 1130 Sine.
504 1099 689 1136 praefinitione
708 1099 836 1136 temporis
856 1098 944 1125 datum
964 1097 1110 1134 (legatum.)
1132 1090 1134 1115 Ῐ
1155 1095 1181 1120 iu
1200 1093 1433 1131 praeiudicialibus
1453 1094 1586 1127 formulis,
1611 1094 1697 1131 qualis
1723 1100 1763 1121 est
1787 1105 1837 1131 qua
1857 1096 2000 1131 quaeritur,

263 1144 295 1170 l'r.
317 1146 356 1169 19.
376 1153 415 1180 pr.
436 1142 466 1169 fr.
485 1144 527 1169 20.
548 1143 600 1178 Qu.
621 1142 677 1169 dies
697 1141 773 1177 legat.
792 1143 833 1167 36.
853 1144 877 1167 2.
1132 1143 1134 1188 ί
1155 1137 1250 1173 aliquis
1270 1136 1381 1163 libertus
1406 1138 1453 1169 sit,
1477 1137 1520 1164 vel
1544 1143 1638 1174 quanta
1663 1137 1712 1164 dos
1737 1138 1789 1163 sit?
1818 1138 1875 1164 Gai.
1895 1137 1939 1164 IV.
1958 1138 2000 1163 44.

302 1187 514 1213 Praefixus.
553 1185 594 1212 Cf,
613 1195 637 1211 v,
657 1184 811 1221 praefigere,
1132 1194 1134 1218 Ι
1156 1180 1215 1216 Qua
1234 1179 1345 1206 formula
1364 1181 1399 1206 ita
1419 1179 1523 1206 demum
1536 1181 1674 1212 vincimus,
1693 1181 1716 1206 si
1731 1180 1932 1217 probaverimus
1945 1190 2001 1207 rem

302 1230 547 1256 Praefocare.
587 1228 629 1254 Cf.
651 1238 674 1254 v.
694 1227 841 1254 Perfocare.
1132 1224 1133 1239 ¹
1155 1228 1274 1249 nostram
1294 1233 1362 1249 esse.
1398 1222 1455 1249 Nec
1478 1227 1564 1250 tamen
1583 1222 1648 1249 haec
1666 1233 1765 1249 summa
1785 1224 1939 1260 sponsionis
1959 1233 2001 1250 ex-

300 1273 565 1306 Praequgen-e.
611 1274 694 1298 Prae
722 1271 861 1297 caeteris
883 1271 1027 1306 fulgere.
1066 1268 1109 1295 111.
1154 1267 1247 1303 igitur3
1269 1276 1321 1292 non
1341 1266 1409 1292 enim
1428 1265 1548 1303 poenalis
1567 1271 1616 1299 est,
1635 1265 1683 1292 sed
1701 1265 1906 1303 praeiudicialis.
1925 1265 1963 1292 Id.
1983 1265 2000 1292 1.

264 1317 331 1344 Gn.
350 1316 460 1342 Etiamsi
479 1313 629 1352 praeclarae
649 1315 735 1340 curiae
755 1313 856 1339 honore
869 1312 1037 1350 praefulgeat.
1059 1311 1109 1338 Th.
1131 1324 1141 1345 i·
1154 1309 1171 1336 l.
1191 1311 1232 1336 93.
1252 1310 1293 1336 94,

264 1359 295 1386 Ο.
315 1358 359 1385 Xl.
378 1360 421 1384 39.
441 1368 462 1384 c.
481 1360 505 1384 3.
525 1357 547 1390 ξ.
569 1359 591 1383 1.
612 1356 644 1383 de
664 1356 716 1383 fide
737 1361 797 1382 test.
817 1355 863 1382 Iul.
885 1366 924 1392 ep.
945 1365 1005 1381 nov.
1027 1365 1047 1381 c.
1068 1356 1109 1380 6-1.
1131 1346 1133 1383 i
1191 1351 1492 1379 Praeiudicium·
1547 1352 1578 1385 δ.
1607 1353 1642 1378 1.
1681 1353 1809 1379 Iudicii
1843 1353 2001 1386 cuiusque

264 1403 286 1436 ς’.
300 1403 359 1428 ⁵216.
380 1411 400 1427 c.
416 1402 455 1426 72.
476 1400 572 1434 §.2611
610 1399 638 1426 ln
659 1410 710 1426 uno
730 1399 873 1430 volumine,
893 1403 985 1425 nostro
1005 1399 1110 1424 nomine
1131 1394 1133 1438 i
1152 1406 1230 1430 pars
1258 1397 1335 1427 illa,
1364 1405 1442 1429 quae
1469 1397 1644 1422 dumtaxat
1664 1402 1846 1429 praeparat
1873 1401 2001 1422 contro-

265 1443 452 1482 praesulgente.
473 1453 495 1469 c.
517 1445 539 1469 l.
558 1443 580 1476 ξ.
599 1444 624 1468 2.
644 1441 677 1469 de
696 1447 747 1468 vet.
768 1443 823 1468 iure
843 1439 927 1468 enucl.
949 1443 970 1468 l.
994 1443 1033 1468 17.
1131 1448 1133 1465 t
1154 1441 1283 1466 versiae
1305 1439 1579 1472 compositionem.
1615 1437 1635 1464 I.
1655 1439 1717 1473 Sy.
1742 1437 1921 1465 Interlocutio.
1950 1436 2000 1464 Th.

304 1488 542 1520 Praegnans,
558 1495 578 1511 S.
596 1487 805 1519 Prae-guas.
820 1485 941 1517 (Partie.)
962 1486 1110 1511 Ventrem
1131 1482 1133 1497 ³
1155 1482 1186 1508 C.
1206 1481 1252 1508 XI.
1272 1482 1314 1507 30.
1335 1491 1356 1507 c.
1375 1482 1417 1507 40.
1438 1491 1459 1507 c.
1479 1482 1520 1507 44.
1540 1491 1562 1507 e.
1582 1482 1624 1507 50.
1644 1491 1665 1507 c.
1685 1482 1727 1507 65.
1747 1480 1780 1507 de
1799 1491 1858 1518 app.
1878 1485 1904 1507 et
1922 1490 2000 1518 poen.

259 1532 385 1566 ferens.
413 1531 560 1556 (fravitta
587 1530 753 1564 (femina.)
796 1528 814 1554 1.
836 1530 898 1563 Sy.
920 1527 1041 1554 Gravida.
1067 1526 1108 1554 Cf.
1131 1553 1133 1566 4
1154 1524 1199 1551 XI.
1219 1526 1262 1551 36.
1282 1534 1303 1550 c.
1323 1526 1347 1550 2.
1368 1533 1407 1560 sq.
1431 1523 1515 1559 Quor.
1536 1534 1595 1561 app.
1616 1533 1641 1550 n.
1661 1534 1713 1550 rec.
1749 1523 1779 1550 II.
1801 1526 1869 1558 Op.
1897 1523 2001 1550 Praeiu-

265 1573 289 1599 h.
309 1583 334 1599 v.
372 1572 419 1598 111.
436 1573 502 1599 Gn.
527 1570 618 1603 Miloe,
639 1587 670 1590 —
690 1572 796 1607 ignarus
822 1581 930 1598 uxorem
956 1581 1014 1597 esse
1038 1581 1111 1608 prae-
1131 1577 1133 1607 t
1155 1568 1265 1599 dicium,
1289 1566 1332 1593 vel
1357 1568 1498 1593 moratoria
1523 1567 1707 1604 praescriptio.
1727 1582 1759 1586 —
1784 1566 1879 1593 Totius
1902 1566 2002 1603 negotii

264 1620 394 1651 guantem‚
420 1614 468 1648 [al.
487 1614 679 1652 praegnatium]
700 1614 800 1639 ventris
820 1624 872 1640 non
892 1614 984 1640 habuit
1003 1615 1111 1640 mentio·
1155 1611 1277 1646 cognitio
1297 1609 1334 1636 lb.
1354 1609 1372 1635 I.
1392 1612 1416 1636 2.
1437 1620 1459 1636 c.
1478 1612 1503 1636 5.
1523 1609 1628 1643 (wok.)
1649 1609 1682 1636 de
1702 1609 1753 1636 div.
1773 1619 1854 1636 rescr.
1878 1609 1920 1635 111-
1933 1610 2001 1637 Gn·

264 1669 331 1685 nem.
356 1658 386 1685 fr.
406 1659 447 1684 36.
472 1657 494 1691 ξ.
518 1659 542 1683 2.
568 1656 600 1683 de
625 1656 699 1682 mitit.
726 1661 826 1682 testam.
849 1658 891 1683 29.
913 1659 934 1684 1,
978 1656 1111 1692 Quamdiu
1155 1652 1210 1679 Nec
1229 1657 1343 1684 temere,
1370 1663 1419 1679 nee
1442 1653 1473 1679 ab
1498 1652 1616 1679 articulis
1641 1652 1876 1690 praeiudiciisque,
1900 1662 1949 1678 nec
1968 1651 2000 1677 ab

264 1711 328 1728 suus
352 1701 428 1728 lieres
452 1704 588 1737 speratur,
609 1716 638 1720 —
660 1698 734 1725 velut
758 1700 781 1725 si
805 1709 873 1726 uxor
896 1699 1013 1726 defuncti
1039 1710 1111 1737 prae.
1154 1696 1196 1722 his
1217 1706 1282 1732 quae
1302 1696 1371 1721 iuste.
1390 1695 1503 1722 iudicata
1523 1700 1592 1727 sunt.
1613 1697 1771 1733 (provocare
1787 1695 1942 1727 debebunt.)
1962 1694 2001 1721 lb.

264 1754 346 1781 gnans
365 1745 408 1770 sit.
434 1743 492 1780 le.
512 1742 610 1769 XXVI.
630 1744 654 1768 3.
675 1742 707 1768 cf.
734 1742 763 1768 sr.
786 1743 842 1768 187.
866 1742 898 1769 de.
918 1742 948 1769 R.
969 1742 987 1769 l.
1007 1745 1047 1769 50.
1069 1744 1109 1769 17.
1132 1745 1133 1767 1
1154 1738 1198 1765 XI.
1217 1740 1259 1765 36,
1280 1748 1301 1764 c.
1322 1740 1345 1764 l.
1365 1748 1424 1775 sqq.
1446 1749 1466 1765 c.
1487 1741 1510 1765 5.
1532 1749 1553 1765 e.
1573 1741 1616 1765 25.
1654 1739 1696 1765 Ab
1717 1740 1900 1770 exsecut10¹¹t¹÷
1924 1737 1968 1765 vel
1988 1748 2001 1764 ³¹

265 1788 294 1814 Si
315 1788 382 1824 quis,
404 1787 488 1824 prima
507 1795 589 1812 uxore
608 1790 768 1823 praegnante
788 1785 836 1818 [aL
856 1786 1014 1822 praegnata]
1035 1785 1109 1817 facta,
1132 1809 1133 1816 ἵ
1155 1781 1316 1819 praeiudicio
1337 1782 1547 1818 (provocantes.)
1572 1782 1609 1808 lb.
1630 1793 1650 1808 c.
1673 1784 1712 1809 ll.
1733 1792 1754 1808 c.
1776 1783 1814 1809 15.
1835 1792 1874 1818 sq.
1894 1781 1911 1807 l.
1931 1780 1947 1807 l.
1968 1797 2000 1801 —

265 1841 325 1857 mox
345 1830 420 1856 aliam
440 1829 552 1855 duxerit.
573 1828 603 1855 sr.
625 1830 646 1854 l.
667 1829 743 1862 §.16.
764 1828 796 1854 de
817 1834 909 1855 ventre
929 1830 955 1855 in
974 1838 1047 1866 poss.
1066 1830 1108 1855 37.
1131 1843 1133 1858 ,η
1155 1826 1185 1858 §·
1205 1826 1241 1851 2·
1266 1826 1469 1851 ludiciorum
1492 1835 1593 1860 genus
1612 1827 1710 1857 illud,
1736 1827 1818 1859 quod
1835 1826 2001 1859 quaestio-

264 1874 288 1899 9.
318 1872 346 1899 Si
367 1883 416 1909 qua
437 1871 530 1898 mulier
550 1872 615 1898 civis
629 1871 806 1908 R.·praegnas
826 1882 858 1898 ex
878 1872 944 1898 S.C.
962 1871 1109 1899 Claudiano
1131 1870 1133 1900 i
1154 1878 1220 1895 nem
1241 1870 1429 1903 generalem
1453 1870 1598 1900 dirimit,
1623 1869 1860 1894 controversiis
1880 1877 1946 1894 cnm
1965 1877 2000 1894 ea

265 1915 358 1942 ancilla
379 1915 446 1941 facta
465 1916 507 1941 sit.
529 1914 585 1941 Gai.
600 1914 618 1940 1.
632 1916 673 1941 91.
693 1914 723 1940 cl'.
744 1916 785 1941 90.
823 1915 891 1942 Cum
911 1925 963 1941 non
981 1924 1109 1952 praegnas
1154 1912 1340 1938 coniunctis
1364 1914 1506 1945 exemplo
1526 1913 1692 1947 futuram.
1728 1910 1771 1937 ΙΙΙ.
1792 1911 1858 1938 Gn.
1878 1911 2000 1937 Actionis

265 1963 350 1989 esset,
375 1957 418 1984 vel
441 1968 473 1984 ex
497 1957 547 1984 alio
573 1958 747 1994 concepisset.
774 1957 804 1984 fr.
826 1960 865 1984 16.
891 1958 923 1985 de
942 1958 966 1985 h.
988 1968 1031 1995 qu.
1056 1962 1108 1984 not.
1132 1974 1133 1979 .
1154 1954 1236 1980 verbo
1257 1954 1407 1980 continetur
1425 1954 1451 1980 in
1471 1964 1542 1985 rem,
1563 1955 1589 1980 iu
1608 1964 1761 1991 personam,
1782 1953 1895 1985 directa,
1918 1951 1999 1983 utitis,

265 2001 310 2028 inf.
331 2002 355 2027 3.
375 2003 399 2026 2.
1154 1997 1357 2035 praeiudicium,
1382 2012 1413 2016 -
1438 1996 1624 2034 stipulationes
1648 1998 1739 2028 etiam,
1765 2006 1831 2032 quae
1854 1995 1999 2033 praetoriae

303 2043 549 2077 Praegnatio.
591 2046 795 2070 Graviditas.
837 2043 880 2070 ΙΙΙ.
901 2045 967 2072 Cn.
997 2043 1110 2079 Quoties
1154 2045 1225 2072 sunt,
1246 2057 1276 2060 —
1298 2039 1438 2066 interdicta
1458 2049 1571 2075 quoque.
1591 2040 1621 2066 fi..
1641 2042 1682 2066 37.
1703 2049 1742 2076 pr.
1763 2039 1795 2065 de
1815 2040 1847 2065 0.
1868 2043 1892 2064 et
1911 2037 1942 2064 A.
1956 2038 1998 2063 44.

265 2087 298 2113 dv
321 2086 439 2113 mulieris
465 2087 651 2123 praegnatione
677 2086 824 2116 dubitatur,
849 2086 872 2112 V
897 2087 1055 2113 obstetrices
1079 2103 1109 2107 —
1132 2105 1133 2111 ,
1155 2085 1178 2110 7.
1199 2083 1231 2109 cf.
1252 2082 1282 2109 sr.
1301 2084 1343 2109 35.
1364 2083 1386 2116 ξ
1406 2085 1430 2109 2.
1451 2083 1481 2108 sr.
1500 2084 1541 2108 39.
1562 2093 1600 2119 pr.
1625 2082 1656 2109 de
1676 2092 1780 2119 procur.
1799 2084 1823 2108 3.
1842 2083 1866 2107 3.
1904 2079 1998 2106 Petun-

265 2135 383 2156 ventrem
407 2128 530 2155 iubentur
554 2129 694 2165 inspicere.
732 2129 841 2166 interpr,
867 2130 899 2156 ad
923 2129 994 2156 Paul,
1019 2130 1048 2156 ΙΙ,
1067 2131 1110 2155 ⁶24,
1155 2131 1197 2152 tur
1216 2126 1265 2159 (sc.
1286 2125 1384 2151 liberae
1403 2126 1544 2162 personae)
1565 2130 1608 2151 aut
1627 2125 1810 2163 praeiudiciis,
1830 2127 1873 2149 aut
1892 2122 1999 2149 interdi-

267 2174 290 2207 ξ.
310 2174 333 2198 8.
1155 2170 1219 2199 etis,
1244 2173 1287 2194 aut
1312 2169 1461 2204 cognitione
1480 2170 1619 2205 praetoria.
1643 2168 1674 2195 fr.
1695 2170 1717 2194 1.
1736 2168 1758 2201 ξ.
1777 2169 1801 2192 2.
1821 2166 1853 2192 de
1872 2165 1903 2191 li.
1925 2164 1954 2191 V.
1974 2166 1998 2191 6.

305 2217 585 2249 Praegravare.
623 2215 654 2247 ξ.
680 2215 714 2240 1.
743 2216 894 2242 Onerare,
936 2216 954 2242 Ι,
975 2217 1036 2250 Sy.
1059 2215 1111 2242 Ad·
1156 2214 1178 2238 1.
1215 2210 1251 2237 Yt
1270 2213 1309 2237 sic
1329 2210 1361 2237 ‹le
1381 2212 1518 2247 utriusque
1538 2216 1608 2238 statu
1627 2216 1727 2248 agatur,
1748 2219 1780 2235 ne
1799 2208 1906 2245 aliquod
1926 2218 1999 2245 prae-

267 2259 395 2293 Slt'ingt'fss
415 2257 580 2289 (¹¹¹¹Ulffl'ibUS
600 2258 663 2288 Plo)
683 2257 733 2284 Th.
754 2257 785 2284 C.
806 2257 849 2284 Vl.
869 2260 910 2284 24.
932 2270 952 2285 c.
973 2260 996 2285 9.
1017 2268 1055 2295 sq.
1080 2258 1111 2284 do
1155 2255 1279 2281 iudicium
1309 2254 1354 2280 fiat
1383 2254 1512 2291 impuberi
1539 2265 1586 2292 per
1610 2254 1716 2292 puberis
1745 2261 1891 2289 personam.
1922 2251 1952 2277 rr.
1972 2252 1997 2277 3.

267 2302 378 2328 domest.
392 2306 418 2326 et
431 2305 542 2337 protect.
572 2300 614 2327 111.
631 2301 698 2328 Gn.
719 2300 803 2331 vltra.
824 2311 900 2337 quam
915 2302 1029 2328 iustitiae
1050 2303 1111 2327 sinit
1155 2299 1176 2332 ς’
1197 2300 1221 2324 ὅ.
1246 2297 1278 2323 dc
1298 2296 1376 2323 Cnrb.
1404 2297 1482 2323 edict.
1501 2300 1542 2324 37.
1564 2300 1603 2324 10.
1640 2295 1830 2323 Praeiudicium
1854 2293 1903 2327 [al.
1923 2293 1998 2320 Prae-

266 2345 341 2375 ratio,
360 2353 459 2381 praegr.
481 2343 692 2379 (provinciales.)
712 2343 748 2370 lb.
764 2343 831 2370 VIII.
845 2346 869 2370 5.
890 2354 910 2370 c.
926 2347 966 2370 (50.
987 2344 1019 2370 de
1033 2354 1110 2370 cursu
1155 2341 1267 2373 iudicio]
1283 2340 1314 2366 de
1328 2345 1404 2377 partu
1416 2340 1600 2375 adgnoscendo
1613 2338 1739 2375 agendum
1753 2340 1824 2370 (cum
1838 2338 1907 2370 avo.)
1928 2336 1957 2363 fr.
1972 2337 1997 2362 3.

269 2388 329 2425 pub.
367 2386 535 2413 liustirorum
558 2386 752 2423 simplicitatem
774 2404 804 2407 —
825 2397 877 2413 uon
901 2397 1110 2424 praegravamuS.
1155 2385 1216 2417 §.21.
1237 2383 1269 2410 de
1289 2383 1363 2419 adgn.
1385 2388 1410 2410 et
1429 2382 1513 2409 alc-nd.
1532 2385 1573 2408 25.
1592 2384 1616 2408 3.
1654 2380 1844 2407 Sustinendum
1864 2379 1997 2406 iudicium.

266 2430 313 2457 Iul.
334 2440 375 2467 ep.
395 2440 454 2455 nov.
475 2440 495 2455 e.
515 2430 557 2455 (36.
576 2429 597 2462 ξ
618 2431 675 2455 239.
714 2430 754 2456 Ex
778 2431 909 2456 sententia
931 2440 979 2467 pro
999 2429 1050 2456 alio
1070 2430 1112 2456 lia·
1155 2437 1187 2453 ne
1206 2426 1395 2464 praeiudicium
1414 2426 1528 2452 libertati
1547 2425 1599 2451 fiat.
1627 2424 1658 2450 fr.
1677 2426 1718 2449 2-1.
1748 2424 1769 2458 ξ.
1790 2425 1813 2450 4.
1839 2422 1871 2449 de
1895 2421 1998 2448 liberali

267 2474 319 2499 bita
340 2473 417 2499 alium
436 2473 609 2509 praegravari.
631 2471 660 2497 l'r.
680 2474 722 2498 21.
742 2472 774 2498 ‹le
795 2472 818 2499 h.
840 2483 882 2509 qu.
902 2478 957 2500 not.
978 2472 1022 2499 inf,
1043 2476 1066 2499 3.
1086 2476 1110 2499 2.
1157 2480 1177 2496 c.
1198 2472 1239 2496 40.
1260 2472 1300 2496 12.
1343 2470 1371 2495 ln
1399 2467 1566 2506 praeiudiciis
1590 2469 1612 2493 is
1637 2468 1733 2493 actoris
1758 2471 1846 2504 partes
1874 2466 1997 2496 sustinet,

267 2516 423 2542 Catenarum
438 2514 601 2552 ponderibus
619 2516 789 2551 pra‹·gr:w.¹·ti.
810 2515 859 2542 Tb.
875 2515 1019 2542 C.1X.·10.
1036 2526 1056 2542 c.
1069 2518 1111 2542 22.
1157 2514 1201 2549 qui
1221 2513 1299 2539 habet
1318 2513 1489 2538 intentionem
1508 2510 1651 2537 secundum
1671 2509 1710 2542 id,
1735 2509 1806 2546 quod
1825 2508 1946 2535 intendit.
1966 2507 1995 2534 fr.

267 2559 299 2585 de
312 2569 389 2596 poen.
422 2558 504 2594 Leges
524 2559 654 2594 antiquae,
675 2558 725 2583 iam
745 2559 818 2584 senio
839 2563 1030 2595 praegravatae.
1051 2569 1072 2585 c.
1087 2561 1110 2584 2.
1158 2558 1197 2582 12.
1218 2555 1250 2582 de
1270 2565 1341 2582 exce.
1361 2556 1402 2580 44.
1420 2555 1442 2579 1.
1457 2553 1488 2579 cl'.
1509 2553 1565 2579 Gai.
1581 2553 1623 2579 lt'.
1644 2555 1684 2580 44.
1722 2553 1785 2583 Eos,
1806 2552 1850 2588 qui
1869 2551 1936 2577 bona
1950 2560 1996 2577 sua

268 2612 306 2637 pr.
328 2602 360 2628 de
379 2606 429 2627 vet.
451 2602 507 2628 iure
527 2600 610 2627 enucl.
632 2602 655 2627 1.
676 2602 716 2626 17.
743 2616 774 2619 —
799 2601 830 2633 ξ.
851 2603 887 2628 2.
910 2604 1112 2636 I’raeponde-
1157 2604 1251 2635 negant
1270 2600 1325 2625 iure
1343 2597 1457 2627 venisse.
1476 2596 1637 2633 praeiudicio
1657 2596 1771 2633 experiri
1785 2594 1889 2621 debere.
1909 2594 1938 2620 fr.
1954 2594 1995 2620 30.

267 2653 355 2673 rare,
381 2646 583 2671 Praevalere.
621 2643 639 2670 1.
660 2644 723 2677 Sy·
749 2643 863 2670 Gravior
887 2654 953 2670 esse.
979 2644 1009 2671 sr.
1029 2647 1052 2670 5.
1073 2654 1112 2681 pr.
1157 2642 1189 2668 de.
1208 2642 1262 2668 reb.
1283 2645 1348 2667 auct.
1369 2639 1420 2665 iud.
1441 2641 1481 2665 42,
1502 2642 1524 2664 5.
1562 2639 1596 2665 Et
1621 2640 1670 2665 nisi
1695 2638 1867 2675 praedixerit,
1892 2635 1996 2673 permit-

270 2685 303 2711 de
322 2686 398 2712 solut.
418 2688 459 2712 216.
479 2688 503 2713 3.
1158 2686 1221 2711 titur
1240 2682 1414 2721 sponsoribus
1434 2687 1459 2708 et
1478 2681 1738 2719 iitlt-promissoribus
1757 2697 1788 2700 —
1808 2678 1995 2717 praeiudicium

307 2728 593 2757 Praeiudicare.
639 2730 893 2756 I’raeindicium
923 2731 1057 2765 inferre.
1094 2729 1112 2756 1.
1159 2727 1305 2765 postulare,
1330 2736 1382 2762 quo
1406 2731 1558 2762 quaeratur.
1587 2734 1618 2750 an
1643 2734 1674 2750 ex
1698 2734 1727 2750 ea
1750 2723 1807 2759 lege
1834 2721 1996 2760 praedictum

269 2772 332 2805 Sy.
358 2769 547 2798 Praeiudicium
567 2772 652 2798 facere
672 2777 720 2798 etc.
744 2771 775 2797 l'r.
795 2772 835 2797 63.
857 2770 889 2796 de
909 2781 936 2797 re
956 2772 1008 2798 iud.
1028 2774 1069 2798 42.
1091 2774 1112 2798 l.
1159 2772 1209 2796 sit?
1233 2768 1290 2796 Gai.
1310 2768 1350 2794 lll.
1373 2771 1428 2795 123.
1449 2768 1480 2795 cf.
1500 2767 1571 2795 Paul.
1591 2767 1622 2793 V.
1642 2768 1666 2793 9.
1686 2767 1708 2800 §.
1724 2768 1745 2793 1.
1766 2766 1796 2793 sr.
1810 2768 1851 2792 21.
1871 2763 1903 2790 de
1923 2772 1994 2789 exce.

269 2813 300 2840 fr.
319 2816 344 2839 2.
365 2813 386 2846 §.
409 2814 430 2838 1.
450 2815 475 2839 vi
495 2815 556 2841 bon.
576 2820 642 2852 rapt.
663 2816 704 2841 *17.
724 2816 747 2841 8.
787 2813 902 2845 Nocere,
923 2814 1040 2847 Obcsse,
1061 2814 1114 2841 Ob·
1158 2815 1198 2838 ⁴14.
1221 2814 1242 2838 1.
1280 2811 1368 2838 Placet
1387 2822 1439 2837 non
1459 2811 1565 2837 obstare
1584 2810 1778 2846 exceptionem:
1803 2805 1904 2843 „Quod
1924 2815 1996 2842 prae-

270 2857 358 2883 ficere.
378 2854 408 2881 sr.
428 2856 468 2881 63.
488 2856 504 2882 1.
525 2859 565 2883 12.
588 2859 609 2884 l.
630 2868 651 2884 c.
674 2860 695 2884 1.
716 2867 775 2894 sqq.
798 2856 879 2892 Quib.
899 2866 941 2883 res
962 2857 1014 2884 iud.
1034 2859 1057 2884 7.
1071 2859 1111 2883 56.
1159 2855 1282 2882 iudicium
1303 2854 1441 2882 hereditati
1461 2864 1514 2881 nou
1532 2854 1616 2880 fiat'!“
1635 2853 1666 2879 fr.
1687 2854 1727 2879 13.
1747 2852 1776 2879 sr.
1797 2851 1836 2878 16.
1855 2848 1885 2875 i'r.
1903 2850 1942 2875 13.
1961 2849 1995 2875 ib.

1955 2894 1995 2918 4-1.
