2197 3121
961 164 1054 194 MV
1063 183 1101 188 -—-

198 247 323 273 mercium
343 246 427 274 factus
447 252 494 274 est.
515 247 545 274 fr.
567 249 589 273 1.
611 246 641 273 fr.
661 249 685 274 4.
705 257 744 284 pr.
766 245 798 272 de
817 245 846 272 L.
860 245 948 272 Rhod.
964 248 1004 272 14.
1017 248 1042 272 2.

199 288 271 316 Paul.
291 289 322 316 Il.
343 291 365 316 7.
386 291 407 324 5.
423 292 446 316 1.

232 333 406 364 Naviter,
423 342 443 359 s.
459 332 660 359 Gnaviter.
680 331 793 365 (Advb.)
815 334 964 363 Strenue,
987 332 1043 357 Di-

197 376 348 410 ligenter.
378 375 420 401 III.
436 376 502 403 (7η.
522 374 587 401 Nav.
609 375 736 401 servanda
751 379 777 401 et
790 373 970 401 custodienda.
991 372 1042 399 Th.

197 417 230 443 C.
249 416 293 443 Vl.
313 419 355 444 27.
376 428 397 444 c.
412 419 454 444 23.
475 417 507 444 (10
526 422 610 454 age'nt.
630 419 656 444 in
675 418 730 444 reb.
751 417 879 444 Gnaviter
898 416 1041 442 observari.

197 470 218 486 c.
238 461 262 486 3.
283 459 316 486 de
335 460 426 497 quadr.
446 470 561 497 praescr.
582 463 605 487 7.
625 462 667 487 37.

230 504 407 530 Naulum.
452 504 588 535 Mera-ex,
621 513 702 538 quae
732 503 915 529 exercitori
947 503 1042 528 navis

194 547 339 572 solvitur
358 556 374 572 a
393 552 527 573 vectore.
564 545 583 572 I.
598 547 661 580 Sy.
680 545 810 572 Vecturae
824 545 936 570 navium.
956 543 986 570 fr.
998 545 1039 570 29.
1063 545 1064 549 ’

195 586 228 613 (10
246 586 336 614 hered.
355 593 408 624 pet.
428 590 452 614 5.
471 589 495 614 3.
515 587 546 614 sr.
565 589 607 614 39.
627 589 649 622 5.
672 590 693 615 1.
713 588 745 615 (10
763 587 839 623 legat.
859 586 878 613 I.
900 587 967 619 (30.)
996 586 1039 613 III.

195 631 262 657 Cn.
290 630 319 656 Si
343 631 403 667 quis
427 631 453 657 iu
477 640 579 657 merces
604 631 733 667 obligatas
757 629 913 657 crediderit.
943 628 985 655 vel
1012 633 1040 655 ut

194 671 282 698 salvae
301 672 373 704 fiant,
393 672 436 699 vel
455 678 484 699 ut
503 673 608 700 naulum
628 673 788 700 exsolvatur.
809 671 838 698 fr.
859 673 882 698 6.
903 672 965 705 51.
987 671 1038 707 Qu.
1061 698 1062 705 ἵ

193 715 289 752 potior.
309 717 350 742 20.
371 716 394 742 4.
432 716 537 754 Operae
561 725 710 747 servorum,
737 714 780 741 vel
799 719 922 741 vecturae
941 715 1039 741 iumen·
1061 711 1062 738 ἶ

193 762 288 790 torum,
308 757 351 784 vel
370 758 446 785 naula
466 760 578 785 navium.
598 758 628 785 fr.
647 760 688 785 39.
708 758 765 792 51.
786 757 802 784 l.
822 758 890 790 (30.)

227 802 445 835 NaupeguS.
483 804 637 831 Pieator,
660 802 874 832 Fabricator,
897 801 1037 826 uarium.

192 841 235 868 [II.
256 843 322 870 (ἠ.
343 843 528 877 Architectus,
547 844 749 881 gubernatores,
768 843 888 880 naupegi.
912 841 942 868 1’1.
962 843 986 868 6.
1006 841 1039 868 de

192 885 248 911 iure
266 885 372 912 immun.
393 888 434 913 50.
455 888 478 913 6.

227 929 367 956 Nauta-
393 931 455 962 Qui
473 932 515 956 ad
531 932 689 965 agendam
709 938 816 955 narem
837 930 870 955 in
889 929 966 954 uari
984 930 1038 954 ad-

191 972 329 998 hibetur.
367 971 385 998 Ῑ.
406 973 467 1007 Sy.
488 972 541 1007 Qui
561 973 635 998 navis
655 971 815 1007 navigandae
831 981 907 997 causa
927 971 953 997 in
972 980 1038 996 nave

191 1018 239 1040 est.
261 1013 291 1040 fr.
313 1016 335 1040 1.
355 1015 377 1048 5.
397 1017 421 1041 2.
442 1019 511 1040 naut.
533 1024 606 1052 caup.
626 1017 650 1041 4.
670 1016 694 1041 9.
720 1014 750 1040 l'r.
772 1016 793 1040 1.
815 1014 836 1047 5.
855 1016 879 1040 2.
900 1014 932 1040 (10
951 1023 1037 1040 exerc.

191 1060 240 1082 act.
256 1058 297 1083 14.
313 1058 334 1082 l.
355 1057 385 1083 fr.
400 1059 422 1084 l.
436 1067 475 1094 pr.
496 1057 517 1090 5.
534 1059 555 1083 l.
577 1057 638 1083 furti
659 1057 716 1084 adv.
736 1061 806 1083 naut.
821 1058 862 1082 47.
877 1058 900 1082 5.
926 1056 956 1082 Il.
969 1058 1037 1090 Op.

190 1098 298 1126 Retnex.
326 1099 487 1126 Mesonauta.
514 1099 545 1126 sr.
568 1101 589 1126 l.
614 1101 635 1134 5.
655 1102 679 1126 2.
704 1105 774 1126 naut.
795 1109 868 1136 caup.
889 1102 912 1125 4.
933 1100 956 1125 9.
994 1098 1036 1125 111.

190 1142 257 1169 Gn.
285 1141 314 1168 In
344 1141 474 1169 classibus
500 1152 591 1169 omnes
617 1144 728 1179 remiges
755 1147 780 1168 et
804 1147 897 1168 nautae
921 1142 1036 1175 (milites

190 1185 272 1216 sunt.)
292 1184 322 1211 sr.
339 1186 360 1210 l.
380 1185 441 1218 51.
462 1184 494 1211 de
508 1185 538 1211 B.
553 1184 581 1211 P.
602 1195 634 1212 ex
655 1190 756 1212 testam.
776 1185 829 1211 mil.
843 1186 884 1211 37.
900 1186 940 1211 13.
969 1184 1038 1211 Nau-

190 1231 239 1259 tae,
259 1236 400 1264 caupones,
420 1227 566 1254 stabularii.
586 1228 616 1254 fr.
633 1230 654 1254 1.
670 1238 708 1266 pr.
729 1228 759 1255 sr.
774 1230 797 1254 5.
812 1238 850 1265 pr.
870 1231 940 1253 naut.
961 1237 1035 1264 caup.

188 1271 212 1295 4.
232 1270 256 1296 9.
295 1269 409 1305 Quodsi,
429 1270 539 1297 absente
559 1270 679 1302 domino,
699 1271 726 1297 id
746 1282 758 1297 a
778 1272 911 1307 magistro,
931 1270 973 1296 vel
992 1280 1036 1307 gu-

188 1312 336 1344 bernatore,
357 1318 398 1339 aut
412 1318 527 1351 proreta,
547 1317 658 1339 nautave
672 1313 760 1350 aliquo
775 1314 871 1340 factum
886 1315 928 1340 sit.
949 1313 979 1340 fr.
996 1315 1034 1339 11.
1056 1327 1057 1330 ¹

187 1355 209 1389 5.
228 1357 252 1381 2.
273 1355 305 1381 (10
325 1355 458 1393 publiean.
473 1357 516 1383 39.
529 1357 552 1382 4.
584 1356 673 1382 Debet
693 1358 824 1383 exercitur
842 1358 957 1383 omnium
975 1367 1035 1382 nau-

187 1403 270 1425 tarum
290 1408 398 1425 suorum
413 1415 444 1418 —
459 1398 555 1425 factum
570 1404 712 1436 praestare.
733 1398 763 1426 fr.
778 1401 800 1425 7.
815 1410 853 1436 pr.
874 1404 945 1426 naut.
959 1410 1033 1436 caup.
1055 1405 1056 1423 1

187 1442 212 1467 4.
231 1442 255 1467 9.

221 1484 419 1511 Nauticus.
457 1483 598 1517 (Adiect.)
636 1486 683 1511 Ad
700 1487 945 1520 navigationem
966 1495 1033 1519 spe·
1054 1497 1055 1500 ¹

186 1532 287 1553 ctam.
324 1526 343 1552 l.
364 1527 426 1560 Sy.
453 1526 623 1559 Traiectieia,
648 1526 758 1554 Nautica
779 1529 933 1564 (pecunia.)
959 1527 988 1554 fr.
1011 1529 1032 1553 l.

186 1569 208 1602 5.
229 1571 251 1595 7.
272 1568 288 1595 l.
308 1568 324 1595 l.
345 1570 368 1594 4.
389 1570 412 1595 9.
433 1568 464 1595 fr.
481 1571 503 1595 1.
524 1580 582 1606 sqq.
605 1569 637 1596 (10
656 1575 726 1598 naut.
747 1570 815 1597 soen.
829 1572 870 1597 22.
885 1574 906 1597 2.
929 1570 959 1597 sr.
974 1572 1032 1596 122.

186 1612 207 1645 5.
229 1613 250 1637 l.
271 1611 304 1637 de
323 1610 355 1637 V.
377 1611 409 1638 O.
424 1614 465 1638 45.
482 1614 503 1638 l.
532 1612 677 1639 Maritimae
696 1623 799 1640 usurae.
828 1612 966 1640 Nautieum
981 1613 1033 1639 soe-

186 1663 244 1680 nus.
265 1653 295 1680 fr.
317 1656 339 1680 1.
359 1664 399 1690 sq.
422 1654 452 1681 l'r.
472 1657 496 1681 6.
517 1654 549 1681 de
568 1660 637 1681 naut.
659 1655 725 1682 foen.
745 1658 788 1683 22.
807 1659 831 1682 2.

220 1697 288 1723 Ne.
312 1696 424 1730 (Advb.)
449 1698 480 1730 ξ.
500 1699 535 1724 1.
560 1699 596 1724 Γι
615 1709 682 1724 non.
709 1700 894 1731 Quominus.
930 1698 949 1725 I.
970 1699 1031 1732 Sy.

186 1738 223 1764 Vt
241 1748 302 1764 non.
322 1739 353 1765 fr.
374 1741 396 1766 1.
417 1740 438 1774 5.
459 1741 482 1766 6.
504 1740 534 1766 fr.
553 1742 577 1766 2.
604 1740 636 1766 de
657 1751 687 1767 00
707 1751 732 1778 p.
753 1751 795 1778 qu.
817 1741 876 1767 fact.
895 1743 919 1767 2.
941 1743 980 1767 10.
1001 1740 1031 1766 1“1.

184 1783 227 1808 32.
249 1791 288 1818 sq.
309 1781 341 1808 de
360 1787 427 1819 pact.
448 1784 472 1808 2.
495 1784 534 1808 14.
572 1783 729 1819 Quominus.
755 1783 786 1809 fr.
805 1785 829 1810 2.
850 1793 890 1820 sq.
910 1783 926 1809 l.
946 1785 970 1808 2.
992 1785 1031 1808 10.
1053 1787 1055 1797 ³

185 1823 228 1850 Π1.
244 1825 310 1851 Gn.
333 1824 368 1850 Et
387 1835 439 1851 non
458 1830 532 1862 puto,
551 1835 583 1852 ne
603 1828 671 1858 (mea
692 1825 810 1852 conditio
830 1825 947 1852 deterior
965 1826 1032 1858 fiat.)

185 1866 216 1892 fr.
231 1867 255 1892 3.
275 1866 295 1900 5.
311 1868 334 1892 4.
355 1867 407 1902 Qu.
428 1868 532 1903 quisqu.
553 1869 601 1894 iur.
617 1870 641 1894 2.
656 1870 680 1893 2.
718 1867 787 1894 Illud
806 1868 938 1905 eleganter
957 1868 1032 1894 Prae·
1053 1894 1054 1906 ἵ

184 1913 227 1935 tor
246 1910 361 1946 excepit,
379 1924 413 1928 —
433 1914 459 1936 et
478 1915 558 1941 recte,
578 1920 610 1936 ne
629 1910 731 1936 seilicet
751 1916 799 1937 ete.
820 1911 850 1937 t'r.
870 1913 894 1937 4.
914 1911 947 1937 ib.
968 1913 992 1937 2.
1007 1913 1030 1937 2.

184 1951 213 1978 ld
233 1961 292 1978 esse
312 1962 477 1983 eoncessum,
500 1967 527 1971 —-
551 1963 583 1978 ne
603 1954 662 1989 quis
683 1963 773 1979 eorum
793 1953 865 1980 nullo
888 1953 938 1987 [al.
959 1953 1030 1987 ullo]

184 2004 291 2021 munere
311 1994 397 2025 civili,
420 2005 505 2031 neque
525 1996 551 2021 in
572 1995 697 2032 operibus
716 1995 831 2033 publicis
851 1997 1031 2025 conveniatur.

184 2047 270 2074 neque
285 2038 310 2063 in
325 2037 396 2063 nulla
417 2037 461 2071 [al.
476 2037 539 2071 ulla]
562 2037 710 2065 collatione.
731 2038 780 2065 Th.
795 2038 826 2065 C.
841 2039 896 2065 VII.
909 2041 951 2065 20.
971 2049 992 2066 e.
1006 2041 1029 2065 2.

184 2089 224 2116 pr.
247 2079 280 2106 de
303 2085 418 2106 veteran.
444 2080 475 2106 ef.
501 2080 564 2106 lust.
585 2080 617 2107 C.
643 2091 664 2107 c.
688 2083 710 2108 1.
735 2081 793 2108 eod.
820 2084 858 2108 12.
883 2084 924 2108 47.
962 2081 1030 2108 Cum
1052 2094 1053 2109 1

185 2123 224 2148 sic
242 2122 311 2149 redit
330 2124 355 2149 in
374 2128 542 2160 potestatem,
562 2133 595 2149 ne
615 2124 746 2156 (amittere
761 2125 817 2151 eius
831 2126 1030 2162 possessionem

184 2166 344 2201 possimus.)
370 2165 400 2192 fr.
421 2167 461 2192 13.
481 2166 502 2199 5.
522 2168 548 2192 2.
568 2165 600 2192 de
618 2165 650 2192 V.
671 2166 698 2193 S.
717 2168 759 2193 50.
782 2168 820 2193 16.
858 2167 979 2200 Paetum,
998 2178 1031 2194 ne

186 2208 291 2234 omnino
315 2212 459 2244 peteretur.
485 2208 542 2234 Gai.
563 2208 606 2235 IV.
631 2211 686 2235 121.
711 2209 741 2235 fr.
761 2211 784 2236 7.
809 2211 846 2244 55.
866 2212 889 2237 8.
912 2212 950 2236 13.
971 2220 1029 2247 sqq.
1051 2219 1053 2239 J

185 2250 218 2276 de
237 2254 304 2286 pact.
324 2252 348 2276 2.
370 2252 409 2277 14.
446 2250 624 2283 Promissum,
650 2262 673 2277 v.
694 2251 805 2283 Datum,
828 2263 861 2278 ne
881 2257 928 2279 etc.
956 2252 986 2279 fr.
1006 2255 1028 2279 7.

185 2293 208 2326 5.
227 2294 251 2318 3.
277 2292 311 2318 ib.
331 2294 354 2318 2.
376 2295 416 2319 14.
441 2293 471 2320 fr.
491 2295 515 2320 6.
537 2304 576 2330 sq.
602 2294 634 2320 (10
659 2293 769 2321 ealumn.
793 2296 817 2321 3.
838 2296 861 2321 6.
899 2295 1028 2321 Distrahi.

186 2346 207 2361 s.
227 2334 333 2365 Venire.
353 2345 381 2361 ea
400 2335 464 2371 lege,
485 2346 517 2362 ne
536 2341 584 2362 etc.
605 2336 635 2362 sr.
652 2338 673 2362 1.
695 2336 717 2363 sr
743 2339 765 2363 7.
786 2337 818 2363 de
837 2347 904 2363 serv.
926 2343 1028 2375 export.

186 2378 226 2403 18.
242 2379 264 2403 7.
304 2376 362 2403 Non
382 2379 505 2413 permitti,
525 2389 557 2405 ne
578 2379 644 2406 sorte
659 2384 708 2405 ete.
729 2378 757 2405 sr.
774 2381 813 2405 17.
828 2389 866 2416 pr.
888 2380 920 2406 de
940 2380 1028 2418 adopt.

186 2421 209 2445 l.
231 2421 254 2445 7.
292 2419 430 2445 Prohiberi
449 2426 583 2456 oportere,
604 2432 636 2447 ne
657 2421 720 2458 quid
740 2426 789 2448 etc.
815 2422 844 2448 fr.
866 2423 888 2449 8.
910 2424 931 2457 5.
952 2426 976 2449 2.
998 2423 1030 2449 de
1050 2430 1051 2444 t

185 2461 216 2488 R.
238 2462 270 2487 D.
295 2464 315 2487 1.
340 2463 364 2487 8.
389 2461 419 2488 cf.
446 2462 475 2488 fr.
498 2464 536 2489 14.
561 2464 593 2490 (10
617 2464 660 2490 011.
685 2463 774 2490 Praes.
796 2466 817 2490 l.
841 2466 879 2490 18.
921 2465 1051 2503 Impune¹

185 2514 238 2530 11011
257 2505 352 2541 pareri,
367 2521 396 2524 —
414 2514 446 2530 ne
465 2504 526 2531 finis
546 2516 598 2532 non
612 2508 653 2533 sit.
674 2506 704 2533 fr.
718 2508 759 2533 32.
780 2507 857 2540 §.16.
872 2507 904 2533 de
917 2518 968 2534 ree.
984 2518 1027 2544 qu.

186 2547 240 2573 arb.
261 2548 285 2572 4.
304 2547 329 2572 8.
365 2546 532 2573 Exheredar'e
551 2550 703 2576 nominatim
723 2549 820 2581 debeo,
849 2560 882 2576 ne
901 2560 953 2576 11011
972 2551 1028 2577 1ι110
1050 2546 1051 2574 l

186 2590 277 2616 faciam
297 2593 489 2615 testamentum.
510 2588 540 2615 fr.
562 2591 600 2616 13.
621 2590 653 2617 de
671 2593 761 2619 iniust.
781 2597 850 2630 rupt.
869 2594 911 2618 28.
923 2594 947 2618 3
980 2592 1029 2619 Ca·
1050 2581 1052 2624 i

186 2633 250 2658 veri.
270 2631 354 2662 Edici,
376 2635 424 2657 ete.
445 2641 485 2657 ne.
509 2630 566 2658 Gai.
586 2631 616 2658 II.
636 2634 695 2660 227.
715 2634 782 2661 1“1.9.
803 2635 835 2661 de
854 2634 945 2661 iurisd.
959 2637 982 2661 2.
1006 2637 1027 2661 l.

186 2674 217 2701 fr.
233 2676 255 2700 1.
275 2674 312 2708 55.
327 2675 350 2699 5.
371 2675 393 2699 7.
414 2683 454 2709 sq.
471 2675 510 2700 11.
531 2673 563 2700 de
582 2674 680 2711 postul.
699 2678 723 2702 3.
745 2679 767 2703 l.
804 2676 913 2714 Regula.
932 2687 965 2704 ne
979 2682 1027 2704 ete.
1050 2710 1051 2714 Ἰ

186 2717 217 2743 sr.
238 2718 261 2743 7.
281 2717 302 2750 ς’.
316 2718 340 2742 5.
361 2715 393 2742 de
412 2720 480 2752 pact.
494 2718 518 2742 2.
534 2718 574 2742 14.
589 2733 620 2736 -
641 2717 671 2750 ξ.
686 2719 721 2744 9.
741 2721 816 2746 Non.
854 2720 872 2746 I.
886 2721 948 2754 Sy.
968 2719 1028 2746 Non

187 2759 325 2791 (fecisse.)
350 2758 380 2784 fr.
402 2759 440 2784 13.
466 2757 488 2790 5.
506 2760 531 2785 2.
556 2758 588 2785 (10
608 2759 714 2785 iureiur.
735 2762 774 2787 12.
793 2764 818 2788 2.
855 2762 891 2789 Vt
910 2773 950 2789 ne.
979 2762 1027 2789 Ne.
1050 2752 1051 2758 i

187 2800 243 2827 Gai.
263 2801 281 2827 I.
301 2803 342 2827 27.
380 2799 423 2826 111.
445 2801 510 2828 Cn.
534 2800 594 2828 Non
618 2801 669 2828 hoc
693 2805 876 2839 consequitur,
896 2810 925 2831 ut
944 2815 976 2831 ne
996 2821 1027 2825 —
1049 2811 1050 2841 ζ

1049 2842 1050 2857 i

1111 164 1210 197 NEC.
1873 169 1936 200 615

1066 246 1067 253 ¹
1089 246 1136 273 sed
1156 252 1204 273 etc.
1228 246 1258 273 11.
1280 248 1338 273 119,
1358 247 1390 274 (10
1410 247 1486 285 legat.
1506 248 1524 275 I.
1545 249 1613 283 (30.)
1650 248 1750 281 Verba,
1771 259 1795 275 v.
1816 249 1934 276 Sanctio-

1089 299 1155 321 nem,
1175 289 1261 316 facere
1281 294 1309 316 ut
1329 300 1361 317 110
1381 296 1428 318 ete.
1450 291 1479 318 fr.
1502 294 1541 318 12.
1561 293 1626 326 5.1.
1652 292 1705 327 Qui
1726 296 1751 318 et
1770 302 1782 317 a
1802 301 1844 328 qu.
1865 302 1932 319 man.

1088 334 1128 358 40.
1143 334 1167 359 9.
1187 342 1208 358 0.
1222 333 1246 358 6.
1267 332 1299 359 de
1319 334 1380 359 inst.
1402 338 1427 360 et
1447 334 1531 360 subst.
1552 336 1575 360 6.
1595 336 1637 361 25.
1675 334 1794 361 Inserere
1812 339 1931 372 pactum:

1087 373 1132 401 Vti
1152 385 1192 401 ne.
1213 374 1243 401 fr.
1259 377 1298 402 10.
1319 375 1352 402 de
1370 386 1438 402 serv.
1459 381 1562 414 export.
1579 378 1618 403 18.
1639 380 1661 404 7.
1691 377 1801 409 Cavere,
1821 387 1844 404 v.
1862 376 1932 413 Lege

1064 409 1065 422 ¹
1087 422 1136 444 ete.
1162 419 1304 450 contineri,
1328 423 1357 444 ut
1381 429 1413 445 ue
1432 425 1481 446 etc.
1508 419 1539 446 fr.
1561 421 1600 446 18.
1621 420 1654 446 de
1673 420 1717 446 off.
1736 420 1824 446 Praes.
1847 422 1868 446 1.
1890 421 1930 446 18.

1063 457 1065 498 f
1087 459 1116 486 fr.
1137 462 1160 487 4.
1180 460 1213 487 de
1233 460 1321 487 testib.
1340 463 1382 487 22.
1402 463 1426 487 5.
1464 462 1534 489 Dum
1559 467 1645 489 tamen
1669 473 1701 489 ne
1725 463 1827 500 (prope
1847 464 1931 499 ipsam

1063 510 1064 538 ᾗ
1086 503 1329 529 condemnationem
1348 503 1375 530 id
1394 504 1466 537 fiat.)
1490 504 1520 531 sr.
1540 507 1582 531 29.
1607 506 1628 538 5.
1648 508 1673 532 2.
1693 505 1725 532 de
1745 506 1868 532 eviction.
1887 507 1929 532 21.

1084 547 1109 571 2.
1125 562 1154 566 —
1175 546 1255 580 §.3.
1277 547 1345 573 Nec.
1370 548 1453 573 Adeo
1473 557 1539 574 71011.
1565 549 1608 574 Ne
1627 550 1760 582 quidem.
1797 547 1842 574 ΙΠ.
1862 549 1929 575 Cn.

1084 587 1182 614 Pedius
1201 593 1289 626 putat,
1316 599 1348 615 ne
1368 588 1417 622 [al.
1437 590 1502 623 nee]
1523 590 1620 616 furtum
1640 601 1697 617 eum
1718 591 1811 617 facere.
1836 590 1866 616 fr.
1886 591 1928 616 21.

1061 634 1063 663 j
1085 631 1105 664 5.
1125 633 1148 657 2.
1169 631 1202 658 (10
1221 637 1270 658 act.
1290 642 1341 658 rer.
1361 636 1439 658 amot.
1458 634 1500 658 25.
1520 634 1544 658 2.
1582 632 1733 670 Respondi.
1753 644 1785 659 ue
1803 633 1855 659 1100
1874 633 1930 669 qui-

1061 666 1062 695 i
1084 673 1150 700 dem.
1171 673 1201 700 fr.
1216 675 1257 700 67.
1277 675 1298 708 5.
1314 675 1337 701 4.
1358 674 1390 701 (10
1410 674 1486 701 cond.
1507 675 1594 702 indeb.
1612 677 1650 701 12.
1665 677 1689 702 6.
1726 676 1806 702 Dicat
1824 676 1929 712 aliquiS‚

1084 716 1134 743 hoc
1154 727 1186 743 ne
1205 718 1282 753 exigi,
1302 727 1334 744 an
1354 717 1552 744 administretur
1566 717 1654 744 tutela.
1675 718 1705 744 fr.
1719 720 1759 744 31.
1780 729 1819 755 pr.
1840 718 1872 744 de
1887 728 1929 745 ex-

1060 771 1062 787 !
1084 764 1177 785 cusatt.
1197 761 1238 786 27.
1260 762 1283 787 1.
1320 760 1360 787 Ae
1379 771 1412 787 ne
1431 762 1454 787 si
1472 761 1497 787 b.
1518 761 1534 788 f.
1554 761 1623 787 liber
1641 755 1721 787 1101116
1739 761 1801 787 mihi
1821 762 1928 792 serviat,

1083 811 1183 828 mecum
1204 818 1236 822 —
1256 804 1295 839 agi
1314 808 1411 840 potest.
1436 803 1467 830 fr.
1489 805 1528 830 13.
1553 804 1575 837 5.
1598 805 1619 830 1.
1646 803 1678 829 de
1702 805 1792 830 interr.
1813 804 1839 830 in
1863 805 1927 830 iure.

1084 846 1167 872 ll.·l.

1117 889 1185 914 Ne·
1214 887 1326 920 (ΡΜ-110.
1347 888 1517 925 interrogat.)
1557 890 1681 921 Vtrum,
1703 890 1789 916 Num.
1826 888 1845 915 I.
1866 890 1927 922 Sy.

1059 934 1061 942 ⁴
1083 929 1184 956 Vtrum.
1211 930 1260 956 An.
1282 930 1312 956 fr.
1332 933 1355 957 4.
1376 941 1415 968 pr.
1437 931 1488 967 Qu.
1514 942 1534 957 c.
1555 941 1585 957 eo
1606 941 1648 967 qu.
1669 932 1695 957 in
1715 931 1747 958 al.
1767 936 1821 968 pot.
1844 933 1882 957 14.
1903 933 1926 957 5.

1082 972 1124 999 An
1148 982 1208 998 non.
1238 971 1293 999 Nec
1317 983 1358 1000 ue.
1387 973 1448 1011 le.
1467 974 1552 1000 XXII.
1571 976 1614 1000 27.
1646 974 1702 1001 Gai.
1727 974 1758 1000 Il.
1786 975 1842 1000 162.
1868 975 1925 1000 164.

1083 1015 1112 1042 l'r.
1132 1018 1156 1042 2.
1176 1016 1197 1049 5.
1211 1017 1236 1041 2.
1256 1015 1289 1042 de
1308 1016 1337 1042 B.
1354 1015 1381 1042 P.
1402 1026 1422 1043 s.
1444 1021 1460 1042 t.
1474 1018 1516 1043 37.
1538 1018 1577 1043 11.
1615 1017 1657 1043 III.
1680 1018 1746 1045 Cn·
1767 1016 1926 1047 Videndum,

1081 1068 1101 1084 s.
1116 1068 1140 1084 v.
1169 1057 1320 1090 Videamus,
1340 1069 1372 1085 ne
1392 1069 1444 1085 11011
1459 1060 1501 1091 sit,
1521 1069 1545 1085 v.
1559 1061 1647 1096 possit
1660 1064 1707 1086 etc.
1728 1059 1813 1086 Vatic.
1833 1060 1869 1093 55.
1884 1060 1926 1086 49.

1057 1087 1061 1137 ἶ
1080 1103 1122 1127 55.
1143 1100 1172 1127 fr.
1194 1102 1233 1127 13.
1254 1101 1319 1134 5.1.
1340 1101 1373 1127 de
1392 1112 1443 1128 ree.
1464 1112 1506 1138 qu.
1527 1102 1580 1128 arb.
1598 1105 1621 1128 4.
1636 1104 1658 1128 8.
1680 1102 1702 1129 fr
1723 1104 1764 1128 43.
1785 1101 1818 1128 de
1836 1101 1926 1128 hored.

1081 1148 1132 1180 pet.
1153 1145 1175 1170 5.
1195 1145 1219 1170 3.
1240 1143 1270 1170 fr.
1285 1145 1308 1170 4.
1328 1143 1351 1176 5.
1372 1146 1393 1170 l.
1414 1144 1446 1170 de
1466 1144 1497 1171 V.
1519 1144 1551 1171 O.
1571 1147 1613 1171 45.
1635 1147 1657 1171 1.
1695 1145 1884 1182 Dispiciamus,
1904 1154 1925 1170 s.

1081 1186 1276 1223 lnspieiendum
1295 1192 1348 1219 est,
1369 1197 1401 1213 ne
1421 1186 1499 1220 (nihil
1518 1192 1590 1213 vetet
1609 1188 1671 1218 etc.)
1692 1187 1721 1213 fr.
1741 1189 1782 1214 38.
1803 1187 1835 1214 de
1855 1187 1882 1213 S.
1896 1187 1925 1214 P.

1080 1229 1110 1255 R.
1125 1231 1148 1255 8.
1163 1230 1186 1255 3.
1208 1228 1238 1255 fr.
1251 1231 1292 1255 27.
1313 1239 1352 1266 pr.
1373 1229 1406 1256 de
1426 1230 1501 1256 cond.
1523 1231 1583 1256 inst.
1599 1232 1640 1256 28.
1656 1232 1678 1256 7.
1700 1230 1729 1256 fr.
1743 1232 1766 1256 6.
1788 1230 1820 1256 de
1839 1230 1924 1256 fideie.

1080 1271 1143 1297 libb.
1163 1274 1204 1297 40.
1224 1274 1248 1298 5.
1286 1271 1380 1298 Vtrum
1405 1272 1547 1309 (expediat
1572 1274 1638 1305 etc.)
1660 1288 1689 1292 --
1717 1283 1765 1299 1100
1789 1273 1837 1299 ne'?
1862 1272 1923 1310 le.

1056 1305 1058 1323 '⁴
1078 1314 1161 1340 XXII.
1174 1316 1214 1340 27.
1236 1313 1265 1340 fr.
1281 1316 1321 1340 10.
1342 1315 1363 1348 5.
1379 1317 1401 1342 l.
1422 1315 1454 1341 de
1473 1316 1528 1342 reb.
1549 1315 1610 1342 dub.
1628 1317 1669 1342 34.
1690 1318 1713 1341 5.
1751 1316 1925 1342 Exeutiantur

1079 1367 1179 1387 omneS.
1193 1371 1228 1376 —
1247 1367 1280 1383 ne
1299 1368 1349 1394 qua
1368 1367 1514 1395 praegnans
1534 1360 1576 1385 sit.
1598 1358 1628 1385 sr.
1644 1360 1666 1384 1.
1686 1359 1708 1392 5.
1725 1360 1763 1385 10.
1784 1358 1816 1384 de
1830 1359 1923 1395 inspic.

1078 1405 1148 1426 vent.
1169 1401 1210 1425 25.
1231 1400 1256 1425 4.

1112 1444 1296 1469 Nebulae.
1334 1444 1508 1478 Ambages,
1534 1446 1755 1480 l’raestigiae.
1792 1443 1837 1470 HI.
1857 1445 1924 1471 Cn.

1077 1485 1128 1512 Per
1156 1485 1219 1511 alias
1249 1486 1466 1521 competitionum
1490 1485 1600 1512 nebulas
1630 1488 1751 1512 amisisse
1779 1486 1854 1519 (loca
1878 1497 1924 1524 pu—

1077 1527 1166 1560 blica.)
1187 1527 1237 1554 Th.
1258 1527 1289 1553 C.
1309 1527 1339 1553 11.
1359 1529 1400 1554 23.
1422 1538 1442 1554 c.
1466 1530 1486 1554 1.
1507 1528 1528 1561 5.
1547 1529 1569 1554 1.
1590 1528 1622 1554 (10
1640 1528 1671 1554 R.
1692 1528 1723 1555 V.

1111 1572 1202 1601 Nec,
1225 1579 1244 1596 ε.
1265 1572 1409 1602 Neque.
1431 1570 1599 1604 (Coniunct.)
1626 1572 1656 1605 ἓ.
1671 1573 1705 1598 1.
1727 1573 1807 1603 Nou,
1828 1582 1849 1598 v.
1872 1573 1922 1598 Ne.

1077 1613 1094 1639 Ι.
1115 1614 1177 1647 Sy.
1206 1611 1265 1638 Non
1286 1612 1503 1646 (manifestum)
1533 1613 1588 1640 Nec
1607 1614 1721 1646 (manit.
1741 1624 1777 1640 sc.
1799 1613 1923 1645 furtum.)

1077 1656 1107 1682 fr.
1128 1658 1166 1682 13.
1187 1656 1209 1689 5.
1226 1657 1249 1682 7.
1270 1655 1302 1681 de
1322 1655 1347 1681 11.
1367 1665 1409 1691 qu.
1431 1661 1485 1681 not.
1506 1656 1593 1683 infam.
1612 1658 1637 1683 3.
1656 1659 1680 1683 2,
1701 1657 1731 1683 fr.
1751 1658 1774 1682 2.
1795 1656 1825 1682 fr.
1846 1658 1870 1682 Β.
1890 1656 1923 1683 (10

1076 1699 1136 1725 furt.
1156 1701 1198 1725 47.
1217 1700 1241 1724 2.
1278 1697 1339 1724 Non
1358 1699 1392 1725 vi.
1413 1708 1465 1724 non
1485 1698 1550 1724 elam
1570 1704 1619 1725 etc.
1651 1698 1707 1725 'Nec
1726 1701 1760 1731 vi,
1780 1709 1829 1725 nec
1848 1698 1922 1725 clam.

1077 1741 1134 1767 Gai.
1154 1741 1198 1767 IV.
1220 1743 1277 1766 150.
1298 1740 1327 1766 fr.
1350 1742 1372 1766 l.
1392 1741 1413 1774 5.
1435 1742 1457 1767 7.
1477 1740 1509 1766 (10
1529 1740 1610 1767 cloac.
1630 1743 1670 1768 43.
1690 1743 1732 1767 23.
1762 1741 1821 1767 Non
1840 1742 1922 1777 magis

1077 1794 1161 1820 quam.
1182 1783 1231 1815 Ne,
1245 1793 1284 1809 ne.
1304 1782 1406 1819 Neque,
1426 1793 1520 1819 neque.
1540 1783 1570 1810 fr.
1591 1786 1614 1810 5.
1635 1783 1665 1810 fr.
1679 1786 1703 1811 6.
1724 1795 1763 1821 pr.
1784 1784 1864 1817 551.
1881 1794 1921 1820 sq.

1077 1829 1100 1852 4.
1120 1836 1178 1862 sqq.
1199 1825 1231 1852 de
1252 1825 1295 1851 off.
1316 1825 1404 1852 Praes.
1426 1827 1448 1851 1.
1470 1827 1509 1852 18.
1531 1826 1562 1852 ef.
1583 1826 1612 1853 fr.
1633 1829 1657 1853 4.
1678 1826 1710 1853 (10.
1730 1827 1774 1853 off.
1791 1826 1876 1853 Praet.
1899 1828 1922 1853 1.

1078 1871 1116 1895 14.
1154 1867 1214 1894 Non
1238 1868 1338 1897 solum.
1363 1868 1419 1895 Nec
1442 1868 1492 1894 sol.
1516 1868 1546 1895 fr.
1568 1871 1626 1896 123.
1651 1869 1683 1895 de
1704 1869 1735 1895 V.
1761 1869 1788 1895 S.
1813 1871 1854 1896 50.
1883 1871 1920 1896 16.

1076 1911 1118 1937 Ill.
1137 1912 1203 1938 Gn.
1223 1910 1316 1947 Neque
1335 1912 1388 1944 (ius
1408 1911 1518 1943 dicere.)
1538 1911 1585 1938 sed
1605 1922 1653 1938 nec
1673 1917 1721 1938 etc.
1741 1912 1771 1939 fr.
1791 1915 1814 1939 5.
1836 1912 1868 1938 de
1888 1912 1921 1939 fe-

1053 1963 1054 1974 *
1076 1955 1129 1981 riis.
1148 1956 1171 1980 2.
1194 1955 1232 1979 12.
1254 1953 1285 1980 cf.
1306 1953 1336 1980 fr.
1359 1955 1398 1980 10.
1418 1955 1439 1988 5.
1458 1955 1482 1980 8.
1503 1954 1535 1980 (10
1554 1955 1580 1980 111
1600 1955 1641 1981 ius
1660 1965 1718 1981 voc.
1738 1957 1762 1981 2.
1783 1957 1807 1981 4.
1828 1955 1858 1981 fr.
1877 1957 1919 1981 26.

1053 1997 1054 2016 ἶ
1076 1997 1097 2030 5
1116 1999 1139 2023 2.
1168 1996 1221 2032 Qu.
1246 2007 1277 2023 ex
1302 2007 1322 2023 c.
1348 1997 1406 2023 mai.
1431 1998 1455 2023 4.
1475 1998 1499 2023 6.
1536 1997 1635 2034 Vtique
1659 2008 1707 2024 1100
1731 1998 1864 2034 (litigatur
1888 1997 1921 2024 de

1075 2039 1174 2076 parte.)
1194 2038 1225 2065 fr.
1244 2039 1311 2073 3.5.
1333 2042 1372 2066 10.
1393 2039 1426 2066 de
1445 2039 1524 2066 Carb.
1546 2040 1622 2066 edict.
1642 2041 1684 2066 37.
1706 2042 1746 2066 10.
1782 2040 1921 2076 11001111οη-

1075 2082 1136 2111 dae.
1155 2091 1203 2107 1100
1223 2092 1255 2108 110
1275 2082 1511 2119 (adpellationes.)
1537 2082 1585 2109 Th.
1608 2082 1639 2109 C.
1659 2083 1703 2109 xl.
1721 2084 1763 2108 30.
1784 2092 1804 2108 0.
1825 2084 1866 2108 60.
1887 2081 1920 2108 de

1075 2124 1133 2161 adp.
1154 2129 1179 2150 et
1198 2134 1275 2161 poen.
1295 2124 1325 2151 fr.
1348 2127 1387 2151 16.
1408 2124 1465 2151 eod.
1486 2127 1527 2151 49.
1550 2127 1571 2151 1.
1609 2125 1684 2151 Sicut
1704 2126 1727 2151 ei
1743 2140 1774 2144 -
1790 2124 1855 2151 nihil
1875 2125 1920 2151 ob-

1075 2172 1123 2198 est.
1143 2168 1177 2193 ita
1197 2177 1245 2193 nec
1264 2167 1376 2204 prodest
1395 2168 1425 2194 ei.
1447 2167 1477 2193 fr.
1499 2169 1538 2193 15.
1559 2168 1580 2201 5.
1597 2170 1619 2194 7.
1641 2167 1691 2202 Qu.
1712 2166 1804 2193 satisd.
1824 2177 1880 2203 cog.
1894 2169 1918 2193 2.

1074 2212 1097 2236 8.
1124 2209 1153 2236 fr.
1173 2211 1215 2235 38.
1241 2209 1273 2235 de
1291 2209 1322 2235 R.
1343 2209 1360 2235 I.
1385 2212 1427 2236 50.
1449 2212 1489 2236 17.
1516 2210 1572 2236 Gai.
1592 2209 1634 2235 III.
1657 2211 1714 2235 126.
1756 2209 1817 2236 Non
1840 2211 1918 2246 perti-

1051 2250 1052 2267 1
1074 2263 1144 2283 nere,
1164 2257 1208 2278 aut
1226 2262 1274 2278 nec
1293 2262 1375 2289 posse
1393 2253 1534 2289 pertinere.
1556 2251 1585 2277 fr.
1602 2254 1660 2278 115.
1681 2251 1713 2278 de
1732 2250 1763 2278 V.
1779 2252 1806 2278 S.
1820 2255 1861 2278 50.
1878 2253 1917 2277 16.

1074 2294 1133 2321 Non
1153 2304 1284 2332 posse,-
1299 2304 1347 2321 nec
1367 2300 1407 2321 est
1427 2300 1475 2321 etc.
1496 2294 1552 2320 Gai.
1565 2294 1582 2320 I.
1596 2296 1638 2320 59.
1657 2293 1701 2321 IV.
1714 2295 1770 2320 187.
1792 2294 1851 2320 Nou
1871 2294 1918 2320 dif-

1074 2337 1156 2364 sertur
1175 2338 1368 2367 controversia,
1389 2347 1437 2363 nec
1457 2338 1524 2363 enim
1544 2338 1644 2374 patitur
1662 2337 1797 2373 impubes,
1818 2353 1848 2356 —
1870 2336 1918 2362 sed

1074 2379 1135 2406 facit
1155 2381 1208 2412 (se.
1228 2384 1313 2406 status
1333 2380 1566 2412 controversiam.)
1590 2379 1620 2406 sr.
1639 2381 1663 2405 3.
1684 2380 1705 2412 5.
1727 2381 1765 2404 lo.
1786 2378 1818 2404 de
1838 2378 1917 2405 Carb.

1074 2422 1151 2449 edict.
1171 2424 1212 2448 37.
1235 2424 1274 2448 10.
1312 2421 1420 2453 Valere,
1440 2431 1501 2453 nec,
1522 2423 1597 2458 quasi
1617 2427 1706 2448 contra
1726 2422 1790 2447 iuris
1809 2420 1917 2447 sormam

1074 2464 1183 2496 factum,
1209 2474 1260 2490 non
1286 2474 1345 2490 esse
1365 2464 1531 2491 servandum.
1557 2464 1586 2490 sr.
1608 2466 1630 2489 7.
1651 2464 1732 2497 §.15.
1752 2462 1785 2489 de
1804 2468 1871 2499 pact.
1891 2465 1916 2489 2.

1050 2510 1051 2515 ¹
1078 2509 1116 2533 14.
1153 2507 1182 2533 Iu
1202 2507 1242 2533 ius
1262 2508 1349 2532 vocari
1369 2516 1421 2533 uon
1441 2512 1547 2544 oportet
1565 2516 1650 2541 neque
1669 2504 1742 2536 Cos,
1763 2515 1848 2540 neque.
1867 2510 1915 2532 etc.

1074 2549 1103 2576 fr.
1123 2552 1147 2576 2.
1168 2549 1200 2575 de
1220 2550 1245 2575 in
1265 2550 1306 2575 ius
1324 2559 1381 2575 voc.
1396 2551 1420 2575 2.
1441 2552 1464 2575 4.
1502 2549 1560 2575 Non
1581 2548 1667 2584 placet
1686 2557 1772 2583 neque
1791 2548 1854 2574 mihi
1874 2558 1917 2574 ne-

1074 2603 1124 2629 que
1144 2592 1298 2628 Pomponio.
1322 2591 1353 2618 fr.
1373 2593 1397 2618 6.
1423 2592 1480 2618 sam.
1506 2591 1596 2617 ercisc.
1618 2592 1656 2615 10.
1675 2591 1699 2614 2.
1738 2589 1866 2625 Quamvis
1890 2590 1917 2616 id

1074 2639 1250 2665 contrectare,
1276 2644 1324 2660 1100
1348 2633 1442 2660 tollere
1462 2633 1536 2659 solus
1561 2633 1655 2668 possit.
1681 2631 1711 2658 sr.
1730 2634 1772 2658 21.
1795 2633 1817 2666 5.
1837 2634 1862 2659 9.
1884 2633 1916 2659 de

1073 2677 1133 2703 furt.
1147 2678 1189 2703 47.
1203 2678 1227 2702 2.
1252 2676 1383 2705 Vendere.
1404 2686 1432 2702 ac
1452 2686 1499 2713 per
1518 2675 1568 2701 hoc
1588 2684 1702 2705 servare,
1721 2684 1771 2701 nee
1786 2675 1915 2701 occidere.

1073 2719 1103 2746 fr.
1123 2721 1146 2745 4.
1166 2720 1187 2752 5.
1209 2720 1234 2744 2.
1254 2719 1287 2745 de
1306 2724 1375 2745 statu
1395 2718 1463 2744 hom.
1485 2719 1507 2743 l.
1527 2718 1551 2743 5.
1589 2716 1717 2751 Quamvis
1737 2716 1854 2744 Praetor.
1873 2717 1915 2743 vel

1073 2761 1182 2788 Praese-s
1207 2762 1254 2793 sit,
1283 2771 1331 2787 nec
1355 2760 1428 2786 furor
1452 2760 1475 2785 ei
1499 2760 1677 2795 magistratum
1701 2759 1817 2796 abroget.
1841 2760 1870 2786 fr.
1890 2762 1913 2785 8.

1073 2805 1094 2838 5.
1116 2806 1137 2830 l.
1158 2804 1191 2830 de
1209 2809 1257 2830 tut.
1283 2808 1307 2829 et
1332 2813 1384 2829 cur.
1405 2802 1456 2828 dat.
1476 2803 1518 2828 26.
1538 2804 1561 2828 5.
1600 2802 1705 2838 Quodsi
1728 2804 1795 2829 ratio
1819 2803 1913 2829 consti<
