2197 3121
1034 165 1125 196 SPO.

215 259 291 286 quam
309 248 455 281 hereditas,
480 257 556 285 quam
579 262 612 267 —-
636 255 751 283 sponsus
776 255 849 273 suam
872 255 997 283 sponsam
1015 245 1053 273 lu-

215 293 281 318 crari
301 291 392 318 voluit.
413 302 434 318 c.
454 293 477 317 5.
498 291 530 317 de
549 290 609 316 bon.
629 299 671 326 qu.
692 289 737 315 lib.
756 290 780 315 6.
801 291 842 316 61.

247 342 451 376 Sponsalis.
471 340 600 375 (Adiect.)
625 339 703 366 idem.
741 339 760 366 1.
779 341 841 374 Sy.
861 338 1052 376 Sponsalicius.

217 383 259 411 Cf.
279 384 303 411 h.
323 395 347 411 v.

246 435 446 468 Sponsare.
470 434 647 467 Sponsalia
660 435 829 459 celebrare.
848 431 891 457 III.
904 432 969 459 Cn.
984 431 1054 458 on-

213 487 268 504 rem
288 476 382 503 ducere
401 486 453 502 non
473 480 573 513 potest,
597 476 715 512 quamvis
740 484 867 512 sponsare
890 484 942 500 nou
968 474 1054 512 prohi-

216 519 315 546 beatur.
335 519 365 546 fr.
384 520 426 554 38.
446 529 485 555 pr.
505 517 537 544 de
556 517 587 544 R.
608 517 639 544 N.
658 519 699 544 23.
718 520 741 544 2.

247 569 415 603 Sponsio.
452 569 483 602 ξ.
502 569 537 594 1.
559 571 720 595 Solemnis
741 570 907 595 verborum
927 569 1053 603 obliga-

213 613 274 644 tio,
294 614 372 648 (quae
390 612 565 649 promissione
584 612 722 648 sponsoris
735 610 927 648 peragebatur.)
958 610 976 636 1.
991 612 1053 645 Sy.

214 653 293 689 Quod
313 664 360 691 per
378 664 493 691 sponsus
513 655 743 689 interrogationem
766 653 804 679 fit.
828 652 858 679 fr.
879 655 901 679 7.
921 652 954 679 de
973 652 1004 679 V.
1025 652 1052 679 S.

212 697 308 723 50.16.
345 696 388 723 ΙΗ.
403 698 468 724 Cn.
488 696 653 733 Peregrinus,
673 706 730 723 cnm
749 705 800 732 quo
814 696 966 732 sponsionis
986 706 1053 722 com-

212 739 300 766 munio
319 749 371 765 non
391 744 438 765 est.
464 739 519 765 Gai.
540 739 581 765 111.
604 741 659 765 170.
684 738 715 765 cf.
737 740 793 764 119.
831 738 982 770 Cautionis,
1009 743 1053 765 aut

212 782 365 819 sponsionis
384 782 436 809 fide
456 783 603 819 (accepisse
621 781 730 814 aurum.)
751 780 800 807 Th.
822 780 852 807 C.
872 781 903 808 X.
923 783 964 808 24.
986 792 1007 808 c.
1027 784 1050 808 2.

212 823 245 851 de
268 824 293 851 h.
319 835 361 862 qu.
386 836 406 851 c.
433 825 501 862 disp.
539 825 715 862 Sponsorum,
743 823 785 850 vel
804 823 1002 856 fideiussorum,
1026 826 1052 850 in
1074 834 1075 844 ¹

213 867 329 894 cavenda
349 867 418 894 dotis
438 869 581 905 sponsione
599 867 796 904 promissiones.
815 866 851 892 Ib.
871 866 913 893 111.
935 869 973 892 15.
993 877 1015 893 c.
1030 869 1051 893 1.

213 909 245 936 de
264 910 382 937 fideiuss.
402 911 455 937 dot.
476 910 543 937 Nov.
562 909 651 936 Maior.
671 909 704 936 de
723 910 876 935 sanctimon.
890 908 934 936 IV.
949 911 972 936 6.
994 919 1014 936 c.
1031 911 1052 937 1.

212 953 233 986 §.
258 954 282 979 6.
307 969 339 972 -
367 954 398 987 §.
423 956 458 981 2.
487 954 665 981 Promissio
694 954 793 978 certis
821 954 924 979 verbis
946 954 1051 989 facta.

213 996 341 1022 Cautio.
367 999 510 1023 Sanctio.
553 994 571 1021 1.
594 996 655 1029 Sy.
681 994 835 1032 Stipulatio,
859 996 1053 1032 promissioque

212 1039 305 1065 omnis.
330 1038 360 1065 sr.
382 1040 404 1064 7.
430 1038 446 1064 l.
469 1041 510 1064 50.
532 1039 571 1064 16.
610 1037 651 1064 ill.
674 1037 919 1065 Gn.Coutractus
945 1038 1053 1075 stipula-

211 1081 311 1107 tionum
326 1082 557 1118 sponsionumque.
573 1080 613 1107 Fr.
629 1081 714 1107 Servii
728 1080 812 1117 Sulp.,
827 1080 905 1107 1.Cti.
919 1080 969 1118 Ap.
985 1080 1052 1107 Gell.

210 1123 255 1150 IV.
274 1126 298 1150 4.
334 1123 390 1150 Lex
409 1128 450 1148 est
470 1140 499 1143 —
519 1125 635 1149 virorum
656 1123 822 1160 prudentium
843 1123 1001 1155 consultum,
1020 1139 1051 1143 —

211 1167 356 1193 communis
375 1166 438 1202 reip.
459 1168 577 1203 sponsio.
598 1166 627 1192 fr.
649 1168 671 1192 1.
692 1175 730 1202 sq.
751 1165 783 1192 de
801 1165 854 1192 LL.
878 1168 898 1192 1.
917 1168 942 1192 3.
963 1182 994 1186 —
1019 1167 1050 1200 §-

211 1210 249 1235 3.
270 1210 416 1235 Certatio
433 1211 624 1244 pignorum,
649 1211 683 1235 tie
705 1215 818 1235 eventu
841 1211 890 1235 rei
915 1211 1049 1235 incerto.

210 1251 254 1278 ΙΙΙ.
273 1252 339 1279 Cn.
359 1251 387 1277 In
407 1251 503 1287 quibus
524 1251 612 1283 rebus,
632 1261 663 1277 ex
682 1250 712 1277 L.
732 1250 802 1278 Titia
821 1267 853 1271 --
873 1256 898 1277 et
918 1251 1051 1283 Cornelia,

211 1295 287 1321 etiam
311 1295 482 1331 sponsionem
506 1294 591 1320 facere
613 1293 680 1320 licet.
706 1294 736 1320 fr.
761 1296 785 1320 3.
810 1294 842 1320 de
866 1293 940 1321 aleat.
966 1297 1005 1321 11.
1026 1297 1049 1321 5.

210 1336 240 1363 Si
258 1337 317 1373 quis
336 1338 489 1374 sponsionis
509 1347 584 1363 causa
608 1337 701 1363 anulos
725 1338 868 1375 acceperit,
893 1347 942 1364 nec
965 1337 1051 1363 reddit

208 1380 312 1406 victori.
337 1379 367 1406 fr.
394 1382 433 1406 17.
458 1380 479 1413 9.
499 1382 522 1406 5.
547 1380 579 1406 de
603 1390 718 1417 praescr.
743 1377 845 1406 vv‘f19.
865 1382 888 1406 5.
909 1396 940 1399 —
961 1380 991 1413 ξ.
1012 1382 1050 1407 -Ι,

208 1424 390 1450 Ρνοηιίεείο
410 1425 635 1458 litigantium,
661 1422 712 1455 (de
737 1424 863 1460 pecuniae
891 1432 989 1449 summa
1015 1424 1050 1449 vi-

209 1467 276 1492 ctori
295 1465 382 1492 futuro
401 1465 560 1503 pendenda.)
597 1465 627 1492 II.
643 1468 710 1499 Op.
729 1465 914 1503 Restipulatio.
930 1465 971 1492 Cf.
987 1466 1010 1492 h.
1026 1476 1049 1492 v.

208 1507 252 1535 Ill.
266 1510 332 1536 Cn.
352 1508 510 1545 Quicunque
525 1508 548 1535 d.
565 1519 585 1534 e.
600 1519 620 1535 r.
641 1509 773 1540 decernet,
793 1508 974 1540 interdicetve,
995 1510 1051 1535 sive

208 1552 379 1588 sponsionem
398 1552 468 1583 fieri,
491 1551 633 1578 iudicarive
657 1552 771 1583 iubebit,
798 1551 955 1578 iudiciumve
980 1551 1050 1588 quod

209 1594 234 1621 d.
255 1605 275 1620 e.
295 1604 314 1621 r.
335 1594 415 1625 dabit,
436 1610 467 1613 —
488 1595 512 1620 in
533 1594 559 1620 id
573 1594 715 1625 decretum,
735 1594 911 1624 interdictum.
931 1597 1051 1632 sponsio-

209 1647 276 1669 nem,
295 1636 428 1667 iudicium,
449 1638 630 1674 exceptionem
650 1637 738 1663 addito
757 1642 804 1664 etc.
825 1637 854 1664 L.
868 1637 935 1664 Gall.
951 1638 1049 1676 Cisalp.

209 1679 227 1705 Ι.
246 1681 270 1706 2.
289 1689 347 1716 sqq.
384 1679 476 1716 Neque
495 1680 534 1711 id,
559 1680 630 1716 quod
649 1679 787 1706 consessus
808 1682 868 1711 erit,
894 1681 993 1709 solvet.
1013 1691 1051 1707 sa-

210 1723 278 1749 tisve
296 1722 384 1753 saciet,
404 1728 446 1748 aut
466 1732 494 1748 se
513 1724 657 1759 sponsiom¹
676 1722 839 1759 iudicioque,
859 1725 929 1749 utive
949 1729 1052 1760 oporte-

209 1764 259 1796 bit,
285 1775 337 1791 non
362 1765 492 1791 desendet.
518 1765 555 1790 ib.
576 1765 605 1791 11.
632 1767 655 1791 6.
676 1775 715 1801 sq.
753 1765 903 1791 Periculosa
923 1771 963 1792 est
982 1768 1050 1792 actio

209 1812 295 1833 certae
313 1808 427 1834 creditae
446 1809 585 1845 pecuniae,
604 1813 714 1844 propter
732 1809 915 1844 sponsionem,
940 1820 988 1846 qua
1008 1820 1050 1846 pe-

208 1849 336 1876 riclitatur
354 1861 414 1877 reus
435 1856 482 1876 etc.
505 1851 553 1876 Gai
574 1849 617 1876 IV.
641 1852 678 1876 13.
701 1850 732 1876 cf.
756 1853 811 1877 171.
851 1851 919 1878 Cum
946 1853 971 1878 in
996 1862 1049 1879 rem

209 1894 277 1919 actio
296 1893 394 1930 duplex
413 1894 456 1925 sit,
475 1898 518 1919 aut
537 1894 605 1919 euim
624 1903 671 1930 per
685 1893 819 1920 formulam
834 1896 981 1931 petitoriam
1001 1897 1051 1931 agi·
1072 1904 1073 1908 ¹

208 1940 259 1967 tur,
278 1941 321 1961 aut
340 1945 388 1972 per
405 1937 584 1972 sponsionem.
605 1951 635 1955 -—
658 1935 706 1962 Per
720 1937 889 1973 sponsionem
903 1937 952 1963 hoc
972 1938 1049 1964 modo

209 1980 321 2015 agimus,
346 1988 520 2016 provocamus
544 1978 722 2004 adversarium
748 1979 793 2005 tali
817 1981 973 2016 sponsione:
998 1981 1049 2013 „Si

207 2021 286 2048 homo
307 2032 331 2058 q.
351 2021 372 2047 d.
395 2032 415 2047 a.
436 2031 467 2047 ex
486 2023 541 2047 iure
555 2021 651 2056 Quin-it.
667 2031 740 2047 meus
755 2027 802 2053 est,
822 2022 873 2048 llS.
888 2022 965 2049 XXV
979 2034 1050 2050 nurn-

209 2073 266 2090 mos
285 2063 346 2089 dare
366 2063 520 2100 spondesY⁵⁶
539 2063 633 2090 deinde
652 2064 788 2090 formularii
807 2065 921 2097 edimus»,
945 2076 994 2102 qua
1014 2068 1049 2093 in-

209 2106 341 2132 tendimus
360 2106 513 2143 sponsionis
536 2116 661 2133 summam
681 2107 758 2133 nobis
781 2107 836 2134 dari
856 2113 986 2145 oportere.
1012 2109 1048 2136 ld.

211 2148 254 2175 IV.
273 2150 313 2176 91.
334 2150 374 2175 93.
395 2159 452 2185 sqq.
474 2148 505 2175 cf.
528 2150 584 2175 165.

244 2199 418 2231 Sponsor.
441 2201 504 2232 Qui
517 2202 651 2226 solemni
664 2203 946 2238 sponsionefidem
960 2212 1049 2229 suam

213 2243 399 2277 adstringi!
417 2253 473 2276 pro
493 2245 597 2269 debito
611 2245 760 2269 alterius.
798 2243 827 2270 II.
843 2246 910 2278 Op.
925 2244 1050 2282 Fidepro-

212 2283 316 2309 missor.
339 2299 370 2302 —
395 2284 554 2312 Fideiussor.
584 2284 641 2311 Gai.
665 2285 706 2311 111.
734 2287 790 2312 115.
815 2296 872 2323 sqq.
914 2287 961 2314 111.
983 2289 1049 2315 Gn.

213 2325 360 2357 Satisdare,
384 2327 479 2353 additis
503 2327 685 2363 sponsoribus.
711 2327 781 2354 Paul.
806 2328 837 2354 V.
863 2331 902 2355 10.
928 2330 949 2364 9.
971 2332 992 2356 1.
1017 2330 1049 2357 V.

212 2369 254 2393 33.
273 2368 293 2401 9.
313 2370 337 2393 2.
357 2367 398 2394 Cf.
419 2368 475 2396 Gai.
493 2370 535 2396 Ill.
559 2372 614 2396 117.
652 2370 830 2408 Sponsorum,
850 2371 891 2398 vel
912 2372 1050 2399 fideiusso-

213 2420 278 2442 rum,
300 2427 327 2430 -
351 2411 546 2447 promissiones.
566 2412 615 2439 Th.
637 2413 666 2440 C.
686 2414 728 2440 111.
750 2416 788 2440 15.
808 2424 828 2440 c.
845 2416 866 2440 l.
887 2414 919 2441 de
933 2415 1049 2442 fideiuss.

213 2453 266 2479 dot.
287 2453 340 2488 Qui
359 2463 516 2489 sponsores,
542 2461 585 2481 aut
609 2456 838 2493 fidepromissores
857 2459 973 2494 accipiat.
994 2458 1049 2484 Gai.

213 2495 256 2521 ΠΙ.
276 2497 332 2521 123.
353 2495 380 2521 cf
408 2497 463 2521 121.
484 2505 523 2531 sq.
560 2497 679 2534 Sponsor
698 2500 732 2525 ita
752 2501 938 2535 interrogatur:
958 2500 1050 2532 „Idem

214 2537 269 2564 dari
289 2537 446 2575 spondes'3'*
466 2537 501 2564 ld.
521 2538 562 2564 111.
586 2542 639 2566 116.
665 2541 744 2576 Quod
768 2543 799 2568 Α.
820 2543 851 2568 Α.
879 2542 911 2568 de
930 2542 959 2569 L.
980 2542 1050 2570 Titio
1072 2538 1074 2565 l

215 2581 342 2606 incertum
362 2580 503 2617 stipulatus
524 2586 571 2611 est,
592 2592 643 2618 quo
657 2585 759 2611 nomine
779 2585 810 2612 N.
825 2585 855 2611 N.
876 2595 990 2622 sponsor
1003 2591 1050 2612 est.

214 2623 251 2649 Id.
271 2622 313 2648 lv.
338 2625 393 2649 137.
431 2623 464 2655 ls,
484 2634 531 2660 pro
552 2634 602 2660 quo
623 2634 735 2661 sponsor
755 2628 931 2666 dependisset.
952 2628 988 2655 ld.
1007 2628 1051 2655 IV.

215 2667 256 2691 22.
276 2664 341 2691 Tab.
361 2665 462 2692 Heracl.
483 2668 523 2692 40.
544 2676 582 2702 sq.
603 2677 653 2693 aer.
672 2667 752 2706 Neap.

250 2720 425 2753 Sponsus.
455 2720 581 2753 (Subst.)
612 2723 785 2755 sponsoris
806 2727 992 2759 promissio.
1033 2725 1051 2751 Ῑ.

216 2764 279 2797 Sy.
299 2763 422 2800 Sponsio.
450 2763 530 2798 Quod
553 2774 600 2800 per
625 2774 739 2800 sponsus
764 2766 991 2803 interrogationem
1015 2768 1051 2794 fit.

218 2804 259 2832 Cf.
279 2815 303 2832 v.
327 2804 450 2842 sponsio.
475 2806 497 2839 §.
518 2808 539 2832 l.
577 2806 607 2833 11.
628 2808 695 2841 Op.
719 2806 795 2834 Nuda
817 2811 973 2846 promissio,
997 2812 1053 2837 sive

1878 168 1942 198 905

1098 247 1263 284 pollicitatio.
1283 247 1313 274 fr.
1335 249 1374 274 19.
1394 248 1415 281 §.
1435 249 1460 275 2.
1479 247 1512 274 de
1530 247 1596 274 Aed.
1616 246 1693 274 edict.
1703 248 1745 273 21.
1760 249 1782 273 l.
1819 247 1861 274 ΙΙΙ.
1874 250 1940 276 Cn.

1099 289 1127 316 L.
1148 289 1225 316 Furia
1245 289 1277 316 de
1296 300 1404 327 sponsu.
1425 290 1482 317 Gai.
1502 290 1545 316 lv.
1565 292 1607 316 22.

1133 333 1309 366 Sponsus.
1324 333 1480 366 Sponsa.
1495 332 1616 365 (Partic.)
1632 333 1868 367 Desponsatm,
1883 335 1939 360 De-

1099 381 1300 409 sponsatam.
1337 374 1355 401 I.
1377 376 1439 409 Sy·
1463 375 1515 410 Qui
1535 375 1650 401 nondum
1670 376 1777 401 maritus
1797 380 1844 401 est.
1865 376 1894 402 sr.
1917 378 1938 402 l.

1075 421 1076 424 ’
1099 418 1120 451 9.
1144 420 1168 444 2.
1193 427 1242 455 pro
1271 417 1340 444 dote.
1366 419 1407 444 41.
1431 419 1455 444 9.
1497 417 1525 443 11.
1553 419 1619 451 011.
1645 417 1757 454 Sponsa.
1783 435 1812 438 —
1844 418 1939 455 Nupta.

1098 459 1179 486 onr.
1199 460 1229 486 fr.
1250 461 1289 486 13.
1309 460 1346 494 99.
1366 462 1389 486 3.
1410 461 1433 486 S.
1454 460 1485 486 ad
1498 459 1527 486 L.
1543 460 1589 486 Iul.
1604 460 1636 486 de
1650 460 1728 487 adult.
1743 462 1784 486 118.
1798 463 1822 487 5.
1837 462 1866 487 sr.
1884 463 1939 488 101.

1097 503 1118 537 §.
1141 505 1162 529 1.
1183 502 1215 529 de
1235 502 1265 529 VJ
1286 502 1313 529 S.
1332 504 1375 529 50.
1398 504 1435 528 16.
1472 502 1515 528 111.
1535 504 1600 530 Gn.
1622 502 1660 529 'Ne
1681 505 1739 539 quis
1753 514 1843 530 eorum
1862 514 1940 541 spon-

1097 555 1164 575 sam,
1185 555 1340 577 uxoremve,
1360 545 1447 571 sciens
1466 545 1490 571 d.
1510 555 1543 571 m.
1564 545 1667 572 habeto.
1687 546 1716 572 fr.
1737 548 1778 572 44.
1798 556 1836 583 pr.
1857 546 1889 573 de
1907 546 1939 573 R.

1098 587 1128 614 N.
1153 590 1195 614 23.
1220 590 1244 614 2.
1286 588 1385 625 Sponsi
1410 598 1576 624 sponsaeque
1601 588 1742 625 adpellatio
1762 592 1837 621 (nata
1862 594 1902 615 est
1926 600 1940 616 a

1097 630 1278 668 spondendo)
1299 630 1327 658 fr.
1347 632 1371 658 -’3.
1396 630 1426 656 ef.
1447 630 1477 657 fr.
1498 634 1521 657 2.
1542 631 1574 657 de
1594 631 1710 667 sponsal.
1731 633 1772 657 23.
1796 634 1815 657 1.
1855 632 1940 669 Spon-

1097 683 1142 700 sus
1161 683 1275 710 sponsae
1294 674 1394 700 muneri
1414 674 1492 700 misit.
1513 674 1542 700 t‘r.
1562 675 1602 700 36.
1624 674 1645 707 9.
1666 675 1688 700 l.
1709 673 1741 700 de
1761 674 1821 701 don.
1842 676 1887 701 int.
1907 675 1939 702 V.

1095 717 1136 742 24.
1158 718 1179 742 1.
1216 716 1390 753 Excipiuntur
1410 717 1464 750 (sc.
1484 716 1575 743 Cincia
1596 716 1669 751 lege)
1695 721 1719 742 et
1739 717 1863 744 adfinium
1883 728 1941 755 per-

1097 769 1188 789 sonae,
1208 764 1237 785 ut
1255 760 1405 796 privignus,
1425 775 1457 778 —
1477 769 1605 789 noverca,
1626 774 1657 777 —
1678 769 1768 790 socer,
1789 776 1820 779 —
1849 771 1940 792 nurus,

1096 803 1137 828 vir
1156 806 1181 827 et
1206 812 1285 833 uxor,
1310 812 1440 839 sponsus,
1460 811 1565 839 sponsa.
1592 801 1674 828 Vatic.
1701 802 1722 835 9.
1742 804 1801 828 302.
1826 802 1856 829 cf.
1880 806 1939 830 262.

1098 843 1201 881 Sponsa
1225 854 1280 870 mea
1306 846 1373 882 patri
1397 854 1454 870 meo
1480 845 1578 870 nubere
1605 854 1656 870 non
1680 845 1791 878 poterit,
1822 847 1940 882 quamvis

1097 897 1179 913 nurus
1198 897 1249 913 non
1269 888 1376 924 proprie
1395 887 1505 913 dicatur.
1525 886 1554 913 sr.
1577 888 1615 912 12.
1636 887 1657 920 9.
1677 889 1701 913 2.
1722 887 1753 913 cf.
1773 888 1794 921 9.
1817 890 1837 914 1.
1858 888 1890 915 de
1907 888 1940 916 R.

1097 928 1129 955 N.
1147 931 1188 955 23.
1207 931 1231 955 2.
1270 929 1298 955 Si
1312 940 1409 967 sponsa
1423 929 1510 957 dotem
1524 929 1634 957 dederit.
1654 939 1702 956 nec
1716 931 1842 967 nupserit.
1856 930 1886 957 fr.
1900 933 1939 957 74-

1098 971 1130 998 de
1150 973 1205 998 iure
1224 971 1277 998 dot.
1297 974 1338 998 23.
1358 974 1382 999 3.
1420 972 1448 999 Si
1470 989 1499 993 —
1521 973 1644 999 nuncium
1663 982 1779 1010 sponsus
1799 973 1875 1011 culpa
1894 984 1940 1001 sua

1098 1016 1236 1041 remiserit.
1258 1014 1339 1041 vatic.
1359 1016 1380 1049 9.
1400 1017 1459 1041 262.

1131 1058 1383 1091 Spontaneus.
1412 1058 1548 1091 (Adiect.)
1578 1058 1609 1091 §.
1634 1059 1668 1084 l.
1702 1059 1939 1091 Voluntarius,

1097 1102 1317 1127 Arbitrarius.
1355 1100 1398 1127 111.
1419 1102 1485 1128 Gn.
1514 1100 1547 1127 Vt
1573 1111 1620 1127 nec
1645 1105 1787 1137 spontanea
1813 1102 1838 1127 in
1862 1101 1939 1128 vobis

1095 1143 1241 1169 humanitas
1261 1143 1421 1175 retardetur,
1448 1154 1496 1169 nec
1523 1148 1612 1169 contra
1638 1143 1800 1170 voluntatem
1824 1150 1940 1170 vestram

1095 1190 1143 1212 etc.
1164 1185 1213 1212 Th.
1235 1185 1264 1212 C.
1286 1185 1341 1212 Vll.
1361 1188 1385 1213 9.
1407 1196 1427 1212 c.
1450 1188 1470 1212 1.
1498 1186 1529 1212 de
1554 1186 1676 1220 salgamo.
1715 1186 1810 1212 Studio
1834 1191 1939 1223 sponta-

1095 1238 1158 1254 neae
1178 1227 1326 1255 devotionis
1348 1246 1377 1250 -
1398 1229 1502 1255 inferre.
1522 1229 1559 1255 lb.
1579 1229 1622 1255 XI.
1640 1231 1660 1254 l.
1681 1240 1701 1255 (·.
1721 1230 1763 1255 34.
1783 1229 1815 1255 de
1835 1240 1892 1256 ann.
1914 1234 1940 1256 et

1095 1271 1184 1297 tribut.
1205 1271 1236 1297 cf.
1257 1271 1300 1298 Vl.
1320 1273 1343 1298 4.
1364 1282 1385 1298 c.
1405 1274 1446 1298 27.
1472 1272 1503 1298 de
1527 1271 1611 1298 Praei.
1636 1277 1662 1297 et
1681 1274 1732 1307 Qu.
1769 1272 1810 1298 Ad
1835 1277 1939 1309 sponta-

1095 1324 1168 1340 neam
1188 1314 1305 1341 militiam
1325 1331 1356 1334 —
1377 1315 1489 1341 invitari.
1510 1314 1546 1340 lb.
1568 1314 1621 1340 Vll.
1644 1316 1681 1340 13.
1702 1325 1723 1341 c.
1743 1316 1766 1341 6.
1786 1316 1807 1348 9.
1825 1317 1844 1341 l.
1865 1314 1897 1341 de
1910 1315 1940 1341 ti-

1096 1367 1151 1383 ron.
1172 1373 1203 1376 —
1223 1358 1254 1390 §0
1269 1359 1304 1384 2.
1328 1359 1545 1384 Temerarius.
1584 1357 1626 1383 111.
1641 1359 1707 1384 Cn.
1728 1357 1783 1384 Nec
1802 1359 1940 1394 quisquam

1096 1400 1146 1426 sibi
1166 1415 1197 1419 —
1217 1405 1387 1437 spontaneam
1410 1400 1561 1426 vindicandi
1588 1400 1686 1426 tribuat
1711 1406 1877 1437 potestatem.
1902 1400 1939 1426 lb.

1096 1443 1138 1469 [X.
1159 1444 1200 1468 42.
1221 1453 1241 1469 c.
1264 1444 1302 1468 14.
1323 1442 1355 1469 de
1376 1442 1437 1469 bon.
1456 1453 1556 1480 proscr.

1129 1487 1281 1519 Sponte.
1322 1486 1353 1519 ᾖ.
1378 1487 1412 1512 1.
1437 1487 1553 1512 Libero
1578 1488 1730 1512 arbitrio.
1773 1486 1791 1512 1.
1814 1488 1875 1520 Sy.
1898 1485 1940 1512 Ex

1095 1528 1237 1554 voluntate.
1259 1528 1343 1555 Vltro.
1369 1528 1397 1554 fr.
1420 1530 1441 1554 1.
1466 1529 1487 1562 9.
1510 1530 1532 1554 1.
1557 1528 1587 1554 fr.
1607 1530 1630 1554 6.
1655 1528 1688 1554 de
1707 1528 1786 1555 feriis
1811 1531 1834 1554 2.
1857 1530 1896 1554 12.
1917 1538 1938 1555 c.

1094 1574 1136 1598 20.
1156 1572 1188 1597 de
1208 1571 1238 1597 N.
1259 1571 1290 1597 G.
1310 1573 1334 1597 2.
1357 1573 1395 1597 19.
1432 1570 1462 1597 Π.
1479 1573 1545 1604 ΟΡ.
1566 1570 1617 1597 Sua
1637 1576 1739 1607 sponte.
1761 1587 1792 1590 —
1813 1571 1939 1608 Compul-

1095 1624 1148 1640 sns.
1169 1614 1256 1640 iudice
1276 1615 1432 1640 imminente.
1471 1614 1609 1640 Mandante
1630 1614 1768 1646 (domino.)
1789 1613 1817 1640 fr.
1838 1616 1861 1640 3.
1877 1614 1899 1647 §.
1915 1615 1938 1640 1.

1096 1657 1127 1684 de
1147 1657 1217 1693 legit.
1237 1662 1284 1683 tut.
1304 1658 1345 1683 26.
1365 1660 1388 1683 4.
1410 1657 1438 1682 l'r.
1453 1658 1494 1683 84.
1510 1657 1531 1690 9.
1548 1659 1586 1682 13.
1601 1656 1633 1682 de
1647 1656 1723 1692 legat.
1739 1657 1755 1682 1.
1771 1658 1837 1688 (30.)
1854 1656 1881 1682 fr.
1896 1658 1938 1683 42.

1096 1701 1117 1733 §.
1139 1702 1160 1726 1.
1185 1700 1217 1726 de
1241 1700 1270 1726 A.
1292 1709 1315 1725 v.
1335 1700 1365 1725 A.
1386 1699 1413 1726 P.
1434 1702 1474 1725 41.
1495 1702 1518 1726 2.
1543 1699 1626 1725 lnssu.
1653 1699 1683 1725 l'r.
1703 1702 1726 1725 2.
1747 1709 1786 1735 sq.
1814 1700 1844 1726 ad
1870 1700 1896 1725 S.
1906 1699 1938 1726 C.

1096 1743 1175 1769 Treb.
1193 1743 1234 1768 36.
1258 1744 1278 1767 l.
1299 1741 1327 1768 fr.
1349 1744 1390 1768 54.
1410 1753 1448 1779 pr.
1468 1742 1500 1768 de
1520 1742 1550 1768 A.
1571 1741 1601 1768 R.
1623 1742 1654 1768 l).
1675 1744 1715 1768 41.
1735 1745 1752 1767 1.
1774 1742 1938 1769 Necessarie.

1096 1785 1137 1812 Cf.
1163 1785 1186 1811 h.
1211 1795 1233 1811 V.
1271 1784 1313 1811 111.
1334 1786 1400 1812 Cn.
1426 1785 1492 1820 Qui,
1517 1786 1579 1811 citra
1604 1784 1764 1812 mandatnm.
1785 1800 1817 1804 —-
1843 1790 1938 1822 sponte

1094 1830 1167 1863 gerit.
1192 1838 1212 1854 c.
1232 1830 1273 1853 20.
1299 1827 1331 1854 de
1355 1827 1386 1854 N.
1411 1828 1442 1854 G.
1468 1830 1491 1854 2.
1515 1830 1553 1854 19.
1591 1828 1659 1854 Cum
1683 1838 1734 1853 non
1760 1834 1855 1864 sponte
1880 1837 1938 1854 eum

1072 1893 1073 1900 ,
1094 1871 1224 1907 legatariis
1244 1871 1382 1897 contraxit.
1407 1870 1437 1897 fr.
1459 1872 1497 1897 19.
1523 1881 1561 1907 pr.
1591 1870 1624 1896 de
1648 1870 1678 1896 li.
1700 1870 1717 1896 1.
1738 1873 1780 1896 5⁰.
1805 1873 1843 1896 17.
1881 1871 1936 1897 Sua

1095 1919 1190 1951 sponte
1208 1912 1326 1946 (facere.)
1347 1913 1418 1939 Paul.
1438 1912 1470 1940 V.
1489 1915 1530 1939 22.
1559 1913 1576 1939 ”.
1595 1915 1620 1939 2.
1649 1913 1750 1950 Sponte
1770 1915 1874 1950 propria
1895 1916 1937 1946 (se

1094 1957 1223 1989 deferre.)
1249 1955 1298 1982 Th.
1325 1955 1354 1982 C.
1380 1956 1423 1982 XI.
1452 1957 1491 1982 11.
1516 1966 1537 1982 c.
1563 1958 1584 1982 1.
1610 1966 1642 1982 ne
1661 1956 1746 1982 damn.
1766 1958 1883 1992 provinc.
1905 1972 1935 1976 —

1094 2001 1124 2033 ξ.
1141 2001 1176 2026 2.
1198 2001 1294 2026 Nullo
1314 2001 1474 2026 adiutore.
1510 1998 1553 2025 Ill.
1573 2000 1638 2026 Gn.
1660 1999 1722 2034 Qui,
1743 2005 1851 2035 propter
1870 2003 1937 2024 aeta-

1095 2048 1158 2074 tem,
1183 2047 1279 2079 sponte
1304 2051 1332 2067 se
1357 2041 1498 2068 defendere
1523 2043 1620 2078 nequit.
1645 2041 1676 2067 fr.
1699 2044 1719 2067 l.
1746 2052 1785 2078 pr.
1810 2041 1841 2067 dc
1863 2040 1934 2067 tutel.

1093 2086 1134 2111 26.
1156 2087 1178 2110 l.

1129 2128 1276 2160 Sporta.
1317 2128 1377 2153 l’as
1397 2129 1502 2161 quali,
1523 2127 1549 2160 (e
1568 2128 1664 2153 vimine
1683 2132 1724 2153 ant
1746 2127 1857 2163 sparto.)
1893 2125 1934 2152 Ill.

1096 2171 1161 2198 Gn.
1186 2169 1332 2201 Frumenti,
1358 2169 1516 2206 leguminum
1541 2169 1643 2201 thecae,
1667 2169 1770 2196 arcolae
1789 2168 1870 2201 sorte,
1893 2168 1935 2195 vel

1094 2217 1207 2250 sportae..
1228 2212 1257 2238 fr.
1277 2215 1301 2239 3.
1322 2213 1343 2246 9.
1364 2215 1403 2239 11.
1425 2213 1456 2239 de
1476 2222 1545 2249 penu
1564 2212 1613 2248 leg.
1632 2214 1673 2238 33.
1694 2214 1718 2238 9.

1128 2256 1317 2288 Sportula.
1354 2256 1385 2289 ξ.
1405 2257 1440 2281 l.
1462 2257 1583 2288 Stipes,
1604 2256 1774 2290 Eragatio.
1810 2253 1852 2280 III.
1868 2254 1934 2280 Gn.

1095 2297 1206 2324 Nomine
1230 2308 1379 2330 munerum,
1403 2298 1444 2324 vel
1469 2297 1617 2334 sportulae,
1641 2298 1785 2334 percipere.
1828 2295 1877 2322 Th.
1902 2295 1933 2322 C.

1095 2340 1160 2367 Vlll.
1181 2343 1204 2367 4.
1219 2351 1239 2367 c.
1258 2342 1280 2366 6.
1301 2341 1333 2367 de
1353 2340 1478 2367 cohortal.
1516 2339 1708 2377 Sportularum,
1728 2345 1753 2365 et
1772 2338 1934 2365 distributio-

1095 2394 1168 2415 num,
1197 2383 1356 2419 aliarnmqne
1384 2385 1559 2420 impensarum
1587 2384 1692 2409 nomine
1716 2398 1747 2401 -
1772 2390 1933 2408 consumere.

1071 2431 1073 2461 ζ
1094 2427 1140 2453 Iul.
1155 2437 1195 2463 ep.
1215 2436 1274 2452 nov.
1295 2436 1316 2451 c.
1336 2428 1377 2452 98.
1401 2427 1421 2460 9.
1441 2428 1500 2453 359.
1526 2436 1546 2452 c.
1570 2427 1625 2451 124.
1645 2426 1666 2458 §.
1686 2426 1745 2450 556.
1771 2424 1811 2450 Cf.
1832 2423 1882 2449 Th.
1902 2422 1933 2449 C.

1072 2485 1073 2505 i
1094 2469 1152 2496 XV.
1172 2471 1195 2495 9.
1216 2479 1236 2495 c.
1258 2470 1279 2494 1.
1299 2478 1337 2504 pr.
1358 2469 1378 2502 9.
1401 2471 1422 2496 1.
1442 2469 1474 2496 de
1493 2478 1600 2506 expens.
1620 2467 1704 2494 ludor.
1733 2465 1873 2503 Sportulas
1892 2465 1934 2492 de-

1072 2520 1073 2525 *
1095 2513 1229 2538 curionum
1248 2512 1374 2548 accipere.
1394 2511 1424 2538 fr.
1444 2513 1468 2538 6.
1487 2513 1508 2546 §.
1532 2513 1552 2537 1.
1573 2511 1605 2537 de
1619 2510 1705 2536 decur.
1725 2511 1766 2534 50.
1779 2511 1803 2535 2.
1819 2508 1850 2534 cf.
1865 2508 1895 2534 fr.
1908 2510 1933 2535 5.

1095 2555 1117 2588 9.
1139 2556 1177 2580 17.
1197 2553 1229 2580 (le
1249 2553 1308 2579 don.
1328 2555 1373 2580 int.
1394 2554 1424 2581 V.
1444 2557 1485 2581 ¹24.
1509 2556 1530 2580 1.
1568 2553 1710 2583 Aedilicia,
1735 2561 1847 2588 quorum
1865 2551 1933 2577 redi-

1073 2600 1074 2631 }
1096 2602 1137 2623 tus
1157 2596 1291 2633 sportulae
1310 2602 1371 2623 sunt
1390 2597 1504 2623 relictae.
1525 2596 1554 2622 fr.
1572 2598 1626 2622 120.
1642 2605 1680 2632 pr.
1695 2594 1727 2621 de
1742 2594 1818 2630 legat.
1832 2593 1849 2620 Ι.
1864 2594 1932 2627 (30.)

1097 2655 1128 2659 -
1149 2639 1179 2672 §·
1199 2640 1235 2665 2.
1259 2640 1442 2673 Expensae,
1459 2650 1518 2674 pro
1537 2641 1599 2665 lite
1618 2644 1674 2665 aut
1692 2639 1867 2664 exactione
1885 2639 1932 2663 de-

1073 2680 1075 2708 l
1095 2684 1283 2716 pendendae.
1320 2681 1362 2708 III.
1383 2682 1450 2709 Gn.
1471 2681 1624 2718 Sportulae,
1645 2685 1671 2707 et.
1689 2680 1773 2706 litium
1793 2689 1932 2716 expensae.

1074 2740 1075 2756 ;
1098 2735 1118 2751 c.
1137 2727 1161 2750 2.
1182 2724 1214 2750 de
1234 2734 1354 2761 praepos.
1380 2729 1462 2760 agent.
1486 2725 1512 2750 in
1536 2723 1590 2749 reb.
1612 2725 1651 2749 12.
1670 2725 1712 2749 21.
1749 2721 1933 2759 Sportularum

1074 2784 1075 2804 χ
1098 2772 1123 2793 et
1148 2772 1279 2794 sumtuum
1302 2766 1407 2793 modum
1431 2766 1568 2792 moderari.
1592 2776 1613 2792 c.
1637 2767 1678 2792 29.
1703 2765 1724 2799 §.
1750 2767 1771 2792 l.
1796 2765 1828 2791 de
1851 2765 1931 2800 episc.

1073 2813 1075 2828 ¹
1098 2809 1154 2837 aud.
1182 2811 1204 2836 l.
1230 2811 1254 2836 4.
1278 2809 1345 2836 Nov.
1370 2810 1411 2835 82.
1437 2819 1457 2835 c.
1483 2810 1506 2835 7.
1530 2807 1577 2835 Iul.
1602 2818 1642 2846 ep.
1665 2818 1725 2834 nov.
1749 2818 1770 2834 c.
1792 2810 1830 2833 15.
1850 2807 1870 2840 9.
1890 2807 1931 2832 56-

1441 2852 1490 2877 114
