<?xml version="1.0" encoding="UTF-8"?>
<!DOCTYPE html PUBLIC "-//W3C//DTD XHTML 1.0 Transitional//EN"
    "http://www.w3.org/TR/xhtml1/DTD/xhtml1-transitional.dtd">
<html xmlns="http://www.w3.org/1999/xhtml" xml:lang="en" lang="en">
 <head>
  <title>
</title>
<meta http-equiv="Content-Type" content="text/html;charset=utf-8" />
  <meta name='ocr-system' content='tesseract 3.04.00' />
  <meta name='ocr-capabilities' content='ocr_page ocr_carea ocr_par ocr_line ocrx_word'/>
</head>
<body>
  <div class='ocr_page' id='page_1' title='image "./manualelatinitat00dirk_0334.png"; bbox 0 0 2197 3121; ppageno 0'>
   <div class='ocr_carea' id='block_1_1' title="bbox 285 187 350 218">
    <p class='ocr_par' dir='ltr' id='par_1_1' title="bbox 285 187 350 218">
     <span class='ocr_line' id='line_1_1' title="bbox 285 187 350 218; baseline -0.015 0"><span class='ocrx_word' id='word_1_1' title='bbox 285 187 350 218; x_wconf 78' lang='lat'>320</span> 
     </span>
    </p>
   </div>
   <div class='ocr_carea' id='block_1_2' title="bbox 286 263 1134 301">
    <p class='ocr_par' dir='ltr' id='par_1_2' title="bbox 286 263 1134 301">
     <span class='ocr_line' id='line_1_2' title="bbox 286 263 1134 301; baseline -0.007 -5"><span class='ocrx_word' id='word_1_2' title='bbox 286 275 351 301; x_wconf 75' lang='lat' dir='ltr'>tus,</span> <span class='ocrx_word' id='word_1_3' title='bbox 377 270 506 295; x_wconf 82' lang='lat' dir='ltr'>Furtim</span> <span class='ocrx_word' id='word_1_4' title='bbox 534 269 742 301; x_wconf 66' lang='lat' dir='ltr'>impetratus.</span> <span class='ocrx_word' id='word_1_5' title='bbox 779 265 823 292; x_wconf 84' lang='lat'>111.</span> <span class='ocrx_word' id='word_1_6' title='bbox 840 266 907 293; x_wconf 73' lang='lat' dir='ltr'>Cn.</span> <span class='ocrx_word' id='word_1_7' title='bbox 926 264 976 291; x_wconf 77' lang='lat' dir='ltr'>vel</span> <span class='ocrx_word' id='word_1_8' title='bbox 996 263 1134 296; x_wconf 76' lang='lat' dir='ltr'>adfectata,</span> 
     </span>
    </p>
   </div>
   <div class='ocr_carea' id='block_1_3' title="bbox 287 305 1157 345">
    <p class='ocr_par' dir='ltr' id='par_1_3' title="bbox 287 305 1157 345">
     <span class='ocr_line' id='line_1_3' title="bbox 287 305 1157 345; baseline -0.006 -7"><span class='ocrx_word' id='word_1_9' title='bbox 287 311 329 338; x_wconf 82' lang='lat' dir='ltr'>vel</span> <span class='ocrx_word' id='word_1_10' title='bbox 349 310 508 337; x_wconf 79' lang='lat' dir='ltr'>emendicata</span> <span class='ocrx_word' id='word_1_11' title='bbox 530 310 626 341; x_wconf 75' lang='lat' dir='ltr'>(liuius</span> <span class='ocrx_word' id='word_1_12' title='bbox 648 309 759 335; x_wconf 77' lang='lat' dir='ltr'><strong>Ordinis</strong></span> <span class='ocrx_word' id='word_1_13' title='bbox 784 309 894 345; x_wconf 72' lang='lat' dir='ltr'>gratia.)</span> <span class='ocrx_word' id='word_1_14' title='bbox 932 307 969 334; x_wconf 85' lang='lat' dir='ltr'>lb.</span> <span class='ocrx_word' id='word_1_15' title='bbox 989 307 1047 334; x_wconf 83' lang='lat' dir='ltr'>XII.</span> <span class='ocrx_word' id='word_1_16' title='bbox 1069 308 1092 333; x_wconf 89' lang='lat'>1.</span> <span class='ocrx_word' id='word_1_17' title='bbox 1113 317 1133 333; x_wconf 88' lang='lat' dir='ltr'>c.</span> <span class='ocrx_word' id='word_1_18' title='bbox 1156 305 1157 316; x_wconf 63' lang='lat'>¹</span> 
     </span>
    </p>
   </div>
   <div class='ocr_carea' id='block_1_4' title="bbox 287 351 1136 431">
    <p class='ocr_par' dir='ltr' id='par_1_4' title="bbox 287 351 1136 431">
     <span class='ocr_line' id='line_1_4' title="bbox 290 351 1135 389; baseline -0.006 -8"><span class='ocrx_word' id='word_1_19' title='bbox 290 356 346 381; x_wconf 84' lang='grc'>129.</span> <span class='ocrx_word' id='word_1_20' title='bbox 367 353 399 380; x_wconf 68' lang='lat' dir='ltr'>de</span> <span class='ocrx_word' id='word_1_21' title='bbox 419 353 554 379; x_wconf 81' lang='lat' dir='ltr'>decurion.</span> <span class='ocrx_word' id='word_1_22' title='bbox 593 353 655 387; x_wconf 78' lang='lat' dir='ltr'>Qui.</span> <span class='ocrx_word' id='word_1_23' title='bbox 675 352 829 378; x_wconf 85' lang='lat' dir='ltr'>muneribus</span> <span class='ocrx_word' id='word_1_24' title='bbox 850 351 993 389; x_wconf 54' lang='lat' dir='ltr'>expeditis</span> <span class='ocrx_word' id='word_1_25' title='bbox 1014 360 1066 377; x_wconf 89' lang='lat' dir='ltr'>non</span> <span class='ocrx_word' id='word_1_26' title='bbox 1080 360 1135 386; x_wconf 81' lang='lat' dir='ltr'>gra-</span> 
     </span>
     <span class='ocr_line' id='line_1_5' title="bbox 287 392 1136 431; baseline -0.005 -8"><span class='ocrx_word' id='word_1_27' title='bbox 287 398 322 423; x_wconf 87' lang='lat' dir='ltr'>tia</span> <span class='ocrx_word' id='word_1_28' title='bbox 342 396 566 431; x_wconf 77' lang='lat' dir='ltr'>emendicatisque</span> <span class='ocrx_word' id='word_1_29' title='bbox 586 395 733 430; x_wconf 69' lang='lat' dir='ltr'>suffragiis,</span> <span class='ocrx_word' id='word_1_30' title='bbox 754 399 780 421; x_wconf 78' lang='lat' dir='ltr'>et</span> <span class='ocrx_word' id='word_1_31' title='bbox 799 394 890 421; x_wconf 87' lang='lat' dir='ltr'>labore</span> <span class='ocrx_word' id='word_1_32' title='bbox 909 394 1079 431; x_wconf 72' lang='lat' dir='ltr'>pervenerint</span> <span class='ocrx_word' id='word_1_33' title='bbox 1103 392 1136 420; x_wconf 77' lang='lat' dir='ltr'>ad</span> 
     </span>
    </p>
   </div>
   <div class='ocr_carea' id='block_1_5' title="bbox 287 431 1159 518">
    <p class='ocr_par' dir='ltr' id='par_1_5' title="bbox 287 431 1159 518">
     <span class='ocr_line' id='line_1_6' title="bbox 288 431 1159 474; baseline -0.006 -7"><span class='ocrx_word' id='word_1_34' title='bbox 288 446 335 467; x_wconf 79' lang='lat' dir='ltr'>ete.</span> <span class='ocrx_word' id='word_1_35' title='bbox 357 439 394 466; x_wconf 84' lang='lat' dir='ltr'>lb.</span> <span class='ocrx_word' id='word_1_36' title='bbox 415 439 431 466; x_wconf 93' lang='lat' dir='ltr'>l.</span> <span class='ocrx_word' id='word_1_37' title='bbox 453 439 468 465; x_wconf 91' lang='grc' dir='ltr'>Ι.</span> <span class='ocrx_word' id='word_1_38' title='bbox 490 449 510 464; x_wconf 88' lang='lat' dir='ltr'>c.</span> <span class='ocrx_word' id='word_1_39' title='bbox 532 440 572 464; x_wconf 85' lang='lat'>75.</span> <span class='ocrx_word' id='word_1_40' title='bbox 611 437 670 464; x_wconf 72' lang='lat' dir='ltr'>Nisi</span> <span class='ocrx_word' id='word_1_41' title='bbox 689 448 739 474; x_wconf 85' lang='lat' dir='ltr'>qua</span> <span class='ocrx_word' id='word_1_42' title='bbox 760 437 792 464; x_wconf 83' lang='lat' dir='ltr'>de</span> <span class='ocrx_word' id='word_1_43' title='bbox 812 438 910 464; x_wconf 89' lang='lat' dir='ltr'>nostris</span> <span class='ocrx_word' id='word_1_44' title='bbox 931 436 1068 469; x_wconf 80' lang='lat' dir='ltr'>altaribuS,</span> <span class='ocrx_word' id='word_1_45' title='bbox 1087 446 1136 474; x_wconf 85' lang='lat' dir='ltr'>per</span> <span class='ocrx_word' id='word_1_46' title='bbox 1156 431 1159 452; x_wconf 52' lang='grc' dir='ltr'>Ι</span> 
     </span>
     <span class='ocr_line' id='line_1_7' title="bbox 287 478 1157 518; baseline -0.005 -9"><span class='ocrx_word' id='word_1_47' title='bbox 287 483 491 509; x_wconf 82' lang='lat' dir='ltr'>adnotationem.</span> <span class='ocrx_word' id='word_1_48' title='bbox 511 480 554 507; x_wconf 80' lang='lat' dir='ltr'>vel</span> <span class='ocrx_word' id='word_1_49' title='bbox 574 482 746 518; x_wconf 77' lang='lat' dir='ltr'>rescriptum.</span> <span class='ocrx_word' id='word_1_50' title='bbox 767 480 809 507; x_wconf 83' lang='lat' dir='ltr'>vel</span> <span class='ocrx_word' id='word_1_51' title='bbox 829 479 949 517; x_wconf 85' lang='lat' dir='ltr'>quolibet</span> <span class='ocrx_word' id='word_1_52' title='bbox 969 489 1063 516; x_wconf 75' lang='lat' dir='ltr'>genere</span> <span class='ocrx_word' id='word_1_53' title='bbox 1083 478 1136 506; x_wconf 80' lang='lat' dir='ltr'>sue·</span> <span class='ocrx_word' id='word_1_54' title='bbox 1156 478 1157 482; x_wconf 45' lang='lat'>¹</span> 
     </span>
    </p>
   </div>
   <div class='ocr_carea' id='block_1_6' title="bbox 287 521 1138 857">
    <p class='ocr_par' dir='ltr' id='par_1_6' title="bbox 287 521 1138 857">
     <span class='ocr_line' id='line_1_8' title="bbox 288 521 1137 560; baseline -0.004 -9"><span class='ocrx_word' id='word_1_55' title='bbox 288 527 339 552; x_wconf 86' lang='lat' dir='ltr'>rint</span> <span class='ocrx_word' id='word_1_56' title='bbox 359 525 445 552; x_wconf 84' lang='lat' dir='ltr'>elicita</span> <span class='ocrx_word' id='word_1_57' title='bbox 466 523 507 550; x_wconf 69' lang='lat' dir='ltr'>vel</span> <span class='ocrx_word' id='word_1_58' title='bbox 528 523 698 551; x_wconf 83' lang='lat' dir='ltr'>emendicata.</span> <span class='ocrx_word' id='word_1_59' title='bbox 718 523 755 550; x_wconf 90' lang='grc'>11).</span> <span class='ocrx_word' id='word_1_60' title='bbox 770 522 841 550; x_wconf 69' lang='grc' dir='ltr'>ΧΙΥ.</span> <span class='ocrx_word' id='word_1_61' title='bbox 862 525 886 549; x_wconf 63' lang='grc'>4.</span> <span class='ocrx_word' id='word_1_62' title='bbox 907 533 929 549; x_wconf 83' lang='lat' dir='ltr'>c.</span> <span class='ocrx_word' id='word_1_63' title='bbox 944 524 967 549; x_wconf 87' lang='lat'>8.</span> <span class='ocrx_word' id='word_1_64' title='bbox 988 533 1027 560; x_wconf 88' lang='lat' dir='ltr'>pr.</span> <span class='ocrx_word' id='word_1_65' title='bbox 1048 521 1081 549; x_wconf 85' lang='lat' dir='ltr'>de</span> <span class='ocrx_word' id='word_1_66' title='bbox 1094 532 1137 548; x_wconf 86' lang='lat' dir='ltr'>su-</span> 
     </span>
     <span class='ocr_line' id='line_1_9' title="bbox 288 565 1137 603; baseline -0.004 -9"><span class='ocrx_word' id='word_1_67' title='bbox 288 579 322 595; x_wconf 85' lang='lat' dir='ltr'>ar.</span> <span class='ocrx_word' id='word_1_68' title='bbox 348 567 500 603; x_wconf 66' lang='lat' dir='ltr'>Insignibus</span> <span class='ocrx_word' id='word_1_69' title='bbox 520 566 707 594; x_wconf 74' lang='lat' dir='ltr'>Consularium</span> <span class='ocrx_word' id='word_1_70' title='bbox 732 566 902 593; x_wconf 73' lang='lat' dir='ltr'>emendicatis</span> <span class='ocrx_word' id='word_1_71' title='bbox 927 570 1006 602; x_wconf 84' lang='lat' dir='ltr'>atque</span> <span class='ocrx_word' id='word_1_72' title='bbox 1024 565 1137 592; x_wconf 88' lang='lat' dir='ltr'>adsimu-</span> 
     </span>
     <span class='ocr_line' id='line_1_10' title="bbox 288 608 1101 638; baseline -0.004 0"><span class='ocrx_word' id='word_1_73' title='bbox 288 612 384 638; x_wconf 76' lang='lat' dir='ltr'>laticiis</span> <span class='ocrx_word' id='word_1_74' title='bbox 405 611 562 637; x_wconf 66' lang='lat' dir='ltr'>vestiuntur.</span> <span class='ocrx_word' id='word_1_75' title='bbox 583 610 620 636; x_wconf 86' lang='lat' dir='ltr'>lb.</span> <span class='ocrx_word' id='word_1_76' title='bbox 641 610 685 637; x_wconf 58' lang='lat' dir='ltr'>tl.</span> <span class='ocrx_word' id='word_1_77' title='bbox 705 612 746 636; x_wconf 88' lang='grc'>22.</span> <span class='ocrx_word' id='word_1_78' title='bbox 768 621 788 636; x_wconf 92' lang='lat' dir='ltr'>c.</span> <span class='ocrx_word' id='word_1_79' title='bbox 808 612 832 636; x_wconf 86' lang='lat'>5.</span> <span class='ocrx_word' id='word_1_80' title='bbox 853 609 884 636; x_wconf 79' lang='grc' dir='ltr'>(1(Ι</span> <span class='ocrx_word' id='word_1_81' title='bbox 903 609 996 635; x_wconf 89' lang='lat' dir='ltr'>honor.</span> <span class='ocrx_word' id='word_1_82' title='bbox 1018 608 1101 635; x_wconf 87' lang='lat' dir='ltr'>codic.</span> 
     </span>
     <span class='ocr_line' id='line_1_11' title="bbox 323 653 1136 687; baseline -0.004 -6"><span class='ocrx_word' id='word_1_83' title='bbox 323 656 523 681; x_wconf 73' lang='lat' dir='ltr'>Emensus.</span> <span class='ocrx_word' id='word_1_84' title='bbox 561 653 690 687; x_wconf 84' lang='lat' dir='ltr'>(Partic.)</span> <span class='ocrx_word' id='word_1_85' title='bbox 734 655 916 684; x_wconf 67' lang='lat' dir='ltr'>occursus,</span> <span class='ocrx_word' id='word_1_86' title='bbox 946 654 1136 679; x_wconf 67' lang='lat' dir='ltr'>Absolutus.</span> 
     </span>
     <span class='ocr_line' id='line_1_12' title="bbox 288 695 1138 732; baseline -0.004 -8"><span class='ocrx_word' id='word_1_87' title='bbox 288 697 328 724; x_wconf 92' lang='grc'>111.</span> <span class='ocrx_word' id='word_1_88' title='bbox 356 698 421 725; x_wconf 73' lang='lat' dir='ltr'>Cn.</span> <span class='ocrx_word' id='word_1_89' title='bbox 442 696 506 723; x_wconf 74' lang='lat' dir='ltr'>Post</span> <span class='ocrx_word' id='word_1_90' title='bbox 526 706 661 723; x_wconf 83' lang='lat' dir='ltr'>emensum</span> <span class='ocrx_word' id='word_1_91' title='bbox 681 695 795 722; x_wconf 79' lang='lat' dir='ltr'>fideliter</span> <span class='ocrx_word' id='word_1_92' title='bbox 819 696 990 732; x_wconf 79' lang='lat' dir='ltr'><strong>obsequium,</strong></span> <span class='ocrx_word' id='word_1_93' title='bbox 1012 700 1075 732; x_wconf 87' lang='lat' dir='ltr'>post</span> <span class='ocrx_word' id='word_1_94' title='bbox 1094 695 1138 722; x_wconf 85' lang='lat' dir='ltr'>de-</span> 
     </span>
     <span class='ocr_line' id='line_1_13' title="bbox 288 737 1138 778; baseline -0.004 -11"><span class='ocrx_word' id='word_1_95' title='bbox 288 742 375 778; x_wconf 79' lang='lat' dir='ltr'>posita</span> <span class='ocrx_word' id='word_1_96' title='bbox 397 744 558 767; x_wconf 78' lang='lat' dir='ltr'>sacramenta</span> <span class='ocrx_word' id='word_1_97' title='bbox 578 739 693 765; x_wconf 82' lang='lat' dir='ltr'>militiae.</span> <span class='ocrx_word' id='word_1_98' title='bbox 714 737 764 764; x_wconf 81' lang='lat' dir='ltr'>Th.</span> <span class='ocrx_word' id='word_1_99' title='bbox 785 738 816 765; x_wconf 85' lang='lat' dir='ltr'>C.</span> <span class='ocrx_word' id='word_1_100' title='bbox 832 737 875 765; x_wconf 46' lang='lat'>1‘1.</span> <span class='ocrx_word' id='word_1_101' title='bbox 895 740 936 765; x_wconf 81' lang='grc'>23.</span> <span class='ocrx_word' id='word_1_102' title='bbox 958 749 979 765; x_wconf 91' lang='lat' dir='ltr'>c.</span> <span class='ocrx_word' id='word_1_103' title='bbox 1001 740 1022 764; x_wconf 95' lang='lat' dir='ltr'>l.</span> <span class='ocrx_word' id='word_1_104' title='bbox 1043 738 1076 764; x_wconf 71' lang='lat' dir='ltr'>de</span> <span class='ocrx_word' id='word_1_105' title='bbox 1095 738 1138 764; x_wconf 89' lang='lat' dir='ltr'>de-</span> 
     </span>
     <span class='ocr_line' id='line_1_14' title="bbox 288 780 1137 818; baseline -0.002 -9"><span class='ocrx_word' id='word_1_106' title='bbox 288 793 341 810; x_wconf 90' lang='lat' dir='ltr'>cur.</span> <span class='ocrx_word' id='word_1_107' title='bbox 369 787 394 809; x_wconf 86' lang='lat' dir='ltr'>et</span> <span class='ocrx_word' id='word_1_108' title='bbox 419 782 507 809; x_wconf 83' lang='lat' dir='ltr'>silent.</span> <span class='ocrx_word' id='word_1_109' title='bbox 549 783 619 808; x_wconf 67' lang='lat' dir='ltr'>Ante</span> <span class='ocrx_word' id='word_1_110' title='bbox 643 781 773 818; x_wconf 78' lang='lat' dir='ltr'>stipendia</span> <span class='ocrx_word' id='word_1_111' title='bbox 799 792 911 808; x_wconf 83' lang='lat' dir='ltr'>emensa.</span> <span class='ocrx_word' id='word_1_112' title='bbox 937 781 974 807; x_wconf 91' lang='lat' dir='ltr'>lb.</span> <span class='ocrx_word' id='word_1_113' title='bbox 994 780 1051 811; x_wconf 80' lang='lat' dir='ltr'>VII.</span> <span class='ocrx_word' id='word_1_114' title='bbox 1074 783 1095 808; x_wconf 97' lang='lat' dir='ltr'>l.</span> <span class='ocrx_word' id='word_1_115' title='bbox 1116 792 1137 807; x_wconf 93' lang='lat' dir='ltr'>c.</span> 
     </span>
     <span class='ocr_line' id='line_1_15' title="bbox 287 824 1137 857; baseline -0.002 -4"><span class='ocrx_word' id='word_1_116' title='bbox 287 829 312 853; x_wconf 72' lang='lat'>4.</span> <span class='ocrx_word' id='word_1_117' title='bbox 332 825 365 852; x_wconf 75' lang='lat' dir='ltr'>de</span> <span class='ocrx_word' id='word_1_118' title='bbox 385 825 416 852; x_wconf 81' lang='lat' dir='ltr'>R.</span> <span class='ocrx_word' id='word_1_119' title='bbox 431 826 464 852; x_wconf 78' lang='lat' dir='ltr'>M.</span> <span class='ocrx_word' id='word_1_120' title='bbox 484 826 606 851; x_wconf 85' lang='lat' dir='ltr'>Emensis</span> <span class='ocrx_word' id='word_1_121' title='bbox 626 824 809 851; x_wconf 77' lang='lat' dir='ltr'>evectionibus</span> <span class='ocrx_word' id='word_1_122' title='bbox 829 824 955 857; x_wconf 88' lang='lat' dir='ltr'>(dandam</span> <span class='ocrx_word' id='word_1_123' title='bbox 974 824 1137 851; x_wconf 87' lang='lat' dir='ltr'>commeandi</span> 
     </span>
    </p>
   </div>
   <div class='ocr_carea' id='block_1_7' title="bbox 288 867 1160 905">
    <p class='ocr_par' dir='ltr' id='par_1_7' title="bbox 288 867 1160 905">
     <span class='ocr_line' id='line_1_16' title="bbox 288 867 1160 905; baseline -0.001 -10"><span class='ocrx_word' id='word_1_124' title='bbox 288 868 460 900; x_wconf 73' lang='lat' dir='ltr'>facultatem.)</span> <span class='ocrx_word' id='word_1_125' title='bbox 487 868 522 894; x_wconf 89' lang='lat' dir='ltr'>lb.</span> <span class='ocrx_word' id='word_1_126' title='bbox 545 867 611 893; x_wconf 68' lang='lat' dir='ltr'>Ylll.</span> <span class='ocrx_word' id='word_1_127' title='bbox 632 869 655 893; x_wconf 88' lang='lat'>5.</span> <span class='ocrx_word' id='word_1_128' title='bbox 677 877 698 893; x_wconf 92' lang='lat' dir='ltr'>c.</span> <span class='ocrx_word' id='word_1_129' title='bbox 718 869 760 893; x_wconf 92' lang='grc'>27.</span> <span class='ocrx_word' id='word_1_130' title='bbox 780 867 813 894; x_wconf 88' lang='lat' dir='ltr'>de</span> <span class='ocrx_word' id='word_1_131' title='bbox 833 878 912 894; x_wconf 86' lang='lat' dir='ltr'>cursu</span> <span class='ocrx_word' id='word_1_132' title='bbox 932 867 995 905; x_wconf 89' lang='lat' dir='ltr'>pub.</span> <span class='ocrx_word' id='word_1_133' title='bbox 1014 868 1137 894; x_wconf 79' lang='lat' dir='ltr'>Emensis</span> <span class='ocrx_word' id='word_1_134' title='bbox 1159 878 1160 885; x_wconf 64' lang='lat'>¹</span> 
     </span>
    </p>
   </div>
   <div class='ocr_carea' id='block_1_8' title="bbox 287 909 1138 1164">
    <p class='ocr_par' dir='ltr' id='par_1_8' title="bbox 287 909 1138 1164">
     <span class='ocr_line' id='line_1_17' title="bbox 291 909 1037 948; baseline -0.001 -10"><span class='ocrx_word' id='word_1_135' title='bbox 291 913 367 939; x_wconf 88' lang='lat' dir='ltr'>annis</span> <span class='ocrx_word' id='word_1_136' title='bbox 388 911 443 938; x_wconf 80' lang='lat' dir='ltr'>LX.</span> <span class='ocrx_word' id='word_1_137' title='bbox 464 911 500 937; x_wconf 87' lang='lat' dir='ltr'>lb.</span> <span class='ocrx_word' id='word_1_138' title='bbox 520 909 591 936; x_wconf 62' lang='lat' dir='ltr'>XVI.</span> <span class='ocrx_word' id='word_1_139' title='bbox 612 912 635 936; x_wconf 94' lang='grc'>2.</span> <span class='ocrx_word' id='word_1_140' title='bbox 656 920 678 936; x_wconf 89' lang='lat' dir='ltr'>c.</span> <span class='ocrx_word' id='word_1_141' title='bbox 697 912 739 936; x_wconf 88' lang='grc'>27.</span> <span class='ocrx_word' id='word_1_142' title='bbox 759 920 799 947; x_wconf 84' lang='lat' dir='ltr'>pr.</span> <span class='ocrx_word' id='word_1_143' title='bbox 819 910 852 937; x_wconf 90' lang='lat' dir='ltr'>de</span> <span class='ocrx_word' id='word_1_144' title='bbox 872 911 953 948; x_wconf 82' lang='lat' dir='ltr'>episc.</span> <span class='ocrx_word' id='word_1_145' title='bbox 974 910 1037 937; x_wconf 83' lang='lat' dir='ltr'>eccl.</span> 
     </span>
     <span class='ocr_line' id='line_1_18' title="bbox 323 952 1137 989; baseline -0.001 -7"><span class='ocrx_word' id='word_1_146' title='bbox 323 955 552 982; x_wconf 72' lang='lat' dir='ltr'>Ementitus.</span> <span class='ocrx_word' id='word_1_147' title='bbox 591 952 712 986; x_wconf 82' lang='lat' dir='ltr'>(Partic.)</span> <span class='ocrx_word' id='word_1_148' title='bbox 755 955 948 989; x_wconf 73' lang='lat' dir='ltr'>Confictus,</span> <span class='ocrx_word' id='word_1_149' title='bbox 973 956 1137 981; x_wconf 80' lang='lat' dir='ltr'>Commen-</span> 
     </span>
     <span class='ocr_line' id='line_1_19' title="bbox 289 995 1136 1034; baseline -0.002 -8"><span class='ocrx_word' id='word_1_150' title='bbox 289 1001 400 1026; x_wconf 75' lang='lat' dir='ltr'>ricius.</span> <span class='ocrx_word' id='word_1_151' title='bbox 437 997 467 1024; x_wconf 90' lang='grc'>11.</span> <span class='ocrx_word' id='word_1_152' title='bbox 489 998 553 1031; x_wconf 78' lang='grc' dir='ltr'>ΟΡ.</span> <span class='ocrx_word' id='word_1_153' title='bbox 570 995 648 1024; x_wconf 66' lang='lat' dir='ltr'>Vera.</span> <span class='ocrx_word' id='word_1_154' title='bbox 669 1012 701 1016; x_wconf 93' lang='lat'>—</span> <span class='ocrx_word' id='word_1_155' title='bbox 721 996 853 1023; x_wconf 81' lang='lat' dir='ltr'>Ementita</span> <span class='ocrx_word' id='word_1_156' title='bbox 872 997 1020 1034; x_wconf 82' lang='lat' dir='ltr'>(dignitas.)</span> <span class='ocrx_word' id='word_1_157' title='bbox 1039 997 1136 1024; x_wconf 81' lang='lat' dir='ltr'>1b.IX.</span> 
     </span>
     <span class='ocr_line' id='line_1_20' title="bbox 287 1039 1138 1068; baseline -0.001 0"><span class='ocrx_word' id='word_1_158' title='bbox 287 1045 312 1068; x_wconf 87' lang='grc'>2.</span> <span class='ocrx_word' id='word_1_159' title='bbox 333 1052 354 1068; x_wconf 89' lang='lat' dir='ltr'>c.</span> <span class='ocrx_word' id='word_1_160' title='bbox 374 1044 398 1067; x_wconf 93' lang='grc'>2.</span> <span class='ocrx_word' id='word_1_161' title='bbox 418 1040 451 1067; x_wconf 83' lang='lat' dir='ltr'>de</span> <span class='ocrx_word' id='word_1_162' title='bbox 471 1039 558 1066; x_wconf 81' lang='lat' dir='ltr'>exhib.</span> <span class='ocrx_word' id='word_1_163' title='bbox 579 1050 603 1065; x_wconf 79' lang='lat' dir='ltr'>v.</span> <span class='ocrx_word' id='word_1_164' title='bbox 624 1044 731 1066; x_wconf 88' lang='lat' dir='ltr'>transm.</span> <span class='ocrx_word' id='word_1_165' title='bbox 769 1039 812 1066; x_wconf 87' lang='lat'>111.</span> <span class='ocrx_word' id='word_1_166' title='bbox 827 1041 893 1068; x_wconf 74' lang='lat' dir='ltr'>Cn.</span> <span class='ocrx_word' id='word_1_167' title='bbox 914 1040 973 1067; x_wconf 72' lang='lat' dir='ltr'>Non</span> <span class='ocrx_word' id='word_1_168' title='bbox 993 1041 1072 1068; x_wconf 85' lang='lat' dir='ltr'>nudis</span> <span class='ocrx_word' id='word_1_169' title='bbox 1095 1040 1138 1067; x_wconf 86' lang='lat' dir='ltr'>ad-</span> 
     </span>
     <span class='ocr_line' id='line_1_21' title="bbox 289 1083 1138 1120; baseline -0.001 -9"><span class='ocrx_word' id='word_1_170' title='bbox 289 1083 514 1112; x_wconf 80' lang='lat' dir='ltr'>severationibus.</span> <span class='ocrx_word' id='word_1_171' title='bbox 540 1092 588 1109; x_wconf 83' lang='lat' dir='ltr'>nec</span> <span class='ocrx_word' id='word_1_172' title='bbox 614 1083 736 1109; x_wconf 82' lang='lat' dir='ltr'>ementita</span> <span class='ocrx_word' id='word_1_173' title='bbox 762 1083 944 1120; x_wconf 74' lang='lat' dir='ltr'>professione.</span> <span class='ocrx_word' id='word_1_174' title='bbox 964 1100 996 1103; x_wconf 98' lang='lat'><strong>—</strong></span> <span class='ocrx_word' id='word_1_175' title='bbox 1017 1084 1063 1111; x_wconf 85' lang='lat' dir='ltr'>sed</span> <span class='ocrx_word' id='word_1_176' title='bbox 1087 1094 1138 1110; x_wconf 87' lang='lat' dir='ltr'>ma-</span> 
     </span>
     <span class='ocr_line' id='line_1_22' title="bbox 290 1121 1084 1164; baseline -0.001 -9"><span class='ocrx_word' id='word_1_177' title='bbox 290 1129 414 1155; x_wconf 87' lang='lat' dir='ltr'>trimonio</span> <span class='ocrx_word' id='word_1_178' title='bbox 434 1127 550 1162; x_wconf 75' lang='lat' dir='ltr'>legitimo</span> <span class='ocrx_word' id='word_1_179' title='bbox 571 1121 700 1163; x_wconf 79' lang='lat' dir='ltr'>concepti.</span> <span class='ocrx_word' id='word_1_180' title='bbox 721 1136 742 1152; x_wconf 86' lang='lat' dir='ltr'>c.</span> <span class='ocrx_word' id='word_1_181' title='bbox 764 1128 803 1152; x_wconf 67' lang='lat'>1⁴.</span> <span class='ocrx_word' id='word_1_182' title='bbox 824 1126 857 1152; x_wconf 88' lang='lat' dir='ltr'>de</span> <span class='ocrx_word' id='word_1_183' title='bbox 877 1126 979 1164; x_wconf 86' lang='lat' dir='ltr'>probat.</span> <span class='ocrx_word' id='word_1_184' title='bbox 999 1129 1022 1154; x_wconf 70' lang='lat'>4.</span> <span class='ocrx_word' id='word_1_185' title='bbox 1044 1129 1084 1154; x_wconf 89' lang='grc'>19.</span> 
     </span>
    </p>
   </div>
   <div class='ocr_carea' id='block_1_9' title="bbox 288 1170 1161 1251">
    <p class='ocr_par' dir='ltr' id='par_1_9' title="bbox 288 1170 1161 1251">
     <span class='ocr_line' id='line_1_23' title="bbox 324 1170 1161 1204; baseline -0.002 -6"><span class='ocrx_word' id='word_1_186' title='bbox 324 1172 477 1198; x_wconf 76' lang='lat' dir='ltr'>Emere.</span> <span class='ocrx_word' id='word_1_187' title='bbox 516 1170 547 1202; x_wconf 78' lang='lat'>§-</span> <span class='ocrx_word' id='word_1_188' title='bbox 569 1170 604 1196; x_wconf 89' lang='lat' dir='ltr'>l.</span> <span class='ocrx_word' id='word_1_189' title='bbox 627 1171 877 1204; x_wconf 68' lang='lat' dir='ltr'>mancipatione</span> <span class='ocrx_word' id='word_1_190' title='bbox 897 1171 1161 1199; x_wconf 52' lang='lat' dir='ltr'>interveniente.</span> 
     </span>
     <span class='ocr_line' id='line_1_24' title="bbox 288 1207 1161 1251; baseline -0.003 -10"><span class='ocrx_word' id='word_1_191' title='bbox 288 1215 451 1248; x_wconf 81' lang='lat' dir='ltr'>consequi.</span> <span class='ocrx_word' id='word_1_192' title='bbox 490 1211 533 1238; x_wconf 84' lang='lat' dir='ltr'>III.</span> <span class='ocrx_word' id='word_1_193' title='bbox 565 1213 631 1240; x_wconf 75' lang='lat' dir='ltr'>Cn.</span> <span class='ocrx_word' id='word_1_194' title='bbox 663 1212 755 1238; x_wconf 83' lang='lat' dir='ltr'>Emtus</span> <span class='ocrx_word' id='word_1_195' title='bbox 776 1212 839 1239; x_wconf 79' lang='lat' dir='ltr'>mihi</span> <span class='ocrx_word' id='word_1_196' title='bbox 859 1217 899 1239; x_wconf 74' lang='lat' dir='ltr'>est</span> <span class='ocrx_word' id='word_1_197' title='bbox 927 1214 1022 1251; x_wconf 87' lang='lat' dir='ltr'>pretio.</span> <span class='ocrx_word' id='word_1_198' title='bbox 1060 1207 1161 1249; x_wconf 67' lang='lat' dir='ltr'>Isque}</span> 
     </span>
    </p>
   </div>
   <div class='ocr_carea' id='block_1_10' title="bbox 289 1255 1137 1291">
    <p class='ocr_par' dir='ltr' id='par_1_10' title="bbox 289 1255 1137 1291">
     <span class='ocr_line' id='line_1_25' title="bbox 289 1255 1137 1291; baseline -0.004 -7"><span class='ocrx_word' id='word_1_199' title='bbox 289 1257 353 1284; x_wconf 83' lang='lat' dir='ltr'>milii</span> <span class='ocrx_word' id='word_1_200' title='bbox 373 1261 457 1283; x_wconf 82' lang='lat' dir='ltr'>emtus</span> <span class='ocrx_word' id='word_1_201' title='bbox 478 1260 518 1281; x_wconf 81' lang='lat' dir='ltr'>est</span> <span class='ocrx_word' id='word_1_202' title='bbox 543 1255 593 1281; x_wconf 78' lang='lat' dir='ltr'>lioc</span> <span class='ocrx_word' id='word_1_203' title='bbox 618 1265 677 1281; x_wconf 70' lang='lat' dir='ltr'>aere,</span> <span class='ocrx_word' id='word_1_204' title='bbox 696 1265 828 1291; x_wconf 78' lang='lat' dir='ltr'>aeneaque</span> <span class='ocrx_word' id='word_1_205' title='bbox 848 1255 922 1282; x_wconf 86' lang='lat' dir='ltr'>libra.</span> <span class='ocrx_word' id='word_1_206' title='bbox 949 1256 1034 1283; x_wconf 57' lang='lat' dir='ltr'>tatic.</span> <span class='ocrx_word' id='word_1_207' title='bbox 1054 1256 1076 1290; x_wconf 88' lang='lat'>3.</span> <span class='ocrx_word' id='word_1_208' title='bbox 1096 1257 1137 1282; x_wconf 85' lang='lat'>50.</span> 
     </span>
    </p>
   </div>
   <div class='ocr_carea' id='block_1_11' title="bbox 290 1297 1161 1337">
    <p class='ocr_par' dir='ltr' id='par_1_11' title="bbox 290 1297 1161 1337">
     <span class='ocr_line' id='line_1_26' title="bbox 290 1297 1161 1337; baseline -0.002 -10"><span class='ocrx_word' id='word_1_209' title='bbox 290 1300 347 1327; x_wconf 90' lang='lat' dir='ltr'>Gai.</span> <span class='ocrx_word' id='word_1_210' title='bbox 370 1299 386 1325; x_wconf 95' lang='grc'>1.</span> <span class='ocrx_word' id='word_1_211' title='bbox 409 1300 466 1325; x_wconf 87' lang='grc'>119.</span> <span class='ocrx_word' id='word_1_212' title='bbox 487 1298 518 1324; x_wconf 91' lang='grc'>11.</span> <span class='ocrx_word' id='word_1_213' title='bbox 539 1300 596 1324; x_wconf 71' lang='grc'>104.</span> <span class='ocrx_word' id='word_1_214' title='bbox 635 1297 702 1324; x_wconf 81' lang='lat' dir='ltr'>Filio</span> <span class='ocrx_word' id='word_1_215' title='bbox 724 1298 836 1325; x_wconf 76' lang='lat' dir='ltr'>familiae</span> <span class='ocrx_word' id='word_1_216' title='bbox 856 1304 966 1332; x_wconf 73' lang='lat' dir='ltr'>emente,</span> <span class='ocrx_word' id='word_1_217' title='bbox 986 1304 1062 1337; x_wconf 82' lang='lat' dir='ltr'>pater</span> <span class='ocrx_word' id='word_1_218' title='bbox 1081 1299 1138 1325; x_wconf 88' lang='lat' dir='ltr'>eius</span> <span class='ocrx_word' id='word_1_219' title='bbox 1160 1299 1161 1304; x_wconf 54' lang='lat'>¹</span> 
     </span>
    </p>
   </div>
   <div class='ocr_carea' id='block_1_12' title="bbox 290 1340 1139 1551">
    <p class='ocr_par' dir='ltr' id='par_1_12' title="bbox 290 1340 1139 1551">
     <span class='ocr_line' id='line_1_27' title="bbox 290 1340 1139 1379; baseline -0.002 -10"><span class='ocrx_word' id='word_1_220' title='bbox 290 1343 367 1369; x_wconf 80' lang='lat' dir='ltr'>testis</span> <span class='ocrx_word' id='word_1_221' title='bbox 393 1352 451 1368; x_wconf 81' lang='lat' dir='ltr'>esse</span> <span class='ocrx_word' id='word_1_222' title='bbox 472 1351 524 1367; x_wconf 81' lang='lat' dir='ltr'>non</span> <span class='ocrx_word' id='word_1_223' title='bbox 544 1346 641 1378; x_wconf 86' lang='lat' dir='ltr'>potest.</span> <span class='ocrx_word' id='word_1_224' title='bbox 663 1340 723 1379; x_wconf 66' lang='lat' dir='ltr'>le.</span> <span class='ocrx_word' id='word_1_225' title='bbox 740 1342 800 1368; x_wconf 91' lang='lat' dir='ltr'>XX.</span> <span class='ocrx_word' id='word_1_226' title='bbox 820 1344 844 1368; x_wconf 68' lang='lat'>4.</span> <span class='ocrx_word' id='word_1_227' title='bbox 883 1342 1079 1369; x_wconf 85' lang='lat' dir='ltr'>Commercium</span> <span class='ocrx_word' id='word_1_228' title='bbox 1099 1346 1139 1368; x_wconf 87' lang='lat' dir='ltr'>est</span> 
     </span>
     <span class='ocr_line' id='line_1_28' title="bbox 290 1384 1138 1421; baseline -0.002 -8"><span class='ocrx_word' id='word_1_229' title='bbox 290 1385 393 1413; x_wconf 84' lang='lat' dir='ltr'>emendi</span> <span class='ocrx_word' id='word_1_230' title='bbox 414 1384 599 1421; x_wconf 76' lang='lat' dir='ltr'>vendendique</span> <span class='ocrx_word' id='word_1_231' title='bbox 619 1385 731 1410; x_wconf 62' lang='lat' dir='ltr'>invicem</span> <span class='ocrx_word' id='word_1_232' title='bbox 751 1385 800 1411; x_wconf 91' lang='lat' dir='ltr'>ius.</span> <span class='ocrx_word' id='word_1_233' title='bbox 821 1384 858 1411; x_wconf 89' lang='lat' dir='ltr'>lb.</span> <span class='ocrx_word' id='word_1_234' title='bbox 878 1385 950 1412; x_wconf 79' lang='lat' dir='ltr'>XIX.</span> <span class='ocrx_word' id='word_1_235' title='bbox 970 1387 994 1412; x_wconf 97' lang='lat'>5.</span> <span class='ocrx_word' id='word_1_236' title='bbox 1007 1386 1081 1419; x_wconf 78' lang='lat'>—§.</span> <span class='ocrx_word' id='word_1_237' title='bbox 1102 1386 1138 1411; x_wconf 68' lang='lat'>2.</span> 
     </span>
     <span class='ocr_line' id='line_1_29' title="bbox 291 1429 1138 1462; baseline -0.002 -6"><span class='ocrx_word' id='word_1_238' title='bbox 291 1430 437 1456; x_wconf 60' lang='lat' dir='ltr'>Mera-ari</span> <span class='ocrx_word' id='word_1_239' title='bbox 465 1438 528 1454; x_wconf 84' lang='lat' dir='ltr'>rem</span> <span class='ocrx_word' id='word_1_240' title='bbox 557 1429 713 1459; x_wconf 73' lang='lat' dir='ltr'>alterius,</span> <span class='ocrx_word' id='word_1_241' title='bbox 739 1430 850 1462; x_wconf 80' lang='lat' dir='ltr'>pretio</span> <span class='ocrx_word' id='word_1_242' title='bbox 880 1430 968 1455; x_wconf 73' lang='lat' dir='ltr'>iusto</span> <span class='ocrx_word' id='word_1_243' title='bbox 995 1430 1138 1455; x_wconf 70' lang='lat' dir='ltr'>interve-</span> 
     </span>
     <span class='ocr_line' id='line_1_30' title="bbox 290 1470 1137 1509; baseline -0.002 -10"><span class='ocrx_word' id='word_1_244' title='bbox 290 1474 408 1499; x_wconf 78' lang='lat' dir='ltr'>niente.</span> <span class='ocrx_word' id='word_1_245' title='bbox 428 1470 473 1504; x_wconf 78' lang='lat' dir='ltr'>(el&#39;.</span> <span class='ocrx_word' id='word_1_246' title='bbox 497 1481 521 1496; x_wconf 78' lang='lat' dir='ltr'>v.</span> <span class='ocrx_word' id='word_1_247' title='bbox 542 1470 668 1504; x_wconf 87' lang='lat' dir='ltr'>Emtum.)</span> <span class='ocrx_word' id='word_1_248' title='bbox 705 1470 723 1497; x_wconf 92' lang='grc'>1.</span> <span class='ocrx_word' id='word_1_249' title='bbox 745 1472 807 1505; x_wconf 73' lang='lat' dir='ltr'>Sy.</span> <span class='ocrx_word' id='word_1_250' title='bbox 845 1470 1015 1509; x_wconf 82' lang='lat' dir='ltr'>Comparare,</span> <span class='ocrx_word' id='word_1_251' title='bbox 1035 1470 1137 1497; x_wconf 83' lang='lat' dir='ltr'>Parare.</span> 
     </span>
     <span class='ocr_line' id='line_1_31' title="bbox 290 1512 1138 1551; baseline -0.001 -10"><span class='ocrx_word' id='word_1_252' title='bbox 290 1514 348 1541; x_wconf 89' lang='lat' dir='ltr'>Gai.</span> <span class='ocrx_word' id='word_1_253' title='bbox 369 1513 412 1540; x_wconf 73' lang='lat' dir='ltr'>lv.</span> <span class='ocrx_word' id='word_1_254' title='bbox 432 1515 474 1540; x_wconf 88' lang='grc'>27.</span> <span class='ocrx_word' id='word_1_255' title='bbox 494 1513 536 1540; x_wconf 80' lang='lat' dir='ltr'>Fr.</span> <span class='ocrx_word' id='word_1_256' title='bbox 557 1513 589 1540; x_wconf 74' lang='lat' dir='ltr'>(le</span> <span class='ocrx_word' id='word_1_257' title='bbox 608 1513 627 1540; x_wconf 93' lang='grc' dir='ltr'>Ι.</span> <span class='ocrx_word' id='word_1_258' title='bbox 648 1512 676 1540; x_wconf 87' lang='lat' dir='ltr'>F.</span> <span class='ocrx_word' id='word_1_259' title='bbox 701 1513 738 1547; x_wconf 90' lang='lat'>33.</span> <span class='ocrx_word' id='word_1_260' title='bbox 763 1515 787 1540; x_wconf 75' lang='lat'>8.</span> <span class='ocrx_word' id='word_1_261' title='bbox 812 1523 852 1551; x_wconf 79' lang='lat' dir='ltr'>sq.</span> <span class='ocrx_word' id='word_1_262' title='bbox 877 1514 908 1541; x_wconf 84' lang='lat' dir='ltr'>fr.</span> <span class='ocrx_word' id='word_1_263' title='bbox 934 1516 976 1541; x_wconf 83' lang='grc'>22.</span> <span class='ocrx_word' id='word_1_264' title='bbox 1001 1513 1035 1541; x_wconf 89' lang='lat' dir='ltr'>de</span> <span class='ocrx_word' id='word_1_265' title='bbox 1053 1513 1085 1540; x_wconf 82' lang='lat' dir='ltr'>N.</span> <span class='ocrx_word' id='word_1_266' title='bbox 1106 1513 1138 1540; x_wconf 92' lang='lat' dir='ltr'>G.</span> 
     </span>
    </p>
   </div>
   <div class='ocr_carea' id='block_1_13' title="bbox 289 1556 1139 1594">
    <p class='ocr_par' dir='ltr' id='par_1_13' title="bbox 289 1556 1139 1594">
     <span class='ocr_line' id='line_1_32' title="bbox 289 1556 1139 1594; baseline -0.001 -10"><span class='ocrx_word' id='word_1_267' title='bbox 289 1559 314 1584; x_wconf 84' lang='lat'>3.</span> <span class='ocrx_word' id='word_1_268' title='bbox 334 1559 357 1583; x_wconf 86' lang='lat'>5.</span> <span class='ocrx_word' id='word_1_269' title='bbox 395 1556 437 1583; x_wconf 93' lang='grc'>111.</span> <span class='ocrx_word' id='word_1_270' title='bbox 459 1558 525 1584; x_wconf 75' lang='lat' dir='ltr'>Cn.</span> <span class='ocrx_word' id='word_1_271' title='bbox 562 1556 627 1583; x_wconf 85' lang='lat' dir='ltr'>Eius</span> <span class='ocrx_word' id='word_1_272' title='bbox 648 1558 697 1590; x_wconf 86' lang='lat' dir='ltr'>(sc.</span> <span class='ocrx_word' id='word_1_273' title='bbox 717 1558 878 1594; x_wconf 70' lang='lat' dir='ltr'>possessio.)</span> <span class='ocrx_word' id='word_1_274' title='bbox 903 1559 945 1584; x_wconf 90' lang='lat' dir='ltr'>cui</span> <span class='ocrx_word' id='word_1_275' title='bbox 963 1557 1040 1584; x_wconf 83' lang='lat' dir='ltr'>heres</span> <span class='ocrx_word' id='word_1_276' title='bbox 1060 1558 1139 1584; x_wconf 78' lang='lat' dir='ltr'>exsti-</span> 
     </span>
    </p>
   </div>
   <div class='ocr_carea' id='block_1_14' title="bbox 290 1588 1161 1680">
    <p class='ocr_par' dir='ltr' id='par_1_14' title="bbox 290 1588 1161 1680">
     <span class='ocr_line' id='line_1_33' title="bbox 290 1588 1161 1637; baseline -0.001 -10"><span class='ocrx_word' id='word_1_277' title='bbox 290 1601 365 1627; x_wconf 74' lang='lat' dir='ltr'>terit.</span> <span class='ocrx_word' id='word_1_278' title='bbox 392 1601 502 1636; x_wconf 83' lang='lat' dir='ltr'>eiusque</span> <span class='ocrx_word' id='word_1_279' title='bbox 526 1610 539 1625; x_wconf 88' lang='lat' dir='ltr'>a</span> <span class='ocrx_word' id='word_1_280' title='bbox 565 1609 617 1635; x_wconf 84' lang='lat' dir='ltr'>quo</span> <span class='ocrx_word' id='word_1_281' title='bbox 642 1600 748 1631; x_wconf 87' lang='lat' dir='ltr'>emerit,</span> <span class='ocrx_word' id='word_1_282' title='bbox 772 1604 817 1626; x_wconf 81' lang='lat' dir='ltr'>aut</span> <span class='ocrx_word' id='word_1_283' title='bbox 836 1600 979 1627; x_wconf 81' lang='lat' dir='ltr'>donatione</span> <span class='ocrx_word' id='word_1_284' title='bbox 998 1601 1137 1637; x_wconf 83' lang='lat' dir='ltr'>acceperit.</span> <span class='ocrx_word' id='word_1_285' title='bbox 1160 1588 1161 1623; x_wconf 69' lang='grc' dir='ltr'>Ι</span> 
     </span>
     <span class='ocr_line' id='line_1_34' title="bbox 290 1634 1161 1680; baseline -0.002 -9"><span class='ocrx_word' id='word_1_286' title='bbox 290 1643 348 1671; x_wconf 69' lang='lat' dir='ltr'>Gai.</span> <span class='ocrx_word' id='word_1_287' title='bbox 368 1642 412 1669; x_wconf 67' lang='grc' dir='ltr'>Π,</span> <span class='ocrx_word' id='word_1_288' title='bbox 434 1644 492 1669; x_wconf 77' lang='lat'>151.</span> <span class='ocrx_word' id='word_1_289' title='bbox 518 1642 547 1668; x_wconf 73' lang='lat' dir='ltr'>fr.</span> <span class='ocrx_word' id='word_1_290' title='bbox 568 1643 591 1668; x_wconf 88' lang='lat'>6.</span> <span class='ocrx_word' id='word_1_291' title='bbox 617 1642 638 1676; x_wconf 62' lang='grc' dir='ltr'>ξ.</span> <span class='ocrx_word' id='word_1_292' title='bbox 658 1643 682 1668; x_wconf 87' lang='lat'>3.</span> <span class='ocrx_word' id='word_1_293' title='bbox 707 1641 740 1668; x_wconf 70' lang='lat' dir='ltr'>de</span> <span class='ocrx_word' id='word_1_294' title='bbox 760 1642 804 1669; x_wconf 77' lang='lat' dir='ltr'>off.</span> <span class='ocrx_word' id='word_1_295' title='bbox 824 1642 900 1669; x_wconf 69' lang='lat' dir='ltr'>proc.</span> <span class='ocrx_word' id='word_1_296' title='bbox 926 1648 952 1669; x_wconf 74' lang='lat' dir='ltr'>et</span> <span class='ocrx_word' id='word_1_297' title='bbox 970 1643 1032 1680; x_wconf 65' lang='lat' dir='ltr'>teg.</span> <span class='ocrx_word' id='word_1_298' title='bbox 1054 1645 1076 1670; x_wconf 91' lang='lat'>1.</span> <span class='ocrx_word' id='word_1_299' title='bbox 1098 1644 1137 1669; x_wconf 72' lang='grc' dir='ltr'>ιθ.</span> <span class='ocrx_word' id='word_1_300' title='bbox 1160 1634 1161 1643; x_wconf 74' lang='grc'>’</span> 
     </span>
    </p>
   </div>
   <div class='ocr_carea' id='block_1_15' title="bbox 289 1684 1139 1810">
    <p class='ocr_par' dir='ltr' id='par_1_15' title="bbox 289 1684 1139 1810">
     <span class='ocr_line' id='line_1_35' title="bbox 289 1684 1139 1723; baseline 0.001 -11"><span class='ocrx_word' id='word_1_301' title='bbox 289 1685 481 1716; x_wconf 75' lang='lat' dir='ltr'>Emendorum,</span> <span class='ocrx_word' id='word_1_302' title='bbox 502 1690 542 1711; x_wconf 81' lang='lat' dir='ltr'>aut</span> <span class='ocrx_word' id='word_1_303' title='bbox 564 1684 763 1712; x_wconf 82' lang='lat' dir='ltr'>vendendorum</span> <span class='ocrx_word' id='word_1_304' title='bbox 783 1686 1009 1723; x_wconf 80' lang='lat' dir='ltr'>(mancipiorum)</span> <span class='ocrx_word' id='word_1_305' title='bbox 1029 1687 1139 1713; x_wconf 82' lang='lat' dir='ltr'>societa-</span> 
     </span>
     <span class='ocr_line' id='line_1_36' title="bbox 290 1727 1138 1756; baseline 0 0"><span class='ocrx_word' id='word_1_306' title='bbox 290 1735 343 1756; x_wconf 87' lang='lat' dir='ltr'>tem</span> <span class='ocrx_word' id='word_1_307' title='bbox 364 1730 442 1755; x_wconf 87' lang='lat' dir='ltr'>coire.</span> <span class='ocrx_word' id='word_1_308' title='bbox 464 1727 521 1755; x_wconf 88' lang='lat' dir='ltr'>Gai.</span> <span class='ocrx_word' id='word_1_309' title='bbox 542 1727 584 1754; x_wconf 89' lang='grc'>111.</span> <span class='ocrx_word' id='word_1_310' title='bbox 607 1729 664 1754; x_wconf 66' lang='grc'>148.</span> <span class='ocrx_word' id='word_1_311' title='bbox 702 1727 732 1755; x_wconf 87' lang='lat' dir='ltr'>Si</span> <span class='ocrx_word' id='word_1_312' title='bbox 752 1729 817 1755; x_wconf 90' lang='lat' dir='ltr'>civis</span> <span class='ocrx_word' id='word_1_313' title='bbox 831 1728 862 1755; x_wconf 88' lang='lat' dir='ltr'>R.</span> <span class='ocrx_word' id='word_1_314' title='bbox 883 1739 896 1755; x_wconf 88' lang='lat' dir='ltr'>a</span> <span class='ocrx_word' id='word_1_315' title='bbox 911 1730 968 1756; x_wconf 83' lang='lat' dir='ltr'>cive</span> <span class='ocrx_word' id='word_1_316' title='bbox 981 1729 1013 1756; x_wconf 82' lang='lat' dir='ltr'>R.</span> <span class='ocrx_word' id='word_1_317' title='bbox 1034 1739 1138 1756; x_wconf 90' lang='lat' dir='ltr'>servum</span> 
     </span>
     <span class='ocr_line' id='line_1_37' title="bbox 292 1770 1138 1810; baseline 0.001 -12"><span class='ocrx_word' id='word_1_318' title='bbox 292 1773 392 1803; x_wconf 77' lang='lat' dir='ltr'>emerit,</span> <span class='ocrx_word' id='word_1_319' title='bbox 411 1773 487 1808; x_wconf 79' lang='lat' dir='ltr'>isque</span> <span class='ocrx_word' id='word_1_320' title='bbox 507 1770 618 1797; x_wconf 88' lang='lat' dir='ltr'>traditus</span> <span class='ocrx_word' id='word_1_321' title='bbox 639 1772 662 1797; x_wconf 84' lang='lat' dir='ltr'>ei</span> <span class='ocrx_word' id='word_1_322' title='bbox 681 1772 729 1800; x_wconf 82' lang='lat' dir='ltr'>sit.</span> <span class='ocrx_word' id='word_1_323' title='bbox 756 1782 841 1808; x_wconf 80' lang='lat' dir='ltr'>neque</span> <span class='ocrx_word' id='word_1_324' title='bbox 865 1776 951 1799; x_wconf 88' lang='lat' dir='ltr'>tamen</span> <span class='ocrx_word' id='word_1_325' title='bbox 975 1773 1138 1810; x_wconf 83' lang='lat' dir='ltr'>mancipatus</span> 
     </span>
    </p>
   </div>
   <div class='ocr_carea' id='block_1_16' title="bbox 292 1815 1162 1853">
    <p class='ocr_par' dir='ltr' id='par_1_16' title="bbox 292 1815 1162 1853">
     <span class='ocr_line' id='line_1_38' title="bbox 292 1815 1162 1853; baseline 0 -11"><span class='ocrx_word' id='word_1_326' title='bbox 292 1816 324 1842; x_wconf 86' lang='lat' dir='ltr'>ei.</span> <span class='ocrx_word' id='word_1_327' title='bbox 345 1825 430 1851; x_wconf 86' lang='lat' dir='ltr'>neque</span> <span class='ocrx_word' id='word_1_328' title='bbox 450 1815 476 1840; x_wconf 94' lang='lat' dir='ltr'>in</span> <span class='ocrx_word' id='word_1_329' title='bbox 500 1815 556 1840; x_wconf 88' lang='lat' dir='ltr'>iure</span> <span class='ocrx_word' id='word_1_330' title='bbox 576 1824 683 1846; x_wconf 75' lang='lat' dir='ltr'>cessus,</span> <span class='ocrx_word' id='word_1_331' title='bbox 710 1825 796 1851; x_wconf 84' lang='lat' dir='ltr'>neque</span> <span class='ocrx_word' id='word_1_332' title='bbox 816 1815 847 1841; x_wconf 89' lang='lat' dir='ltr'>ab</span> <span class='ocrx_word' id='word_1_333' title='bbox 867 1816 926 1853; x_wconf 89' lang='lat' dir='ltr'>ipso</span> <span class='ocrx_word' id='word_1_334' title='bbox 946 1826 1014 1842; x_wconf 87' lang='lat' dir='ltr'>anno</span> <span class='ocrx_word' id='word_1_335' title='bbox 1033 1825 1140 1853; x_wconf 85' lang='lat' dir='ltr'>posses·</span> <span class='ocrx_word' id='word_1_336' title='bbox 1160 1815 1162 1825; x_wconf 63' lang='lat'>¹</span> 
     </span>
    </p>
   </div>
   <div class='ocr_carea' id='block_1_17' title="bbox 292 1856 1141 1981">
    <p class='ocr_par' dir='ltr' id='par_1_17' title="bbox 292 1856 1141 1981">
     <span class='ocr_line' id='line_1_39' title="bbox 292 1856 1141 1894; baseline 0.001 -10"><span class='ocrx_word' id='word_1_337' title='bbox 292 1867 339 1884; x_wconf 87' lang='lat' dir='ltr'>sus</span> <span class='ocrx_word' id='word_1_338' title='bbox 359 1858 400 1883; x_wconf 79' lang='lat' dir='ltr'>sit.</span> <span class='ocrx_word' id='word_1_339' title='bbox 434 1857 496 1894; x_wconf 61' lang='lat' dir='ltr'>Ylp.</span> <span class='ocrx_word' id='word_1_340' title='bbox 516 1856 535 1882; x_wconf 92' lang='lat' dir='ltr'>I.</span> <span class='ocrx_word' id='word_1_341' title='bbox 558 1858 596 1883; x_wconf 88' lang='grc'>16.</span> <span class='ocrx_word' id='word_1_342' title='bbox 617 1856 648 1883; x_wconf 81' lang='lat' dir='ltr'>cs.</span> <span class='ocrx_word' id='word_1_343' title='bbox 681 1857 739 1884; x_wconf 88' lang='lat' dir='ltr'>Gai.</span> <span class='ocrx_word' id='word_1_344' title='bbox 759 1857 803 1885; x_wconf 79' lang='lat' dir='ltr'>IV.</span> <span class='ocrx_word' id='word_1_345' title='bbox 824 1860 865 1885; x_wconf 82' lang='lat'>36.</span> <span class='ocrx_word' id='word_1_346' title='bbox 887 1859 945 1886; x_wconf 81' lang='lat'>126.</span> <span class='ocrx_word' id='word_1_347' title='bbox 983 1858 1013 1885; x_wconf 92' lang='lat' dir='ltr'>Si</span> <span class='ocrx_word' id='word_1_348' title='bbox 1032 1858 1141 1886; x_wconf 76' lang='lat' dir='ltr'>fundum</span> 
     </span>
     <span class='ocr_line' id='line_1_40' title="bbox 293 1900 1140 1938; baseline 0.001 -11"><span class='ocrx_word' id='word_1_349' title='bbox 293 1900 438 1937; x_wconf 75' lang='lat' dir='ltr'>litigiosum</span> <span class='ocrx_word' id='word_1_350' title='bbox 462 1901 548 1926; x_wconf 83' lang='lat' dir='ltr'>sciens</span> <span class='ocrx_word' id='word_1_351' title='bbox 573 1910 585 1926; x_wconf 83' lang='lat' dir='ltr'>a</span> <span class='ocrx_word' id='word_1_352' title='bbox 612 1910 664 1926; x_wconf 91' lang='lat' dir='ltr'>uon</span> <span class='ocrx_word' id='word_1_353' title='bbox 687 1901 843 1938; x_wconf 75' lang='lat' dir='ltr'>possidente</span> <span class='ocrx_word' id='word_1_354' title='bbox 869 1903 976 1930; x_wconf 84' lang='lat' dir='ltr'>emeriS.</span> <span class='ocrx_word' id='word_1_355' title='bbox 996 1912 1107 1938; x_wconf 87' lang='lat' dir='ltr'>eumque</span> <span class='ocrx_word' id='word_1_356' title='bbox 1126 1912 1140 1928; x_wconf 84' lang='lat' dir='ltr'>a</span> 
     </span>
     <span class='ocr_line' id='line_1_41' title="bbox 292 1942 1139 1981; baseline 0.002 -12"><span class='ocrx_word' id='word_1_357' title='bbox 292 1943 448 1981; x_wconf 67' lang='lat' dir='ltr'>possidente</span> <span class='ocrx_word' id='word_1_358' title='bbox 474 1948 556 1980; x_wconf 76' lang='lat' dir='ltr'>petas.</span> <span class='ocrx_word' id='word_1_359' title='bbox 584 1942 619 1969; x_wconf 83' lang='lat' dir='ltr'>ib.</span> <span class='ocrx_word' id='word_1_360' title='bbox 644 1943 689 1969; x_wconf 74' lang='lat' dir='ltr'>IV.</span> <span class='ocrx_word' id='word_1_361' title='bbox 716 1946 772 1970; x_wconf 94' lang='lat'>117.</span> <span class='ocrx_word' id='word_1_362' title='bbox 811 1944 866 1980; x_wconf 78' lang='lat' dir='ltr'>Qui</span> <span class='ocrx_word' id='word_1_363' title='bbox 890 1944 1003 1971; x_wconf 86' lang='lat' dir='ltr'>hostiam</span> <span class='ocrx_word' id='word_1_364' title='bbox 1023 1946 1139 1976; x_wconf 75' lang='lat' dir='ltr'>emisset,</span> 
     </span>
    </p>
   </div>
   <div class='ocr_carea' id='block_1_18' title="bbox 293 1985 1163 2024">
    <p class='ocr_par' dir='ltr' id='par_1_18' title="bbox 293 1985 1163 2024">
     <span class='ocr_line' id='line_1_42' title="bbox 293 1985 1163 2024; baseline -0.001 -10"><span class='ocrx_word' id='word_1_365' title='bbox 293 1997 342 2014; x_wconf 84' lang='lat' dir='ltr'>nec</span> <span class='ocrx_word' id='word_1_366' title='bbox 369 1988 484 2023; x_wconf 80' lang='lat' dir='ltr'>pretium</span> <span class='ocrx_word' id='word_1_367' title='bbox 514 1985 644 2012; x_wconf 82' lang='lat' dir='ltr'>redderet.</span> <span class='ocrx_word' id='word_1_368' title='bbox 682 1985 718 2012; x_wconf 90' lang='lat' dir='ltr'>lb.</span> <span class='ocrx_word' id='word_1_369' title='bbox 740 1986 784 2013; x_wconf 63' lang='lat' dir='ltr'>IV.</span> <span class='ocrx_word' id='word_1_370' title='bbox 807 1989 849 2014; x_wconf 73' lang='grc'>28.</span> <span class='ocrx_word' id='word_1_371' title='bbox 887 1987 1014 2019; x_wconf 78' lang='lat' dir='ltr'>Pecunia,</span> <span class='ocrx_word' id='word_1_372' title='bbox 1039 1998 1070 2015; x_wconf 82' lang='lat' dir='ltr'>ex</span> <span class='ocrx_word' id='word_1_373' title='bbox 1090 1998 1140 2024; x_wconf 86' lang='lat' dir='ltr'>qua</span> <span class='ocrx_word' id='word_1_374' title='bbox 1161 1998 1163 2004; x_wconf 68' lang='lat'>.</span> 
     </span>
    </p>
   </div>
   <div class='ocr_carea' id='block_1_19' title="bbox 294 2028 1142 2667">
    <p class='ocr_par' dir='ltr' id='par_1_19' title="bbox 294 2028 1141 2453">
     <span class='ocr_line' id='line_1_43' title="bbox 294 2028 1139 2068; baseline 0.001 -11"><span class='ocrx_word' id='word_1_375' title='bbox 294 2029 421 2057; x_wconf 83' lang='lat' dir='ltr'>emendus</span> <span class='ocrx_word' id='word_1_376' title='bbox 445 2034 499 2056; x_wconf 79' lang='lat' dir='ltr'>erat</span> <span class='ocrx_word' id='word_1_377' title='bbox 524 2029 652 2066; x_wconf 83' lang='lat' dir='ltr'>(equus.)</span> <span class='ocrx_word' id='word_1_378' title='bbox 684 2028 720 2055; x_wconf 87' lang='lat' dir='ltr'>lb.</span> <span class='ocrx_word' id='word_1_379' title='bbox 742 2029 785 2055; x_wconf 64' lang='lat' dir='ltr'>IV.</span> <span class='ocrx_word' id='word_1_380' title='bbox 810 2032 852 2056; x_wconf 83' lang='lat'>27.</span> <span class='ocrx_word' id='word_1_381' title='bbox 890 2030 983 2068; x_wconf 79' lang='lat' dir='ltr'>Aequo</span> <span class='ocrx_word' id='word_1_382' title='bbox 1003 2031 1098 2068; x_wconf 74' lang='lat' dir='ltr'>pretio,</span> <span class='ocrx_word' id='word_1_383' title='bbox 1119 2040 1139 2057; x_wconf 86' lang='lat' dir='ltr'>s.</span> 
     </span>
     <span class='ocr_line' id='line_1_44' title="bbox 294 2071 1139 2109; baseline -0.001 -10"><span class='ocrx_word' id='word_1_384' title='bbox 294 2073 357 2100; x_wconf 73' lang='lat' dir='ltr'>vili.</span> <span class='ocrx_word' id='word_1_385' title='bbox 378 2087 410 2092; x_wconf 90' lang='lat'>—-</span> <span class='ocrx_word' id='word_1_386' title='bbox 431 2072 532 2108; x_wconf 72' lang='lat' dir='ltr'>Magno.</span> <span class='ocrx_word' id='word_1_387' title='bbox 553 2081 646 2098; x_wconf 79' lang='lat' dir='ltr'>cinere.</span> <span class='ocrx_word' id='word_1_388' title='bbox 667 2071 696 2097; x_wconf 68' lang='grc' dir='ltr'>[ι’.</span> <span class='ocrx_word' id='word_1_389' title='bbox 717 2073 758 2098; x_wconf 89' lang='lat'>66.</span> <span class='ocrx_word' id='word_1_390' title='bbox 780 2072 812 2099; x_wconf 84' lang='lat' dir='ltr'>de</span> <span class='ocrx_word' id='word_1_391' title='bbox 832 2072 907 2109; x_wconf 75' lang='lat' dir='ltr'>legat.</span> <span class='ocrx_word' id='word_1_392' title='bbox 928 2073 946 2100; x_wconf 90' lang='lat'>1.</span> <span class='ocrx_word' id='word_1_393' title='bbox 967 2074 1044 2107; x_wconf 83' lang='lat'>(30.)</span> <span class='ocrx_word' id='word_1_394' title='bbox 1064 2073 1096 2100; x_wconf 84' lang='lat' dir='ltr'>fr.</span> <span class='ocrx_word' id='word_1_395' title='bbox 1118 2075 1139 2099; x_wconf 96' lang='lat' dir='ltr'>l.</span> 
     </span>
     <span class='ocr_line' id='line_1_45' title="bbox 294 2114 1141 2151; baseline 0.001 -9"><span class='ocrx_word' id='word_1_396' title='bbox 294 2117 331 2150; x_wconf 82' lang='lat'>33.</span> <span class='ocrx_word' id='word_1_397' title='bbox 354 2117 392 2142; x_wconf 83' lang='lat'>13.</span> <span class='ocrx_word' id='word_1_398' title='bbox 414 2117 453 2141; x_wconf 84' lang='lat'>16.</span> <span class='ocrx_word' id='word_1_399' title='bbox 474 2116 496 2141; x_wconf 88' lang='lat' dir='ltr'>si</span> <span class='ocrx_word' id='word_1_400' title='bbox 516 2125 559 2151; x_wconf 86' lang='lat' dir='ltr'>qn.</span> <span class='ocrx_word' id='word_1_401' title='bbox 586 2115 611 2141; x_wconf 92' lang='lat' dir='ltr'>in</span> <span class='ocrx_word' id='word_1_402' title='bbox 636 2114 665 2141; x_wconf 78' lang='lat' dir='ltr'>sr.</span> <span class='ocrx_word' id='word_1_403' title='bbox 687 2119 789 2151; x_wconf 85' lang='lat' dir='ltr'>patron.</span> <span class='ocrx_word' id='word_1_404' title='bbox 813 2117 854 2142; x_wconf 65' lang='lat'>38.</span> <span class='ocrx_word' id='word_1_405' title='bbox 879 2119 902 2143; x_wconf 96' lang='lat'>5.</span> <span class='ocrx_word' id='word_1_406' title='bbox 941 2116 991 2143; x_wconf 87' lang='lat' dir='ltr'>Per</span> <span class='ocrx_word' id='word_1_407' title='bbox 1011 2115 1141 2143; x_wconf 85' lang='lat' dir='ltr'>adiudica-</span> 
     </span>
     <span class='ocr_line' id='line_1_46' title="bbox 295 2156 1141 2196; baseline 0 -11"><span class='ocrx_word' id='word_1_408' title='bbox 295 2161 394 2186; x_wconf 88' lang='lat' dir='ltr'>tionem</span> <span class='ocrx_word' id='word_1_409' title='bbox 414 2169 506 2185; x_wconf 79' lang='lat' dir='ltr'>emere.</span> <span class='ocrx_word' id='word_1_410' title='bbox 531 2157 560 2184; x_wconf 78' lang='lat' dir='ltr'>fr.</span> <span class='ocrx_word' id='word_1_411' title='bbox 582 2159 604 2183; x_wconf 81' lang='lat'>7.</span> <span class='ocrx_word' id='word_1_412' title='bbox 630 2156 652 2190; x_wconf 86' lang='lat'>3.</span> <span class='ocrx_word' id='word_1_413' title='bbox 675 2159 712 2183; x_wconf 77' lang='lat'>13.</span> <span class='ocrx_word' id='word_1_414' title='bbox 734 2168 826 2184; x_wconf 83' lang='lat' dir='ltr'>comm.</span> <span class='ocrx_word' id='word_1_415' title='bbox 851 2158 903 2185; x_wconf 77' lang='lat' dir='ltr'>«liv.</span> <span class='ocrx_word' id='word_1_416' title='bbox 927 2161 965 2185; x_wconf 77' lang='lat'>10.</span> <span class='ocrx_word' id='word_1_417' title='bbox 985 2162 1009 2186; x_wconf 85' lang='lat'>3.</span> <span class='ocrx_word' id='word_1_418' title='bbox 1047 2159 1076 2186; x_wconf 83' lang='lat' dir='ltr'>In</span> <span class='ocrx_word' id='word_1_419' title='bbox 1095 2169 1141 2196; x_wconf 86' lang='lat' dir='ltr'>pu-</span> 
     </span>
     <span class='ocr_line' id='line_1_47' title="bbox 295 2199 1140 2236; baseline 0.001 -8"><span class='ocrx_word' id='word_1_420' title='bbox 295 2202 393 2228; x_wconf 81' lang='lat' dir='ltr'>blicum</span> <span class='ocrx_word' id='word_1_421' title='bbox 413 2212 505 2227; x_wconf 80' lang='lat' dir='ltr'>emere.</span> <span class='ocrx_word' id='word_1_422' title='bbox 526 2201 556 2227; x_wconf 74' lang='grc' dir='ltr'>[ι’.</span> <span class='ocrx_word' id='word_1_423' title='bbox 576 2202 618 2226; x_wconf 77' lang='grc'>30.</span> <span class='ocrx_word' id='word_1_424' title='bbox 639 2199 670 2226; x_wconf 75' lang='lat' dir='ltr'>(le</span> <span class='ocrx_word' id='word_1_425' title='bbox 691 2199 721 2226; x_wconf 66' lang='lat' dir='ltr'>N.</span> <span class='ocrx_word' id='word_1_426' title='bbox 743 2200 774 2226; x_wconf 90' lang='lat' dir='ltr'>G.</span> <span class='ocrx_word' id='word_1_427' title='bbox 794 2202 818 2227; x_wconf 87' lang='lat'>3.</span> <span class='ocrx_word' id='word_1_428' title='bbox 838 2203 862 2227; x_wconf 88' lang='lat'>5.</span> <span class='ocrx_word' id='word_1_429' title='bbox 884 2218 915 2221; x_wconf 89' lang='lat'><em>-</em></span> <span class='ocrx_word' id='word_1_430' title='bbox 936 2203 967 2236; x_wconf 62' lang='grc' dir='ltr'>ἓ.</span> <span class='ocrx_word' id='word_1_431' title='bbox 990 2204 1027 2229; x_wconf 82' lang='grc'>3.</span> <span class='ocrx_word' id='word_1_432' title='bbox 1049 2204 1140 2229; x_wconf 77' lang='lat' dir='ltr'>Lici-</span> 
     </span>
     <span class='ocr_line' id='line_1_48' title="bbox 296 2243 1140 2279; baseline 0.002 -10"><span class='ocrx_word' id='word_1_433' title='bbox 296 2249 379 2277; x_wconf 73' lang='lat' dir='ltr'>tari,</span> <span class='ocrx_word' id='word_1_434' title='bbox 403 2247 464 2271; x_wconf 74' lang='lat' dir='ltr'>Sub</span> <span class='ocrx_word' id='word_1_435' title='bbox 484 2246 579 2270; x_wconf 77' lang='lat' dir='ltr'>hasla</span> <span class='ocrx_word' id='word_1_436' title='bbox 598 2253 796 2278; x_wconf 78' lang='lat' dir='ltr'>comparare.</span> <span class='ocrx_word' id='word_1_437' title='bbox 820 2243 839 2270; x_wconf 91' lang='lat' dir='ltr'>I.</span> <span class='ocrx_word' id='word_1_438' title='bbox 863 2246 924 2279; x_wconf 76' lang='lat' dir='ltr'>Sy.</span> <span class='ocrx_word' id='word_1_439' title='bbox 944 2245 1062 2272; x_wconf 77' lang='lat' dir='ltr'>Mercari.</span> <span class='ocrx_word' id='word_1_440' title='bbox 1083 2244 1140 2271; x_wconf 72' lang='lat' dir='ltr'>Gai.</span> 
     </span>
     <span class='ocr_line' id='line_1_49' title="bbox 297 2286 1141 2320; baseline 0 -6"><span class='ocrx_word' id='word_1_441' title='bbox 297 2287 340 2314; x_wconf 85' lang='lat' dir='ltr'>IV.</span> <span class='ocrx_word' id='word_1_442' title='bbox 362 2289 419 2314; x_wconf 74' lang='lat'>146.</span> <span class='ocrx_word' id='word_1_443' title='bbox 457 2286 499 2313; x_wconf 91' lang='grc'>111.</span> <span class='ocrx_word' id='word_1_444' title='bbox 527 2288 593 2314; x_wconf 74' lang='grc' dir='ltr'>(ἠ.</span> <span class='ocrx_word' id='word_1_445' title='bbox 631 2286 660 2312; x_wconf 88' lang='lat' dir='ltr'>Si</span> <span class='ocrx_word' id='word_1_446' title='bbox 681 2287 722 2313; x_wconf 91' lang='lat' dir='ltr'>cui</span> <span class='ocrx_word' id='word_1_447' title='bbox 742 2286 853 2313; x_wconf 85' lang='lat' dir='ltr'>heredes</span> <span class='ocrx_word' id='word_1_448' title='bbox 873 2287 933 2314; x_wconf 78' lang='lat' dir='ltr'>facti</span> <span class='ocrx_word' id='word_1_449' title='bbox 953 2298 1058 2320; x_wconf 85' lang='lat' dir='ltr'>sumus,</span> <span class='ocrx_word' id='word_1_450' title='bbox 1085 2288 1141 2314; x_wconf 87' lang='lat' dir='ltr'>sive</span> 
     </span>
     <span class='ocr_line' id='line_1_50' title="bbox 297 2329 1140 2366; baseline -0.001 -8"><span class='ocrx_word' id='word_1_451' title='bbox 297 2332 372 2358; x_wconf 87' lang='lat' dir='ltr'>cuius</span> <span class='ocrx_word' id='word_1_452' title='bbox 392 2330 421 2356; x_wconf 74' lang='lat'>13.</span> <span class='ocrx_word' id='word_1_453' title='bbox 441 2329 522 2356; x_wconf 85' lang='lat' dir='ltr'>l&#39;nem</span> <span class='ocrx_word' id='word_1_454' title='bbox 542 2331 710 2366; x_wconf 84' lang='lat' dir='ltr'>petierimus.</span> <span class='ocrx_word' id='word_1_455' title='bbox 735 2331 791 2356; x_wconf 76' lang='lat' dir='ltr'>sive.</span> <span class='ocrx_word' id='word_1_456' title='bbox 811 2331 885 2357; x_wconf 80' lang='lat' dir='ltr'>euius</span> <span class='ocrx_word' id='word_1_457' title='bbox 905 2331 973 2357; x_wconf 86' lang='lat' dir='ltr'>bona</span> <span class='ocrx_word' id='word_1_458' title='bbox 993 2331 1140 2362; x_wconf 75' lang='lat' dir='ltr'>emerimus.</span> 
     </span>
     <span class='ocr_line' id='line_1_51' title="bbox 297 2372 1140 2410; baseline 0.002 -11"><span class='ocrx_word' id='word_1_459' title='bbox 297 2375 354 2400; x_wconf 78' lang='lat' dir='ltr'>sive</span> <span class='ocrx_word' id='word_1_460' title='bbox 374 2383 451 2410; x_wconf 83' lang='lat' dir='ltr'>quem</span> <span class='ocrx_word' id='word_1_461' title='bbox 471 2372 690 2408; x_wconf 67' lang='lat' dir='ltr'>adrogaveriinus.</span> <span class='ocrx_word' id='word_1_462' title='bbox 724 2372 759 2399; x_wconf 80' lang='lat' dir='ltr'>lb.</span> <span class='ocrx_word' id='word_1_463' title='bbox 781 2373 810 2399; x_wconf 94' lang='grc'>11.</span> <span class='ocrx_word' id='word_1_464' title='bbox 831 2375 872 2400; x_wconf 67' lang='grc'>98.</span> <span class='ocrx_word' id='word_1_465' title='bbox 894 2374 924 2400; x_wconf 78' lang='lat' dir='ltr'>ct&#39;.</span> <span class='ocrx_word' id='word_1_466' title='bbox 946 2373 989 2401; x_wconf 70' lang='lat' dir='ltr'>IV.</span> <span class='ocrx_word' id='word_1_467' title='bbox 1008 2376 1049 2400; x_wconf 85' lang='lat'>35.</span> <span class='ocrx_word' id='word_1_468' title='bbox 1088 2374 1140 2410; x_wconf 82' lang='lat' dir='ltr'>Qui</span> 
     </span>
     <span class='ocr_line' id='line_1_52' title="bbox 298 2415 811 2453; baseline 0 -11"><span class='ocrx_word' id='word_1_469' title='bbox 298 2415 404 2453; x_wconf 83' lang='lat' dir='ltr'>publica</span> <span class='ocrx_word' id='word_1_470' title='bbox 423 2416 491 2442; x_wconf 85' lang='lat' dir='ltr'>bona</span> <span class='ocrx_word' id='word_1_471' title='bbox 512 2416 610 2441; x_wconf 84' lang='lat' dir='ltr'>emerit.</span> <span class='ocrx_word' id='word_1_472' title='bbox 631 2415 667 2440; x_wconf 80' lang='lat' dir='ltr'>lb.</span> <span class='ocrx_word' id='word_1_473' title='bbox 688 2415 730 2442; x_wconf 53' lang='lat' dir='ltr'>IX.</span> <span class='ocrx_word' id='word_1_474' title='bbox 756 2418 811 2442; x_wconf 65' lang='lat'>1115.</span> 
     </span>
    </p>

    <p class='ocr_par' dir='ltr' id='par_1_20' title="bbox 298 2458 1142 2577">
     <span class='ocr_line' id='line_1_53' title="bbox 332 2458 1140 2494; baseline 0.001 -8"><span class='ocrx_word' id='word_1_475' title='bbox 332 2458 521 2486; x_wconf 71' lang='lat' dir='ltr'>Enim-eri.</span> <span class='ocrx_word' id='word_1_476' title='bbox 561 2459 632 2483; x_wconf 76' lang='lat' dir='ltr'>Com</span> <span class='ocrx_word' id='word_1_477' title='bbox 641 2468 764 2485; x_wconf 75' lang='lat' dir='ltr'>merere.</span> <span class='ocrx_word' id='word_1_478' title='bbox 803 2459 820 2486; x_wconf 94' lang='grc'>1.</span> <span class='ocrx_word' id='word_1_479' title='bbox 847 2461 908 2494; x_wconf 77' lang='lat' dir='ltr'>Sy.</span> <span class='ocrx_word' id='word_1_480' title='bbox 946 2460 1053 2487; x_wconf 79' lang='lat' dir='ltr'>Merere.</span> <span class='ocrx_word' id='word_1_481' title='bbox 1073 2459 1140 2486; x_wconf 72' lang='lat' dir='ltr'>Nov.</span> 
     </span>
     <span class='ocr_line' id='line_1_54' title="bbox 298 2500 1142 2539; baseline 0.001 -11"><span class='ocrx_word' id='word_1_482' title='bbox 298 2502 348 2528; x_wconf 76' lang='lat' dir='ltr'>Th.</span> <span class='ocrx_word' id='word_1_483' title='bbox 370 2502 398 2528; x_wconf 93' lang='grc'>11.</span> <span class='ocrx_word' id='word_1_484' title='bbox 421 2502 452 2528; x_wconf 78' lang='lat' dir='ltr'>ile</span> <span class='ocrx_word' id='word_1_485' title='bbox 472 2500 646 2539; x_wconf 82' lang='lat' dir='ltr'>patrimonial.</span> <span class='ocrx_word' id='word_1_486' title='bbox 674 2500 690 2526; x_wconf 90' lang='lat' dir='ltr'>l.</span> <span class='ocrx_word' id='word_1_487' title='bbox 710 2502 733 2526; x_wconf 81' lang='lat'>3.</span> <span class='ocrx_word' id='word_1_488' title='bbox 761 2512 781 2527; x_wconf 81' lang='lat' dir='ltr'>e.</span> <span class='ocrx_word' id='word_1_489' title='bbox 801 2504 824 2528; x_wconf 97' lang='lat'>3.</span> <span class='ocrx_word' id='word_1_490' title='bbox 845 2503 909 2536; x_wconf 84' lang='lat'>3.1.</span> <span class='ocrx_word' id='word_1_491' title='bbox 949 2502 1002 2535; x_wconf 78' lang='lat' dir='ltr'>(Cf.</span> <span class='ocrx_word' id='word_1_492' title='bbox 1023 2513 1047 2529; x_wconf 82' lang='lat' dir='ltr'>v.</span> <span class='ocrx_word' id='word_1_493' title='bbox 1067 2503 1142 2529; x_wconf 86' lang='lat' dir='ltr'>Eme-</span> 
     </span>
     <span class='ocr_line' id='line_1_55' title="bbox 299 2546 386 2577; baseline -0.011 -7"><span class='ocrx_word' id='word_1_494' title='bbox 299 2546 386 2577; x_wconf 60' lang='lat' dir='ltr'>ritus.)</span> 
     </span>
    </p>

    <p class='ocr_par' dir='ltr' id='par_1_21' title="bbox 302 2587 1140 2667">
     <span class='ocr_line' id='line_1_56' title="bbox 335 2587 1140 2622; baseline 0 -9"><span class='ocrx_word' id='word_1_495' title='bbox 335 2589 555 2622; x_wconf 63' lang='lat' dir='ltr'>fhnergerc.</span> <span class='ocrx_word' id='word_1_496' title='bbox 592 2587 623 2620; x_wconf 68' lang='grc' dir='ltr'>ξ.</span> <span class='ocrx_word' id='word_1_497' title='bbox 650 2587 684 2613; x_wconf 82' lang='lat' dir='ltr'>l.</span> <span class='ocrx_word' id='word_1_498' title='bbox 723 2588 923 2622; x_wconf 58' lang='lat' dir='ltr'>Exsurgere.</span> <span class='ocrx_word' id='word_1_499' title='bbox 963 2588 1004 2614; x_wconf 88' lang='grc'>111.</span> <span class='ocrx_word' id='word_1_500' title='bbox 1026 2589 1092 2616; x_wconf 73' lang='lat' dir='ltr'>Cn.</span> <span class='ocrx_word' id='word_1_501' title='bbox 1112 2587 1140 2614; x_wconf 91' lang='lat' dir='ltr'>ln</span> 
     </span>
     <span class='ocr_line' id='line_1_57' title="bbox 302 2629 1140 2667; baseline 0.001 -12"><span class='ocrx_word' id='word_1_502' title='bbox 302 2630 393 2656; x_wconf 81' lang='lat' dir='ltr'>loenm.</span> <span class='ocrx_word' id='word_1_503' title='bbox 415 2642 444 2657; x_wconf 71' lang='lat' dir='ltr'>ex</span> <span class='ocrx_word' id='word_1_504' title='bbox 467 2640 518 2667; x_wconf 84' lang='lat' dir='ltr'>qno</span> <span class='ocrx_word' id='word_1_505' title='bbox 532 2629 684 2656; x_wconf 77' lang='lat' dir='ltr'>indecenter</span> <span class='ocrx_word' id='word_1_506' title='bbox 704 2635 852 2656; x_wconf 73' lang='lat' dir='ltr'>emerserat.</span> <span class='ocrx_word' id='word_1_507' title='bbox 874 2636 1027 2657; x_wconf 78' lang='lat' dir='ltr'>revertatur.</span> <span class='ocrx_word' id='word_1_508' title='bbox 1048 2631 1097 2658; x_wconf 87' lang='lat' dir='ltr'>Th.</span> <span class='ocrx_word' id='word_1_509' title='bbox 1110 2630 1140 2657; x_wconf 89' lang='lat' dir='ltr'>C.</span> 
     </span>
    </p>
   </div>
   <div class='ocr_carea' id='block_1_20' title="bbox 302 2668 1164 2709">
    <p class='ocr_par' dir='ltr' id='par_1_22' title="bbox 302 2668 1164 2709">
     <span class='ocr_line' id='line_1_58' title="bbox 302 2668 1164 2709; baseline 0.002 -11"><span class='ocrx_word' id='word_1_510' title='bbox 302 2672 318 2698; x_wconf 94' lang='grc'>1.</span> <span class='ocrx_word' id='word_1_511' title='bbox 338 2674 362 2697; x_wconf 72' lang='grc'>9,</span> <span class='ocrx_word' id='word_1_512' title='bbox 384 2684 404 2698; x_wconf 71' lang='lat' dir='ltr'>e.</span> <span class='ocrx_word' id='word_1_513' title='bbox 423 2676 447 2698; x_wconf 85' lang='grc'>2.</span> <span class='ocrx_word' id='word_1_514' title='bbox 468 2673 572 2706; x_wconf 58' lang='lat' dir='ltr'>(wok.)</span> <span class='ocrx_word' id='word_1_515' title='bbox 598 2672 631 2699; x_wconf 80' lang='lat' dir='ltr'>de</span> <span class='ocrx_word' id='word_1_516' title='bbox 656 2673 698 2699; x_wconf 73' lang='lat' dir='ltr'>off.</span> <span class='ocrx_word' id='word_1_517' title='bbox 723 2683 786 2709; x_wconf 73' lang='lat' dir='ltr'>mag.</span> <span class='ocrx_word' id='word_1_518' title='bbox 813 2673 882 2699; x_wconf 69' lang='lat' dir='ltr'>onie.</span> <span class='ocrx_word' id='word_1_519' title='bbox 904 2690 933 2694; x_wconf 92' lang='lat'>—</span> <span class='ocrx_word' id='word_1_520' title='bbox 955 2675 986 2707; x_wconf 85' lang='lat'>§.</span> <span class='ocrx_word' id='word_1_521' title='bbox 1009 2675 1043 2700; x_wconf 71' lang='grc'>2.</span> <span class='ocrx_word' id='word_1_522' title='bbox 1066 2676 1141 2700; x_wconf 81' lang='lat' dir='ltr'>Pro·</span> <span class='ocrx_word' id='word_1_523' title='bbox 1163 2668 1164 2680; x_wconf 48' lang='grc' dir='ltr'>Ι</span> 
     </span>
    </p>
   </div>
   <div class='ocr_carea' id='block_1_21' title="bbox 296 2715 1140 2753">
    <p class='ocr_par' dir='ltr' id='par_1_23' title="bbox 296 2715 1140 2753">
     <span class='ocr_line' id='line_1_59' title="bbox 296 2715 1140 2753; baseline 0.002 -13"><span class='ocrx_word' id='word_1_524' title='bbox 296 2716 401 2750; x_wconf 79' lang='lat' dir='ltr'>ferri.</span> <span class='ocrx_word' id='word_1_525' title='bbox 422 2717 593 2749; x_wconf 75' lang='lat' dir='ltr'>Adparere.</span> <span class='ocrx_word' id='word_1_526' title='bbox 632 2716 650 2742; x_wconf 94' lang='grc'>1.</span> <span class='ocrx_word' id='word_1_527' title='bbox 683 2717 744 2751; x_wconf 74' lang='lat' dir='ltr'>Sy.</span> <span class='ocrx_word' id='word_1_528' title='bbox 781 2715 916 2753; x_wconf 81' lang='lat' dir='ltr'>Adparere</span> <span class='ocrx_word' id='word_1_529' title='bbox 940 2717 1090 2753; x_wconf 84' lang='lat' dir='ltr'>(incipere).</span> <span class='ocrx_word' id='word_1_530' title='bbox 1111 2715 1140 2742; x_wconf 75' lang='lat' dir='ltr'>fr.</span> 
     </span>
    </p>
   </div>
   <div class='ocr_carea' id='block_1_22' title="bbox 304 2750 1165 2795">
    <p class='ocr_par' dir='ltr' id='par_1_24' title="bbox 304 2750 1165 2795">
     <span class='ocr_line' id='line_1_60' title="bbox 304 2750 1165 2795; baseline 0.003 -13"><span class='ocrx_word' id='word_1_531' title='bbox 304 2759 324 2783; x_wconf 93' lang='lat'>1.</span> <span class='ocrx_word' id='word_1_532' title='bbox 345 2757 366 2790; x_wconf 92' lang='lat'>3.</span> <span class='ocrx_word' id='word_1_533' title='bbox 387 2760 411 2783; x_wconf 68' lang='grc' dir='ltr'>δ’.</span> <span class='ocrx_word' id='word_1_534' title='bbox 437 2757 468 2782; x_wconf 81' lang='lat' dir='ltr'>(le</span> <span class='ocrx_word' id='word_1_535' title='bbox 493 2769 557 2795; x_wconf 78' lang='lat' dir='ltr'>aqua</span> <span class='ocrx_word' id='word_1_536' title='bbox 583 2758 684 2795; x_wconf 79' lang='lat' dir='ltr'>quotid.</span> <span class='ocrx_word' id='word_1_537' title='bbox 709 2761 750 2785; x_wconf 71' lang='lat'>43.</span> <span class='ocrx_word' id='word_1_538' title='bbox 774 2761 815 2785; x_wconf 76' lang='lat'>2⁰.</span> <span class='ocrx_word' id='word_1_539' title='bbox 855 2758 884 2784; x_wconf 92' lang='grc'>11.</span> <span class='ocrx_word' id='word_1_540' title='bbox 907 2760 973 2793; x_wconf 74' lang='lat' dir='ltr'>Op.</span> <span class='ocrx_word' id='word_1_541' title='bbox 998 2759 1141 2786; x_wconf 83' lang='lat' dir='ltr'>lnuninere.</span> <span class='ocrx_word' id='word_1_542' title='bbox 1163 2750 1165 2792; x_wconf 54' lang='grc' dir='ltr'>,Ι</span> 
     </span>
    </p>
   </div>
   <div class='ocr_carea' id='block_1_23' title="bbox 302 2799 1140 2839">
    <p class='ocr_par' dir='ltr' id='par_1_25' title="bbox 302 2799 1140 2839">
     <span class='ocr_line' id='line_1_61' title="bbox 302 2799 1140 2839; baseline 0.005 -15"><span class='ocrx_word' id='word_1_543' title='bbox 302 2799 341 2826; x_wconf 70' lang='lat' dir='ltr'>vel</span> <span class='ocrx_word' id='word_1_544' title='bbox 370 2800 394 2825; x_wconf 94' lang='lat' dir='ltr'>in</span> <span class='ocrx_word' id='word_1_545' title='bbox 419 2800 522 2827; x_wconf 72' lang='lat' dir='ltr'>occulto</span> <span class='ocrx_word' id='word_1_546' title='bbox 543 2812 608 2827; x_wconf 63' lang='lat' dir='ltr'>esse.</span> <span class='ocrx_word' id='word_1_547' title='bbox 639 2802 735 2828; x_wconf 86' lang='lat' dir='ltr'>Celari.</span> <span class='ocrx_word' id='word_1_548' title='bbox 762 2801 793 2828; x_wconf 86' lang='lat' dir='ltr'>sr.</span> <span class='ocrx_word' id='word_1_549' title='bbox 814 2803 836 2828; x_wconf 94' lang='lat'>7.</span> <span class='ocrx_word' id='word_1_550' title='bbox 862 2812 901 2839; x_wconf 88' lang='lat' dir='ltr'>pr.</span> <span class='ocrx_word' id='word_1_551' title='bbox 927 2801 958 2828; x_wconf 83' lang='lat' dir='ltr'>de</span> <span class='ocrx_word' id='word_1_552' title='bbox 983 2801 1072 2828; x_wconf 84' lang='lat' dir='ltr'>trihut.</span> <span class='ocrx_word' id='word_1_553' title='bbox 1092 2806 1140 2828; x_wconf 83' lang='lat' dir='ltr'>act.</span> 
     </span>
    </p>
   </div>
   <div class='ocr_carea' id='block_1_24' title="bbox 304 2841 1142 2876">
    <p class='ocr_par' dir='ltr' id='par_1_26' title="bbox 304 2841 1142 2876">
     <span class='ocr_line' id='line_1_62' title="bbox 304 2841 1142 2876; baseline 0.005 -9"><span class='ocrx_word' id='word_1_554' title='bbox 304 2843 341 2868; x_wconf 70' lang='lat'>14.</span> <span class='ocrx_word' id='word_1_555' title='bbox 370 2845 382 2867; x_wconf 68' lang='lat'><em>4</em></span> <span class='ocrx_word' id='word_1_556' title='bbox 418 2841 447 2868; x_wconf 78' lang='lat' dir='ltr'>fr.</span> <span class='ocrx_word' id='word_1_557' title='bbox 475 2845 494 2868; x_wconf 90' lang='lat'>1.</span> <span class='ocrx_word' id='word_1_558' title='bbox 521 2844 541 2876; x_wconf 65' lang='grc' dir='ltr'>ξ.</span> <span class='ocrx_word' id='word_1_559' title='bbox 569 2847 590 2871; x_wconf 84' lang='grc' dir='ltr'>Ι,</span> <span class='ocrx_word' id='word_1_560' title='bbox 616 2845 647 2870; x_wconf 71' lang='lat' dir='ltr'>de</span> <span class='ocrx_word' id='word_1_561' title='bbox 672 2845 701 2871; x_wconf 79' lang='lat' dir='ltr'>A.</span> <span class='ocrx_word' id='word_1_562' title='bbox 727 2845 755 2871; x_wconf 83' lang='lat' dir='ltr'>E.</span> <span class='ocrx_word' id='word_1_563' title='bbox 782 2844 812 2871; x_wconf 73' lang='lat' dir='ltr'>V.</span> <span class='ocrx_word' id='word_1_564' title='bbox 840 2847 878 2871; x_wconf 85' lang='lat'>19.</span> <span class='ocrx_word' id='word_1_565' title='bbox 902 2847 922 2871; x_wconf 96' lang='lat' dir='ltr'>l.</span> <span class='ocrx_word' id='word_1_566' title='bbox 960 2844 1001 2871; x_wconf 93' lang='grc'>111.</span> <span class='ocrx_word' id='word_1_567' title='bbox 1016 2845 1081 2872; x_wconf 75' lang='lat' dir='ltr'>Gn.</span> <span class='ocrx_word' id='word_1_568' title='bbox 1113 2844 1142 2871; x_wconf 83' lang='lat' dir='ltr'>Si</span> 
     </span>
    </p>
   </div>
   <div class='ocr_carea' id='block_1_25' title="bbox 1019 181 1288 213">
    <p class='ocr_par' dir='ltr' id='par_1_27' title="bbox 1019 181 1288 213">
     <span class='ocr_line' id='line_1_63' title="bbox 1019 181 1288 213; baseline -0.004 0"><span class='ocrx_word' id='word_1_569' title='bbox 1019 181 1111 213; x_wconf 80' lang='lat' dir='ltr'>EME</span> <span class='ocrx_word' id='word_1_570' title='bbox 1137 199 1175 205; x_wconf 89' lang='lat'>—</span> <span class='ocrx_word' id='word_1_571' title='bbox 1201 181 1288 213; x_wconf 76' lang='lat' dir='ltr'>EMI.</span> 
     </span>
    </p>
   </div>
   <div class='ocr_carea' id='block_1_26' title="bbox 1155 263 2031 2882">
    <p class='ocr_par' dir='ltr' id='par_1_28' title="bbox 1155 263 2030 1205">
     <span class='ocr_line' id='line_1_64' title="bbox 1155 263 2027 301; baseline 0.006 -11"><span class='ocrx_word' id='word_1_572' title='bbox 1155 267 1158 299; x_wconf 48' lang='lat' dir='ltr'>J</span> <span class='ocrx_word' id='word_1_573' title='bbox 1179 263 1246 291; x_wconf 73' lang='lat' dir='ltr'>lianc</span> <span class='ocrx_word' id='word_1_574' title='bbox 1266 268 1378 290; x_wconf 80' lang='lat' dir='ltr'>aetatem</span> <span class='ocrx_word' id='word_1_575' title='bbox 1397 273 1533 301; x_wconf 76' lang='lat' dir='ltr'>egressus,</span> <span class='ocrx_word' id='word_1_576' title='bbox 1558 264 1619 291; x_wconf 86' lang='lat' dir='ltr'>licet</span> <span class='ocrx_word' id='word_1_577' title='bbox 1643 266 1742 301; x_wconf 74' lang='lat' dir='ltr'>vigoris</span> <span class='ocrx_word' id='word_1_578' title='bbox 1767 266 1883 294; x_wconf 88' lang='lat' dir='ltr'>nondum</span> <span class='ocrx_word' id='word_1_579' title='bbox 1907 268 2027 294; x_wconf 83' lang='lat' dir='ltr'>emersis-</span> 
     </span>
     <span class='ocr_line' id='line_1_65' title="bbox 1179 308 2027 347; baseline 0.005 -15"><span class='ocrx_word' id='word_1_580' title='bbox 1179 312 1237 333; x_wconf 86' lang='lat' dir='ltr'>sent</span> <span class='ocrx_word' id='word_1_581' title='bbox 1258 308 1377 343; x_wconf 76' lang='lat' dir='ltr'>vestigia.</span> <span class='ocrx_word' id='word_1_582' title='bbox 1399 317 1420 334; x_wconf 90' lang='lat' dir='ltr'>c.</span> <span class='ocrx_word' id='word_1_583' title='bbox 1441 308 1464 334; x_wconf 74' lang='lat'>4.</span> <span class='ocrx_word' id='word_1_584' title='bbox 1485 308 1537 343; x_wconf 83' lang='lat' dir='ltr'>Qu.</span> <span class='ocrx_word' id='word_1_585' title='bbox 1557 312 1659 334; x_wconf 86' lang='lat' dir='ltr'>testam.</span> <span class='ocrx_word' id='word_1_586' title='bbox 1681 308 1728 335; x_wconf 83' lang='lat' dir='ltr'>sac.</span> <span class='ocrx_word' id='word_1_587' title='bbox 1747 319 1773 346; x_wconf 89' lang='lat' dir='ltr'>p.</span> <span class='ocrx_word' id='word_1_588' title='bbox 1793 311 1817 336; x_wconf 87' lang='lat'>6.</span> <span class='ocrx_word' id='word_1_589' title='bbox 1835 311 1878 336; x_wconf 82' lang='lat'>22.</span> <span class='ocrx_word' id='word_1_590' title='bbox 1915 309 1945 337; x_wconf 85' lang='lat' dir='ltr'>Si</span> <span class='ocrx_word' id='word_1_591' title='bbox 1964 315 2027 347; x_wconf 88' lang='lat' dir='ltr'>post</span> 
     </span>
     <span class='ocr_line' id='line_1_66' title="bbox 1179 348 2025 388; baseline 0.006 -13"><span class='ocrx_word' id='word_1_592' title='bbox 1179 348 1289 376; x_wconf 88' lang='lat' dir='ltr'>multum</span> <span class='ocrx_word' id='word_1_593' title='bbox 1315 351 1443 388; x_wconf 83' lang='lat' dir='ltr'>temporis</span> <span class='ocrx_word' id='word_1_594' title='bbox 1468 352 1605 377; x_wconf 78' lang='lat' dir='ltr'>emerserit</span> <span class='ocrx_word' id='word_1_595' title='bbox 1624 360 1668 377; x_wconf 87' lang='lat' dir='ltr'>aes</span> <span class='ocrx_word' id='word_1_596' title='bbox 1687 351 1814 383; x_wconf 81' lang='lat' dir='ltr'>alienum,</span> <span class='ocrx_word' id='word_1_597' title='bbox 1839 352 1881 379; x_wconf 86' lang='lat' dir='ltr'>vel</span> <span class='ocrx_word' id='word_1_598' title='bbox 1901 353 2025 380; x_wconf 79' lang='lat' dir='ltr'>codicilli.</span> 
     </span>
     <span class='ocr_line' id='line_1_67' title="bbox 1156 392 2024 430; baseline 0.003 -10"><span class='ocrx_word' id='word_1_599' title='bbox 1156 418 1157 421; x_wconf 76' lang='grc'>,</span> <span class='ocrx_word' id='word_1_600' title='bbox 1179 392 1224 419; x_wconf 80' lang='lat' dir='ltr'>diu</span> <span class='ocrx_word' id='word_1_601' title='bbox 1244 392 1331 425; x_wconf 86' lang='lat' dir='ltr'>celati,</span> <span class='ocrx_word' id='word_1_602' title='bbox 1351 392 1456 430; x_wconf 87' lang='lat' dir='ltr'>prolati.</span> <span class='ocrx_word' id='word_1_603' title='bbox 1481 392 1512 420; x_wconf 82' lang='lat' dir='ltr'>fr.</span> <span class='ocrx_word' id='word_1_604' title='bbox 1531 396 1556 420; x_wconf 81' lang='lat'>2.</span> <span class='ocrx_word' id='word_1_605' title='bbox 1581 394 1603 428; x_wconf 97' lang='lat'>3.</span> <span class='ocrx_word' id='word_1_606' title='bbox 1625 396 1647 420; x_wconf 89' lang='lat'>1.</span> <span class='ocrx_word' id='word_1_607' title='bbox 1673 394 1706 420; x_wconf 87' lang='lat' dir='ltr'>de</span> <span class='ocrx_word' id='word_1_608' title='bbox 1730 394 1806 421; x_wconf 87' lang='lat' dir='ltr'>cond.</span> <span class='ocrx_word' id='word_1_609' title='bbox 1831 395 1918 423; x_wconf 84' lang='lat' dir='ltr'>indeb.</span> <span class='ocrx_word' id='word_1_610' title='bbox 1941 398 1981 423; x_wconf 92' lang='grc'>12.</span> <span class='ocrx_word' id='word_1_611' title='bbox 2001 398 2024 423; x_wconf 88' lang='lat'>6.</span> 
     </span>
     <span class='ocr_line' id='line_1_68' title="bbox 1180 435 2024 474; baseline 0.005 -12"><span class='ocrx_word' id='word_1_612' title='bbox 1180 435 1212 462; x_wconf 82' lang='lat' dir='ltr'>ci&#39;.</span> <span class='ocrx_word' id='word_1_613' title='bbox 1233 435 1263 462; x_wconf 83' lang='lat' dir='ltr'>fr.</span> <span class='ocrx_word' id='word_1_614' title='bbox 1283 437 1306 462; x_wconf 90' lang='lat'>8.</span> <span class='ocrx_word' id='word_1_615' title='bbox 1327 435 1360 462; x_wconf 80' lang='lat' dir='ltr'>de</span> <span class='ocrx_word' id='word_1_616' title='bbox 1380 435 1497 462; x_wconf 85' lang='lat' dir='ltr'>confirm.</span> <span class='ocrx_word' id='word_1_617' title='bbox 1517 441 1565 463; x_wconf 88' lang='lat' dir='ltr'>tut.</span> <span class='ocrx_word' id='word_1_618' title='bbox 1584 438 1625 463; x_wconf 78' lang='lat'>26.</span> <span class='ocrx_word' id='word_1_619' title='bbox 1644 438 1670 463; x_wconf 87' lang='lat'>3.</span> <span class='ocrx_word' id='word_1_620' title='bbox 1713 437 1742 464; x_wconf 91' lang='lat' dir='ltr'>Si</span> <span class='ocrx_word' id='word_1_621' title='bbox 1762 439 1822 474; x_wconf 83' lang='lat' dir='ltr'>quis</span> <span class='ocrx_word' id='word_1_622' title='bbox 1842 439 1881 465; x_wconf 90' lang='lat' dir='ltr'>sic</span> <span class='ocrx_word' id='word_1_623' title='bbox 1900 438 2024 466; x_wconf 78' lang='lat' dir='ltr'>solverit:</span> 
     </span>
     <span class='ocr_line' id='line_1_69' title="bbox 1180 478 2026 516; baseline 0.004 -11"><span class='ocrx_word' id='word_1_624' title='bbox 1180 478 1225 511; x_wconf 64' lang='lat' dir='ltr'>Vt,</span> <span class='ocrx_word' id='word_1_625' title='bbox 1246 480 1268 506; x_wconf 90' lang='lat' dir='ltr'>si</span> <span class='ocrx_word' id='word_1_626' title='bbox 1288 478 1456 516; x_wconf 78' lang='lat' dir='ltr'>adparuisset</span> <span class='ocrx_word' id='word_1_627' title='bbox 1474 488 1534 505; x_wconf 83' lang='lat' dir='ltr'>esse</span> <span class='ocrx_word' id='word_1_628' title='bbox 1547 479 1703 512; x_wconf 77' lang='lat' dir='ltr'>indebitum.</span> <span class='ocrx_word' id='word_1_629' title='bbox 1723 480 1765 507; x_wconf 86' lang='lat' dir='ltr'>vel</span> <span class='ocrx_word' id='word_1_630' title='bbox 1780 480 1895 508; x_wconf 82' lang='lat' dir='ltr'>Falcidia</span> <span class='ocrx_word' id='word_1_631' title='bbox 1915 491 2026 508; x_wconf 79' lang='lat' dir='ltr'>emerse-</span> 
     </span>
     <span class='ocr_line' id='line_1_70' title="bbox 1181 521 2025 560; baseline 0.004 -12"><span class='ocrx_word' id='word_1_632' title='bbox 1181 523 1222 553; x_wconf 79' lang='lat' dir='ltr'>rit,</span> <span class='ocrx_word' id='word_1_633' title='bbox 1243 522 1375 549; x_wconf 77' lang='lat' dir='ltr'>reddatur.</span> <span class='ocrx_word' id='word_1_634' title='bbox 1400 521 1430 548; x_wconf 82' lang='lat' dir='ltr'>sr.</span> <span class='ocrx_word' id='word_1_635' title='bbox 1449 524 1474 548; x_wconf 76' lang='lat'>2.</span> <span class='ocrx_word' id='word_1_636' title='bbox 1499 532 1538 560; x_wconf 84' lang='lat' dir='ltr'>pr.</span> <span class='ocrx_word' id='word_1_637' title='bbox 1564 522 1597 549; x_wconf 85' lang='lat' dir='ltr'>de</span> <span class='ocrx_word' id='word_1_638' title='bbox 1621 523 1697 550; x_wconf 72' lang='lat' dir='ltr'>cond.</span> <span class='ocrx_word' id='word_1_639' title='bbox 1723 523 1812 550; x_wconf 83' lang='lat' dir='ltr'>indeb.</span> <span class='ocrx_word' id='word_1_640' title='bbox 1838 526 1879 550; x_wconf 88' lang='grc'>12.</span> <span class='ocrx_word' id='word_1_641' title='bbox 1899 526 1922 550; x_wconf 86' lang='grc'>6.</span> <span class='ocrx_word' id='word_1_642' title='bbox 1943 524 1975 551; x_wconf 81' lang='lat' dir='ltr'>cf.</span> <span class='ocrx_word' id='word_1_643' title='bbox 1994 524 2025 551; x_wconf 85' lang='lat' dir='ltr'>fr.</span> 
     </span>
     <span class='ocr_line' id='line_1_71' title="bbox 1158 564 2027 602; baseline 0.003 -11"><span class='ocrx_word' id='word_1_644' title='bbox 1158 574 1159 578; x_wconf 59' lang='lat'>¹</span> <span class='ocrx_word' id='word_1_645' title='bbox 1180 568 1222 592; x_wconf 69' lang='lat'>43.</span> <span class='ocrx_word' id='word_1_646' title='bbox 1242 566 1264 599; x_wconf 83' lang='lat'>3.</span> <span class='ocrx_word' id='word_1_647' title='bbox 1286 567 1308 592; x_wconf 95' lang='lat'>1.</span> <span class='ocrx_word' id='word_1_648' title='bbox 1328 565 1361 592; x_wconf 86' lang='lat' dir='ltr'>de</span> <span class='ocrx_word' id='word_1_649' title='bbox 1380 564 1446 592; x_wconf 88' lang='lat' dir='ltr'>adm.</span> <span class='ocrx_word' id='word_1_650' title='bbox 1471 570 1497 592; x_wconf 82' lang='lat' dir='ltr'>et</span> <span class='ocrx_word' id='word_1_651' title='bbox 1519 566 1600 602; x_wconf 85' lang='lat' dir='ltr'>peric.</span> <span class='ocrx_word' id='word_1_652' title='bbox 1624 567 1666 593; x_wconf 82' lang='lat'>26.</span> <span class='ocrx_word' id='word_1_653' title='bbox 1688 568 1710 593; x_wconf 84' lang='lat'>7.</span> <span class='ocrx_word' id='word_1_654' title='bbox 1737 566 1767 593; x_wconf 87' lang='lat' dir='ltr'>fr.</span> <span class='ocrx_word' id='word_1_655' title='bbox 1790 569 1811 593; x_wconf 94' lang='grc'>1.</span> <span class='ocrx_word' id='word_1_656' title='bbox 1837 567 1859 601; x_wconf 88' lang='lat'>3.</span> <span class='ocrx_word' id='word_1_657' title='bbox 1882 569 1921 594; x_wconf 95' lang='lat' dir='ltr'>ll.</span> <span class='ocrx_word' id='word_1_658' title='bbox 1942 568 1965 594; x_wconf 84' lang='lat' dir='ltr'>si</span> <span class='ocrx_word' id='word_1_659' title='bbox 1985 569 2027 594; x_wconf 90' lang='lat' dir='ltr'>cui</span> 
     </span>
     <span class='ocr_line' id='line_1_72' title="bbox 1158 607 2027 646; baseline 0.002 -11"><span class='ocrx_word' id='word_1_660' title='bbox 1158 626 1159 634; x_wconf 37' lang='grc' dir='ltr'>η</span> <span class='ocrx_word' id='word_1_661' title='bbox 1181 608 1217 646; x_wconf 87' lang='lat' dir='ltr'>pl.</span> <span class='ocrx_word' id='word_1_662' title='bbox 1237 619 1280 645; x_wconf 88' lang='lat' dir='ltr'>qu.</span> <span class='ocrx_word' id='word_1_663' title='bbox 1300 619 1325 646; x_wconf 88' lang='lat' dir='ltr'>p.</span> <span class='ocrx_word' id='word_1_664' title='bbox 1345 607 1374 635; x_wconf 88' lang='lat' dir='ltr'>L.</span> <span class='ocrx_word' id='word_1_665' title='bbox 1395 608 1465 635; x_wconf 80' lang='lat' dir='ltr'>Falc.</span> <span class='ocrx_word' id='word_1_666' title='bbox 1485 610 1527 635; x_wconf 86' lang='lat'>35.</span> <span class='ocrx_word' id='word_1_667' title='bbox 1547 610 1571 635; x_wconf 82' lang='lat'>3.</span> <span class='ocrx_word' id='word_1_668' title='bbox 1609 608 1638 635; x_wconf 89' lang='lat' dir='ltr'>Si</span> <span class='ocrx_word' id='word_1_669' title='bbox 1663 608 1726 645; x_wconf 86' lang='lat' dir='ltr'>quid</span> <span class='ocrx_word' id='word_1_670' title='bbox 1750 611 1888 637; x_wconf 74' lang='lat' dir='ltr'>emerserit</span> <span class='ocrx_word' id='word_1_671' title='bbox 1906 621 2027 637; x_wconf 85' lang='lat' dir='ltr'>necessa-</span> 
     </span>
     <span class='ocr_line' id='line_1_73' title="bbox 1181 651 2027 689; baseline 0.002 -11"><span class='ocrx_word' id='word_1_672' title='bbox 1181 653 1256 683; x_wconf 83' lang='lat' dir='ltr'>rium,</span> <span class='ocrx_word' id='word_1_673' title='bbox 1276 662 1300 678; x_wconf 80' lang='lat' dir='ltr'>v.</span> <span class='ocrx_word' id='word_1_674' title='bbox 1320 652 1492 689; x_wconf 83' lang='lat' dir='ltr'>inopinatum.</span> <span class='ocrx_word' id='word_1_675' title='bbox 1517 662 1538 678; x_wconf 85' lang='lat' dir='ltr'>c.</span> <span class='ocrx_word' id='word_1_676' title='bbox 1559 652 1581 678; x_wconf 76' lang='lat'>8.</span> <span class='ocrx_word' id='word_1_677' title='bbox 1608 651 1640 678; x_wconf 86' lang='lat' dir='ltr'>de</span> <span class='ocrx_word' id='word_1_678' title='bbox 1659 651 1712 679; x_wconf 91' lang='lat' dir='ltr'>LL.</span> <span class='ocrx_word' id='word_1_679' title='bbox 1740 654 1762 679; x_wconf 85' lang='lat' dir='ltr'>l.</span> <span class='ocrx_word' id='word_1_680' title='bbox 1784 655 1824 679; x_wconf 70' lang='lat'>14.</span> <span class='ocrx_word' id='word_1_681' title='bbox 1845 653 1875 680; x_wconf 84' lang='lat' dir='ltr'>fr.</span> <span class='ocrx_word' id='word_1_682' title='bbox 1896 655 1919 680; x_wconf 82' lang='lat'>7.</span> <span class='ocrx_word' id='word_1_683' title='bbox 1940 653 1973 680; x_wconf 80' lang='lat' dir='ltr'>de</span> <span class='ocrx_word' id='word_1_684' title='bbox 1992 653 2027 680; x_wconf 77' lang='lat' dir='ltr'>fe-</span> 
     </span>
     <span class='ocr_line' id='line_1_74' title="bbox 1181 693 2028 728; baseline 0.002 -7"><span class='ocrx_word' id='word_1_685' title='bbox 1181 696 1236 722; x_wconf 87' lang='lat' dir='ltr'>riis.</span> <span class='ocrx_word' id='word_1_686' title='bbox 1255 697 1279 722; x_wconf 85' lang='grc'>2.</span> <span class='ocrx_word' id='word_1_687' title='bbox 1302 697 1341 721; x_wconf 88' lang='grc'>12.</span> <span class='ocrx_word' id='word_1_688' title='bbox 1362 694 1391 721; x_wconf 86' lang='lat' dir='ltr'>fr.</span> <span class='ocrx_word' id='word_1_689' title='bbox 1414 696 1436 720; x_wconf 97' lang='lat' dir='ltr'>l.</span> <span class='ocrx_word' id='word_1_690' title='bbox 1456 694 1478 728; x_wconf 98' lang='lat'>3.</span> <span class='ocrx_word' id='word_1_691' title='bbox 1500 695 1522 721; x_wconf 96' lang='lat' dir='ltr'>l.</span> <span class='ocrx_word' id='word_1_692' title='bbox 1542 693 1575 721; x_wconf 85' lang='lat' dir='ltr'>de</span> <span class='ocrx_word' id='word_1_693' title='bbox 1594 694 1626 721; x_wconf 87' lang='lat' dir='ltr'>A.</span> <span class='ocrx_word' id='word_1_694' title='bbox 1647 695 1678 721; x_wconf 86' lang='lat' dir='ltr'>E.</span> <span class='ocrx_word' id='word_1_695' title='bbox 1698 694 1730 722; x_wconf 72' lang='lat' dir='ltr'>V.</span> <span class='ocrx_word' id='word_1_696' title='bbox 1753 698 1792 722; x_wconf 83' lang='lat'>19.</span> <span class='ocrx_word' id='word_1_697' title='bbox 1815 698 1837 722; x_wconf 92' lang='lat' dir='ltr'>l.</span> <span class='ocrx_word' id='word_1_698' title='bbox 1874 696 1909 723; x_wconf 85' lang='lat' dir='ltr'>Et</span> <span class='ocrx_word' id='word_1_699' title='bbox 1928 706 1961 723; x_wconf 79' lang='lat' dir='ltr'>ex</span> <span class='ocrx_word' id='word_1_700' title='bbox 1974 706 2028 723; x_wconf 86' lang='lat' dir='ltr'>ser-</span> 
     </span>
     <span class='ocr_line' id='line_1_75' title="bbox 1181 736 2028 774; baseline 0.001 -9"><span class='ocrx_word' id='word_1_701' title='bbox 1181 749 1258 765; x_wconf 89' lang='lat' dir='ltr'>mone</span> <span class='ocrx_word' id='word_1_702' title='bbox 1281 754 1308 759; x_wconf 88' lang='lat'>-—</span> <span class='ocrx_word' id='word_1_703' title='bbox 1330 737 1458 774; x_wconf 78' lang='lat' dir='ltr'>quaedam</span> <span class='ocrx_word' id='word_1_704' title='bbox 1477 736 1509 763; x_wconf 89' lang='lat' dir='ltr'>ad</span> <span class='ocrx_word' id='word_1_705' title='bbox 1523 737 1720 764; x_wconf 79' lang='lat' dir='ltr'>illuminandam</span> <span class='ocrx_word' id='word_1_706' title='bbox 1739 740 1876 766; x_wconf 75' lang='lat' dir='ltr'>veritatem</span> <span class='ocrx_word' id='word_1_707' title='bbox 1896 741 1923 766; x_wconf 89' lang='lat' dir='ltr'>in</span> <span class='ocrx_word' id='word_1_708' title='bbox 1942 739 2028 766; x_wconf 73' lang='lat' dir='ltr'>lucem</span> 
     </span>
     <span class='ocr_line' id='line_1_76' title="bbox 1182 780 2028 818; baseline 0.001 -10"><span class='ocrx_word' id='word_1_709' title='bbox 1182 785 1325 818; x_wconf 77' lang='lat' dir='ltr'>emergunt.</span> <span class='ocrx_word' id='word_1_710' title='bbox 1345 780 1377 807; x_wconf 79' lang='lat' dir='ltr'>l&#39;r.</span> <span class='ocrx_word' id='word_1_711' title='bbox 1398 782 1438 807; x_wconf 89' lang='lat'>10.</span> <span class='ocrx_word' id='word_1_712' title='bbox 1458 780 1480 814; x_wconf 81' lang='lat'>3.</span> <span class='ocrx_word' id='word_1_713' title='bbox 1501 782 1524 807; x_wconf 86' lang='lat'>5.</span> <span class='ocrx_word' id='word_1_714' title='bbox 1551 780 1583 807; x_wconf 91' lang='lat' dir='ltr'>de</span> <span class='ocrx_word' id='word_1_715' title='bbox 1607 782 1755 817; x_wconf 80' lang='lat' dir='ltr'>quaestion.</span> <span class='ocrx_word' id='word_1_716' title='bbox 1778 784 1820 809; x_wconf 70' lang='lat'>48.</span> <span class='ocrx_word' id='word_1_717' title='bbox 1842 785 1882 808; x_wconf 74' lang='grc'>18.</span> <span class='ocrx_word' id='word_1_718' title='bbox 1918 783 2028 809; x_wconf 82' lang='lat' dir='ltr'>Emersa</span> 
     </span>
     <span class='ocr_line' id='line_1_77' title="bbox 1182 823 2028 852; baseline 0.001 -1"><span class='ocrx_word' id='word_1_719' title='bbox 1182 824 1291 851; x_wconf 90' lang='lat' dir='ltr'>dominii</span> <span class='ocrx_word' id='word_1_720' title='bbox 1310 823 1377 851; x_wconf 87' lang='lat' dir='ltr'>luce.</span> <span class='ocrx_word' id='word_1_721' title='bbox 1402 834 1424 851; x_wconf 86' lang='lat' dir='ltr'>c.</span> <span class='ocrx_word' id='word_1_722' title='bbox 1443 826 1468 851; x_wconf 76' lang='grc'>8.</span> <span class='ocrx_word' id='word_1_723' title='bbox 1494 823 1526 850; x_wconf 88' lang='lat' dir='ltr'>ad</span> <span class='ocrx_word' id='word_1_724' title='bbox 1550 823 1580 851; x_wconf 93' lang='lat' dir='ltr'>L.</span> <span class='ocrx_word' id='word_1_725' title='bbox 1601 824 1662 850; x_wconf 83' lang='lat' dir='ltr'>Fab.</span> <span class='ocrx_word' id='word_1_726' title='bbox 1682 826 1707 851; x_wconf 84' lang='lat'>9.</span> <span class='ocrx_word' id='word_1_727' title='bbox 1725 826 1768 851; x_wconf 86' lang='grc'>20.</span> <span class='ocrx_word' id='word_1_728' title='bbox 1806 825 1928 852; x_wconf 76' lang='lat' dir='ltr'>Diversis</span> <span class='ocrx_word' id='word_1_729' title='bbox 1948 835 2028 852; x_wconf 83' lang='lat' dir='ltr'>emer-</span> 
     </span>
     <span class='ocr_line' id='line_1_78' title="bbox 1182 866 2026 904; baseline 0.001 -10"><span class='ocrx_word' id='word_1_730' title='bbox 1182 868 1305 904; x_wconf 77' lang='lat' dir='ltr'>gentibus</span> <span class='ocrx_word' id='word_1_731' title='bbox 1325 868 1419 893; x_wconf 90' lang='lat' dir='ltr'>causis.</span> <span class='ocrx_word' id='word_1_732' title='bbox 1447 866 1514 893; x_wconf 78' lang='lat' dir='ltr'>Nov.</span> <span class='ocrx_word' id='word_1_733' title='bbox 1529 866 1579 893; x_wconf 87' lang='lat' dir='ltr'>Th.</span> <span class='ocrx_word' id='word_1_734' title='bbox 1592 867 1622 893; x_wconf 95' lang='grc'>11.</span> <span class='ocrx_word' id='word_1_735' title='bbox 1637 867 1670 894; x_wconf 86' lang='lat' dir='ltr'>de</span> <span class='ocrx_word' id='word_1_736' title='bbox 1690 868 1807 895; x_wconf 83' lang='lat' dir='ltr'>confirm.</span> <span class='ocrx_word' id='word_1_737' title='bbox 1822 867 1874 895; x_wconf 90' lang='lat' dir='ltr'>LL.</span> <span class='ocrx_word' id='word_1_738' title='bbox 1890 879 1950 895; x_wconf 87' lang='lat' dir='ltr'>nov.</span> <span class='ocrx_word' id='word_1_739' title='bbox 1970 868 1988 895; x_wconf 94' lang='lat' dir='ltr'>I.</span> <span class='ocrx_word' id='word_1_740' title='bbox 2005 871 2026 895; x_wconf 95' lang='lat'>1.</span> 
     </span>
     <span class='ocr_line' id='line_1_79' title="bbox 1183 909 2027 948; baseline 0.004 -12"><span class='ocrx_word' id='word_1_741' title='bbox 1183 921 1204 937; x_wconf 85' lang='lat' dir='ltr'>c.</span> <span class='ocrx_word' id='word_1_742' title='bbox 1218 912 1240 936; x_wconf 95' lang='lat'>1.</span> <span class='ocrx_word' id='word_1_743' title='bbox 1256 911 1278 944; x_wconf 90' lang='lat'>3.</span> <span class='ocrx_word' id='word_1_744' title='bbox 1294 911 1317 936; x_wconf 95' lang='lat'>1.</span> <span class='ocrx_word' id='word_1_745' title='bbox 1336 909 1366 936; x_wconf 89' lang='lat' dir='ltr'>Si</span> <span class='ocrx_word' id='word_1_746' title='bbox 1379 909 1521 946; x_wconf 86' lang='lat' dir='ltr'>aliquando</span> <span class='ocrx_word' id='word_1_747' title='bbox 1535 909 1655 936; x_wconf 75' lang='lat' dir='ltr'>homines</span> <span class='ocrx_word' id='word_1_748' title='bbox 1674 915 1814 947; x_wconf 75' lang='lat' dir='ltr'>emergant,</span> <span class='ocrx_word' id='word_1_749' title='bbox 1828 912 1873 948; x_wconf 91' lang='lat' dir='ltr'>qui</span> <span class='ocrx_word' id='word_1_750' title='bbox 1887 917 1935 939; x_wconf 85' lang='lat' dir='ltr'>etc.</span> <span class='ocrx_word' id='word_1_751' title='bbox 1950 922 1971 939; x_wconf 87' lang='lat' dir='ltr'>c.</span> <span class='ocrx_word' id='word_1_752' title='bbox 1987 914 2027 939; x_wconf 84' lang='lat'>15.</span> 
     </span>
     <span class='ocr_line' id='line_1_80' title="bbox 1183 952 2028 992; baseline 0.004 -13"><span class='ocrx_word' id='word_1_753' title='bbox 1183 953 1215 979; x_wconf 77' lang='lat' dir='ltr'>de</span> <span class='ocrx_word' id='word_1_754' title='bbox 1235 963 1296 990; x_wconf 87' lang='lat' dir='ltr'>opp.</span> <span class='ocrx_word' id='word_1_755' title='bbox 1317 952 1380 990; x_wconf 86' lang='lat' dir='ltr'>pub.</span> <span class='ocrx_word' id='word_1_756' title='bbox 1400 954 1423 979; x_wconf 83' lang='lat'>8.</span> <span class='ocrx_word' id='word_1_757' title='bbox 1445 954 1484 979; x_wconf 80' lang='lat'>12.</span> <span class='ocrx_word' id='word_1_758' title='bbox 1525 952 1606 988; x_wconf 80' lang='lat' dir='ltr'>Quod</span> <span class='ocrx_word' id='word_1_759' title='bbox 1625 955 1674 986; x_wconf 91' lang='lat' dir='ltr'>(sc.</span> <span class='ocrx_word' id='word_1_760' title='bbox 1694 955 1866 991; x_wconf 86' lang='lat' dir='ltr'>rescriptum)</span> <span class='ocrx_word' id='word_1_761' title='bbox 1885 954 1955 992; x_wconf 83' lang='lat' dir='ltr'>apud</span> <span class='ocrx_word' id='word_1_762' title='bbox 1974 954 2028 982; x_wconf 92' lang='lat' dir='ltr'>Sir-</span> 
     </span>
     <span class='ocr_line' id='line_1_81' title="bbox 1182 995 2014 1032; baseline 0.004 -10"><span class='ocrx_word' id='word_1_763' title='bbox 1182 997 1261 1022; x_wconf 87' lang='lat' dir='ltr'>mium</span> <span class='ocrx_word' id='word_1_764' title='bbox 1282 1005 1366 1032; x_wconf 88' lang='lat' dir='ltr'>nuper</span> <span class='ocrx_word' id='word_1_765' title='bbox 1385 996 1498 1022; x_wconf 82' lang='lat' dir='ltr'>emersit.</span> <span class='ocrx_word' id='word_1_766' title='bbox 1519 995 1570 1022; x_wconf 83' lang='lat' dir='ltr'>Th.</span> <span class='ocrx_word' id='word_1_767' title='bbox 1591 996 1622 1023; x_wconf 83' lang='lat' dir='ltr'>C.</span> <span class='ocrx_word' id='word_1_768' title='bbox 1641 996 1713 1024; x_wconf 60' lang='lat' dir='ltr'>XVI.</span> <span class='ocrx_word' id='word_1_769' title='bbox 1732 999 1756 1024; x_wconf 92' lang='lat'>5.</span> <span class='ocrx_word' id='word_1_770' title='bbox 1778 1007 1799 1024; x_wconf 87' lang='lat' dir='ltr'>c.</span> <span class='ocrx_word' id='word_1_771' title='bbox 1819 999 1843 1024; x_wconf 85' lang='lat'>5.</span> <span class='ocrx_word' id='word_1_772' title='bbox 1864 997 1897 1024; x_wconf 82' lang='lat' dir='ltr'>de</span> <span class='ocrx_word' id='word_1_773' title='bbox 1915 998 2014 1025; x_wconf 84' lang='lat' dir='ltr'>haeret.</span> 
     </span>
     <span class='ocr_line' id='line_1_82' title="bbox 1159 1038 2028 1076; baseline 0.002 -10"><span class='ocrx_word' id='word_1_774' title='bbox 1159 1043 1160 1066; x_wconf 59' lang='grc' dir='ltr'>Ι</span> <span class='ocrx_word' id='word_1_775' title='bbox 1218 1038 1482 1065; x_wconf 75' lang='lat' dir='ltr'>Emeritensis.</span> <span class='ocrx_word' id='word_1_776' title='bbox 1522 1040 1615 1066; x_wconf 69' lang='lat' dir='ltr'>Civis</span> <span class='ocrx_word' id='word_1_777' title='bbox 1648 1041 1817 1067; x_wconf 79' lang='lat' dir='ltr'>Emeritae</span> <span class='ocrx_word' id='word_1_778' title='bbox 1842 1043 2028 1076; x_wconf 72' lang='lat' dir='ltr'>Augustae,</span> 
     </span>
     <span class='ocr_line' id='line_1_83' title="bbox 1159 1075 2030 1123; baseline 0.001 -14"><span class='ocrx_word' id='word_1_779' title='bbox 1159 1075 1160 1123; x_wconf 29' lang='grc' dir='ltr'>ἶ</span> <span class='ocrx_word' id='word_1_780' title='bbox 1182 1083 1298 1116; x_wconf 71' lang='lat' dir='ltr'>oppidi</span> <span class='ocrx_word' id='word_1_781' title='bbox 1317 1083 1349 1107; x_wconf 82' lang='lat' dir='ltr'>in</span> <span class='ocrx_word' id='word_1_782' title='bbox 1369 1083 1564 1108; x_wconf 74' lang='lat' dir='ltr'>Lusitania.</span> <span class='ocrx_word' id='word_1_783' title='bbox 1599 1082 1642 1108; x_wconf 91' lang='lat'>111.</span> <span class='ocrx_word' id='word_1_784' title='bbox 1675 1083 1742 1110; x_wconf 76' lang='lat' dir='ltr'>Gn.</span> <span class='ocrx_word' id='word_1_785' title='bbox 1780 1083 1809 1109; x_wconf 92' lang='lat' dir='ltr'>In</span> <span class='ocrx_word' id='word_1_786' title='bbox 1828 1082 1964 1110; x_wconf 80' lang='lat' dir='ltr'>Lusitania</span> <span class='ocrx_word' id='word_1_787' title='bbox 1982 1083 2030 1110; x_wconf 81' lang='lat' dir='ltr'>Pa-</span> 
     </span>
     <span class='ocr_line' id='line_1_84' title="bbox 1159 1123 2030 1159; baseline 0.002 -8"><span class='ocrx_word' id='word_1_788' title='bbox 1159 1155 1160 1159; x_wconf 19' lang='lat'><em>*</em></span> <span class='ocrx_word' id='word_1_789' title='bbox 1183 1134 1284 1155; x_wconf 73' lang='lat' dir='ltr'>censes,</span> <span class='ocrx_word' id='word_1_790' title='bbox 1305 1123 1353 1150; x_wconf 83' lang='lat' dir='ltr'>sed</span> <span class='ocrx_word' id='word_1_791' title='bbox 1373 1128 1399 1150; x_wconf 84' lang='lat' dir='ltr'>et</span> <span class='ocrx_word' id='word_1_792' title='bbox 1416 1124 1596 1151; x_wconf 82' lang='lat' dir='ltr'>Emeritenses</span> <span class='ocrx_word' id='word_1_793' title='bbox 1617 1124 1660 1158; x_wconf 92' lang='lat' dir='ltr'>[al.</span> <span class='ocrx_word' id='word_1_794' title='bbox 1680 1125 1875 1154; x_wconf 79' lang='lat' dir='ltr'>Emeretenses.</span> <span class='ocrx_word' id='word_1_795' title='bbox 1895 1137 1916 1153; x_wconf 91' lang='lat' dir='ltr'>s.</span> <span class='ocrx_word' id='word_1_796' title='bbox 1930 1127 2030 1153; x_wconf 87' lang='lat' dir='ltr'>Emeri-</span> 
     </span>
     <span class='ocr_line' id='line_1_85' title="bbox 1183 1167 2016 1205; baseline 0.002 -11"><span class='ocrx_word' id='word_1_797' title='bbox 1183 1168 1298 1201; x_wconf 77' lang='lat' dir='ltr'>censes,]</span> <span class='ocrx_word' id='word_1_798' title='bbox 1320 1168 1385 1194; x_wconf 88' lang='lat' dir='ltr'>iuris</span> <span class='ocrx_word' id='word_1_799' title='bbox 1404 1167 1488 1194; x_wconf 88' lang='lat' dir='ltr'>Italici</span> <span class='ocrx_word' id='word_1_800' title='bbox 1508 1172 1578 1194; x_wconf 80' lang='lat' dir='ltr'>sunt.</span> <span class='ocrx_word' id='word_1_801' title='bbox 1598 1167 1630 1194; x_wconf 79' lang='lat' dir='ltr'>fr.</span> <span class='ocrx_word' id='word_1_802' title='bbox 1644 1172 1668 1194; x_wconf 78' lang='grc' dir='ltr'>δ.</span> <span class='ocrx_word' id='word_1_803' title='bbox 1688 1178 1727 1205; x_wconf 88' lang='lat' dir='ltr'>pr.</span> <span class='ocrx_word' id='word_1_804' title='bbox 1748 1168 1780 1195; x_wconf 80' lang='lat' dir='ltr'>de</span> <span class='ocrx_word' id='word_1_805' title='bbox 1800 1169 1898 1196; x_wconf 84' lang='lat' dir='ltr'>censib.</span> <span class='ocrx_word' id='word_1_806' title='bbox 1919 1171 1960 1196; x_wconf 85' lang='lat'>50.</span> <span class='ocrx_word' id='word_1_807' title='bbox 1976 1171 2016 1196; x_wconf 88' lang='lat'>15.</span> 
     </span>
    </p>

    <p class='ocr_par' dir='ltr' id='par_1_29' title="bbox 1158 1210 2031 1849">
     <span class='ocr_line' id='line_1_86' title="bbox 1217 1210 2029 1247; baseline 0.002 -10"><span class='ocrx_word' id='word_1_808' title='bbox 1217 1211 1444 1238; x_wconf 76' lang='lat' dir='ltr'>Emeritum.</span> <span class='ocrx_word' id='word_1_809' title='bbox 1482 1210 1601 1244; x_wconf 73' lang='lat' dir='ltr'>(Subst.)</span> <span class='ocrx_word' id='word_1_810' title='bbox 1640 1213 1731 1244; x_wconf 77' lang='lat' dir='ltr'>Quod</span> <span class='ocrx_word' id='word_1_811' title='bbox 1754 1215 1918 1239; x_wconf 71' lang='lat' dir='ltr'>veteranis</span> <span class='ocrx_word' id='word_1_812' title='bbox 1936 1223 2029 1247; x_wconf 80' lang='lat' dir='ltr'>prae-</span> 
     </span>
     <span class='ocr_line' id='line_1_87' title="bbox 1158 1255 2029 1288; baseline 0 -6"><span class='ocrx_word' id='word_1_813' title='bbox 1158 1257 1291 1285; x_wconf 56' lang='lat' dir='ltr'>tbetur,</span> <span class='ocrx_word' id='word_1_814' title='bbox 1318 1255 1507 1288; x_wconf 76' lang='lat' dir='ltr'>praemium.</span> <span class='ocrx_word' id='word_1_815' title='bbox 1545 1255 1766 1281; x_wconf 81' lang='lat' dir='ltr'>Emeritorum</span> <span class='ocrx_word' id='word_1_816' title='bbox 1794 1257 1940 1282; x_wconf 73' lang='lat' dir='ltr'>militum</span> <span class='ocrx_word' id='word_1_817' title='bbox 1969 1258 2029 1282; x_wconf 76' lang='lat' dir='ltr'>sti-</span> 
     </span>
     <span class='ocr_line' id='line_1_88' title="bbox 1181 1296 2030 1334; baseline 0 -10"><span class='ocrx_word' id='word_1_818' title='bbox 1181 1307 1242 1332; x_wconf 81' lang='lat' dir='ltr'>pes.</span> <span class='ocrx_word' id='word_1_819' title='bbox 1280 1296 1323 1323; x_wconf 91' lang='lat' dir='ltr'>Ill.</span> <span class='ocrx_word' id='word_1_820' title='bbox 1344 1298 1410 1324; x_wconf 77' lang='grc' dir='ltr'>οη.</span> <span class='ocrx_word' id='word_1_821' title='bbox 1430 1296 1544 1323; x_wconf 88' lang='lat' dir='ltr'>Emerita</span> <span class='ocrx_word' id='word_1_822' title='bbox 1564 1298 1692 1334; x_wconf 77' lang='lat' dir='ltr'>accipere..</span> <span class='ocrx_word' id='word_1_823' title='bbox 1712 1296 1829 1323; x_wconf 86' lang='lat' dir='ltr'>Praemia</span> <span class='ocrx_word' id='word_1_824' title='bbox 1849 1303 1874 1324; x_wconf 85' lang='lat' dir='ltr'>et</span> <span class='ocrx_word' id='word_1_825' title='bbox 1893 1298 2030 1325; x_wconf 86' lang='lat' dir='ltr'>emeritum</span> 
     </span>
     <span class='ocr_line' id='line_1_89' title="bbox 1184 1338 2028 1378; baseline -0.001 -11"><span class='ocrx_word' id='word_1_826' title='bbox 1184 1350 1284 1378; x_wconf 81' lang='lat' dir='ltr'>capere.</span> <span class='ocrx_word' id='word_1_827' title='bbox 1306 1356 1337 1360; x_wconf 95' lang='lat'><strong>—</strong></span> <span class='ocrx_word' id='word_1_828' title='bbox 1357 1338 1458 1366; x_wconf 85' lang='lat' dir='ltr'>Privari</span> <span class='ocrx_word' id='word_1_829' title='bbox 1478 1341 1595 1367; x_wconf 82' lang='lat' dir='ltr'>emerito.</span> <span class='ocrx_word' id='word_1_830' title='bbox 1615 1340 1646 1366; x_wconf 82' lang='lat' dir='ltr'>l&#39;r.</span> <span class='ocrx_word' id='word_1_831' title='bbox 1665 1341 1690 1367; x_wconf 82' lang='lat'>3.</span> <span class='ocrx_word' id='word_1_832' title='bbox 1711 1340 1749 1374; x_wconf 92' lang='lat'>33.</span> <span class='ocrx_word' id='word_1_833' title='bbox 1768 1341 1792 1367; x_wconf 87' lang='lat'>8.</span> <span class='ocrx_word' id='word_1_834' title='bbox 1814 1342 1854 1367; x_wconf 83' lang='grc'>12.</span> <span class='ocrx_word' id='word_1_835' title='bbox 1875 1339 1905 1367; x_wconf 78' lang='lat' dir='ltr'>l&#39;r.</span> <span class='ocrx_word' id='word_1_836' title='bbox 1924 1342 1949 1367; x_wconf 83' lang='lat'>5.</span> <span class='ocrx_word' id='word_1_837' title='bbox 1968 1340 1990 1375; x_wconf 84' lang='lat'>3.</span> <span class='ocrx_word' id='word_1_838' title='bbox 2005 1341 2028 1366; x_wconf 91' lang='lat'>7.</span> 
     </span>
     <span class='ocr_line' id='line_1_90' title="bbox 1185 1383 1448 1411; baseline -0.008 0"><span class='ocrx_word' id='word_1_839' title='bbox 1185 1384 1217 1411; x_wconf 77' lang='lat' dir='ltr'>de</span> <span class='ocrx_word' id='word_1_840' title='bbox 1237 1383 1269 1410; x_wconf 85' lang='lat' dir='ltr'>R.</span> <span class='ocrx_word' id='word_1_841' title='bbox 1289 1383 1324 1410; x_wconf 82' lang='grc' dir='ltr'>Μ.</span> <span class='ocrx_word' id='word_1_842' title='bbox 1345 1384 1386 1409; x_wconf 78' lang='grc'>49.</span> <span class='ocrx_word' id='word_1_843' title='bbox 1407 1384 1448 1409; x_wconf 87' lang='grc'>16.</span> 
     </span>
     <span class='ocr_line' id='line_1_91' title="bbox 1160 1425 2030 1463; baseline -0.001 -9"><span class='ocrx_word' id='word_1_844' title='bbox 1160 1425 1162 1441; x_wconf 54' lang='lat'>³</span> <span class='ocrx_word' id='word_1_845' title='bbox 1218 1425 1425 1454; x_wconf 62' lang='lat' dir='ltr'>Eme-ritus.</span> <span class='ocrx_word' id='word_1_846' title='bbox 1464 1425 1586 1459; x_wconf 86' lang='lat' dir='ltr'>(Partic.)</span> <span class='ocrx_word' id='word_1_847' title='bbox 1626 1427 1776 1453; x_wconf 77' lang='lat' dir='ltr'>Merenda</span> <span class='ocrx_word' id='word_1_848' title='bbox 1794 1428 1932 1463; x_wconf 75' lang='lat' dir='ltr'>finitus.</span> <span class='ocrx_word' id='word_1_849' title='bbox 1970 1427 2030 1453; x_wconf 73' lang='lat' dir='ltr'>Ab-</span> 
     </span>
     <span class='ocr_line' id='line_1_92' title="bbox 1183 1468 2030 1506; baseline -0.004 -8"><span class='ocrx_word' id='word_1_850' title='bbox 1183 1473 1320 1498; x_wconf 68' lang='lat' dir='ltr'>solutus.</span> <span class='ocrx_word' id='word_1_851' title='bbox 1356 1468 1375 1495; x_wconf 93' lang='lat'>1.</span> <span class='ocrx_word' id='word_1_852' title='bbox 1396 1470 1459 1504; x_wconf 74' lang='lat' dir='ltr'>Sy.</span> <span class='ocrx_word' id='word_1_853' title='bbox 1483 1468 1607 1506; x_wconf 78' lang='lat' dir='ltr'>impleta.</span> <span class='ocrx_word' id='word_1_854' title='bbox 1634 1469 1749 1495; x_wconf 86' lang='lat' dir='ltr'>Emerita</span> <span class='ocrx_word' id='word_1_855' title='bbox 1769 1468 1935 1506; x_wconf 85' lang='lat' dir='ltr'>(stipendia.)</span> <span class='ocrx_word' id='word_1_856' title='bbox 1955 1468 1986 1496; x_wconf 83' lang='lat' dir='ltr'>fr.</span> <span class='ocrx_word' id='word_1_857' title='bbox 2006 1470 2030 1496; x_wconf 90' lang='grc'>9.</span> 
     </span>
     <span class='ocr_line' id='line_1_93' title="bbox 1183 1511 2031 1551; baseline -0.002 -11"><span class='ocrx_word' id='word_1_858' title='bbox 1183 1524 1222 1551; x_wconf 82' lang='lat' dir='ltr'>pr.</span> <span class='ocrx_word' id='word_1_859' title='bbox 1243 1513 1273 1540; x_wconf 81' lang='lat' dir='ltr'>fr.</span> <span class='ocrx_word' id='word_1_860' title='bbox 1295 1514 1334 1539; x_wconf 88' lang='grc'>13.</span> <span class='ocrx_word' id='word_1_861' title='bbox 1354 1512 1376 1546; x_wconf 88' lang='lat'>3.</span> <span class='ocrx_word' id='word_1_862' title='bbox 1395 1513 1420 1538; x_wconf 82' lang='lat'>3.</span> <span class='ocrx_word' id='word_1_863' title='bbox 1440 1511 1458 1538; x_wconf 93' lang='lat' dir='ltr'>l.</span> <span class='ocrx_word' id='word_1_864' title='bbox 1478 1511 1494 1538; x_wconf 93' lang='lat' dir='ltr'>l.</span> <span class='ocrx_word' id='word_1_865' title='bbox 1515 1513 1557 1538; x_wconf 73' lang='lat'>49.</span> <span class='ocrx_word' id='word_1_866' title='bbox 1580 1513 1619 1538; x_wconf 79' lang='lat'>16.</span> <span class='ocrx_word' id='word_1_867' title='bbox 1657 1511 1687 1538; x_wconf 94' lang='grc'>11.</span> <span class='ocrx_word' id='word_1_868' title='bbox 1709 1513 1776 1546; x_wconf 74' lang='lat' dir='ltr'>Op.</span> <span class='ocrx_word' id='word_1_869' title='bbox 1797 1511 1864 1539; x_wconf 91' lang='lat' dir='ltr'>Cum</span> <span class='ocrx_word' id='word_1_870' title='bbox 1883 1511 2031 1548; x_wconf 82' lang='lat' dir='ltr'>frequenta-</span> 
     </span>
     <span class='ocr_line' id='line_1_94' title="bbox 1183 1554 2029 1589; baseline -0.002 -6"><span class='ocrx_word' id='word_1_871' title='bbox 1183 1562 1240 1589; x_wconf 85' lang='lat' dir='ltr'>tur,</span> <span class='ocrx_word' id='word_1_872' title='bbox 1260 1572 1292 1576; x_wconf 87' lang='lat'>——</span> <span class='ocrx_word' id='word_1_873' title='bbox 1312 1556 1458 1582; x_wconf 72' lang='lat' dir='ltr'>Emer-itum</span> <span class='ocrx_word' id='word_1_874' title='bbox 1477 1555 1616 1588; x_wconf 87' lang='lat' dir='ltr'>(munus.)</span> <span class='ocrx_word' id='word_1_875' title='bbox 1647 1554 1732 1582; x_wconf 79' lang='lat' dir='ltr'>Vatie.</span> <span class='ocrx_word' id='word_1_876' title='bbox 1752 1555 1790 1589; x_wconf 92' lang='lat'>33.</span> <span class='ocrx_word' id='word_1_877' title='bbox 1811 1556 1869 1582; x_wconf 72' lang='lat'>145.</span> <span class='ocrx_word' id='word_1_878' title='bbox 1888 1557 1948 1583; x_wconf 79' lang='lat'>222.</span> <span class='ocrx_word' id='word_1_879' title='bbox 1985 1554 2029 1581; x_wconf 84' lang='lat' dir='ltr'>III.</span> 
     </span>
     <span class='ocr_line' id='line_1_95' title="bbox 1184 1597 2030 1636; baseline -0.005 -8"><span class='ocrx_word' id='word_1_880' title='bbox 1184 1602 1250 1628; x_wconf 79' lang='lat' dir='ltr'>Cn.</span> <span class='ocrx_word' id='word_1_881' title='bbox 1275 1600 1351 1635; x_wconf 82' lang='lat' dir='ltr'>Quae</span> <span class='ocrx_word' id='word_1_882' title='bbox 1371 1599 1425 1631; x_wconf 83' lang='lat' dir='ltr'>(se.</span> <span class='ocrx_word' id='word_1_883' title='bbox 1449 1598 1559 1630; x_wconf 85' lang='lat' dir='ltr'>missio)</span> <span class='ocrx_word' id='word_1_884' title='bbox 1584 1599 1700 1625; x_wconf 82' lang='lat' dir='ltr'>emeritis</span> <span class='ocrx_word' id='word_1_885' title='bbox 1719 1598 1874 1636; x_wconf 82' lang='lat' dir='ltr'>stipendiis,</span> <span class='ocrx_word' id='word_1_886' title='bbox 1898 1597 1941 1624; x_wconf 79' lang='lat' dir='ltr'>vel</span> <span class='ocrx_word' id='word_1_887' title='bbox 1961 1603 2030 1630; x_wconf 76' lang='lat' dir='ltr'>ante.</span> 
     </span>
     <span class='ocr_line' id='line_1_96' title="bbox 1183 1639 2030 1679; baseline -0.002 -10"><span class='ocrx_word' id='word_1_888' title='bbox 1183 1643 1214 1669; x_wconf 90' lang='lat' dir='ltr'>ab</span> <span class='ocrx_word' id='word_1_889' title='bbox 1234 1642 1395 1679; x_wconf 81' lang='lat' dir='ltr'>Imperatore</span> <span class='ocrx_word' id='word_1_890' title='bbox 1414 1639 1573 1676; x_wconf 78' lang='lat' dir='ltr'>indulgetur.</span> <span class='ocrx_word' id='word_1_891' title='bbox 1594 1640 1625 1667; x_wconf 79' lang='lat' dir='ltr'>i&#39;r.</span> <span class='ocrx_word' id='word_1_892' title='bbox 1638 1643 1662 1667; x_wconf 86' lang='grc'>2.</span> <span class='ocrx_word' id='word_1_893' title='bbox 1683 1641 1705 1675; x_wconf 91' lang='lat'>3.</span> <span class='ocrx_word' id='word_1_894' title='bbox 1719 1643 1743 1668; x_wconf 84' lang='lat'>2.</span> <span class='ocrx_word' id='word_1_895' title='bbox 1764 1641 1796 1668; x_wconf 86' lang='lat' dir='ltr'>de</span> <span class='ocrx_word' id='word_1_896' title='bbox 1815 1641 1840 1668; x_wconf 86' lang='lat' dir='ltr'>h.</span> <span class='ocrx_word' id='word_1_897' title='bbox 1861 1651 1904 1678; x_wconf 93' lang='lat' dir='ltr'>qu.</span> <span class='ocrx_word' id='word_1_898' title='bbox 1924 1646 1978 1667; x_wconf 86' lang='lat' dir='ltr'>not.</span> <span class='ocrx_word' id='word_1_899' title='bbox 1994 1641 2030 1668; x_wconf 91' lang='lat' dir='ltr'>in-</span> 
     </span>
     <span class='ocr_line' id='line_1_97' title="bbox 1184 1683 2029 1717; baseline -0.002 -5"><span class='ocrx_word' id='word_1_900' title='bbox 1184 1686 1242 1712; x_wconf 83' lang='lat' dir='ltr'>sam.</span> <span class='ocrx_word' id='word_1_901' title='bbox 1261 1687 1287 1712; x_wconf 88' lang='lat'>3.</span> <span class='ocrx_word' id='word_1_902' title='bbox 1306 1687 1330 1711; x_wconf 90' lang='grc'>2.</span> <span class='ocrx_word' id='word_1_903' title='bbox 1367 1683 1452 1710; x_wconf 81' lang='lat' dir='ltr'>Vatic.</span> <span class='ocrx_word' id='word_1_904' title='bbox 1477 1683 1598 1717; x_wconf 66' lang='lat'>33140.</span> <span class='ocrx_word' id='word_1_905' title='bbox 1625 1685 1682 1710; x_wconf 74' lang='lat'>144.</span> <span class='ocrx_word' id='word_1_906' title='bbox 1720 1683 1786 1711; x_wconf 87' lang='lat' dir='ltr'>Post</span> <span class='ocrx_word' id='word_1_907' title='bbox 1811 1685 1946 1711; x_wconf 84' lang='lat' dir='ltr'>emeritam</span> <span class='ocrx_word' id='word_1_908' title='bbox 1969 1685 2029 1711; x_wconf 88' lang='lat' dir='ltr'>mis-</span> 
     </span>
     <span class='ocr_line' id='line_1_98' title="bbox 1184 1726 2029 1765; baseline -0.002 -9"><span class='ocrx_word' id='word_1_909' title='bbox 1184 1730 1301 1760; x_wconf 84' lang='lat' dir='ltr'>sionem,</span> <span class='ocrx_word' id='word_1_910' title='bbox 1326 1737 1347 1754; x_wconf 90' lang='lat' dir='ltr'>s.</span> <span class='ocrx_word' id='word_1_911' title='bbox 1372 1731 1435 1764; x_wconf 87' lang='lat' dir='ltr'>post</span> <span class='ocrx_word' id='word_1_912' title='bbox 1458 1727 1581 1753; x_wconf 80' lang='lat' dir='ltr'>emeritae</span> <span class='ocrx_word' id='word_1_913' title='bbox 1599 1728 1735 1754; x_wconf 88' lang='lat' dir='ltr'>missionis</span> <span class='ocrx_word' id='word_1_914' title='bbox 1754 1727 1890 1765; x_wconf 84' lang='lat' dir='ltr'>epistolas.</span> <span class='ocrx_word' id='word_1_915' title='bbox 1927 1726 1977 1754; x_wconf 83' lang='lat' dir='ltr'>Th.</span> <span class='ocrx_word' id='word_1_916' title='bbox 1998 1726 2029 1754; x_wconf 92' lang='lat' dir='ltr'>C.</span> 
     </span>
     <span class='ocr_line' id='line_1_99' title="bbox 1160 1769 2028 1808; baseline -0.002 -10"><span class='ocrx_word' id='word_1_917' title='bbox 1160 1792 1162 1808; x_wconf 65' lang='grc' dir='ltr'>Ι</span> <span class='ocrx_word' id='word_1_918' title='bbox 1184 1772 1226 1799; x_wconf 69' lang='lat' dir='ltr'>Vl.</span> <span class='ocrx_word' id='word_1_919' title='bbox 1246 1774 1288 1798; x_wconf 82' lang='lat'>35.</span> <span class='ocrx_word' id='word_1_920' title='bbox 1315 1781 1337 1798; x_wconf 93' lang='lat' dir='ltr'>c.</span> <span class='ocrx_word' id='word_1_921' title='bbox 1358 1772 1398 1796; x_wconf 92' lang='lat'>11.</span> <span class='ocrx_word' id='word_1_922' title='bbox 1419 1769 1451 1796; x_wconf 79' lang='lat' dir='ltr'>de</span> <span class='ocrx_word' id='word_1_923' title='bbox 1470 1770 1538 1807; x_wconf 84' lang='lat' dir='ltr'>priv.</span> <span class='ocrx_word' id='word_1_924' title='bbox 1563 1779 1616 1796; x_wconf 89' lang='lat' dir='ltr'>eor.</span> <span class='ocrx_word' id='word_1_925' title='bbox 1637 1780 1680 1806; x_wconf 91' lang='lat' dir='ltr'>qu.</span> <span class='ocrx_word' id='word_1_926' title='bbox 1701 1771 1726 1796; x_wconf 94' lang='lat' dir='ltr'>in</span> <span class='ocrx_word' id='word_1_927' title='bbox 1746 1770 1774 1797; x_wconf 92' lang='lat' dir='ltr'>S.</span> <span class='ocrx_word' id='word_1_928' title='bbox 1798 1770 1850 1808; x_wconf 85' lang='lat' dir='ltr'>pal.</span> <span class='ocrx_word' id='word_1_929' title='bbox 1870 1769 1926 1797; x_wconf 66' lang='lat' dir='ltr'>HI.</span> <span class='ocrx_word' id='word_1_930' title='bbox 1945 1772 1987 1797; x_wconf 81' lang='lat'>20.</span> <span class='ocrx_word' id='word_1_931' title='bbox 2008 1780 2028 1797; x_wconf 84' lang='lat' dir='ltr'>c.</span> 
     </span>
     <span class='ocr_line' id='line_1_100' title="bbox 1183 1813 1483 1849; baseline -0.01 -7"><span class='ocrx_word' id='word_1_932' title='bbox 1183 1817 1207 1842; x_wconf 72' lang='lat'>4.</span> <span class='ocrx_word' id='word_1_933' title='bbox 1228 1815 1294 1849; x_wconf 89' lang='lat'>3.1.</span> <span class='ocrx_word' id='word_1_934' title='bbox 1315 1813 1349 1840; x_wconf 72' lang='lat' dir='ltr'>de</span> <span class='ocrx_word' id='word_1_935' title='bbox 1367 1818 1483 1840; x_wconf 71' lang='lat' dir='ltr'>veteran.</span> 
     </span>
    </p>

    <p class='ocr_par' dir='ltr' id='par_1_30' title="bbox 1219 1855 1668 1885">
     <span class='ocr_line' id='line_1_101' title="bbox 1219 1855 1668 1885; baseline -0.007 0"><span class='ocrx_word' id='word_1_936' title='bbox 1219 1856 1395 1885; x_wconf 78' lang='lat' dir='ltr'>Emetiri.</span> <span class='ocrx_word' id='word_1_937' title='bbox 1433 1855 1464 1883; x_wconf 79' lang='lat' dir='ltr'>cf.</span> <span class='ocrx_word' id='word_1_938' title='bbox 1484 1866 1510 1882; x_wconf 79' lang='lat' dir='ltr'>v.</span> <span class='ocrx_word' id='word_1_939' title='bbox 1529 1855 1668 1882; x_wconf 85' lang='lat' dir='ltr'>Emensus.</span> 
     </span>
    </p>

    <p class='ocr_par' dir='ltr' id='par_1_31' title="bbox 1185 1898 2029 2064">
     <span class='ocr_line' id='line_1_102' title="bbox 1219 1898 2029 1934; baseline -0.004 -6"><span class='ocrx_word' id='word_1_940' title='bbox 1219 1901 1411 1928; x_wconf 78' lang='lat' dir='ltr'>Emicare.</span> <span class='ocrx_word' id='word_1_941' title='bbox 1448 1901 1602 1932; x_wconf 81' lang='lat' dir='ltr'>Elucere,</span> <span class='ocrx_word' id='word_1_942' title='bbox 1622 1901 1806 1926; x_wconf 74' lang='lat' dir='ltr'>Excellere.</span> <span class='ocrx_word' id='word_1_943' title='bbox 1830 1898 1873 1925; x_wconf 89' lang='lat' dir='ltr'>III.</span> <span class='ocrx_word' id='word_1_944' title='bbox 1893 1900 1956 1928; x_wconf 74' lang='lat' dir='ltr'>Gn.</span> <span class='ocrx_word' id='word_1_945' title='bbox 1975 1899 2029 1934; x_wconf 82' lang='lat' dir='ltr'>Qui</span> 
     </span>
     <span class='ocr_line' id='line_1_103' title="bbox 1185 1941 2029 1980; baseline -0.002 -10"><span class='ocrx_word' id='word_1_946' title='bbox 1185 1944 1307 1971; x_wconf 86' lang='lat' dir='ltr'>similiter</span> <span class='ocrx_word' id='word_1_947' title='bbox 1326 1943 1494 1980; x_wconf 86' lang='lat' dir='ltr'>eloquentiae</span> <span class='ocrx_word' id='word_1_948' title='bbox 1519 1947 1545 1969; x_wconf 87' lang='lat' dir='ltr'>et</span> <span class='ocrx_word' id='word_1_949' title='bbox 1568 1942 1698 1978; x_wconf 79' lang='lat' dir='ltr'>legitimae</span> <span class='ocrx_word' id='word_1_950' title='bbox 1722 1942 1848 1969; x_wconf 86' lang='lat' dir='ltr'>scientiae</span> <span class='ocrx_word' id='word_1_951' title='bbox 1867 1942 1967 1969; x_wconf 82' lang='lat' dir='ltr'>artibus</span> <span class='ocrx_word' id='word_1_952' title='bbox 1987 1941 2029 1968; x_wconf 88' lang='lat' dir='ltr'>de-</span> 
     </span>
     <span class='ocr_line' id='line_1_104' title="bbox 1186 1985 2027 2024; baseline -0.004 -10"><span class='ocrx_word' id='word_1_953' title='bbox 1186 1992 1306 2018; x_wconf 83' lang='lat' dir='ltr'>coratus,</span> <span class='ocrx_word' id='word_1_954' title='bbox 1330 1991 1356 2013; x_wconf 85' lang='lat' dir='ltr'>et</span> <span class='ocrx_word' id='word_1_955' title='bbox 1379 1987 1406 2013; x_wconf 88' lang='lat' dir='ltr'>in</span> <span class='ocrx_word' id='word_1_956' title='bbox 1425 1987 1492 2024; x_wconf 88' lang='lat' dir='ltr'>ipsis</span> <span class='ocrx_word' id='word_1_957' title='bbox 1516 1995 1603 2012; x_wconf 83' lang='lat' dir='ltr'>rerum</span> <span class='ocrx_word' id='word_1_958' title='bbox 1623 1985 1810 2022; x_wconf 79' lang='lat' dir='ltr'>experimentis</span> <span class='ocrx_word' id='word_1_959' title='bbox 1830 1985 1942 2011; x_wconf 88' lang='lat' dir='ltr'>emicuit.</span> <span class='ocrx_word' id='word_1_960' title='bbox 1963 1994 1984 2011; x_wconf 76' lang='lat' dir='ltr'>c.</span> <span class='ocrx_word' id='word_1_961' title='bbox 2003 1986 2027 2011; x_wconf 87' lang='grc'>2.</span> 
     </span>
     <span class='ocr_line' id='line_1_105' title="bbox 1185 2028 1661 2064; baseline -0.004 -8"><span class='ocrx_word' id='word_1_962' title='bbox 1185 2030 1206 2064; x_wconf 89' lang='lat'>3.</span> <span class='ocrx_word' id='word_1_963' title='bbox 1226 2032 1250 2056; x_wconf 89' lang='lat'>9.</span> <span class='ocrx_word' id='word_1_964' title='bbox 1271 2029 1304 2056; x_wconf 84' lang='lat' dir='ltr'>de</span> <span class='ocrx_word' id='word_1_965' title='bbox 1321 2034 1374 2055; x_wconf 84' lang='lat' dir='ltr'>vet.</span> <span class='ocrx_word' id='word_1_966' title='bbox 1394 2030 1451 2055; x_wconf 85' lang='lat' dir='ltr'>iure.</span> <span class='ocrx_word' id='word_1_967' title='bbox 1470 2028 1555 2055; x_wconf 82' lang='lat' dir='ltr'>enucl.</span> <span class='ocrx_word' id='word_1_968' title='bbox 1579 2030 1600 2055; x_wconf 97' lang='lat' dir='ltr'>l.</span> <span class='ocrx_word' id='word_1_969' title='bbox 1622 2030 1661 2054; x_wconf 86' lang='lat'>17.</span> 
     </span>
    </p>

    <p class='ocr_par' dir='ltr' id='par_1_32' title="bbox 1162 2068 2028 2112">
     <span class='ocr_line' id='line_1_106' title="bbox 1162 2068 2028 2112; baseline -0.003 -13"><span class='ocrx_word' id='word_1_970' title='bbox 1162 2105 1163 2112; x_wconf 15' lang='grc' dir='ltr'>ἵ</span> <span class='ocrx_word' id='word_1_971' title='bbox 1220 2072 1434 2106; x_wconf 77' lang='lat' dir='ltr'>Emigrare.</span> <span class='ocrx_word' id='word_1_972' title='bbox 1456 2072 1487 2104; x_wconf 72' lang='lat'>§-</span> <span class='ocrx_word' id='word_1_973' title='bbox 1503 2072 1538 2097; x_wconf 91' lang='lat'>1.</span> <span class='ocrx_word' id='word_1_974' title='bbox 1561 2072 1798 2105; x_wconf 80' lang='lat' dir='ltr'>Commigrare,</span> <span class='ocrx_word' id='word_1_975' title='bbox 1817 2071 1921 2096; x_wconf 78' lang='lat' dir='ltr'>Abire.</span> <span class='ocrx_word' id='word_1_976' title='bbox 1940 2068 2028 2103; x_wconf 75' lang='lat' dir='ltr'>LSy.</span> 
     </span>
    </p>

    <p class='ocr_par' dir='ltr' id='par_1_33' title="bbox 1162 2111 2029 2193">
     <span class='ocr_line' id='line_1_107' title="bbox 1185 2111 2027 2152; baseline -0.005 -10"><span class='ocrx_word' id='word_1_977' title='bbox 1185 2115 1303 2152; x_wconf 76' lang='lat' dir='ltr'>Migrare.</span> <span class='ocrx_word' id='word_1_978' title='bbox 1324 2114 1354 2141; x_wconf 83' lang='lat' dir='ltr'>fr.</span> <span class='ocrx_word' id='word_1_979' title='bbox 1376 2115 1416 2140; x_wconf 85' lang='lat'>13.</span> <span class='ocrx_word' id='word_1_980' title='bbox 1440 2114 1461 2148; x_wconf 86' lang='lat'>3.</span> <span class='ocrx_word' id='word_1_981' title='bbox 1483 2115 1505 2140; x_wconf 84' lang='lat'>7.</span> <span class='ocrx_word' id='word_1_982' title='bbox 1526 2112 1556 2139; x_wconf 88' lang='lat' dir='ltr'>fr.</span> <span class='ocrx_word' id='word_1_983' title='bbox 1575 2114 1617 2139; x_wconf 85' lang='grc'>27.</span> <span class='ocrx_word' id='word_1_984' title='bbox 1641 2113 1663 2146; x_wconf 89' lang='lat'>3.</span> <span class='ocrx_word' id='word_1_985' title='bbox 1689 2115 1712 2139; x_wconf 96' lang='lat' dir='ltr'>l.</span> <span class='ocrx_word' id='word_1_986' title='bbox 1738 2112 1814 2139; x_wconf 77' lang='lat' dir='ltr'>locat.</span> <span class='ocrx_word' id='word_1_987' title='bbox 1840 2113 1879 2139; x_wconf 83' lang='lat'>19.</span> <span class='ocrx_word' id='word_1_988' title='bbox 1903 2114 1928 2138; x_wconf 73' lang='lat'>⁴2.</span> <span class='ocrx_word' id='word_1_989' title='bbox 1954 2111 1984 2138; x_wconf 77' lang='lat' dir='ltr'>fr.</span> <span class='ocrx_word' id='word_1_990' title='bbox 2006 2113 2027 2137; x_wconf 93' lang='lat' dir='ltr'>l.</span> 
     </span>
     <span class='ocr_line' id='line_1_108' title="bbox 1162 2155 2029 2193; baseline -0.006 -8"><span class='ocrx_word' id='word_1_991' title='bbox 1162 2156 1163 2185; x_wconf 69' lang='lat' dir='ltr'>l</span> <span class='ocrx_word' id='word_1_992' title='bbox 1185 2159 1264 2193; x_wconf 75' lang='lat'>331.</span> <span class='ocrx_word' id='word_1_993' title='bbox 1285 2159 1308 2184; x_wconf 71' lang='lat'>4.</span> <span class='ocrx_word' id='word_1_994' title='bbox 1334 2156 1367 2183; x_wconf 87' lang='lat' dir='ltr'>de</span> <span class='ocrx_word' id='word_1_995' title='bbox 1390 2155 1516 2192; x_wconf 79' lang='lat' dir='ltr'>migrand.</span> <span class='ocrx_word' id='word_1_996' title='bbox 1540 2157 1582 2182; x_wconf 77' lang='lat'>43.</span> <span class='ocrx_word' id='word_1_997' title='bbox 1607 2157 1650 2183; x_wconf 74' lang='lat'>32.</span> <span class='ocrx_word' id='word_1_998' title='bbox 1691 2155 1732 2182; x_wconf 89' lang='lat' dir='ltr'>III.</span> <span class='ocrx_word' id='word_1_999' title='bbox 1764 2157 1830 2183; x_wconf 71' lang='lat' dir='ltr'>Cn.</span> <span class='ocrx_word' id='word_1_1000' title='bbox 1863 2155 1889 2181; x_wconf 91' lang='lat' dir='ltr'>ln</span> <span class='ocrx_word' id='word_1_1001' title='bbox 1919 2164 2029 2191; x_wconf 64' lang='lat' dir='ltr'>synago-</span> 
     </span>
    </p>

    <p class='ocr_par' dir='ltr' id='par_1_34' title="bbox 1185 2197 2028 2238">
     <span class='ocr_line' id='line_1_109' title="bbox 1185 2197 2028 2238; baseline -0.004 -11"><span class='ocrx_word' id='word_1_1002' title='bbox 1185 2211 1241 2238; x_wconf 79' lang='lat' dir='ltr'>gam</span> <span class='ocrx_word' id='word_1_1003' title='bbox 1263 2218 1292 2221; x_wconf 97' lang='lat'><strong>—</strong></span> <span class='ocrx_word' id='word_1_1004' title='bbox 1314 2201 1444 2227; x_wconf 81' lang='lat' dir='ltr'>irruentes</span> <span class='ocrx_word' id='word_1_1005' title='bbox 1465 2199 1555 2226; x_wconf 88' lang='lat' dir='ltr'>iubeas</span> <span class='ocrx_word' id='word_1_1006' title='bbox 1575 2200 1708 2235; x_wconf 78' lang='lat' dir='ltr'>emigrare.</span> <span class='ocrx_word' id='word_1_1007' title='bbox 1729 2198 1779 2225; x_wconf 85' lang='lat' dir='ltr'>Th.</span> <span class='ocrx_word' id='word_1_1008' title='bbox 1799 2198 1830 2225; x_wconf 91' lang='lat' dir='ltr'>C.</span> <span class='ocrx_word' id='word_1_1009' title='bbox 1848 2197 1904 2224; x_wconf 65' lang='grc' dir='ltr'>ΥΙΙ.</span> <span class='ocrx_word' id='word_1_1010' title='bbox 1924 2201 1948 2224; x_wconf 77' lang='grc' dir='ltr'>δ.</span> <span class='ocrx_word' id='word_1_1011' title='bbox 1968 2208 1989 2224; x_wconf 91' lang='lat' dir='ltr'>c.</span> <span class='ocrx_word' id='word_1_1012' title='bbox 2003 2199 2028 2224; x_wconf 77' lang='lat'>2.</span> 
     </span>
    </p>

    <p class='ocr_par' dir='ltr' id='par_1_35' title="bbox 1186 2240 2029 2276">
     <span class='ocr_line' id='line_1_110' title="bbox 1186 2240 2029 2276; baseline -0.005 -5"><span class='ocrx_word' id='word_1_1013' title='bbox 1186 2244 1218 2271; x_wconf 84' lang='lat' dir='ltr'>de</span> <span class='ocrx_word' id='word_1_1014' title='bbox 1238 2249 1326 2270; x_wconf 86' lang='lat' dir='ltr'>metat.</span> <span class='ocrx_word' id='word_1_1015' title='bbox 1345 2259 1377 2263; x_wconf 93' lang='lat'>—-</span> <span class='ocrx_word' id='word_1_1016' title='bbox 1394 2243 1424 2276; x_wconf 82' lang='lat'>§.</span> <span class='ocrx_word' id='word_1_1017' title='bbox 1442 2244 1477 2269; x_wconf 74' lang='lat'>2.</span> <span class='ocrx_word' id='word_1_1018' title='bbox 1502 2244 1564 2269; x_wconf 83' lang='lat' dir='ltr'>Tra</span> <span class='ocrx_word' id='word_1_1019' title='bbox 1574 2244 1791 2274; x_wconf 68' lang='lat' dir='ltr'>11³ire,Eveni.</span> <span class='ocrx_word' id='word_1_1020' title='bbox 1811 2241 1853 2267; x_wconf 88' lang='lat' dir='ltr'>Ill.</span> <span class='ocrx_word' id='word_1_1021' title='bbox 1869 2242 1935 2268; x_wconf 71' lang='lat'>011.</span> <span class='ocrx_word' id='word_1_1022' title='bbox 1956 2240 2029 2276; x_wconf 83' lang='lat' dir='ltr'>Quo—</span> 
     </span>
    </p>

    <p class='ocr_par' dir='ltr' id='par_1_36' title="bbox 1162 2282 2029 2592">
     <span class='ocr_line' id='line_1_111' title="bbox 1162 2282 2029 2323; baseline -0.005 -9"><span class='ocrx_word' id='word_1_1023' title='bbox 1162 2303 1164 2323; x_wconf 40' lang='lat'>.</span> <span class='ocrx_word' id='word_1_1024' title='bbox 1186 2288 1235 2314; x_wconf 81' lang='lat' dir='ltr'>ties</span> <span class='ocrx_word' id='word_1_1025' title='bbox 1256 2286 1388 2314; x_wconf 88' lang='lat' dir='ltr'>codicillis</span> <span class='ocrx_word' id='word_1_1026' title='bbox 1408 2301 1440 2306; x_wconf 87' lang='lat'>-—</span> <span class='ocrx_word' id='word_1_1027' title='bbox 1457 2296 1490 2312; x_wconf 83' lang='lat' dir='ltr'>ex</span> <span class='ocrx_word' id='word_1_1028' title='bbox 1509 2285 1560 2311; x_wconf 88' lang='lat' dir='ltr'>alio</span> <span class='ocrx_word' id='word_1_1029' title='bbox 1581 2284 1614 2311; x_wconf 92' lang='lat' dir='ltr'>ad</span> <span class='ocrx_word' id='word_1_1030' title='bbox 1633 2284 1711 2311; x_wconf 87' lang='lat' dir='ltr'>alium</span> <span class='ocrx_word' id='word_1_1031' title='bbox 1730 2284 1838 2321; x_wconf 75' lang='lat' dir='ltr'>gradum</span> <span class='ocrx_word' id='word_1_1032' title='bbox 1858 2293 1917 2311; x_wconf 87' lang='lat' dir='ltr'>cum</span> <span class='ocrx_word' id='word_1_1033' title='bbox 1935 2282 2029 2310; x_wconf 84' lang='lat' dir='ltr'>iisdem</span> 
     </span>
     <span class='ocr_line' id='line_1_112' title="bbox 1186 2325 2027 2368; baseline -0.006 -11"><span class='ocrx_word' id='word_1_1034' title='bbox 1186 2330 1327 2368; x_wconf 83' lang='lat' dir='ltr'>stipendiis</span> <span class='ocrx_word' id='word_1_1035' title='bbox 1353 2329 1492 2365; x_wconf 81' lang='lat' dir='ltr'>emigrarit.</span> <span class='ocrx_word' id='word_1_1036' title='bbox 1530 2328 1566 2354; x_wconf 93' lang='lat' dir='ltr'>Ib.</span> <span class='ocrx_word' id='word_1_1037' title='bbox 1591 2326 1646 2354; x_wconf 65' lang='lat' dir='ltr'>VII.</span> <span class='ocrx_word' id='word_1_1038' title='bbox 1671 2329 1695 2354; x_wconf 81' lang='lat'>3.</span> <span class='ocrx_word' id='word_1_1039' title='bbox 1726 2338 1746 2353; x_wconf 76' lang='lat' dir='ltr'>c.</span> <span class='ocrx_word' id='word_1_1040' title='bbox 1771 2329 1795 2353; x_wconf 87' lang='grc'>2.</span> <span class='ocrx_word' id='word_1_1041' title='bbox 1830 2328 1882 2362; x_wconf 75' lang='lat' dir='ltr'>Qu.</span> <span class='ocrx_word' id='word_1_1042' title='bbox 1907 2327 1933 2353; x_wconf 90' lang='lat' dir='ltr'>in</span> <span class='ocrx_word' id='word_1_1043' title='bbox 1957 2325 2027 2363; x_wconf 79' lang='lat' dir='ltr'>grad.</span> 
     </span>
     <span class='ocr_line' id='line_1_113' title="bbox 1163 2368 1298 2411; baseline 0 -11"><span class='ocrx_word' id='word_1_1044' title='bbox 1163 2368 1164 2409; x_wconf 40' lang='lat' dir='ltr'>J</span> <span class='ocrx_word' id='word_1_1045' title='bbox 1188 2373 1298 2411; x_wconf 81' lang='lat' dir='ltr'>praefer.</span> 
     </span>
     <span class='ocr_line' id='line_1_114' title="bbox 1220 2414 2028 2451; baseline -0.006 -7"><span class='ocrx_word' id='word_1_1046' title='bbox 1220 2416 1445 2451; x_wconf 74' lang='lat' dir='ltr'>Emigratio.</span> <span class='ocrx_word' id='word_1_1047' title='bbox 1475 2416 1655 2450; x_wconf 77' lang='lat' dir='ltr'>Migraeio,</span> <span class='ocrx_word' id='word_1_1048' title='bbox 1678 2415 1825 2440; x_wconf 76' lang='lat' dir='ltr'>Mutatio</span> <span class='ocrx_word' id='word_1_1049' title='bbox 1844 2414 2028 2439; x_wconf 77' lang='lat' dir='ltr'>habitatio-</span> 
     </span>
     <span class='ocr_line' id='line_1_115' title="bbox 1163 2453 2028 2494; baseline -0.006 -8"><span class='ocrx_word' id='word_1_1050' title='bbox 1163 2453 1165 2491; x_wconf 41' lang='lat'><em>]</em></span> <span class='ocrx_word' id='word_1_1051' title='bbox 1186 2470 1201 2486; x_wconf 85' lang='grc' dir='ltr'><em>η</em></span> <span class='ocrx_word' id='word_1_1052' title='bbox 1210 2461 1245 2486; x_wconf 85' lang='lat' dir='ltr'>is.</span> <span class='ocrx_word' id='word_1_1053' title='bbox 1266 2458 1309 2485; x_wconf 94' lang='grc'>111.</span> <span class='ocrx_word' id='word_1_1054' title='bbox 1324 2460 1390 2487; x_wconf 74' lang='lat'>011.</span> <span class='ocrx_word' id='word_1_1055' title='bbox 1404 2458 1597 2485; x_wconf 87' lang='lat' dir='ltr'>Detrimentum</span> <span class='ocrx_word' id='word_1_1056' title='bbox 1611 2462 1721 2494; x_wconf 78' lang='lat' dir='ltr'>propter</span> <span class='ocrx_word' id='word_1_1057' title='bbox 1735 2456 1931 2492; x_wconf 76' lang='lat' dir='ltr'>emigrationem</span> <span class='ocrx_word' id='word_1_1058' title='bbox 1945 2455 2028 2492; x_wconf 86' lang='lat' dir='ltr'>inqui-</span> 
     </span>
     <span class='ocr_line' id='line_1_116' title="bbox 1163 2492 2027 2538; baseline -0.005 -10"><span class='ocrx_word' id='word_1_1059' title='bbox 1163 2492 1165 2502; x_wconf 45' lang='grc' dir='ltr'>Ι</span> <span class='ocrx_word' id='word_1_1060' title='bbox 1187 2502 1314 2532; x_wconf 77' lang='lat' dir='ltr'>linorum,</span> <span class='ocrx_word' id='word_1_1061' title='bbox 1341 2501 1412 2538; x_wconf 91' lang='lat' dir='ltr'>quod</span> <span class='ocrx_word' id='word_1_1062' title='bbox 1438 2511 1469 2527; x_wconf 80' lang='lat' dir='ltr'>ex</span> <span class='ocrx_word' id='word_1_1063' title='bbox 1493 2501 1563 2526; x_wconf 85' lang='lat' dir='ltr'>insto</span> <span class='ocrx_word' id='word_1_1064' title='bbox 1588 2505 1658 2526; x_wconf 74' lang='lat' dir='ltr'>metu</span> <span class='ocrx_word' id='word_1_1065' title='bbox 1683 2500 1777 2526; x_wconf 80' lang='lat' dir='ltr'>sactum</span> <span class='ocrx_word' id='word_1_1066' title='bbox 1803 2503 1850 2525; x_wconf 89' lang='lat' dir='ltr'>est.</span> <span class='ocrx_word' id='word_1_1067' title='bbox 1876 2498 1905 2525; x_wconf 72' lang='lat' dir='ltr'>fr.</span> <span class='ocrx_word' id='word_1_1068' title='bbox 1929 2499 1971 2525; x_wconf 88' lang='grc'>28.</span> <span class='ocrx_word' id='word_1_1069' title='bbox 1995 2497 2027 2524; x_wconf 85' lang='lat' dir='ltr'>de</span> 
     </span>
     <span class='ocr_line' id='line_1_117' title="bbox 1163 2544 1443 2592; baseline -0.007 -20"><span class='ocrx_word' id='word_1_1070' title='bbox 1163 2546 1165 2592; x_wconf 54' lang='grc' dir='ltr'>ξ</span> <span class='ocrx_word' id='word_1_1071' title='bbox 1189 2545 1273 2572; x_wconf 85' lang='lat' dir='ltr'>damn.</span> <span class='ocrx_word' id='word_1_1072' title='bbox 1294 2544 1338 2571; x_wconf 86' lang='lat' dir='ltr'>ins.</span> <span class='ocrx_word' id='word_1_1073' title='bbox 1357 2546 1399 2571; x_wconf 83' lang='lat'>39.</span> <span class='ocrx_word' id='word_1_1074' title='bbox 1418 2546 1443 2570; x_wconf 86' lang='grc'>2.</span> 
     </span>
    </p>

    <p class='ocr_par' dir='ltr' id='par_1_37' title="bbox 1163 2585 2026 2882">
     <span class='ocr_line' id='line_1_118' title="bbox 1221 2585 2026 2619; baseline -0.006 -4"><span class='ocrx_word' id='word_1_1075' title='bbox 1221 2588 1417 2615; x_wconf 78' lang='lat' dir='ltr'>Eminens.</span> <span class='ocrx_word' id='word_1_1076' title='bbox 1456 2585 1588 2619; x_wconf 86' lang='lat' dir='ltr'>(Partic.)</span> <span class='ocrx_word' id='word_1_1077' title='bbox 1627 2586 1657 2619; x_wconf 86' lang='lat'>§.</span> <span class='ocrx_word' id='word_1_1078' title='bbox 1677 2588 1712 2613; x_wconf 91' lang='lat'>1.</span> <span class='ocrx_word' id='word_1_1079' title='bbox 1741 2587 1947 2616; x_wconf 77' lang='lat' dir='ltr'>Prominens,</span> <span class='ocrx_word' id='word_1_1080' title='bbox 1972 2585 2026 2610; x_wconf 78' lang='lat' dir='ltr'>Al-</span> 
     </span>
     <span class='ocr_line' id='line_1_119' title="bbox 1186 2627 2026 2666; baseline -0.005 -9"><span class='ocrx_word' id='word_1_1081' title='bbox 1186 2637 1246 2657; x_wconf 79' lang='lat' dir='ltr'>tus.</span> <span class='ocrx_word' id='word_1_1082' title='bbox 1285 2629 1326 2656; x_wconf 92' lang='grc'>111.</span> <span class='ocrx_word' id='word_1_1083' title='bbox 1348 2630 1414 2657; x_wconf 76' lang='lat' dir='ltr'>Cn·</span> <span class='ocrx_word' id='word_1_1084' title='bbox 1452 2628 1519 2655; x_wconf 89' lang='lat' dir='ltr'>Cum</span> <span class='ocrx_word' id='word_1_1085' title='bbox 1543 2628 1679 2666; x_wconf 82' lang='lat' dir='ltr'>paullatim</span> <span class='ocrx_word' id='word_1_1086' title='bbox 1703 2627 1843 2655; x_wconf 85' lang='lat' dir='ltr'>colluendo</span> <span class='ocrx_word' id='word_1_1087' title='bbox 1862 2627 1949 2654; x_wconf 90' lang='lat' dir='ltr'>locum</span> <span class='ocrx_word' id='word_1_1088' title='bbox 1966 2627 2026 2653; x_wconf 88' lang='lat' dir='ltr'>emi-</span> 
     </span>
     <span class='ocr_line' id='line_1_120' title="bbox 1187 2668 2025 2709; baseline -0.004 -10"><span class='ocrx_word' id='word_1_1089' title='bbox 1187 2678 1291 2700; x_wconf 83' lang='lat' dir='ltr'>nentem</span> <span class='ocrx_word' id='word_1_1090' title='bbox 1311 2682 1389 2709; x_wconf 86' lang='lat' dir='ltr'>supra</span> <span class='ocrx_word' id='word_1_1091' title='bbox 1409 2671 1511 2698; x_wconf 77' lang='lat' dir='ltr'>alveum</span> <span class='ocrx_word' id='word_1_1092' title='bbox 1531 2672 1592 2698; x_wconf 64' lang='lat' dir='ltr'>set-it</span> <span class='ocrx_word' id='word_1_1093' title='bbox 1612 2673 1660 2705; x_wconf 86' lang='lat' dir='ltr'>(sc.</span> <span class='ocrx_word' id='word_1_1094' title='bbox 1681 2672 1785 2703; x_wconf 86' lang='lat' dir='ltr'>amuis.)</span> <span class='ocrx_word' id='word_1_1095' title='bbox 1805 2670 1834 2698; x_wconf 79' lang='lat' dir='ltr'>fr.</span> <span class='ocrx_word' id='word_1_1096' title='bbox 1853 2672 1895 2697; x_wconf 81' lang='lat'>30.</span> <span class='ocrx_word' id='word_1_1097' title='bbox 1915 2670 1936 2704; x_wconf 89' lang='lat'>3.</span> <span class='ocrx_word' id='word_1_1098' title='bbox 1949 2671 1973 2695; x_wconf 76' lang='lat'>2.</span> <span class='ocrx_word' id='word_1_1099' title='bbox 1993 2668 2025 2695; x_wconf 79' lang='lat' dir='ltr'>de</span> 
     </span>
     <span class='ocr_line' id='line_1_121' title="bbox 1163 2713 2026 2752; baseline -0.005 -10"><span class='ocrx_word' id='word_1_1100' title='bbox 1163 2713 1165 2745; x_wconf 61' lang='lat' dir='ltr'>l</span> <span class='ocrx_word' id='word_1_1101' title='bbox 1186 2716 1218 2742; x_wconf 87' lang='lat' dir='ltr'>A.</span> <span class='ocrx_word' id='word_1_1102' title='bbox 1242 2715 1274 2741; x_wconf 82' lang='lat' dir='ltr'>R.</span> <span class='ocrx_word' id='word_1_1103' title='bbox 1301 2715 1334 2741; x_wconf 92' lang='lat' dir='ltr'>D.</span> <span class='ocrx_word' id='word_1_1104' title='bbox 1359 2716 1400 2741; x_wconf 72' lang='lat'>41.</span> <span class='ocrx_word' id='word_1_1105' title='bbox 1428 2717 1448 2741; x_wconf 95' lang='lat'>1.</span> <span class='ocrx_word' id='word_1_1106' title='bbox 1493 2714 1522 2741; x_wconf 91' lang='lat' dir='ltr'>Si</span> <span class='ocrx_word' id='word_1_1107' title='bbox 1546 2715 1606 2752; x_wconf 85' lang='lat' dir='ltr'>quis</span> <span class='ocrx_word' id='word_1_1108' title='bbox 1630 2719 1721 2741; x_wconf 87' lang='lat' dir='ltr'>natura</span> <span class='ocrx_word' id='word_1_1109' title='bbox 1744 2719 1897 2750; x_wconf 80' lang='lat' dir='ltr'>gutturosus</span> <span class='ocrx_word' id='word_1_1110' title='bbox 1916 2713 1963 2743; x_wconf 85' lang='lat' dir='ltr'>sit,</span> <span class='ocrx_word' id='word_1_1111' title='bbox 1983 2717 2026 2738; x_wconf 85' lang='lat' dir='ltr'>aut</span> 
     </span>
     <span class='ocr_line' id='line_1_122' title="bbox 1187 2753 2025 2791; baseline -0.005 -7"><span class='ocrx_word' id='word_1_1112' title='bbox 1187 2758 1279 2785; x_wconf 87' lang='lat' dir='ltr'>oculos</span> <span class='ocrx_word' id='word_1_1113' title='bbox 1301 2758 1445 2784; x_wconf 83' lang='lat' dir='ltr'>eminentes</span> <span class='ocrx_word' id='word_1_1114' title='bbox 1464 2757 1566 2784; x_wconf 86' lang='lat' dir='ltr'>habeat.</span> <span class='ocrx_word' id='word_1_1115' title='bbox 1591 2757 1621 2784; x_wconf 78' lang='lat' dir='ltr'>fr.</span> <span class='ocrx_word' id='word_1_1116' title='bbox 1642 2759 1682 2783; x_wconf 83' lang='grc'>12.</span> <span class='ocrx_word' id='word_1_1117' title='bbox 1706 2757 1728 2791; x_wconf 87' lang='lat'>3.</span> <span class='ocrx_word' id='word_1_1118' title='bbox 1747 2759 1772 2783; x_wconf 81' lang='lat'>2.</span> <span class='ocrx_word' id='word_1_1119' title='bbox 1792 2757 1825 2784; x_wconf 84' lang='lat' dir='ltr'>de</span> <span class='ocrx_word' id='word_1_1120' title='bbox 1842 2754 1928 2783; x_wconf 83' lang='lat' dir='ltr'>Aedil.</span> <span class='ocrx_word' id='word_1_1121' title='bbox 1948 2753 2025 2781; x_wconf 84' lang='lat' dir='ltr'>edict.</span> 
     </span>
     <span class='ocr_line' id='line_1_123' title="bbox 1163 2794 2025 2835; baseline -0.005 -9"><span class='ocrx_word' id='word_1_1122' title='bbox 1163 2794 1165 2827; x_wconf 87' lang='grc'>[</span> <span class='ocrx_word' id='word_1_1123' title='bbox 1186 2803 1228 2827; x_wconf 84' lang='grc'>21.</span> <span class='ocrx_word' id='word_1_1124' title='bbox 1251 2802 1272 2826; x_wconf 92' lang='lat' dir='ltr'>l.</span> <span class='ocrx_word' id='word_1_1125' title='bbox 1293 2816 1325 2820; x_wconf 89' lang='lat'>—-</span> <span class='ocrx_word' id='word_1_1126' title='bbox 1346 2800 1376 2834; x_wconf 71' lang='grc' dir='ltr'>ξ.</span> <span class='ocrx_word' id='word_1_1127' title='bbox 1393 2802 1428 2827; x_wconf 69' lang='lat'>2.</span> <span class='ocrx_word' id='word_1_1128' title='bbox 1450 2802 1670 2835; x_wconf 72' lang='lat' dir='ltr'>Conspicuus,</span> <span class='ocrx_word' id='word_1_1129' title='bbox 1691 2801 1896 2827; x_wconf 69' lang='lat' dir='ltr'>Praeclarus.</span> <span class='ocrx_word' id='word_1_1130' title='bbox 1915 2796 2025 2832; x_wconf 67' lang='lat'>1101).</span> 
     </span>
     <span class='ocr_line' id='line_1_124' title="bbox 1163 2840 2025 2882; baseline -0.007 -11"><span class='ocrx_word' id='word_1_1131' title='bbox 1163 2843 1165 2882; x_wconf 57' lang='grc' dir='ltr'>Ι</span> <span class='ocrx_word' id='word_1_1132' title='bbox 1187 2844 1410 2872; x_wconf 84' lang='lat' dir='ltr'>Eminentissimi.</span> <span class='ocrx_word' id='word_1_1133' title='bbox 1438 2854 1485 2870; x_wconf 86' lang='lat' dir='ltr'>nec</span> <span class='ocrx_word' id='word_1_1134' title='bbox 1509 2854 1561 2870; x_wconf 92' lang='lat' dir='ltr'>non</span> <span class='ocrx_word' id='word_1_1135' title='bbox 1584 2844 1661 2870; x_wconf 86' lang='lat' dir='ltr'>etiam</span> <span class='ocrx_word' id='word_1_1136' title='bbox 1684 2841 1869 2879; x_wconf 77' lang='lat' dir='ltr'>perfectissimi</span> <span class='ocrx_word' id='word_1_1137' title='bbox 1891 2840 1974 2873; x_wconf 80' lang='lat' dir='ltr'>(viri.)</span> <span class='ocrx_word' id='word_1_1138' title='bbox 1994 2856 2025 2859; x_wconf 88' lang='lat'><strong>—</strong></span> 
     </span>
    </p>
   </div>
   <div class='ocr_carea' id='block_1_27' title="bbox 1970 2882 2025 2909">
    <p class='ocr_par' dir='ltr' id='par_1_38' title="bbox 1970 2882 2025 2909">
     <span class='ocr_line' id='line_1_125' title="bbox 1970 2882 2025 2909; baseline 0.018 -1"><span class='ocrx_word' id='word_1_1139' title='bbox 1970 2882 2025 2909; x_wconf 82' lang='lat' dir='ltr'>Ple-</span> 
     </span>
    </p>
   </div>
   <div class='ocr_carea' id='block_1_28' title="bbox 1157 1322 1168 2535">
    <p class='ocr_par' dir='ltr' id='par_1_39' title="bbox 1157 1322 1168 2535">
     <span class='ocr_line' id='line_1_126' title="bbox 1157 1322 1168 2535; baseline 0 0"><span class='ocrx_word' id='word_1_1140' title='bbox 1157 1322 1168 2535; x_wconf 95' lang='lat' dir='ltr'> </span> 
     </span>
    </p>
   </div>
  </div>
 </body>
</html>
