2197 3121
965 155 1050 185 VAS
1065 174 1102 179 ——
1118 156 1224 187 VDO.

1896 162 1959 192 983

267 237 481 264 Vasarium.
522 238 735 264 Tabularium
758 238 937 271 publicum,
956 236 1000 269 (in
1021 246 1072 272 qno
1094 238 1096 256 ἵ
1119 237 1149 270 §.
1167 239 1201 264 2.
1228 239 1343 272 Copia,
1370 241 1587 267 Abundantia.
1626 239 1668 266 111.
1690 241 1755 268 Cn.
1781 240 1893 267 Vbertas
1913 252 1959 278 po-

231 279 293 306 libri
314 279 451 306 censuales
470 280 635 311 servantur.)
672 278 690 306 I.
710 280 771 313 Sy.
794 279 948 305 Encautaria
968 280 1073 312 (civita-

229 327 284 349 tum
298 333 327 349 ac
340 322 552 360 provinciarum.)
577 321 684 348 vasaria
704 321 817 359 publica.
837 320 887 347 Th.
902 321 934 348 C.
947 322 1015 348 XIII.
1030 323 1071 349 10.

229 375 251 392 0.
271 367 293 392 8.
314 375 352 402 pr.
372 365 405 391 de
425 374 514 391 censu.
532 364 601 391 XIII.
624 367 662 391 ll.
684 375 705 391 c.
726 367 767 391 12.
787 364 819 391 de
837 365 962 391 censitor.

264 407 521 434 VaseulariuS.
568 409 682 439 Faber,
720 409 776 442 qui
812 417 888 433 vasa
922 409 1071 441 pretiosa

222 451 360 486 format.
397 449 440 476 111.
456 451 522 477 Cn.
542 449 727 481 Vascularius,
747 455 791 476 aut
809 449 883 476 faber
901 451 1070 486 argentarius.

228 492 259 519 fr.
273 494 314 519 39.
328 503 368 530 pr.
389 492 421 519 de
440 502 502 518 auro
522 502 574 528 arg.
587 494 629 518 34.
649 495 672 519 2.
710 492 881 528 Argentarius
900 492 1070 519 vascularius.

228 534 259 562 fr.
279 536 320 562 61.
340 545 379 572 pr.
402 535 435 562 de
454 535 487 562 O.
508 540 534 561 et
553 536 584 561 A.
604 537 645 562 44.
666 537 688 562 7.

263 579 479 605 Vaseulunn.
511 579 573 604 Vas
589 580 782 612 pretiosum.
810 576 852 603 III.
868 578 935 605 Gn.
954 577 1069 604 Vascula

227 625 358 657 argentea,
378 625 469 657 utputa
489 620 578 646 lances
598 620 747 657 quadratae.
767 619 798 646 fr.
818 620 857 646 19.
878 621 900 654 5
914 622 936 647 4.
958 621 989 647 cf.
1010 621 1031 655 5.
1045 623 1069 647 2.

227 662 261 689 de
283 673 347 689 auro
373 673 425 699 arg.
449 664 492 690 34.
516 665 540 689 2.
578 663 681 695 Vestis,
707 663 873 699 margaritae,
898 673 1025 699 gemmae,
1044 668 1069 690 et

226 705 342 732 vascula.
363 716 383 732 c.
404 709 445 733 22.
465 706 498 732 de
518 705 613 733 admin.
633 711 680 733 tut.
694 709 717 732 5.
731 707 772 731 37.

262 749 446 775 vastatio.
483 750 715 783 Depopulatio.
750 747 793 774 III.
814 749 880 775 Gn.
903 748 1030 781 Hostilis,
1048 759 1069 775 s.

227 790 379 823 Vandalica,
399 792 520 818 vastatio.
540 791 607 818 Nov.
628 790 683 818 Val.
704 790 746 817 111,
767 790 800 817 de
818 790 906 828 praed.
925 793 1018 827 pistor.
1037 792 1069 819 ll.
1090 817 1091 821 ,

226 834 456 904 34ιῑῙίὲιι51ΐῗίἓιΞ-Εἶι
475 836 508 910 Ξ..
529 877 563 903 1.
587 877 776 910 Amplitudo
795 878 906 903 nimia.
943 876 987 903 ΠΙ.
1002 878 1068 905 Gn-

225 919 370 946 Immensae
393 920 530 946 vastitates
554 919 660 945 viarum.
687 918 737 945 Th.
758 918 790 945 C.
816 918 876 945 XV.
895 920 920 946 3.
946 929 967 945 c.
987 921 1011 945 4.
1035 919 1068 946 de

226 963 282 989 itin.
305 972 374 989 mun.
417 962 539 988 Immensi
564 962 652 998 operis
676 962 794 988 vastitas.
824 961 890 988 Nov.
911 961 961 988 Th.
980 961 1011 988 II.
1035 962 1068 989 de
1089 978 1091 993 ρ

225 1004 280 1032 10(1.
300 1005 319 1031 Ι.
338 1006 363 1031 6.
383 1015 404 1031 c.
426 1006 448 1030 1.
468 1005 489 1038 5.
511 1005 532 1030 l.
555 1019 584 1023 —
605 1004 636 1038 §0
653 1006 689 1030 2.
710 1005 914 1031 Devastatio.
946 1004 1067 1032 lH.Gn.
1089 999 1091 1028 l
1112 1006 1228 1041 punitur.
1253 1006 1284 1032 fr.
1304 1008 1328 1033 8.
1348 1017 1387 1044 pr.
1407 1007 1440 1034 de
1459 1008 1569 1035 edendo.
1588 1011 1612 1035 2.
1633 1011 1673 1036 13.
1711 1008 1763 1035 Vbi
1787 1009 1870 1037 semel
1895 1011 1954 1046 quis

225 1047 254 1074 In
278 1047 380 1079 ltaliae,
406 1049 462 1074 sive
486 1046 572 1078 urbis,
596 1045 654 1072 solo
679 1046 788 1073 barbara
807 1048 930 1074 vastitate
955 1047 1067 1085 depulsi.
1089 1060 1090 1084 3

226 1090 276 1118 Th.
297 1090 330 1117 C.
350 1089 404 1116 VII.
426 1091 465 1116 13.
490 1099 511 1116 c.
531 1092 573 1116 20.
597 1088 630 1115 de
649 1090 727 1115 tiron.
750 1088 818 1116 Nov.
838 1088 895 1116 Val.
915 1089 957 1117 111.
977 1090 1010 1116 de
1030 1092 1067 1117 in·
1089 1096 1090 1120 ἱ

225 1133 294 1169 dulg.
314 1133 406 1169 reliqu.
426 1131 456 1158 II.
478 1133 501 1158 l.
521 1142 542 1158 c.
562 1134 586 1158 2.
606 1141 646 1168 pr.
668 1132 690 1165 5.
712 1133 734 1158 l.

260 1177 407 1203 Vastus.
431 1174 561 1208 (Adiect.)
586 1177 767 1202 Imnzensus.
805 1174 849 1201 111.
869 1176 936 1203 Gn.
955 1176 1067 1203 Deserta
1089 1188 1090 1211 1

224 1218 293 1249 loca,
319 1223 345 1244 et
367 1222 458 1244 vastae
481 1217 648 1244 solitudines,
675 1217 724 1244 Th.
749 1216 781 1244 C.
804 1217 875 1244 XVI.
893 1220 918 1244 3.
943 1229 964 1245 0.
985 1221 1010 1246 l.
1035 1219 1067 1246 de
1089 1216 1090 1234 l

1088 1254 1090 1274 Σ
1112 1271 1168 1288 exc.
1189 1263 1226 1288 rei
1246 1262 1297 1288 iud.
1312 1264 1354 1289 44.
1367 1265 1392 1289 2.
1428 1263 1469 1290 Ex
1488 1264 1532 1291 illa
1553 1266 1723 1302 stipulatione
1742 1268 1822 1298 venit,
1843 1266 1886 1293 ubi
1907 1267 1953 1292 sti-

224 1259 343 1287 monach.

257 1304 384 1330 Vates.
424 1304 485 1335 Qui
504 1313 552 1329 res
565 1304 707 1338 futuras
724 1304 898 1336 praedicit.
936 1303 979 1330 III.
998 1305 1066 1332 Cn.

222 1346 358 1382 Augurum
382 1350 408 1371 et
432 1350 520 1372 vatum
543 1355 622 1382 prava
647 1345 787 1372 consessio.
812 1345 913 1373 lb.1X.
935 1348 974 1373 16.
1000 1357 1021 1374 c.
1041 1349 1065 1374 4.

222 1388 255 1416 de
273 1387 384 1415 malefic.

257 1430 483 1458 Vaticinari.
502 1432 631 1458 Futura
647 1433 845 1465 praedicere.
865 1431 906 1458 111.
925 1433 991 1460 Gn.
1010 1433 1064 1468 Qui

221 1479 295 1501 motu
314 1473 443 1500 Cassiano
462 1474 619 1500 vaticinatus
644 1478 710 1504 erat,
735 1478 760 1500 et
782 1474 862 1501 multa
882 1477 957 1511 quasi
977 1486 1009 1502 ex
1028 1477 1065 1502 in-

221 1518 322 1543 stinctu
340 1515 449 1542 deorum
467 1516 576 1543 dixerat.
597 1515 667 1542 Coll.
686 1516 740 1543 LL.
760 1516 793 1543 M.
811 1517 871 1544 XV.
890 1520 915 1545 2.

256 1559 501 1586 Vaticinatio.
539 1560 638 1585 Actus
662 1565 691 1585 et
707 1561 820 1595 forma
839 1563 1062 1593 vaticinandi,

225 1603 437 1629 Vaticinium.
473 1601 517 1628 111.
538 1603 604 1629 Cn.
627 1602 681 1637 Qui
701 1603 726 1628 in
746 1607 825 1639 portu
844 1613 892 1641 pro
912 1603 997 1630 salute
1015 1604 1063 1630 lin-

222 1645 352 1681 peratoris
373 1654 475 1671 sacrum
493 1644 568 1676 facit,
590 1655 621 1671 cx
640 1646 827 1672 vaticinatione
846 1645 988 1683 archigalli.
1014 1646 1063 1674 Va-

221 1688 265 1714 tic.
288 1688 310 1720 ς.
331 1688 389 1713 143.

256 1730 506 1757 Vaticinator.
546 1731 755 1763 Vaticinans,
788 1732 892 1758 Vates.
929 1731 972 1758 111.
996 1733 1062 1760 Gn.

221 1771 429 1805 Vaticinatores,
455 1773 499 1809 qui
518 1782 547 1799 se
567 1772 616 1799 deo
636 1772 730 1810 plenos
749 1773 913 1800 adsimulant.
938 1774 1010 1802 Paul.
1030 1775 1061 1802 V.

220 1816 262 1841 21.
283 1815 304 1848 5.
326 1817 348 1841 1.
384 1814 592 1846 Mathematicus.
611 1815 737 1848 hariolos,
757 1816 920 1854 haruspices,
940 1819 1062 1845 vaticina-

220 1862 293 1883 tores
313 1857 458 1883 consulere.
478 1857 515 1883 Ib.
534 1858 555 1891 5.
575 1860 598 1885 3.

255 1900 401 1927 Vatius.
430 1899 566 1933 (Adiect.)
599 1903 730 1937 ls'algus.
766 1901 810 1928 III.
830 1903 898 1930 Cn.
917 1902 1015 1935 Varus,
1036 1909 1062 1930 et

221 1943 315 1969 vatius.
335 1941 377 1969 Cf.
395 1952 419 1968 v.
440 1941 534 1969 Varus.

256 1986 368 2012 Vber.
388 1984 515 2018 (Adiect.)
535 1986 566 2019 ξ.
580 1987 615 2013 l.
635 1989 789 2020 Fertilis,
809 1990 926 2015 Ferux.
946 1988 975 2015 II.
991 1990 1059 2023 Op.

220 2027 307 2054 Minus
326 2027 483 2054 fructuosus.
509 2028 623 2056 Sterilis.
648 2030 678 2057 fr.
698 2033 739 2057 85.
764 2031 797 2057 de
821 2032 877 2057 iure
900 2031 954 2057 dot.
974 2034 1016 2058 23.
1035 2033 1060 2058 3.

220 2070 252 2097 fr.
270 2073 296 2097 4.
315 2070 346 2096 de
366 2075 433 2107 pact.
452 2070 506 2097 dot.
520 2073 562 2098 23.
579 2074 601 2098 4.
638 2072 680 2099 111.
696 2075 762 2101 Cn.
781 2073 868 2100 Minus
888 2074 983 2100 uberes
1002 2085 1061 2112 pro-

220 2118 315 2139 ventus
335 2118 497 2150 exspectare.
522 2114 553 2141 fr.
572 2116 596 2141 6.
615 2125 655 2153 pr.
676 2115 709 2142 de
728 2121 793 2143 extr.
814 2118 886 2143 crim.
905 2118 946 2143 47.
968 2119 1008 2144 ll.
1028 2133 1060 2137 —-

222 2155 252 2188 ξ.
270 2157 306 2182 2.
326 2158 471 2190 Amphis,
491 2159 616 2184 Plenus.
654 2158 672 2185 Ι.
694 2160 755 2193 Sy.
781 2158 910 2196 Amplius.
936 2159 1059 2187 Vberius.

222 2197 252 2223 fr.
272 2199 312 2224 88.
336 2199 357 2232 5.
376 2200 401 2225 3.
429 2199 460 2226 ad
485 2199 514 2226 L.
534 2199 605 2226 Falc.
624 2202 665 2227 35.
683 2203 708 2227 2.
745 2201 776 2228 11.
797 2204 865 2236 ⁰11.
888 2202 994 2229 Arctus.
1019 2203 1060 2229 Cf.

221 2239 246 2265 h.
261 2249 285 2265 v.
305 2240 327 2273 5.
344 2243 369 2268 2.
405 2241 448 2268 III.
463 2244 528 2270 Cn.
547 2243 590 2269 Ad
609 2245 828 2281 comparationem
847 2245 977 2272 uberioris
996 2256 1061 2272 nier-

222 2282 295 2308 cedis
314 2289 489 2320 computatum
509 2285 759 2319 (emolumentum.)
784 2287 813 2314 fr.
833 2289 857 2314 8.
877 2287 954 2314 locat.
975 2290 1015 2315 19.
1034 2291 1058 2315 2.

222 2324 378 2351 Vberiorem
402 2328 530 2354 actionem
557 2328 662 2355 habere.
696 2328 726 2355 fr.
752 2331 774 2356 l.
802 2330 823 2363 5.
849 2332 873 2357 2.
898 2331 931 2357 dc
954 2332 981 2357 in
1005 2341 1059 2358 rem

221 2377 307 2394 verso.
328 2369 368 2393 15.
387 2369 411 2394 3.
447 2369 598 2397 Vberrimas
617 2381 710 2398 usuras
730 2373 866 2409 consequi.
885 2372 916 2400 fr.
937 2375 977 2400 12.
997 2374 1019 2407 5.
1034 2375 1059 2401 9.

221 2410 306 2436 mand.
328 2411 367 2436 17.
388 2412 411 2436 l.

256 2454 368 2480 Vber·
393 2452 510 2486 (Subst.)
533 2456 564 2488 §0
575 2457 610 2483 1.
631 2458 776 2484 Mamma.
813 2457 856 2484 III.
877 2459 943 2485 Gn·
963 2458 1059 2494 Quam-

223 2496 264 2522 vis
283 2495 370 2532 plenis
390 2495 514 2522 uberibus
537 2500 666 2526 venierint
685 2502 739 2532 (sc.
760 2501 850 2533 oves)
875 2500 905 2527 fr.
924 2501 966 2527 48.
990 2502 1012 2535 5.
1031 2504 1055 2529 2.
1080 2495 1081 2508 ¹

221 2537 254 2564 de
274 2538 305 2564 A.
324 2537 356 2564 R.
376 2537 410 2564 D.
429 2540 470 2565 41.
491 2540 514 2565 l.
551 2540 646 2574 Quoad
667 2542 779 2569 infantes
799 2543 926 2569 uberibus
945 2543 1056 2572 aluntur.

221 2580 252 2606 fr.
271 2581 293 2605 l.
313 2580 335 2613 5.
356 2582 396 2606 14.
416 2580 448 2607 de
468 2586 533 2607 extr.
558 2591 631 2617 cogn.
650 2587 690 2611 50.
712 2587 752 2612 13.
781 2601 812 2605 --
841 2586 872 2619 §0
892 2587 928 2612 2.
954 2588 1057 2622 Origo
1078 2599 1079 2602 ¹

220 2629 374 2649 materna.
411 2623 453 2649 III.
465 2625 530 2651 Cn.
550 2623 648 2651 Sacrat.
667 2627 738 2654 urbis
758 2628 838 2654 ubere
856 2628 970 2664 gloriari.
989 2630 1055 2656 Νῦν.

223 2665 272 2692 Th.
292 2665 322 2692 ll.
342 2663 374 2692 de
394 2665 418 2691 h.
439 2676 481 2702 qn.
501 2676 541 2703 sp.
560 2677 629 2693 mun.
648 2667 667 2693 1.
685 2670 726 2695 22.
747 2681 768 2697 c.
789 2673 811 2698 1.
831 2672 853 2705 5.
873 2672 897 2697 8.

1117 280 1181 316 pulo
1200 281 1369 308 ministretur.
1391 282 1457 309 Nov.
1473 283 1528 310 Val.
1544 276 1586 310 111.
1607 283 1639 310 (10
1659 283 1791 320 pantapol.
1810 283 1878 309 11.5.
1899 294 1920 310 c.
1936 287 1957 311 l.

1117 323 1138 356 5.
1159 324 1182 349 l.
1218 322 1384 357 Praeclarum,
1403 325 1446 352 vel
1465 326 1585 364 capiendi
1605 326 1719 353 ubertas.
1740 325 1788 352 Th.
1803 325 1834 352 C.
1849 325 1903 352 Vll.
1918 328 1956 353 13.

1117 375 1138 391 c.
1158 367 1183 392 9.
1202 365 1234 392 de
1253 367 1330 393 tiron.

1150 409 1232 435 Vbi.
1253 409 1365 441 (Advb.)
1385 410 1416 443 ᾖ.
1431 411 1465 437 l.
1486 413 1521 438 In
1542 421 1599 445 qun
1617 414 1694 438 Ioco.
1731 411 1775 437 111.
1790 412 1856 438 Gn·
1876 411 1956 438 ..Ius“

1116 450 1212 477 dicitur
1231 450 1314 480 locus.
1335 453 1360 478 in
1380 463 1430 488 quo
1451 454 1491 480 ius
1511 453 1644 485 redditum
1666 453 1842 490 adpellalioue
1862 453 1956 480 collata

1116 493 1147 519 ab
1168 503 1207 523 eo.
1228 494 1298 530 quod
1318 494 1356 526 fit,
1376 496 1401 521 in
1422 506 1461 526 eo,
1482 496 1525 522 ubi
1545 497 1581 523 Iit.
1602 497 1633 523 sr.
1656 499 1694 523 11.
1715 496 1747 523 (10
1766 496 1784 523 I.
1805 501 1831 523 et
1849 496 1867 523 1.
1889 499 1910 522 1.
1933 499 1955 523 l.

1116 536 1229 571 Quando
1249 537 1333 568 voles,
1353 542 1378 563 et
1398 538 1442 564 ubi
1461 539 1543 566 voles.
1564 540 1593 566 fr.
1607 542 1648 566 24.
1670 539 1760 577 depos.
1778 541 1817 566 16.
1831 541 1855 566 3.
1876 539 1956 575 Quod

1116 588 1146 604 eo
1166 578 1225 605 loco
1245 579 1464 617 deprehenditur,
1491 582 1535 608 ubi
1554 582 1591 608 sit.
1618 582 1675 608 Gai.
1695 582 1738 609 III.
1759 584 1817 609 184.
1855 582 1906 609 Vbi
1926 593 1954 609 ea

1114 631 1157 647 res
1181 623 1273 657 agitur.
1302 622 1331 649 fr.
1355 625 1379 649 4.
1408 624 1430 657 5.
1449 625 1474 650 5.
1498 623 1530 650 de
1554 624 1664 651 edendo.
1688 627 1712 651 2.
1736 626 1774 651 13.
1803 641 1834 645 —
1864 626 1895 659 §0
1916 627 1952 652 Β.

1117 665 1264 697 Quando,
1284 667 1466 701 Postquam.
1503 666 1521 692 1.
1543 668 1605 701 Sy.
1625 668 1766 703 Quotiens
1786 668 1817 694 fr.
1836 670 1895 695 220.
1914 678 1955 705 pr.

1114 706 1147 733 de
1166 706 1197 733 V.
1218 707 1246 734 S.
1270 710 1311 734 50.
1333 709 1372 734 16.
1409 708 1439 735 11.
1461 710 1528 742 Op.
1556 709 1720 746 Priusquam.
1745 710 1774 737 fr.
1794 712 1836 737 31.
1859 720 1898 748 pr.
1923 710 1956 737 de

1114 755 1230 776 excusat.
1249 752 1290 776 27.
1313 752 1334 777 1.
1355 750 1385 777 fr.
1404 753 1444 778 26.
1465 752 1486 785 5.
1502 754 1526 779 2.
1547 751 1579 778 de
1597 752 1629 778 Α.
1643 752 1672 778 R.
1687 753 1721 779 D.
1736 755 1777 779 41.
1799 755 1821 779 l.
1858 753 1956 785 Quam-

1114 791 1158 817 diu
1178 792 1265 824 (ambo
1285 794 1398 826 vivunt.)
1419 810 1450 813 —
1472 794 1521 821 Vbi
1542 794 1619 826 (alter
1639 795 1775 828 decessit.)
1795 795 1823 822 fr.
1843 798 1866 822 2.
1888 796 1910 829 5.
1928 798 1954 823 3.

1114 834 1146 860 de
1160 845 1190 860 eo
1210 845 1252 871 qu.
1273 846 1293 862 c.
1314 836 1381 862 loco.
1398 837 1444 863 13!
1457 839 1481 864 4.
1516 837 1559 864 III.
1572 839 1638 865 Cn.
1662 837 1694 864 Vt
1706 839 1776 864 intra
1790 838 1858 866 diem
1872 839 1905 865 X.
1919 853 1952 858 —

1114 878 1256 914 rescriptas
1277 880 1330 910 (sc.
1350 878 1469 912 litteras)
1489 879 1629 917 deposcam
1653 886 1679 907 et
1698 880 1742 907 ubi
1762 891 1805 907 eas
1824 883 1955 919 acceperit

1090 919 1091 932 ¹
1114 925 1162 946 etc.
1182 919 1265 947 vatic.
1286 921 1307 954 5
1323 923 1380 948 163.
1409 921 1469 948 lNon
1483 925 1579 955 statim,
1599 924 1643 950 ubi
1658 923 1775 956 (addicta
1789 923 1857 950 bona
1870 925 1955 956 sunt.)

1113 961 1144 988 fr.
1158 964 1181 988 4.
1201 964 1222 996 5.
1238 965 1260 990 7.
1281 964 1313 990 de
1332 964 1418 992 fideic.
1438 965 1501 992 libb.
1516 967 1556 992 40.
1577 968 1601 993 5.
1639 966 1692 993 Vbi
1712 967 1831 1002 exigitur,
1846 984 1875 987 —
1892 972 1954 994 tunc

1112 1048 1139 1073 in
1158 1058 1187 1074 se
1211 1050 1347 1085 receperit.
1372 1050 1402 1076 fr.
1420 1052 1445 1077 3.
1471 1051 1494 1084 5.
1516 1053 1537 1078 l.
1558 1051 1590 1078 de
1609 1062 1662 1078 rec.
1681 1062 1724 1088 qu.
1744 1051 1798 1078 arb.
1818 1054 1842 1079 4.
1862 1054 1886 1079 8.
1924 1052 1953 1079 Si

1113 1105 1144 1110 —
1163 1090 1226 1116 dare
1245 1092 1365 1123 iusserat.
1386 1093 1429 1119 nbi
1449 1103 1476 1119 ea
1496 1095 1641 1131 nupsisset.
1666 1095 1696 1121 fr.
1715 1097 1756 1121 45.
1781 1096 1803 1129 5.
1822 1097 1846 1122 2.
1867 1095 1899 1122 de
1918 1095 1954 1122 le-

1089 1122 1090 1168 l
1112 1138 1161 1169 gat.
1181 1133 1211 1160 11.
1232 1135 1308 1167 (31.)
1330 1151 1359 1154 -
1381 1135 1411 1168 ξ.
1432 1137 1468 1162 3.
1495 1138 1563 1169 Qua
1583 1140 1615 1164 in
1634 1148 1680 1169 re,
1698 1140 1747 1164 vel
1765 1148 1870 1165 rausa.
1908 1137 1952 1165 111.

1113 1177 1178 1203 Cn.
1204 1176 1234 1202 In
1253 1177 1425 1214 popularibus
1445 1180 1606 1211 actionibus,
1631 1180 1675 1207 ubi
1695 1186 1744 1207 etc.
1771 1181 1800 1207 sr.
1820 1182 1861 1207 43.
1886 1181 1907 1214 5.
1926 1182 1951 1207 2.

1112 1217 1145 1244 de
1164 1228 1268 1256 procur.
1287 1221 1312 1246 3.
1330 1221 1355 1246 3.
1392 1220 1432 1246 Ex
1453 1231 1483 1247 eo
1504 1226 1672 1254 testamento,
1691 1223 1736 1249 ubi
1756 1229 1804 1250 etc.
1825 1223 1855 1250 fr.
1878 1225 1899 1249 l.
1920 1223 1953 1249 de

1110 1303 1216 1341 pulatus
1241 1315 1306 1332 50111.
1331 1305 1360 1331 fr.
1380 1307 1405 1332 2.
1430 1307 1452 1340 5.
1474 1308 1496 1333 l.
1520 1307 1552 1334 de
1572 1318 1602 1333 eo
1623 1318 1664 1344 qu.
1686 1319 1706 1335 c.
1727 1308 1794 1336 loco.
1817 1311 1855 1336 13.
1875 1312 1899 1335 4.
1920 1325 1952 1328 —

1088 1340 1141 1380 ¹§0
1163 1349 1201 1374 4.
1225 1349 1294 1380 Vbi,
1314 1358 1332 1374 8.
1358 1350 1414 1375 Vbi
1432 1351 1498 1383 nbi,
1518 1352 1535 1376 i.
1554 1361 1574 1376 e.
1598 1352 1789 1386 Vbicunque.
1818 1351 1861 1378 111.
1885 1353 1952 1379 Cn·

1109 1389 1266 1427 Dispositos
1293 1390 1390 1418 milites
1416 1393 1584 1419 stationarios
1609 1393 1718 1425 habere,
1739 1410 1769 1414 —
1790 1395 1822 1421 ad
1841 1394 1953 1421 reseren-

1109 1432 1171 1459 dum
1194 1433 1258 1464 sibi,
1288 1434 1351 1470 quid
1376 1434 1420 1460 ubi
1445 1434 1494 1467 [al.
1520 1434 1630 1471 ubique,
1654 1447 1678 1463 v.
1698 1438 1724 1463 in
1743 1436 1835 1470 Urbe]
1856 1442 1952 1473 agatur.

1108 1474 1138 1501 fr.
1160 1477 1182 1502 1.
1208 1476 1229 1508 5.
1250 1478 1290 1503 12.
1315 1476 1347 1503 de
1371 1477 1415 1503 off.
1434 1476 1487 1504 Prf.
1507 1476 1553 1504 Vr.
1575 1480 1596 1504 l.
1618 1481 1658 1505 12.
1696 1478 1743 1511 Vt,
1769 1480 1814 1506 ubi
1840 1479 1887 1514 [al.
1908 1479 1953 1505 ubi

1109 1517 1166 1551 ubi]
1187 1520 1284 1555 reperti
1304 1518 1414 1550 suerint,
1433 1534 1466 1539 -—
1487 1520 1670 1557 comprehensi
1690 1526 1739 1548 etc.
1760 1521 1809 1548 Th.
1831 1522 1861 1549 C.
1881 1521 1952 1549 XVI.

1107 1562 1131 1587 5.
1152 1571 1172 1587 c.
1193 1563 1234 1588 58.
1254 1562 1275 1595 5.
1295 1563 1319 1587 6.
1339 1561 1372 1587 do
1391 1561 1488 1589 haeret.

1141 1604 1377 1637 Vbicunque.
1415 1605 1536 1638 (Advb.)
1573 1606 1603 1638 §.
1624 1608 1658 1633 1.
1693 1608 1891 1641 Quocunque
1918 1609 1951 1634 in

1107 1649 1185 1673 loco.
1220 1646 1240 1673 1.
1259 1648 1322 1681 Sy.
1348 1646 1464 1684 Vsquam
1488 1649 1611 1684 gentium.
1637 1648 1686 1675 Tb.
1707 1649 1736 1676 C.
1757 1649 1802 1676 IX.
1822 1652 1863 1676 45.
1886 1660 1906 1676 0.
1927 1651 1950 1676 4.

1107 1689 1145 1723 55.
1165 1691 1189 1715 2.
1209 1699 1250 1725 sq.
1270 1689 1302 1715 de
1321 1689 1344 1716 h.
1365 1700 1407 1726 qu.
1428 1690 1460 1716 ad
1480 1690 1543 1717 eccl.
1580 1691 1623 1717 III.
1641 1692 1708 1718 Cn.
1735 1693 1904 1729 Quicunque.
1924 1697 1951 1718 et

1107 1732 1257 1768 ubicunque
1276 1732 1432 1766 (latentes.)
1458 1733 1493 1759 lb.
1514 1733 1570 1760 XII.
1592 1735 1613 1760 1.
1639 1744 1659 1760 c.
1681 1736 1737 1761 162.
1759 1735 1791 1761 de
1815 1735 1950 1762 decurion.

1107 1774 1263 1811 Vbicunque
1287 1775 1395 1802 Praetor
1418 1792 1450 1796 —
1475 1777 1515 1802 ius
1539 1776 1627 1803 dicere
1651 1778 1802 1809 constituit,
1829 1779 1852 1804 is
1875 1778 1951 1804 locus

1107 1822 1155 1844 etc.
1178 1817 1209 1844 fr.
1231 1819 1270 1844 ll.
1291 1818 1323 1845 de
1341 1818 1360 1845 I.
1381 1823 1406 1845 et
1425 1818 1443 1845 1.
1465 1821 1487 1845 l.
1510 1820 1532 1845 l.
1570 1820 1749 1856 Quaecunque
1771 1820 1836 1847 mihi
1861 1831 1952 1858 super-

1083 1859 1085 1866 ’
1106 1866 1181 1893 sunt,
1205 1860 1247 1887 vel
1266 1862 1292 1887 in
1312 1860 1472 1898 Paxnphilia,
1495 1861 1590 1897 Lycia,
1614 1862 1656 1888 vel
1676 1863 1834 1899 ubicunque.
1859 1863 1888 1890 fr.
1911 1865 1950 1890 77.

1106 1903 1127 1937 5.
1147 1905 1189 1930 20.
1209 1903 1241 1929 de
1260 1903 1336 1939 legat.
1357 1903 1387 1930 II.
1408 1905 1475 1937 (31.)
1496 1904 1546 1931 Th.
1560 1904 1590 1931 C.
1610 1905 1680 1932 XIII.
1698 1908 1722 1932 3.
1744 1916 1765 1932 c.
1788 1908 1827 1932 16.
1848 1906 1880 1933 de
1899 1916 1951 1932 me-

1106 1946 1156 1972 dic.
1177 1951 1202 1972 et
1221 1946 1287 1982 prof.
1309 1962 1338 1965 —
1360 1947 1391 1980 ξ.
1409 1948 1445 1974 2.
1465 1949 1501 1974 In
1521 1949 1608 1974 omni
1626 1958 1672 1980 re,
1691 1951 1741 1975 vel
1759 1959 1868 1976 causa.
1907 1948 1949 1975 III.

1106 1989 1172 2016 Cn.
1193 1988 1380 2026 Susceptorem
1401 2006 1430 2010 -—
1451 1989 1601 2026 ubicunque
1620 1995 1645 2017 et
1665 1991 1876 2028 quandocunque
1894 2001 1948 2018 non

1105 2031 1221 2058 vindicat
1239 2034 1288 2065 (sc.
1309 2031 1437 2065 Praetor.)
1458 2032 1487 2058 sr.
1508 2034 1530 2058 1.
1550 2033 1572 2066 5.
1592 2035 1615 2059 2.
1636 2033 1669 2060 de
1688 2034 1793 2060 aleator.
1811 2036 1850 2060 ll.
1865 2035 1888 2060 5.
1919 2033 1949 2060 In

1106 2075 1226 2101 omnibus
1245 2075 1385 2102 noxalibus
1404 2076 1561 2108 actionibus,
1581 2076 1729 2113 ubicunque
1749 2082 1796 2103 etc.
1822 2076 1852 2103 fr.
1872 2078 1896 2103 3.
1916 2076 1949 2103 de

1106 2127 1165 2143 nox.
1186 2122 1234 2143 act.
1249 2119 1273 2144 9.
1287 2120 1310 2144 4.
1331 2118 1361 2145 fr.
1375 2121 1417 2145 22.
1436 2120 1496 2153 5.1.
1517 2119 1549 2146 de
1568 2119 1598 2146 R.
1618 2119 1636 2145 I.
1651 2121 1691 2145 50.
1713 2122 1753 2146 17.
1791 2119 1949 2156 Vbicunque

1105 2161 1164 2196 quis
1188 2165 1277 2197 potest
1302 2165 1348 2187 etc.
1375 2160 1405 2187 fr.
1429 2163 1471 2188 33.
1496 2162 1517 2195 5.
1537 2164 1561 2188 2.
1586 2162 1618 2188 de
1642 2172 1746 2199 procur.
1771 2164 1796 2189 3.
1816 2164 1841 2189 3.
1865 2162 1896 2189 fr.
1922 2164 1945 2188 1,

1106 2203 1127 2236 5.
1147 2205 1170 2229 5.
1191 2204 1213 2229 si
1232 2213 1292 2240 pars
1313 2203 1401 2230 hered.
1421 2206 1445 2230 5.
1464 2206 1488 2230 4.

1140 2247 1316 2273 Vbilibet.
1345 2246 1458 2279 (Advb.)
1490 2248 1607 2273 Vbivis.
1644 2246 1687 2273 111.
1708 2248 1773 2275 Cn.
1803 2247 1832 2274 In
1852 2249 1946 2281 vicina,

1105 2288 1146 2315 vel
1167 2290 1327 2315 contermina
1347 2290 1417 2320 eius,
1438 2305 1469 2309 —
1489 2289 1531 2315 vel
1551 2288 1670 2316 ubilibet.
1695 2289 1744 2316 Th.
1765 2290 1796 2317 C.
1815 2290 1884 2317 XIII.
1905 2292 1946 2317 10.

1105 2341 1126 2358 c.
1147 2333 1169 2358 7.
1190 2331 1222 2358 de
1241 2341 1321 2358 censu
1341 2341 1360 2357 5.
1381 2331 1465 2358 adscr.

1138 2375 1295 2407 Vbique.
1316 2373 1428 2406 (Advb.)
1448 2374 1478 2406 ξ.
1499 2375 1533 2400 l.
1554 2375 1590 2401 In
1609 2377 1695 2401 omni
1713 2377 1789 2401 Ioco.
1817 2375 1857 2401 III.
1875 2375 1944 2402 Cn.

1103 2416 1163 2442 Non
1184 2417 1292 2452 ubique,
1316 2416 1363 2442 sed
1389 2416 1432 2443 ubi
1455 2416 1619 2453 frequentius
1640 2422 1680 2443 est
1698 2417 1748 2443 hoc
1767 2427 1849 2453 genus
1868 2418 1946 2445 male-

1103 2459 1164 2485 ficii.
1193 2459 1263 2485 Coll.
1282 2458 1335 2485 LL.
1354 2459 1387 2485 M.
1408 2459 1451 2485 XI.
1473 2461 1494 2485 7.
1533 2459 1562 2485 Si
1586 2461 1672 2496 vagari
1692 2470 1738 2497 per
1757 2459 1847 2486 orbem
1866 2466 1946 2487 terra-

1102 2512 1159 2528 rum
1178 2501 1255 2532 velit,
1274 2512 1326 2528 non
1347 2518 1377 2522 —
1399 2502 1496 2538 ubique
1515 2512 1572 2527 eum
1596 2503 1678 2538 sequi.
1704 2503 1733 2529 fr.
1753 2505 1795 2529 20.
1824 2503 1846 2536 5.
1868 2505 1891 2529 l.
1909 2503 1942 2530 de

1101 2554 1174 2581 oper.
1194 2544 1280 2570 libert.
1299 2546 1341 2571 38.
1362 2547 1384 2571 l.
1423 2545 1534 2571 Omnem
1553 2545 1602 2577 (sc.
1620 2546 1742 2581 penum.)
1761 2555 1826 2582 quae
1846 2545 1944 2583 ubique

1101 2591 1149 2617 est,
1169 2586 1277 2622 legatam
1297 2587 1388 2614 videri.
1414 2587 1444 2614 fr.
1466 2589 1489 2613 4.
1509 2587 1530 2620 5.
1551 2589 1574 2613 5.
1595 2587 1627 2613 de
1646 2597 1716 2624 penu
1735 2587 1784 2624 leg.
1803 2590 1845 2615 33.
1865 2590 1890 2615 9.
1911 2606 1941 2610 -

1101 2630 1132 2662 ξ.
1151 2630 1186 2655 2.
1211 2631 1246 2655 111
1270 2633 1354 2657 omni
1372 2640 1478 2657 causa.
1516 2629 1534 2656 l.
1555 2631 1617 2663 Sy.
1638 2629 1748 2667 Semper
1769 2632 1939 2663 (interesse.)

1102 2671 1132 2698 fr.
1154 2673 1192 2698 12.
1212 2672 1233 2705 5.
1252 2674 1276 2699 2.
1301 2673 1334 2699 de
1352 2673 1412 2699 l'urt.
1431 2674 1472 2698 47.
1492 2674 1516 2697 2.
1554 2672 1596 2698 111.
1617 2674 1682 2700 οη.
1707 2673 1817 2711 Semper
1841 2680 1866 2700 et
1885 2674 1940 2700 ubi-

256 2709 428 2735 Vbertas.
465 2709 495 2742 ξ.
515 2710 550 2735 1.
570 2711 762 2744 Fertilitas,
781 2716 988 2741 Fecunditas.
1024 2715 1054 2741 II.
1077 2722 1079 2753 j
1101 2724 1151 2750 que
1176 2716 1330 2751 (praecipua
1350 2720 1402 2747 est,
1428 2724 1464 2741 sc.
1485 2714 1584 2741 dotium
1605 2717 1708 2748 causa.)
1728 2716 1758 2743 fr.
1779 2718 1801 2743 l.
1822 2716 1869 2742 sol.
1890 2726 1940 2742 ma-

222 2752 290 2785 011.
310 2750 442 2777 Sterilitas
461 2753 554 2785 (anui.)
570 2769 600 2772 -—
620 2751 732 2780 Vbertas
747 2754 794 2788 [al.
808 2756 948 2791 uberitas]
969 2757 999 2784 fr.
1016 2760 1054 2783 15.

221 2794 244 2827 5.
262 2796 285 2820 4.
306 2793 383 2820 locat.
404 2795 443 2821 19.
463 2796 487 2820 2.
506 2794 536 2821 fr.
556 2797 597 2821 26.
616 2805 656 2832 pr.
676 2795 727 2830 Qu.
747 2795 804 2823 dies
822 2798 898 2834 legat.
916 2802 959 2827 36.
979 2802 1003 2826 2.
1023 2816 1053 2819 —

1100 2758 1167 2783 trim.
1187 2760 1228 2784 24.
1248 2760 1272 2784 3.

1134 2801 1226 2827 Vdo.
1251 2803 1356 2828 Genus
1375 2802 1598 2833 calciamenti,
1619 2801 1664 2835 (ex
1683 2801 1791 2828 hircinis
1805 2800 1868 2838 pilis
1890 2806 1942 2827 tex-
