2197 3121
292 185 353 215 172

293 267 357 292 titur
374 271 453 292 aetas.
482 264 551 291 Coll.
570 263 623 291 LL.
643 264 676 291 Μ,
696 263 765 290 XIII.
784 264 808 290 3.
835 262 885 297 (cf.
905 263 936 290 fr.
955 265 980 289 2.
1005 262 1037 289 dc
1056 267 1130 289 term.

291 314 353 336 mot.
373 311 414 335 47.
434 309 493 341 21.)

327 353 612 384 compatronus.
644 351 805 385 Singulas
823 359 860 376 ex
883 351 1131 376 mauumissori·
1153 363 1154 383 ;

712 392 755 419 ΙΠ.
781 393 846 420 Gn.
878 392 906 418 Si
931 392 982 418 duo
1007 391 1131 429 pluresve
1152 394 1154 410 ἲ

291 397 344 421 [111ae
372 397 459 420 serni
485 395 666 421 eouzmunis.

291 439 485 469 manumittant.
509 453 541 456 —
567 436 618 462 soli
643 436 805 473 compatroni
830 440 931 461 tutores
958 440 1027 461 sunt.
1057 434 1087 461 Τι’.
1106 436 1130 461 3.

291 480 328 514 55.
349 482 373 506 ⁴1.
394 490 433 517 sq.
460 480 489 506 fr.
510 482 533 506 5.
560 480 582 513 5.
602 481 626 505 4.
652 479 685 506 de
704 478 773 515 legit.
795 483 841 504 tut.
866 480 907 503 26.
926 479 950 503 4.
994 478 1131 504 Adversus
1153 492 1154 502 t

291 528 489 559 compatronum
508 539 540 542 -
560 522 674 549 Fabiana
693 532 747 548 non
766 522 899 558 competit.
929 520 958 547 Τι’.
981 522 1002 547 l.
1022 522 1044 555 5.
1064 523 1088 547 5.
1108 522 1131 547 si

291 576 334 602 qu.
354 567 380 591 in
401 565 430 591 Τι’.
450 571 517 602 patr.
536 567 578 593 38.
598 568 622 592 5.

326 609 545 641 Compedes.
574 611 691 636 Pedum
712 609 851 635 vincula.
888 606 1011 634 IH.011.
1035 605 1131 632 Secum

291 650 388 679 ducito,
407 652 515 683 vincito.
536 656 579 678 aut
598 661 688 683 nervo,
708 656 751 677 aut
766 649 948 686 compedibus,
967 648 1026 675 XV.
1041 648 1130 686 pondo

290 704 323 720 ne
341 695 446 720 maiore.
474 693 503 721 L.
523 694 580 720 XII.
601 694 685 720 Tabb.
705 693 746 719 111.
766 695 790 719 3.
823 693 876 727 Qui
895 693 922 718 iu
941 692 1069 723 custodia,
1089 691 1131 717 vel
1153 693 1154 697 ’

290 738 316 763 in
335 737 462 769 vinculis.
481 737 524 764 vel
543 737 716 774 compedibus
735 735 913 762 decesserunt.
942 734 973 761 fr.
994 736 1035 761 45.
1064 735 1086 768 5.
1108 737 1130 761 l.

290 779 322 806 de
341 780 398 806 iure
416 781 482 806 fisci.
501 782 543 807 49.
565 782 604 806 14.
629 780 660 805 ct.
681 778 711 805 fr.
731 780 755 805 9.
776 789 808 805 ex
828 788 870 814 qu.
891 788 913 804 c.
932 779 990 804 mai.
1009 779 1034 804 4.
1053 779 1077 804 6.

325 823 578 856 Compeditus.
603 822 723 856 (Partie.)
760 824 901 848 Pedibus
922 823 1058 848 vinctus.
1087 819 1129 846 III.
1152 833 1153 839 ι

290 867 356 893 Cn.
388 866 499 893 Multum
519 867 641 892 interest.
662 864 748 901 qualis
768 874 860 891 servus
880 865 927 893 sit.
954 880 987 883 —
1012 868 1037 889 et.
1057 862 1128 899 quid.

289 909 312 935 si
331 909 505 946 compedium,
525 908 567 934 vel
586 908 652 934 male
672 913 759 937 notus.
779 908 822 934 vel
842 913 919 934 notae
932 908 1079 934 extremae?
1098 906 1128 932 fr.

291 953 330 978 15.
355 952 377 985 5
398 954 438 978 44.
465 952 496 978 de
522 952 598 978 iniur.
623 953 664 978 47.
686 953 726 978 10.
768 951 798 977 Si
823 950 1000 988 compeditum
1024 960 1129 976 servum

288 1004 382 1022 meum.
402 1000 430 1021 ut
450 995 558 1031 sugeret,
578 994 699 1020 solveris.
718 994 750 1020 fr.
770 996 794 1021 7.
813 995 835 1028 5.
855 995 878 1020 7.
899 993 931 1020 de
951 993 974 1019 d.
995 1003 1028 1019 m.
1048 994 1073 1018 4.
1086 994 1110 1018 3.

324 1039 570 1071 compellere.
608 1038 626 1071 ξ
646 1039 681 1064 1.
709 1040 848 1070 Pellere,
874 1039 1030 1071 Congere,
1057 1036 1128 1061 Coe-

288 1083 396 1117 ligere.
437 1080 480 1107 111.
499 1082 564 1108 Gn.
594 1080 687 1118 Septa,
707 1097 739 1100 —
759 1084 825 1117 quac
844 1080 876 1106 ad
894 1079 973 1106 incile
992 1088 1130 1115 opponun-

288 1128 338 1156 tur,
358 1134 439 1160 aquae
453 1123 618 1155 derivandae.
633 1123 863 1161 eompellendaeve
876 1133 908 1149 ex
922 1122 1029 1148 flumine
1043 1131 1128 1148 causa.

288 1166 317 1193 fr.
339 1168 361 1193 1.
386 1168 407 1201 5.
427 1169 451 1193 4.
481 1166 513 1193 de
531 1168 578 1193 riv.
603 1168 645 1193 43.
664 1169 705 1193 21.
743 1166 870 1193 Officium
892 1170 966 1192 tuum
990 1181 1022 1184 -
1042 1165 1128 1190 omnia
1150 1184 1151 1192 ι

287 1209 384 1236 tributa
404 1211 520 1245 exigere.
545 1211 693 1247 suscipere.
718 1214 853 1247 postremo
879 1207 1039 1245 compellere
1056 1207 1128 1234 iube·
1149 1231 1150 1247 ἒ

286 1263 353 1280 mus.
377 1252 427 1279 Th.
440 1252 470 1279 C.
490 1252 509 1279 Ι.
530 1254 570 1279 14.
585 1263 605 1279 c.
622 1255 644 1279 1.
665 1252 768 1286 (Wek.)
788 1253 820 1279 de
834 1252 877 1278 off.
892 1251 945 1278 Prf.
960 1251 1027 1288 Aug.
1048 1251 1079 1277 cf.
1094 1250 1126 1277 V.
1149 1270 1150 1273 ,

289 1297 328 1322 14.
349 1306 370 1322 c.
384 1297 407 1322 6.
428 1295 532 1329 (wok.)
561 1296 636 1331 Quos
657 1301 731 1322 atrox
751 1295 880 1333 cupiditas
899 1296 927 1321 in
946 1294 1046 1321 scelera
1060 1304 1128 1320 rom·
1149 1315 1150 1319 .

1148 1331 1150 1342 ⁴
1172 1339 1410 1372 volantesuisci).
1431 1337 1591 1364 1b.xx·1.5.
1607 1338 1768 1371 c.54.§§.2.
1784 1349 1823 1374 sq.
1844 1338 1876 1364 «ie
1890 1338 2012 1364 haeretic.

286 1338 355 1376 pulit
373 1340 499 1365 saeviora.
528 1338 565 1365 lb.
588 1339 633 1365 IX.
656 1340 698 1364 38.
724 1349 744 1365 c.
765 1340 788 1365 7.
813 1338 846 1365 de.
869 1337 967 1374 indulg.
993 1339 1064 1364 crim.
1094 1353 1126 1357 —-

287 1382 318 1415 §0
338 1383 373 1408 2.
403 1384 556 1417 Adigere,
577 1383 743 1409 coercere.
779 1381 797 1408 I.
823 1383 884 1416 Sy.
913 1381 1025 1416 Cogere.
1049 1380 1081 1407 cf.
1101 1379 1126 1407 b.

431 1423 586 1456 Coarctare,
610 1424 791 1460 Adstringere.
825 1424 855 1451 Τι’.
884 1426 926 1452 49.
956 1424 1014 1450 sam.
1035 1424 1126 1450 ercisc.
1148 1433 1150 1452 ,¹

288 1470 328 1494 10.
346 1470 370 1494 2.
391 1467 421 1494 sr.
441 1469 482 1494 57.
501 1477 541 1504 pr.
562 1467 595 1494 de
614 1472 696 1494 contr.
717 1472 776 1494 emt.
797 1468 836 1495 18.
860 1470 883 1494 1.
920 1467 1021 1494 Iubere.
1051 1467 1081 1493 fr.
1102 1468 1126 1492 8.
1148 1459 1150 1487 i

287 1511 309 1545 5.
329 1513 352 1537 5.
373 1510 403 1537 fr.
425 1513 464 1536 15.
484 1521 523 1548 pr.
544 1510 596 1546 Qu.
615 1510 706 1537 satisd.
727 1521 782 1547 cog.
801 1513 825 1537 2.
845 1512 869 1537 8.
895 1510 926 1537 Τι’.
945 1512 969 1536 2.
994 1510 1024 1536 fr.
1044 1511 1068 1536 6.
1088 1509 1149 1545 55.

286 1555 310 1580 8.
331 1555 370 1580 10.
391 1553 420 1580 Τι’.
441 1556 464 1580 7.
484 1564 523 1591 pr.
549 1553 579 1580 Τι’.
599 1555 623 1580 9.
643 1564 682 1591 pr.
702 1554 724 1588 5.
743 1556 767 1580 3.
792 1553 822 1580 fr.
843 1556 883 1580 10.
903 1564 943 1590 pr.
963 1553 996 1579 de
1016 1552 1126 1579 edendo.

285 1599 370 1623 '..’.1'.
408 1597 421 1621 1
585 1619 589 1623 .
659 1619 663 1624 .
735 1608 740 1615 ·
793 1607 822 1623 ⁹.
857 1596 880 1623 ’.
914 1597 1052 1622 13.
1102 1606 1149 1622 ιι.’

346 1599 363 1623 3
407 1597 478 1623 Πρω
497 1597 655 1634 ΩΟΠΨΕΠΕΝ
702 1596 814 1623 Tim-me
849 1597 874 1623 ¹¹*
895 1600 911 1623 8
939 1599 968 1630 Ν
1073 1596 1097 1631 Q
1147 1622 1149 1661 l
1171 1641 1289 1677 delegat.
1304 1640 1322 1667 I.
1343 1641 1410 1673 (30.)
1447 1638 1507 1665 Non
1522 1638 1679 1674 compendio
1693 1648 1741 1664 suo
1761 1644 1871 1670 vertere,
1890 1649 1939 1665 uec
1958 1640 2012 1676 pati

1147 1675 1149 1700 i
1171 1695 1199 1711 ea
1218 1676 1328 1721 pecunia
1348 1682 1428 1708 abuti.
1459 1681 1490 1708 fr.
1510 1683 1533 1708 6.
1561 1681 1593 1707 de.
1611 1681 1673 1708 bon.
1693 1681 1805 1708 damnat.
1824 1683 1866 1708 48.
1885 1684 1927 1708 20.
1965 1682 2013 1708 So-

1147 1726 1149 1745 ¹'
1170 1729 1290 1754 cietatem
1314 1726 1434 1751 coierunt.
1456 1724 1537 1757 lucri,
1564 1729 1704 1760 quaestus,
1729 1724 1886 1761 compendii.
1914 1724 1945 1752 sr.
1970 1727 2011 1752 71.

286 1435 310 1451 v.
330 1425 352 1459 5
371 1426 395 1450 2.

286 1644 346 1666 met.
367 1650 387 1666 c.
409 1642 431 1666 4.
450 1642 474 1666 2.
512 1640 554 1666 111.
577 1641 643 1667 Gn.
674 1639 789 1666 Invitum
812 1649 865 1665 nou
889 1649 949 1665 esse
968 1639 1126 1676 compellen-

287 1682 360 1713 dum.
381 1683 533 1720 (suscipere
559 1683 625 1716 etc.)
661 1682 746 1709 Vatic.
770 1683 792 1716 5.
817 1684 875 1708 200.
903 1682 934 1708 Τι’.
954 1683 978 1709 9.
1003 1682 1025 1716 5.
1046 1684 1068 1708 1.
1093 1682 1126 1708 de

286 1725 417 1763 publican.
437 1728 477 1752 39.
497 1727 521 1752 4.
558 1725 648 1762 Longe
668 1725 829 1752 commodius
849 1730 902 1757 est,
927 1726 1015 1762 ipsum
1040 1726 1126 1762 possi-

287 1768 359 1797 dere.
387 1774 412 1795 et
435 1768 613 1795 adversarium
636 1768 669 1795 ad
697 1778 775 1794 onera
804 1769 927 1805 petitoris
958 1768 1124 1805 compellere.

287 1811 316 1837 Τι’.
335 1813 376 1838 24.
397 1811 429 1837 de
448 1811 478 1838 lt.
499 1811 530 1838 V.
550 1813 574 1838 6.
595 1813 617 1837 1.
654 1810 715 1837 Nou
733 1816 823 1849 potest
842 1811 948 1837 datione
966 1812 1062 1838 tutoris
1082 1811 1125 1838 he-

286 1864 329 1880 res
349 1854 479 1891 compelli.
499 1854 641 1891 quidquam
660 1854 745 1881 facere.
765 1859 808 1880 aut
828 1864 880 1880 non
899 1854 992 1881 facere.
1022 1854 1079 1881 Gai.
1094 1854 1124 1881 ΙΙ.
1146 1863 1148 1881 ῑ

285 1899 344 1923 237.
364 1899 422 1923 243.
460 1898 488 1923 Si
508 1897 629 1924 dominus
647 1899 674 1924 in
693 1907 785 1923 servos
805 1898 942 1928 saevierit.
966 1897 1010 1933 vel
1029 1897 1061 1924 ad
1079 1899 1125 1924 im-

287 1939 438 1977 pudicitiam
458 1945 612 1977 turpemque
630 1940 800 1966 violationem
819 1940 969 1977 compellat.
998 1940 1028 1966 fr.
1047 1943 1072 1966 2.
1093 1940 1125 1966 de
1146 1954 1147 1960 ι

287 1984 311 2010 1ι.
332 1994 375 2020 qu.
395 1984 443 2009 sui.
465 1985 487 2009 1.
507 1985 530 2009 6.
551 1983 583 2009 ct'.
603 1983 634 2009 Τι’.
655 1985 677 2009 1.
698 1983 720 2016 5.
740 1984 763 2009 8.
784 1982 817 2009 de
836 1983 880 2009 off.
901 1982 952 2009 Prf.
974 1982 1019 2009 Vr.
1040 1985 1062 2009 l.
1085 1985 1124 2010 12.
1146 1985 1147 2010 ἶ

1145 2025 1147 2049 l
1170 2027 1199 2054 Τι’.
1219 2029 1243 2054 4.
1263 2037 1302 2064 pr.
1323 2027 1355 2053 de
1374 2028 1400 2053 in
1420 2026 1458 2053 lit.
1478 2027 1526 2052 iur.
1548 2028 1587 2051 12.
1607 2027 1631 2051 3.
1674 2025 1774 2051 Caesae
1793 2025 1941 2058 arundinis,
1966 2025 2008 2052 vel

1145 2066 1147 2100 ξ
1168 2070 1221 2107 pali
1241 2069 1433 2106 compendium.
1457 2069 1487 2095 Τι’.
1506 2070 1548 2095 59.
1567 2069 1590 2102 5.
1608 2070 1632 2094 2.
1653 2067 1685 2094 de
1704 2067 1771 2094 usus.
1792 2069 1814 2094 7.
1837 2070 1859 2094 l.

287 2026 328 2057 Si.
354 2036 412 2053 eum
437 2027 594 2058 restitisset,
622 2042 655 2045 —
683 2026 784 2052 viribus
809 2030 946 2062 praeturae
970 2026 1123 2063 compulsus

287 2074 335 2095 est.
365 2069 395 2096 Τι’.
415 2072 438 2096 2.
458 2080 496 2106 pr.
522 2069 554 2096 de
573 2069 650 2095 iudic.
675 2071 698 2095 5.
720 2071 742 2095 1.
779 2068 934 2105 Principali‚
958 2069 1000 2095 vel
1019 2070 1125 2106 pontiti-

288 2112 335 2138 cali
355 2113 508 2139 anctoritate
528 2112 650 2149 compelli
677 2111 726 2145 (ad
746 2111 903 2148 obsequium
922 2112 998 2146 ete.)
1031 2112 1062 2139 Τι’.
1082 2115 1122 2139 50.

287 2155 309 2188 5.
331 2156 352 2180 1.
373 2154 404 2180 de
423 2155 510 2182 bered.
530 2161 583 2193 pet.
604 2157 627 2181 5.
646 2156 671 2181 3.
708 2155 737 2181 Si
757 2156 779 2181 is
800 2170 832 2174 —
851 2154 953 2181 litteras
972 2156 1078 2192 petierit
1092 2155 1124 2182 ad

286 2198 464 2233 magistratuS.
486 2203 514 2225 ut
532 2198 690 2235 compellant
710 2208 767 2224 eum
787 2199 884 2225 venire.
917 2197 1001 2224 Vatic.
1022 2198 1122 2232 5162.

287 2240 396 2267 Pau-svs
416 2240 491 2267 Prov.
516 2257 548 2260 —
573 2252 650 2268 causa
673 2243 776 2277 cognita
799 2241 941 2278 compellat
966 2246 1015 2267 etc.
1048 2240 1079 2267 fr.
1100 2243 1122 2267 7.

287 2374 366 2396 tatem
386 2370 447 2400 etc.)
473 2369 503 2395 Τι’.
516 2371 557 2395 30.
572 2380 611 2406 pr.
631 2370 662 2396 ad
676 2370 703 2397 S.
718 2370 749 2397 C.
764 2370 843 2397 Treb.
862 2372 904 2397 36.
925 2372 946 2397 1.
967 2370 997 2397 sr.
1017 2373 1041 2396 2.
1061 2370 1083 2404 5.
1097 2372 1122 2396 2.

288 2412 320 2439 de.
337 2412 407 2448 vulg.
427 2417 453 2438 et
470 2422 532 2449 pup.
551 2415 593 2438 223.
612 2414 636 2439 6.

322 2456 646 2489 Compendiarius.
685 2456 822 2490 (Adiect.)
864 2458 983 2484 Brevis
996 2476 1003 2489 ,

288 2505 422 2525 tractus.
459 2497 490 2524 II.
512 2499 578 2532 01).
607 2498 809 2535 Compendiaria
833 2499 916 2533 (via).
941 2515 974 2518 —
997 2498 1122 2535 Longiori

289 2542 381 2567 itinere.
405 2540 582 2578 (adportare).
614 2540 644 2567 Τι’.
669 2543 692 2567 4.
718 2542 783 2575 5.1.
808 2542 840 2568 de
865 2543 920 2569 itin.
945 2547 1030 2579 actuq.
1054 2543 1121 2579 priV.

288 2585 328 2609 43.
350 2586 388 2609 19.

323 2626 606 2660 Compendiose.
626 2626 738 2660 (Advb.)
760 2629 924 2660 Breviter,
945 2630 1041 2655 Citra
1060 2638 1124 2655 am—

287 2670 389 2703 bages.
426 2669 469 2696 111.
491 2671 556 2697 Cn.
585 2670 685 2696 Omnes
698 2671 864 2706 magistratus
883 2687 915 2690 —
935 2671 1122 2708 compendiose

289 2711 349 2737 lites
370 2711 498 2738 decidant.
519 2723 540 2739 c.
562 2715 601 2739 12.
622 2712 654 2739 de
673 2712 751 2739 indic.
770 2715 794 2739 3.
817 2715 838 2739 1.

323 2753 626 2787 Compendiosus.
648 2756 776 2789 (Adiect.)
805 2758 1013 2788 Succinctus,
1034 2759 1122 2784 Com-

286 2799 490 2831 pendiarins.
531 2798 572 2824 111.
599 2800 664 2826 Gn.
695 2798 749 2825 ilac
773 2798 872 2834 liquida
891 2803 917 2824 et
936 2799 1121 2835 compendiosa

289 2838 346 2875 lege
363 2840 501 2866 sancimus.
533 2850 554 2866 c.
574 2843 597 2867 4.
623 2841 656 2867 de
675 2841 735 2868 bon.
754 2846 861 2868 matern.
886 2842 910 2868 6.
930 2843 971 2867 60.
1003 2841 1034 2867 εΤ.
1055 2842 1077 2874 5.
1095 2844 1119 2868 3.

1042 2458 1122 2483 Con-
1144 2487 1145 2490 Ἴ

1097 180 1205 211 COM.

1153 269 1155 290 1,
1175 262 1194 289 I.
1209 262 1241 289 de
1261 272 1331 289 succ.
1352 262 1438 289 libert.
1457 264 1481 290 3.
1496 265 1520 291 8.
1540 264 1562 297 5.
1577 266 1601 290 4.
1625 264 1643 290 1.
1664 263 1696 290 de
1709 264 1739 291 B.
1754 263 1782 291 P.
1801 266 1825 292 3.
1839 266 1863 292 9.
1900 265 2014 292 Detersa

1153 304 1154 337 l
1176 306 1246 332 nube
1265 306 1442 338 voluminum,
1461 322 1494 326 —
1514 307 1728 344 compendiosam
1747 307 1870 334 divalium
1890 310 2016 335 constitu-

1176 350 1276 375 tionum
1296 350 1432 375 scientiam
1451 365 1484 368 —
1503 350 1665 377 roboramus.
1691 350 1784 377 Const.
1799 350 1848 377 Tb.
1868 350 1898 378 II.
1918 352 1951 378 de
1964 351 2014 378 Th.

1176 392 1207 418 C.
1227 396 1294 418 auct.
1314 392 1336 425 5.
1349 393 1373 417 3.
1394 391 1489 425 (ch.
1508 402 1533 429 p.
1550 393 1602 426 10.)
1640 393 1699 420 Non
1718 395 1790 431 passi
1810 404 1909 426 sumuS.
1928 394 2016 421 huius-

1175 434 1246 461 modi
1266 436 1397 461 sustinere
1418 435 1633 472 compendiosum
1653 438 1787 463 interitum
1807 438 1859 470 (sc.
1880 437 2015 471 usumin).

1176 488 1197 504 c.
1220 479 1259 504 13.
1280 477 1312 504 de
1331 479 1421 505 servit.
1442 482 1468 503 et.
1486 488 1544 514 aqu.
1564 480 1588 505 3.
1608 481 1650 506 34.

1211 521 1498 554 rou-pendium.
1536 521 1566 555 §-
1591 523 1625 548 1.
1657 524 1864 555 Coum-actio,
1898 525 2015 550 Brevis

1175 566 1367 598 complexus.
1409 563 1452 590 111.
1471 565 1537 591 Cn.
1565 563 1622 591 Hoc
1645 570 1670 591 et
1690 565 1846 603 compendio
1865 565 1965 597 litium.
1990 571 2016 593 et

1176 608 1314 643 aequitatis
1334 607 1435 633 ratione
1453 607 1590 644 provisum
1609 613 1657 634 est.
1685 608 1758 635 Paul.
1778 608 1808 634 11.
1829 610 1851 634 1.
1872 609 1931 642 5.1.
1963 608 2015 635 Pro

1176 650 1327 676 conditione
1346 660 1451 682 causac,
1470 649 1513 676 vel
1532 660 1673 686 personae.
1697 651 1741 678 vel
1759 653 1899 688 temporis,
1920 653 1955 678 ita
1975 661 2015 678 or-

1176 693 1262 720 dinem
1287 692 1445 720 edictorum.
1470 692 1512 718 vel
1537 693 1720 730 compendium
1745 694 1888 721 moderare.
1922 694 1953 721 Τι’.
1974 697 2014 721 72.

1152 771 1153 777 ἵ
1175 736 1208 763 de
1227 736 1305 763 iudic.
1325 738 1348 763 5.
1364 738 1387 762 1.
1425 735 1474 762 Vel
1494 746 1628 773 expressa.
1648 736 1690 763 vel
1704 737 1860 774 compendio
1874 737 1940 764 sacta
1955 738 2015 764 sub-

1152 782 1153 805 l
1176 781 1287 806 stitutio.
1308 790 1328 806 c.
1349 780 1372 805 8.
1393 779 1425 805 de
1445 779 1543 816 impul).
1564 783 1589 805 et
1609 778 1641 805 al.
1665 781 1688 805 6.
1708 781 1750 806 26.
1781 780 1812 806 ef.
1832 780 1862 807 Τι’.
1882 782 1923 807 66.
1948 781 1970 815 5.
1989 782 2014 807 3.

1152 806 1153 832 i
1175 822 1302 859 delegat.
1323 822 1353 849 11.
1379 822 1454 855 (31.)
1498 822 1571 857 Quas
1596 821 1674 848 latius
1699 827 1725 848 et
1748 823 1887 850 obscurius
1911 829 2014 851 veteres

1151 874 1152 885 ¹
1174 865 1353 904 protulerunt,
1383 865 1568 902 compendium
1596 864 1699 891 lucidae
1723 865 1885 893 definitionis
1910 866 2015 893 adbibe-

1173 919 1239 935 mus.
1269 908 1335 934 Nov.
1355 908 1460 934 Valent.
1479 908 1521 934 111.
1542 907 1574 934 de
1593 907 1680 934 libert.
1701 912 1726 934 et
1746 918 1816 935 suec.
1836 909 1866 936 11.
1885 912 1927 936 25.
1948 921 1969 936 c.
1990 911 2013 936 l.

1150 956 1151 963 ¹
1174 953 1195 986 5.
1215 955 1240 978 2.
1271 951 1302 978 cf.
1322 951 1385 978 lust.
1405 951 1436 977 C.
1457 960 1478 976 c.
1499 952 1522 976 l.
1542 951 1563 984 5.
1586 953 1625 977 12.
1646 950 1677 976 cl'.
1698 961 1719 977 c.
1733 953 1757 977 2.
1777 961 1817 988 pr.
1837 951 1869 978 de
1888 958 1939 980 vet.
1958 954 2015 979 iure

1150 998 1151 1012 ³
1174 995 1257 1022 enucl.
1279 997 1302 1021 1.
1322 996 1363 1020 17.
1392 1010 1424 1014 —
1451 994 1482 1027 ξ.
1503 994 1537 1019 2.
1568 995 1730 1025 Secessus,
1760 996 2013 1022 Circumventio.

1173 1039 1216 1065 ΠΙ,
1237 1040 1302 1066 Cn.
1341 1038 1395 1073 Qui
1423 1053 1455 1056 —
1484 1046 1531 1073 per
1554 1036 1662 1063 illicitae
1686 1037 1836 1063 ambitionis
1860 1038 2014 1075 compendia

1150 1088 1151 1106 t
1173 1082 1292 1119 provecti
1311 1091 1364 1107 non
1383 1081 1476 1106 merito
1496 1079 1642 1116 probantur
1660 1090 1727 1111 esse.
1743 1080 1790 1107 sed
1803 1082 1897 1117 pretio.
1918 1080 1967 1107 Th.
1982 1080 2013 1108 C.

1172 1124 1229 1151 XII.
1252 1126 1273 1150 1.
1295 1134 1316 1150 c.
1336 1124 1377 1150 86.
1398 1123 1430 1149 de
1450 1123 1584 1149 decurion.
1614 1138 1646 1142 —
1676 1123 1706 1156 ξ.
1730 1125 1767 1150 3.
1798 1126 2013 1155 Commodum,

1173 1170 1329 1199 Lucrum,
1349 1168 1495 1193 Reditus.
1532 1165 1550 1191 1.
1572 1166 1633 1200 Sy.
1662 1165 1699 1198 Id.
1720 1167 1791 1203 quod
1810 1168 1928 1193 interest.
1948 1166 1979 1193 fr.
1988 1168 2013 1192 2.

1172 1216 1219 1238 rat.
1240 1220 1295 1237 rem
1313 1209 1372 1236 hab.
1393 1210 1434 1234 46.
1454 1210 1478 1234 8.
1516 1207 1637 1234 Lucrum.
1667 1208 1696 1235 Τι’.
1713 1210 1754 1235 42,
1774 1209 1807 1236 de
1825 1210 1856 1236 A.
1870 1211 1900 1236 E.
1920 1210 1952 1236 Y.
1974 1211 2013 1236 19.

1173 1256 1195 1280 1.
1223 1252 1415 1280 Emolumenta.
1431 1250 1603 1288 Compendia.
1624 1251 1673 1278 Tb.
1689 1251 1720 1278 C.
1735 1252 1765 1278 II.
1782 1255 1821 1279 10.
1836 1264 1857 1279 (“..
1868 1255 1892 1279 3.
1908 1252 2012 1286 (ch.)

1172 1297 1204 1323 de
1223 1295 1323 1334 postul.
1345 1295 1388 1321 1‘1.
1408 1297 1432 1321 2.
1454 1305 1475 1321 c.
1494 1296 1518 1320 ⁴2.
1539 1304 1578 1331 pr.
1599 1295 1620 1328 5.
1641 1296 1664 1320 l.
1689 1294 1721 1321 de
1740 1295 1828 1322 Senat.
1850 1300 1875 1322 et
1894 1295 1926 1321 de
1945 1295 2012 1332 gleb.

1172 1384 1202 1410 11.
1231 1385 1298 1417 013.
1337 1381 1521 1418 Dispendium.
1559 1380 1589 1407 Τι’.
1609 1382 1650 1406 65.
1676 1381 1698 1414 5.
1719 1382 1743 1407 6.
1772 1391 1820 1418 pro
1844 1391 1898 1408 soc.
1929 1383 1968 1407 17.
1987 1383 2012 1407 2.

1172 1427 1310 1453 Damnum.
1337 1424 1366 1451 Τι’.
1387 1426 1428 1451 29.
1450 1435 1481 1450 ex
1501 1434 1543 1460 qu.
1565 1434 1586 1450 c.
1607 1425 1664 1450 mai.
1685 1425 1708 1450 4.
1729 1425 1752 1449 6.
1773 1423 1803 1450 fr.
1823 1425 1847 1450 8.
1868 1423 1900 1450 de
1919 1425 1968 1450 iur.
1987 1429 2014 1450 et.

1172 1470 1233 1496 sacti
1252 1471 1336 1506 ignor.
1355 1470 1397 1494 22.
1418 1469 1441 1494 6.
1479 1467 1522 1494 111.
1548 1467 1614 1494 (711.
1647 1466 1707 1492 Non
1732 1477 1817 1503 usque
1840 1466 1872 1493 ad
1892 1477 2013 1504 compen-

1171 1513 1251 1540 dium.
1265 1512 1313 1538 sed
1326 1511 1358 1537 ad
1371 1521 1455 1542 usum,
1474 1510 1576 1536 scilicet
1589 1519 1642 1535 non
1656 1520 1739 1546 usque.
1753 1509 1785 1535 ad
1799 1509 1917 1542 abusum,
1937 1510 2009 1544 (uti).

1172 1555 1201 1582 Τι’.
1223 1558 1263 1582 12.
1283 1556 1349 1589 5.1.
1370 1553 1402 1580 de
1422 1563 1470 1579 usu
1490 1558 1516 1579 et
1535 1552 1615 1579 habit.
1636 1554 1659 1579 7.
1673 1554 1697 1579 8.
1734 1552 1875 1584 Relictum.
1895 1552 1967 1589 quod
1980 1552 2012 1579 ad

1171 1602 1351 1625 ornamentum
1369 1596 1412 1623 vel
1432 1595 1616 1633 compendium
1634 1596 1700 1632 reip.
1720 1599 1829 1632 spectat.
1849 1595 1931 1622 tiz-32.
1951 1596 1973 1630 5.
1987 1598 2011 1622 2.

1170 1771 1191 1804 5.
1212 1772 1235 1796 1.
1260 1779 1308 1807 pro
1328 1779 1382 1795 soc..
1408 1769 1448 1794 17.
1468 1769 1492 1794 2.
1535 1767 1616 1802 Quod
1640 1768 1663 1793 ei
1688 1767 1846 1794 fructuarius
1866 1767 2011 1801 donaverit,

1170 1813 1380 1843 concesseritve,
1399 1810 1441 1837 vel
1461 1821 1494 1837 ex
1504 1810 1739 1836 -administratione
1758 1821 1844 1837 rerum
1865 1811 1920 1837 eius
1942 1821 2011 1838 com-

1169 1855 1259 1894 pendii
1279 1865 1371 1881 servus
1392 1854 1490 1881 fecerit.
1521 1853 1552 1880 Τι’.
1572 1855 1613 1880 31.
1639 1853 1672 1880 dc
1691 1853 1759 1879 usus.
1780 1855 1804 1880 7.
1824 1855 1846 1879 1.
1885 1854 1960 1889 Quae
1978 1853 2011 1880 de

1168 1900 1273 1926 furtivis
1293 1897 1456 1935 compendiis
1482 1897 1596 1923 obscure
1619 1901 1693 1933 capta
1718 1907 1747 1923 ac
1766 1901 1839 1933 parta
1859 1902 1928 1924 suut.
1960 1896 2009 1923 Th.

1169 1942 1200 1969 C.
1220 1941 1265 1968 IV.
1284 1943 1308 1968 8.
1328 1951 1349 1967 c.
1369 1942 1393 1967 6.
1413 1941 1435 1974 5.
1455 1942 1478 1966 5.
1499 1939 1604 1973 OVck.)
1624 1939 1656 1966 de
1675 1939 1778 1966 liberali
1799 1950 1820 1966 c.
1857 1939 1913 1966 Sub
1932 1939 2010 1966 alieni

1169 1984 1317 2022 compendii
1337 1983 1522 2010 emolumento.
1542 1984 1619 2009 etiam
1638 1983 1781 2019 periurimu
1800 1992 1897 2019 anceps
1911 1982 2008 2009 subire.

1205 2113 1472 2145 Compensare.
1501 2112 1532 2144 §.
1552 2112 1586 2137 l.
1614 2112 1808 2145 Dependere,
1829 2113 2007 2139 111demuem

1166 2161 1340 2190 praestare
1365 2157 1474 2189 pretio
1507 2160 1684 2181 numerato.
1728 2153 1747 2180 I.
1771 2154 1832 2187 Sy.
1865 2154 2009 2182 Numerare

1169 2198 1325 2235 (pretium).
1363 2198 1543 2235 Compensat-e
1566 2198 1610 2230 (in
1628 2196 1739 2234 pretio).
1768 2196 1838 2233 Epit.
1859 2196 1922 2224 lust.
1949 2198 2008 2225 Gaii

1145 2235 1146 2246 ³
1167 2241 1197 2267 11.
1217 2244 1240 2267 5.
1261 2241 1282 2275 5.
1302 2242 1326 2267 2.
1346 2240 1376 2267 II.
1397 2242 1419 2266 7.
1449 2240 1487 2274 55.
1507 2241 1531 2266 6.
1551 2250 1591 2276 sq.
1622 2255 1655 2259 -
1691 2240 1721 2272 ς’.
1747 2241 1781 2266 2.
1811 2242 2008 2276 Exaequare

288 2283 320 2310 de
344 2284 387 2310 oli'.
412 2283 498 2309 Praes.
525 2286 547 2310 1.
572 2286 612 2310 1⁸.
644 2284 676 2311 cf.
703 2284 733 2311 Τι’.
760 2287 800 2311 12.
820 2294 858 2321 pr.
884 2284 916 2310 de
939 2284 1012 2320 relig.
1038 2286 1078 2310 11.
1099 2286 1122 2310 7.
1144 2291 1145 2300 ¹

287 2326 494 2364 Compellendus
515 2331 555 2352 est
573 2328 709 2364 (accipere
727 2327 867 2359 iudicium,
886 2337 910 2353 v.
930 2327 1002 2353 adire
1021 2326 1123 2353 heredi-
1144 2350 1145 2355 ,

1167 2286 1275 2311 dehita
1298 2290 1327 2310 et
1350 2285 1490 2315 credita,
1519 2289 1629 2309 mutua
1655 2284 1855 2316 pensatione.
1898 2283 1917 2310 I.
1944 2285 2007 2319 Sy.

1166 2327 1289 2353 Pensare.
1313 2326 1343 2352 sr.
1367 2327 1406 2352 15.
1427 2325 1460 2352 de
1478 2329 1638 2362 compensat.
1660 2326 1699 2351 16.
1718 2328 1742 2352 2.
1780 2325 1823 2352 III.
1844 2327 1909 2354 Gn.
1929 2326 2007 2353 Com-

1167 2380 1290 2408 pensare,
1310 2368 1352 2395 vel
1373 2368 1510 2395 deducere.
1540 2367 1612 2393 Paul.
1632 2367 1662 2394 11.
1682 2370 1706 2394 5.
1731 2369 1752 2402 5.
1772 2370 1796 2395 3.
1833 2368 1951 2396 Retineri
1970 2374 2006 2396 at-

1167 2424 1218 2450 que,
1236 2413 1400 2449 compensari
1419 2412 1463 2445 (in
1482 2420 1585 2437 causam
1605 2410 1737 2444 iudicati).
1770 2411 1801 2438 fr.
1821 2414 1862 2438 23.
1887 2412 1909 2445 5.
1930 2414 1952 2438 l.
1973 2412 2006 2439 de

1167 2455 1242 2482 cond.
1263 2454 1350 2481 iudeb.
1371 2456 1410 2480 12.
1425 2455 1448 2480 6.
1484 2452 1643 2483 Permutare.
1663 2454 1706 2480 vel
1720 2464 1897 2492 compensare.
1918 2454 1948 2481 Τι’.
1963 2457 2003 2482 76.

1167 2498 1199 2525 de
1212 2498 1244 2525 V.
1259 2498 1286 2524 S.
1306 2500 1347 2524 50.
1368 2498 1408 2523 16.
1435 2495 1463 2522 Si
1483 2496 1551 2532 quis.
1571 2506 1742 2533 compensare
1761 2502 1864 2534 potens.
1885 2498 2002 2530 solverit.

1167 2542 1196 2568 fr.
1218 2544 1257 2567 10.
1282 2541 1303 2574 5.
1326 2542 1347 2567 l.
1372 2539 1404 2566 de
1423 2548 1557 2575 compen&
1584 2541 1623 2565 16.
1643 2542 1666 2566 2.
1699 2540 1729 2566 sr.
1749 2543 1790 2566 55.
1815 2539 1847 2566 de.
1874 2539 1949 2575 legat.
1973 2540 2002 2566 11.

1166 2585 1233 2618 (31.)
1271 2583 1363 2619 Comp.
1384 2581 1454 2618 quod
1474 2581 1591 2608 debetur.
1621 2582 1650 2608 Τι’.
1670 2585 1694 2609 5.
1715 2583 1748 2609 ib.
1773 2584 1810 2609 16.
1830 2585 1854 2609 2.
1885 2582 1916 2609 ct'.
1937 2593 1958 2609 c.
1977 2584 2002 2608 3.

1166 2638 1187 2654 e.
1208 2629 1248 2653 13.
1268 2625 1325 2652 eod.
1345 2626 1369 2651 4.
1388 2627 1430 2650 31.
1466 2624 1579 2651 Pecunia
1601 2636 1659 2652 cmn
1677 2626 1787 2662 pecunia
1811 2630 2002 2663 compensatur.

1166 2671 1281 2697 triticum
1305 2677 1363 2694 cum
1386 2669 1474 2694 tritico
1499 2673 1547 2694 etc.
1586 2669 1643 2695 Gai.
1669 2668 1713 2695 lv.
1739 2670 1780 2695 66.
1822 2668 1949 2697 Lucrum.
1977 2679 2001 2694 v.

1166 2711 1348 2742 Commodum.
1367 2721 1425 2740 cum
1444 2710 1547 2743 damno,
1566 2721 1590 2737 v.
1611 2711 1786 2742 incommodo,
1806 2721 1889 2748 comp.
1909 2710 1939 2737 Τι’.
1959 2713 2001 2737 23.

1165 2757 1186 2790 5.
1208 2758 1230 2781 1.
1249 2764 1298 2792 pro
1318 2764 1371 2780 soc.
1393 2755 1433 2779 17.
1453 2756 1476 2780 2.
1502 2753 1532 2780 fr.
1552 2756 1593 2780 42.
1613 2754 1646 2780 de
1664 2754 1695 2780 Λ.
1715 2754 1744 2780 E.
1766 2753 1797 2780 V.
1818 2755 1857 2780 19.
1878 2755 1899 2780 1.
1926 2753 1956 2780 Τι’.
1979 2756 2000 2780 l.

1165 2800 1187 2833 5.
1200 2800 1241 2824 23.
1257 2797 1288 2824 de
1302 2807 1368 2833 aqua
1381 2801 1407 2822 et
1419 2806 1477 2833 aqu.
1490 2797 1562 2834 pluv.
1581 2798 1623 2823 39.
1637 2798 1661 2823 3.
1690 2797 1731 2823 Ab
1746 2801 1855 2832 utraque
1874 2801 1956 2833 parte.
1976 2807 2000 2823 v.

1164 2841 1234 2868 Inter
1253 2845 1389 2876 utramque
1408 2844 1517 2877 partem,
1537 2839 1598 2866 dolo
1619 2838 1821 2876 compensando.
1841 2838 1871 2865 fr.
1890 2840 1914 2865 3.
1934 2840 1956 2873 5.
1975 2841 1999 2866 3.
