<?xml version="1.0" encoding="UTF-8"?>
<!DOCTYPE html PUBLIC "-//W3C//DTD XHTML 1.0 Transitional//EN"
    "http://www.w3.org/TR/xhtml1/DTD/xhtml1-transitional.dtd">
<html xmlns="http://www.w3.org/1999/xhtml" xml:lang="en" lang="en">
 <head>
  <title>
</title>
<meta http-equiv="Content-Type" content="text/html;charset=utf-8" />
  <meta name='ocr-system' content='tesseract 3.04.00' />
  <meta name='ocr-capabilities' content='ocr_page ocr_carea ocr_par ocr_line ocrx_word'/>
</head>
<body>
  <div class='ocr_page' id='page_1' title='image "./manualelatinitat00dirk_0060.png"; bbox 0 0 2197 3121; ppageno 0'>
   <div class='ocr_carea' id='block_1_1' title="bbox 269 174 1131 288">
    <p class='ocr_par' dir='ltr' id='par_1_1' title="bbox 269 174 1131 288">
     <span class='ocr_line' id='line_1_1' title="bbox 269 174 309 204; baseline 0 0"><span class='ocrx_word' id='word_1_1' title='bbox 269 174 309 204; x_wconf 86' lang='lat'>46</span> 
     </span>
     <span class='ocr_line' id='line_1_2' title="bbox 303 251 1131 288; baseline -0.006 -6"><span class='ocrx_word' id='word_1_2' title='bbox 303 254 412 282; x_wconf 71' lang='lat' dir='ltr'>Aelia</span> <span class='ocrx_word' id='word_1_3' title='bbox 432 252 616 285; x_wconf 72' lang='lat' dir='ltr'>(sentin).</span> <span class='ocrx_word' id='word_1_4' title='bbox 654 254 752 288; x_wconf 71' lang='lat' dir='ltr'>Legi:</span> <span class='ocrx_word' id='word_1_5' title='bbox 770 261 886 279; x_wconf 80' lang='lat' dir='ltr'>nomen.</span> <span class='ocrx_word' id='word_1_6' title='bbox 924 251 1049 280; x_wconf 70' lang='grc'>111011.</span> <span class='ocrx_word' id='word_1_7' title='bbox 1078 251 1107 278; x_wconf 90' lang='lat' dir='ltr'>Si</span> <span class='ocrx_word' id='word_1_8' title='bbox 1130 253 1131 258; x_wconf 64' lang='lat'>¹</span> 
     </span>
    </p>
   </div>
   <div class='ocr_carea' id='block_1_2' title="bbox 253 294 1130 2810">
    <p class='ocr_par' dir='ltr' id='par_1_2' title="bbox 269 294 1108 327">
     <span class='ocr_line' id='line_1_3' title="bbox 269 294 1108 327; baseline -0.005 -3"><span class='ocrx_word' id='word_1_9' title='bbox 269 308 320 324; x_wconf 89' lang='lat' dir='ltr'>non</span> <span class='ocrx_word' id='word_1_10' title='bbox 345 297 385 323; x_wconf 69' lang='lat' dir='ltr'>lvx</span> <span class='ocrx_word' id='word_1_11' title='bbox 410 296 483 322; x_wconf 84' lang='lat' dir='ltr'>Aelia</span> <span class='ocrx_word' id='word_1_12' title='bbox 507 296 610 325; x_wconf 76' lang='lat' dir='ltr'>sentia,</span> <span class='ocrx_word' id='word_1_13' title='bbox 638 295 684 322; x_wconf 82' lang='lat' dir='ltr'>sed</span> <span class='ocrx_word' id='word_1_14' title='bbox 713 295 762 321; x_wconf 84' lang='lat' dir='ltr'>alia</span> <span class='ocrx_word' id='word_1_15' title='bbox 787 294 842 327; x_wconf 74' lang='lat' dir='ltr'>lex,</span> <span class='ocrx_word' id='word_1_16' title='bbox 871 294 913 321; x_wconf 80' lang='lat' dir='ltr'>vel</span> <span class='ocrx_word' id='word_1_17' title='bbox 939 295 967 322; x_wconf 89' lang='lat' dir='ltr'>S.</span> <span class='ocrx_word' id='word_1_18' title='bbox 988 294 1033 326; x_wconf 71' lang='lat' dir='ltr'>C..</span> <span class='ocrx_word' id='word_1_19' title='bbox 1064 299 1108 320; x_wconf 84' lang='lat' dir='ltr'>aut</span> 
     </span>
    </p>

    <p class='ocr_par' dir='ltr' id='par_1_3' title="bbox 267 334 1130 460">
     <span class='ocr_line' id='line_1_4' title="bbox 269 334 1130 375; baseline -0.005 -8"><span class='ocrx_word' id='word_1_20' title='bbox 269 342 345 367; x_wconf 76' lang='lat' dir='ltr'>etimn</span> <span class='ocrx_word' id='word_1_21' title='bbox 365 340 532 366; x_wconf 77' lang='lat' dir='ltr'>constitutio.</span> <span class='ocrx_word' id='word_1_22' title='bbox 552 340 620 365; x_wconf 70' lang='lat' dir='ltr'>servi</span> <span class='ocrx_word' id='word_1_23' title='bbox 640 339 788 364; x_wconf 81' lang='lat' dir='ltr'>libertatem</span> <span class='ocrx_word' id='word_1_24' title='bbox 807 338 939 375; x_wconf 73' lang='lat' dir='ltr'>impediat.</span> <span class='ocrx_word' id='word_1_25' title='bbox 961 337 991 364; x_wconf 83' lang='lat' dir='ltr'>fr.</span> <span class='ocrx_word' id='word_1_26' title='bbox 1011 338 1052 363; x_wconf 65' lang='lat'>83.</span> <span class='ocrx_word' id='word_1_27' title='bbox 1067 347 1106 374; x_wconf 81' lang='lat' dir='ltr'>pr.</span> <span class='ocrx_word' id='word_1_28' title='bbox 1129 334 1130 361; x_wconf 73' lang='lat' dir='ltr'>l</span> 
     </span>
     <span class='ocr_line' id='line_1_5' title="bbox 269 379 1129 427; baseline -0.003 -18"><span class='ocrx_word' id='word_1_29' title='bbox 269 383 301 410; x_wconf 89' lang='lat' dir='ltr'>de</span> <span class='ocrx_word' id='word_1_30' title='bbox 321 382 408 409; x_wconf 76' lang='lat' dir='ltr'>hered.</span> <span class='ocrx_word' id='word_1_31' title='bbox 429 384 489 408; x_wconf 73' lang='lat' dir='ltr'>inst.</span> <span class='ocrx_word' id='word_1_32' title='bbox 509 384 549 408; x_wconf 70' lang='grc'>28.</span> <span class='ocrx_word' id='word_1_33' title='bbox 570 384 593 407; x_wconf 84' lang='grc'>5.</span> <span class='ocrx_word' id='word_1_34' title='bbox 626 380 657 407; x_wconf 79' lang='lat' dir='ltr'>ct&#39;.</span> <span class='ocrx_word' id='word_1_35' title='bbox 678 380 707 406; x_wconf 87' lang='lat' dir='ltr'>sr.</span> <span class='ocrx_word' id='word_1_36' title='bbox 726 382 768 407; x_wconf 89' lang='lat'>29.</span> <span class='ocrx_word' id='word_1_37' title='bbox 787 381 809 414; x_wconf 55' lang='grc' dir='ltr'>ᾗ.</span> <span class='ocrx_word' id='word_1_38' title='bbox 832 383 853 407; x_wconf 90' lang='lat' dir='ltr'>l.</span> <span class='ocrx_word' id='word_1_39' title='bbox 880 380 912 407; x_wconf 79' lang='lat' dir='ltr'>de</span> <span class='ocrx_word' id='word_1_40' title='bbox 932 385 1032 407; x_wconf 85' lang='lat' dir='ltr'>testam.</span> <span class='ocrx_word' id='word_1_41' title='bbox 1053 379 1106 406; x_wconf 90' lang='lat' dir='ltr'>mil.</span> <span class='ocrx_word' id='word_1_42' title='bbox 1128 401 1129 427; x_wconf 20' lang='grc' dir='ltr'><em>Χ</em></span> 
     </span>
     <span class='ocr_line' id='line_1_6' title="bbox 267 423 1108 460; baseline -0.005 -8"><span class='ocrx_word' id='word_1_43' title='bbox 267 428 308 452; x_wconf 80' lang='lat'>29.</span> <span class='ocrx_word' id='word_1_44' title='bbox 331 428 352 451; x_wconf 94' lang='lat' dir='ltr'>l.</span> <span class='ocrx_word' id='word_1_45' title='bbox 391 425 440 451; x_wconf 76' lang='lat' dir='ltr'>l&#39;er</span> <span class='ocrx_word' id='word_1_46' title='bbox 464 424 545 460; x_wconf 69' lang='lat' dir='ltr'>legem</span> <span class='ocrx_word' id='word_1_47' title='bbox 567 423 666 450; x_wconf 69' lang='lat' dir='ltr'>Aeliam</span> <span class='ocrx_word' id='word_1_48' title='bbox 687 424 802 449; x_wconf 71' lang='lat' dir='ltr'>Sentium</span> <span class='ocrx_word' id='word_1_49' title='bbox 827 428 851 449; x_wconf 86' lang='lat' dir='ltr'>et</span> <span class='ocrx_word' id='word_1_50' title='bbox 871 423 969 450; x_wconf 92' lang='lat' dir='ltr'>Iuniam</span> <span class='ocrx_word' id='word_1_51' title='bbox 993 425 1108 456; x_wconf 80' lang='lat' dir='ltr'>(connu-</span> 
     </span>
    </p>

    <p class='ocr_par' dir='ltr' id='par_1_4' title="bbox 265 465 1129 804">
     <span class='ocr_line' id='line_1_7' title="bbox 268 465 1129 501; baseline -0.003 -7"><span class='ocrx_word' id='word_1_52' title='bbox 268 469 338 494; x_wconf 90' lang='lat' dir='ltr'>bium</span> <span class='ocrx_word' id='word_1_53' title='bbox 358 469 425 494; x_wconf 83' lang='lat' dir='ltr'>inter</span> <span class='ocrx_word' id='word_1_54' title='bbox 444 478 489 493; x_wconf 67' lang='lat' dir='ltr'>eos</span> <span class='ocrx_word' id='word_1_55' title='bbox 510 467 584 497; x_wconf 81' lang='lat' dir='ltr'>dari).</span> <span class='ocrx_word' id='word_1_56' title='bbox 606 466 662 492; x_wconf 78' lang='lat' dir='ltr'>Gai.</span> <span class='ocrx_word' id='word_1_57' title='bbox 680 466 697 492; x_wconf 95' lang='grc' dir='ltr'>Ι.</span> <span class='ocrx_word' id='word_1_58' title='bbox 717 468 758 493; x_wconf 61' lang='lat'>50.</span> <span class='ocrx_word' id='word_1_59' title='bbox 795 466 835 493; x_wconf 83' lang='lat' dir='ltr'>Ex</span> <span class='ocrx_word' id='word_1_60' title='bbox 855 466 911 501; x_wconf 66' lang='lat' dir='ltr'>lege</span> <span class='ocrx_word' id='word_1_61' title='bbox 931 465 987 493; x_wconf 76' lang='lat' dir='ltr'>Ael.</span> <span class='ocrx_word' id='word_1_62' title='bbox 1008 466 1044 495; x_wconf 81' lang='lat' dir='ltr'>S..</span> <span class='ocrx_word' id='word_1_63' title='bbox 1064 465 1106 492; x_wconf 82' lang='lat' dir='ltr'>vel</span> <span class='ocrx_word' id='word_1_64' title='bbox 1127 484 1129 497; x_wconf 54' lang='lat'>.</span> 
     </span>
     <span class='ocr_line' id='line_1_8' title="bbox 267 500 1129 546; baseline -0.003 -9"><span class='ocrx_word' id='word_1_65' title='bbox 267 512 294 537; x_wconf 87' lang='lat' dir='ltr'>s.</span> <span class='ocrx_word' id='word_1_66' title='bbox 309 511 370 538; x_wconf 65' lang='lat' dir='ltr'>eto.</span> <span class='ocrx_word' id='word_1_67' title='bbox 395 520 470 537; x_wconf 63' lang='lat' dir='ltr'>caus..</span> <span class='ocrx_word' id='word_1_68' title='bbox 494 509 612 546; x_wconf 52' lang='lat' dir='ltr'>probam.</span> <span class='ocrx_word' id='word_1_69' title='bbox 649 509 719 536; x_wconf 75' lang='lat' dir='ltr'>con.</span> <span class='ocrx_word' id='word_1_70' title='bbox 740 508 792 536; x_wconf 74' lang='lat' dir='ltr'>LL.</span> <span class='ocrx_word' id='word_1_71' title='bbox 813 509 847 535; x_wconf 79' lang='lat' dir='ltr'>M.</span> <span class='ocrx_word' id='word_1_72' title='bbox 867 508 937 535; x_wconf 67' lang='lat' dir='ltr'>xvi.</span> <span class='ocrx_word' id='word_1_73' title='bbox 962 511 986 534; x_wconf 73' lang='lat'>2.</span> <span class='ocrx_word' id='word_1_74' title='bbox 1023 507 1106 534; x_wconf 76' lang='lat' dir='ltr'>Adire</span> <span class='ocrx_word' id='word_1_75' title='bbox 1127 500 1129 538; x_wconf 64' lang='grc' dir='ltr'>ξ</span> 
     </span>
     <span class='ocr_line' id='line_1_9' title="bbox 268 550 1128 588; baseline -0.006 -7"><span class='ocrx_word' id='word_1_76' title='bbox 268 554 424 581; x_wconf 78' lang='lat' dir='ltr'>Praetorem.</span> <span class='ocrx_word' id='word_1_77' title='bbox 446 557 470 578; x_wconf 85' lang='lat' dir='ltr'>et</span> <span class='ocrx_word' id='word_1_78' title='bbox 490 552 644 588; x_wconf 78' lang='lat' dir='ltr'>adprobare,</span> <span class='ocrx_word' id='word_1_79' title='bbox 664 562 693 578; x_wconf 84' lang='lat' dir='ltr'>se</span> <span class='ocrx_word' id='word_1_80' title='bbox 713 562 744 578; x_wconf 81' lang='lat' dir='ltr'>ex</span> <span class='ocrx_word' id='word_1_81' title='bbox 764 552 820 588; x_wconf 78' lang='lat' dir='ltr'>lege</span> <span class='ocrx_word' id='word_1_82' title='bbox 839 552 896 578; x_wconf 85' lang='lat' dir='ltr'>Ael.</span> <span class='ocrx_word' id='word_1_83' title='bbox 916 551 943 577; x_wconf 88' lang='lat' dir='ltr'>S.</span> <span class='ocrx_word' id='word_1_84' title='bbox 964 550 1107 577; x_wconf 87' lang='lat' dir='ltr'>liberorum</span> <span class='ocrx_word' id='word_1_85' title='bbox 1127 561 1128 579; x_wconf 58' lang='grc' dir='ltr'>ι</span> 
     </span>
     <span class='ocr_line' id='line_1_10' title="bbox 267 594 1128 630; baseline -0.002 -8"><span class='ocrx_word' id='word_1_86' title='bbox 267 607 344 623; x_wconf 79' lang='lat' dir='ltr'>cansa</span> <span class='ocrx_word' id='word_1_87' title='bbox 369 606 476 622; x_wconf 81' lang='lat' dir='ltr'>uxorem</span> <span class='ocrx_word' id='word_1_88' title='bbox 495 594 611 621; x_wconf 72' lang='lat' dir='ltr'>duxisse.</span> <span class='ocrx_word' id='word_1_89' title='bbox 645 595 701 621; x_wconf 78' lang='lat' dir='ltr'>Gai.</span> <span class='ocrx_word' id='word_1_90' title='bbox 723 594 740 621; x_wconf 89' lang='grc' dir='ltr'>Ι.</span> <span class='ocrx_word' id='word_1_91' title='bbox 760 597 801 621; x_wconf 84' lang='grc'>29.</span> <span class='ocrx_word' id='word_1_92' title='bbox 827 594 858 621; x_wconf 79' lang='lat' dir='ltr'>ct&#39;.</span> <span class='ocrx_word' id='word_1_93' title='bbox 882 596 924 621; x_wconf 79' lang='lat'>(56.</span> <span class='ocrx_word' id='word_1_94' title='bbox 942 596 983 621; x_wconf 67' lang='lat'>68.</span> <span class='ocrx_word' id='word_1_95' title='bbox 1004 596 1044 620; x_wconf 80' lang='grc'>70.</span> <span class='ocrx_word' id='word_1_96' title='bbox 1064 604 1104 630; x_wconf 86' lang='lat' dir='ltr'>sq.</span> <span class='ocrx_word' id='word_1_97' title='bbox 1127 614 1128 618; x_wconf 73' lang='lat'>.</span> 
     </span>
     <span class='ocr_line' id='line_1_11' title="bbox 267 636 1106 669; baseline -0.004 -3"><span class='ocrx_word' id='word_1_98' title='bbox 267 640 380 666; x_wconf 79' lang='lat' dir='ltr'>Minores</span> <span class='ocrx_word' id='word_1_99' title='bbox 402 638 487 664; x_wconf 68' lang='lat' dir='ltr'>XXX.</span> <span class='ocrx_word' id='word_1_100' title='bbox 507 647 632 664; x_wconf 89' lang='lat' dir='ltr'>annorum</span> <span class='ocrx_word' id='word_1_101' title='bbox 651 639 803 664; x_wconf 72' lang='lat' dir='ltr'>manumissi</span> <span class='ocrx_word' id='word_1_102' title='bbox 823 642 847 663; x_wconf 89' lang='lat' dir='ltr'>et</span> <span class='ocrx_word' id='word_1_103' title='bbox 867 636 953 663; x_wconf 91' lang='lat' dir='ltr'>Latini</span> <span class='ocrx_word' id='word_1_104' title='bbox 973 636 1048 669; x_wconf 72' lang='lat' dir='ltr'>sacti,</span> <span class='ocrx_word' id='word_1_105' title='bbox 1074 647 1106 663; x_wconf 76' lang='lat' dir='ltr'>ex</span> 
     </span>
     <span class='ocr_line' id='line_1_12' title="bbox 268 679 1128 724; baseline -0.005 -15"><span class='ocrx_word' id='word_1_106' title='bbox 268 682 297 709; x_wconf 89' lang='lat' dir='ltr'>L.</span> <span class='ocrx_word' id='word_1_107' title='bbox 318 681 375 708; x_wconf 77' lang='lat' dir='ltr'>Aet.</span> <span class='ocrx_word' id='word_1_108' title='bbox 395 681 421 706; x_wconf 83' lang='lat' dir='ltr'>S.</span> <span class='ocrx_word' id='word_1_109' title='bbox 443 680 587 706; x_wconf 83' lang='lat' dir='ltr'>habuerunt</span> <span class='ocrx_word' id='word_1_110' title='bbox 612 682 652 706; x_wconf 88' lang='lat' dir='ltr'>ins</span> <span class='ocrx_word' id='word_1_111' title='bbox 677 686 725 707; x_wconf 85' lang='lat' dir='ltr'>etc.</span> <span class='ocrx_word' id='word_1_112' title='bbox 763 680 799 707; x_wconf 87' lang='lat' dir='ltr'>lb.</span> <span class='ocrx_word' id='word_1_113' title='bbox 825 679 842 706; x_wconf 95' lang='grc'>1.</span> <span class='ocrx_word' id='word_1_114' title='bbox 863 681 904 706; x_wconf 75' lang='lat'>31.</span> <span class='ocrx_word' id='word_1_115' title='bbox 943 679 996 715; x_wconf 79' lang='lat' dir='ltr'>Qui</span> <span class='ocrx_word' id='word_1_116' title='bbox 1015 684 1106 706; x_wconf 85' lang='lat' dir='ltr'>contra</span> <span class='ocrx_word' id='word_1_117' title='bbox 1127 713 1128 724; x_wconf 17' lang='grc' dir='ltr'>ἵ</span> 
     </span>
     <span class='ocr_line' id='line_1_13' title="bbox 266 722 1128 761; baseline -0.002 -10"><span class='ocrx_word' id='word_1_118' title='bbox 266 726 348 761; x_wconf 72' lang='lat' dir='ltr'>legem</span> <span class='ocrx_word' id='word_1_119' title='bbox 367 723 424 750; x_wconf 77' lang='lat' dir='ltr'>Aet.</span> <span class='ocrx_word' id='word_1_120' title='bbox 444 724 471 749; x_wconf 86' lang='lat' dir='ltr'>S.</span> <span class='ocrx_word' id='word_1_121' title='bbox 492 723 523 749; x_wconf 83' lang='lat' dir='ltr'>ad</span> <span class='ocrx_word' id='word_1_122' title='bbox 543 723 680 750; x_wconf 90' lang='lat' dir='ltr'>iurandum</span> <span class='ocrx_word' id='word_1_123' title='bbox 699 723 822 749; x_wconf 81' lang='lat' dir='ltr'>libertum</span> <span class='ocrx_word' id='word_1_124' title='bbox 842 722 935 758; x_wconf 70' lang='lat' dir='ltr'>adegit.</span> <span class='ocrx_word' id='word_1_125' title='bbox 960 722 989 749; x_wconf 87' lang='lat' dir='ltr'>sr.</span> <span class='ocrx_word' id='word_1_126' title='bbox 1014 724 1053 749; x_wconf 81' lang='lat'>15.</span> <span class='ocrx_word' id='word_1_127' title='bbox 1074 722 1106 749; x_wconf 87' lang='lat' dir='ltr'>de</span> <span class='ocrx_word' id='word_1_128' title='bbox 1126 726 1128 748; x_wconf 68' lang='lat' dir='ltr'>l</span> 
     </span>
     <span class='ocr_line' id='line_1_14' title="bbox 265 768 564 804; baseline -0.01 -9"><span class='ocrx_word' id='word_1_129' title='bbox 265 769 320 795; x_wconf 81' lang='lat' dir='ltr'>iure</span> <span class='ocrx_word' id='word_1_130' title='bbox 340 771 440 804; x_wconf 78' lang='lat' dir='ltr'>patron.</span> <span class='ocrx_word' id='word_1_131' title='bbox 460 768 502 792; x_wconf 87' lang='lat'>37.</span> <span class='ocrx_word' id='word_1_132' title='bbox 525 768 564 792; x_wconf 80' lang='lat'>14.</span> 
     </span>
    </p>

    <p class='ocr_par' dir='ltr' id='par_1_5' title="bbox 263 809 1106 931">
     <span class='ocr_line' id='line_1_15' title="bbox 299 809 1106 845; baseline -0.004 -8"><span class='ocrx_word' id='word_1_133' title='bbox 299 810 512 837; x_wconf 68' lang='lat' dir='ltr'>Aelianum.</span> <span class='ocrx_word' id='word_1_134' title='bbox 547 809 642 842; x_wconf 77' lang='lat' dir='ltr'>(Adi.)</span> <span class='ocrx_word' id='word_1_135' title='bbox 685 810 727 835; x_wconf 71' lang='lat' dir='ltr'>Ab</span> <span class='ocrx_word' id='word_1_136' title='bbox 757 811 850 836; x_wconf 67' lang='lat' dir='ltr'>:lelio</span> <span class='ocrx_word' id='word_1_137' title='bbox 879 810 968 836; x_wconf 71' lang='lat' dir='ltr'>Leto</span> <span class='ocrx_word' id='word_1_138' title='bbox 994 810 1106 845; x_wconf 80' lang='lat' dir='ltr'>prose-</span> 
     </span>
     <span class='ocr_line' id='line_1_16' title="bbox 264 850 1105 886; baseline -0.002 -6"><span class='ocrx_word' id='word_1_139' title='bbox 264 860 357 881; x_wconf 79' lang='lat' dir='ltr'>ctum.</span> <span class='ocrx_word' id='word_1_140' title='bbox 395 852 414 878; x_wconf 93' lang='grc' dir='ltr'>Ι.</span> <span class='ocrx_word' id='word_1_141' title='bbox 434 853 495 886; x_wconf 74' lang='lat' dir='ltr'>Sy.</span> <span class='ocrx_word' id='word_1_142' title='bbox 529 851 590 878; x_wconf 79' lang='lat' dir='ltr'>Sex.</span> <span class='ocrx_word' id='word_1_143' title='bbox 610 851 678 878; x_wconf 87' lang='lat' dir='ltr'>Aelii</span> <span class='ocrx_word' id='word_1_144' title='bbox 697 851 772 878; x_wconf 86' lang='lat' dir='ltr'>liber.</span> <span class='ocrx_word' id='word_1_145' title='bbox 796 852 934 878; x_wconf 85' lang='lat' dir='ltr'>Aelianum</span> <span class='ocrx_word' id='word_1_146' title='bbox 954 852 1002 878; x_wconf 85' lang='lat' dir='ltr'>ius.</span> <span class='ocrx_word' id='word_1_147' title='bbox 1032 850 1061 877; x_wconf 81' lang='lat' dir='ltr'>fr.</span> <span class='ocrx_word' id='word_1_148' title='bbox 1081 853 1105 877; x_wconf 83' lang='lat'>2.</span> 
     </span>
     <span class='ocr_line' id='line_1_17' title="bbox 263 894 637 931; baseline -0.005 -9"><span class='ocrx_word' id='word_1_149' title='bbox 263 897 301 931; x_wconf 54' lang='grc' dir='ltr'>ἕξ.</span> <span class='ocrx_word' id='word_1_150' title='bbox 322 897 344 922; x_wconf 77' lang='grc'>7.</span> <span class='ocrx_word' id='word_1_151' title='bbox 364 896 406 921; x_wconf 68' lang='grc'>38.</span> <span class='ocrx_word' id='word_1_152' title='bbox 428 894 459 921; x_wconf 77' lang='lat' dir='ltr'>de</span> <span class='ocrx_word' id='word_1_153' title='bbox 480 895 512 920; x_wconf 84' lang='lat' dir='ltr'>O.</span> <span class='ocrx_word' id='word_1_154' title='bbox 534 894 551 920; x_wconf 89' lang='lat'>1.</span> <span class='ocrx_word' id='word_1_155' title='bbox 572 896 594 920; x_wconf 91' lang='lat' dir='ltr'>I.</span> <span class='ocrx_word' id='word_1_156' title='bbox 613 897 637 921; x_wconf 88' lang='grc'>2.</span> 
     </span>
    </p>

    <p class='ocr_par' dir='ltr' id='par_1_6' title="bbox 262 936 1105 1138">
     <span class='ocr_line' id='line_1_18' title="bbox 299 936 1104 972; baseline -0.004 -6"><span class='ocrx_word' id='word_1_157' title='bbox 299 938 473 966; x_wconf 77' lang='lat' dir='ltr'>Aemilia.</span> <span class='ocrx_word' id='word_1_158' title='bbox 512 939 631 964; x_wconf 74' lang='lat' dir='ltr'>ltaliae</span> <span class='ocrx_word' id='word_1_159' title='bbox 655 938 763 972; x_wconf 78' lang='lat' dir='ltr'>regio,</span> <span class='ocrx_word' id='word_1_160' title='bbox 787 939 875 964; x_wconf 79' lang='lat' dir='ltr'>circa</span> <span class='ocrx_word' id='word_1_161' title='bbox 894 939 1024 964; x_wconf 78' lang='lat' dir='ltr'>Padum.</span> <span class='ocrx_word' id='word_1_162' title='bbox 1062 936 1104 963; x_wconf 93' lang='grc'>111.</span> 
     </span>
     <span class='ocr_line' id='line_1_19' title="bbox 263 979 1105 1016; baseline -0.004 -8"><span class='ocrx_word' id='word_1_163' title='bbox 263 983 330 1010; x_wconf 73' lang='lat' dir='ltr'>Cn.</span> <span class='ocrx_word' id='word_1_164' title='bbox 367 980 499 1012; x_wconf 79' lang='lat' dir='ltr'>Sardinia.</span> <span class='ocrx_word' id='word_1_165' title='bbox 520 980 623 1007; x_wconf 79' lang='lat' dir='ltr'>Sicilia.</span> <span class='ocrx_word' id='word_1_166' title='bbox 644 979 795 1016; x_wconf 68' lang='lat' dir='ltr'>Campania.</span> <span class='ocrx_word' id='word_1_167' title='bbox 816 980 947 1009; x_wconf 79' lang='lat' dir='ltr'>Calabria.</span> <span class='ocrx_word' id='word_1_168' title='bbox 967 996 999 999; x_wconf 90' lang='lat'>—</span> <span class='ocrx_word' id='word_1_169' title='bbox 1019 979 1105 1006; x_wconf 80' lang='lat' dir='ltr'>Aemi-</span> 
     </span>
     <span class='ocr_line' id='line_1_20' title="bbox 263 1022 1105 1052; baseline -0.006 0"><span class='ocrx_word' id='word_1_170' title='bbox 263 1025 296 1052; x_wconf 83' lang='lat' dir='ltr'>lia</span> <span class='ocrx_word' id='word_1_171' title='bbox 316 1030 342 1051; x_wconf 80' lang='lat' dir='ltr'>et</span> <span class='ocrx_word' id='word_1_172' title='bbox 361 1023 483 1051; x_wconf 58' lang='lat' dir='ltr'>tenena.</span> <span class='ocrx_word' id='word_1_173' title='bbox 503 1028 528 1049; x_wconf 82' lang='lat' dir='ltr'>et</span> <span class='ocrx_word' id='word_1_174' title='bbox 549 1027 673 1049; x_wconf 78' lang='lat' dir='ltr'>caeterae.</span> <span class='ocrx_word' id='word_1_175' title='bbox 706 1022 755 1049; x_wconf 87' lang='lat' dir='ltr'>Th.</span> <span class='ocrx_word' id='word_1_176' title='bbox 775 1023 806 1049; x_wconf 77' lang='lat' dir='ltr'>C.</span> <span class='ocrx_word' id='word_1_177' title='bbox 826 1023 871 1050; x_wconf 79' lang='lat' dir='ltr'>Xl.</span> <span class='ocrx_word' id='word_1_178' title='bbox 890 1025 932 1049; x_wconf 82' lang='grc'>30.</span> <span class='ocrx_word' id='word_1_179' title='bbox 960 1034 981 1049; x_wconf 88' lang='lat' dir='ltr'>c.</span> <span class='ocrx_word' id='word_1_180' title='bbox 1001 1025 1042 1049; x_wconf 79' lang='lat'>27.</span> <span class='ocrx_word' id='word_1_181' title='bbox 1073 1022 1105 1049; x_wconf 79' lang='lat' dir='ltr'>de.</span> 
     </span>
     <span class='ocr_line' id='line_1_21' title="bbox 262 1065 1103 1105; baseline -0.002 -11"><span class='ocrx_word' id='word_1_182' title='bbox 262 1078 322 1105; x_wconf 82' lang='lat' dir='ltr'>app.</span> <span class='ocrx_word' id='word_1_183' title='bbox 342 1072 365 1093; x_wconf 89' lang='lat' dir='ltr'>et</span> <span class='ocrx_word' id='word_1_184' title='bbox 386 1076 461 1104; x_wconf 82' lang='lat' dir='ltr'>poen.</span> <span class='ocrx_word' id='word_1_185' title='bbox 500 1065 656 1092; x_wconf 81' lang='lat' dir='ltr'>Consularis</span> <span class='ocrx_word' id='word_1_186' title='bbox 674 1065 810 1092; x_wconf 75' lang='lat' dir='ltr'>Aemiliae.</span> <span class='ocrx_word' id='word_1_187' title='bbox 839 1066 878 1092; x_wconf 94' lang='lat' dir='ltr'>Ib.</span> <span class='ocrx_word' id='word_1_188' title='bbox 892 1065 961 1092; x_wconf 80' lang='lat' dir='ltr'>XIII.</span> <span class='ocrx_word' id='word_1_189' title='bbox 983 1068 1023 1092; x_wconf 91' lang='lat'>10.</span> <span class='ocrx_word' id='word_1_190' title='bbox 1044 1076 1065 1092; x_wconf 88' lang='lat' dir='ltr'>c.</span> <span class='ocrx_word' id='word_1_191' title='bbox 1079 1067 1103 1092; x_wconf 89' lang='lat'>3.</span> 
     </span>
     <span class='ocr_line' id='line_1_22' title="bbox 264 1109 543 1138; baseline -0.011 0"><span class='ocrx_word' id='word_1_192' title='bbox 264 1111 296 1138; x_wconf 85' lang='lat' dir='ltr'>de</span> <span class='ocrx_word' id='word_1_193' title='bbox 317 1120 397 1137; x_wconf 83' lang='lat' dir='ltr'>censu</span> <span class='ocrx_word' id='word_1_194' title='bbox 418 1120 439 1136; x_wconf 84' lang='lat' dir='ltr'>S.</span> <span class='ocrx_word' id='word_1_195' title='bbox 459 1109 543 1135; x_wconf 83' lang='lat' dir='ltr'>adscr.</span> 
     </span>
    </p>

    <p class='ocr_par' dir='ltr' id='par_1_7' title="bbox 260 1151 1104 1362">
     <span class='ocr_line' id='line_1_23' title="bbox 296 1151 1104 1182; baseline -0.002 -2"><span class='ocrx_word' id='word_1_196' title='bbox 296 1152 523 1182; x_wconf 71' lang='lat' dir='ltr'>Aemulatio.</span> <span class='ocrx_word' id='word_1_197' title='bbox 561 1153 723 1179; x_wconf 80' lang='lat' dir='ltr'>Certatio.</span> <span class='ocrx_word' id='word_1_198' title='bbox 760 1151 804 1178; x_wconf 88' lang='grc'>111.</span> <span class='ocrx_word' id='word_1_199' title='bbox 825 1153 891 1179; x_wconf 76' lang='lat' dir='ltr'>Cn.</span> <span class='ocrx_word' id='word_1_200' title='bbox 920 1152 949 1178; x_wconf 92' lang='lat' dir='ltr'>Si</span> <span class='ocrx_word' id='word_1_201' title='bbox 969 1151 1001 1178; x_wconf 81' lang='lat' dir='ltr'>ad</span> <span class='ocrx_word' id='word_1_202' title='bbox 1020 1161 1104 1178; x_wconf 84' lang='lat' dir='ltr'>aemu-</span> 
     </span>
     <span class='ocr_line' id='line_1_24' title="bbox 262 1194 1104 1232; baseline -0.002 -9"><span class='ocrx_word' id='word_1_203' title='bbox 262 1197 386 1224; x_wconf 75' lang='lat' dir='ltr'>lationem</span> <span class='ocrx_word' id='word_1_204' title='bbox 405 1195 513 1221; x_wconf 84' lang='lat' dir='ltr'>alterins</span> <span class='ocrx_word' id='word_1_205' title='bbox 534 1196 647 1221; x_wconf 74' lang='lat' dir='ltr'>civitatis</span> <span class='ocrx_word' id='word_1_206' title='bbox 667 1195 803 1232; x_wconf 75' lang='lat' dir='ltr'>pertineat.</span> <span class='ocrx_word' id='word_1_207' title='bbox 823 1194 865 1221; x_wconf 76' lang='lat' dir='ltr'>vel</span> <span class='ocrx_word' id='word_1_208' title='bbox 884 1196 1017 1221; x_wconf 83' lang='lat' dir='ltr'>materiam</span> <span class='ocrx_word' id='word_1_209' title='bbox 1036 1194 1104 1221; x_wconf 77' lang='lat' dir='ltr'>sedi-</span> 
     </span>
     <span class='ocr_line' id='line_1_25' title="bbox 261 1237 1104 1276; baseline -0.004 -9"><span class='ocrx_word' id='word_1_210' title='bbox 261 1241 341 1267; x_wconf 79' lang='lat' dir='ltr'>tionis</span> <span class='ocrx_word' id='word_1_211' title='bbox 361 1238 492 1276; x_wconf 84' lang='lat' dir='ltr'>praebeat.</span> <span class='ocrx_word' id='word_1_212' title='bbox 526 1237 555 1264; x_wconf 75' lang='lat' dir='ltr'>fr.</span> <span class='ocrx_word' id='word_1_213' title='bbox 575 1239 599 1264; x_wconf 82' lang='lat'>3.</span> <span class='ocrx_word' id='word_1_214' title='bbox 619 1248 658 1275; x_wconf 84' lang='lat' dir='ltr'>pr.</span> <span class='ocrx_word' id='word_1_215' title='bbox 683 1237 715 1264; x_wconf 88' lang='lat' dir='ltr'>de</span> <span class='ocrx_word' id='word_1_216' title='bbox 739 1248 800 1275; x_wconf 76' lang='lat' dir='ltr'>opp.</span> <span class='ocrx_word' id='word_1_217' title='bbox 820 1238 883 1275; x_wconf 86' lang='lat' dir='ltr'>pub.</span> <span class='ocrx_word' id='word_1_218' title='bbox 909 1240 950 1264; x_wconf 85' lang='lat'>50.</span> <span class='ocrx_word' id='word_1_219' title='bbox 972 1240 1012 1264; x_wconf 89' lang='grc'>10.</span> <span class='ocrx_word' id='word_1_220' title='bbox 1050 1237 1104 1264; x_wconf 90' lang='lat' dir='ltr'>Ad-</span> 
     </span>
     <span class='ocr_line' id='line_1_26' title="bbox 261 1280 1104 1321; baseline -0.002 -12"><span class='ocrx_word' id='word_1_221' title='bbox 261 1284 407 1321; x_wconf 84' lang='lat' dir='ltr'>paritornm</span> <span class='ocrx_word' id='word_1_222' title='bbox 426 1281 599 1307; x_wconf 70' lang='lat' dir='ltr'>aemulatione</span> <span class='ocrx_word' id='word_1_223' title='bbox 618 1285 731 1312; x_wconf 74' lang='lat' dir='ltr'>secreta.</span> <span class='ocrx_word' id='word_1_224' title='bbox 758 1282 904 1307; x_wconf 78' lang='lat' dir='ltr'>ministerio</span> <span class='ocrx_word' id='word_1_225' title='bbox 928 1291 976 1307; x_wconf 89' lang='lat' dir='ltr'>sno</span> <span class='ocrx_word' id='word_1_226' title='bbox 996 1297 1029 1300; x_wconf 97' lang='lat'><strong>—</strong></span> <span class='ocrx_word' id='word_1_227' title='bbox 1048 1280 1104 1307; x_wconf 84' lang='lat' dir='ltr'>sun-</span> 
     </span>
     <span class='ocr_line' id='line_1_27' title="bbox 260 1323 1037 1362; baseline -0.003 -10"><span class='ocrx_word' id='word_1_228' title='bbox 260 1330 361 1362; x_wconf 72' lang='lat' dir='ltr'>gantur.</span> <span class='ocrx_word' id='word_1_229' title='bbox 390 1323 440 1350; x_wconf 91' lang='lat' dir='ltr'>Th.</span> <span class='ocrx_word' id='word_1_230' title='bbox 461 1324 491 1350; x_wconf 79' lang='lat' dir='ltr'>C.</span> <span class='ocrx_word' id='word_1_231' title='bbox 512 1323 530 1349; x_wconf 95' lang='grc' dir='ltr'>Ι.</span> <span class='ocrx_word' id='word_1_232' title='bbox 551 1325 574 1349; x_wconf 89' lang='grc'>6.</span> <span class='ocrx_word' id='word_1_233' title='bbox 595 1334 615 1350; x_wconf 91' lang='lat' dir='ltr'>c.</span> <span class='ocrx_word' id='word_1_234' title='bbox 637 1325 659 1350; x_wconf 92' lang='lat'>7.</span> <span class='ocrx_word' id='word_1_235' title='bbox 680 1323 783 1357; x_wconf 77' lang='lat' dir='ltr'>(ch.)</span> <span class='ocrx_word' id='word_1_236' title='bbox 804 1324 836 1350; x_wconf 79' lang='lat' dir='ltr'>de</span> <span class='ocrx_word' id='word_1_237' title='bbox 856 1324 898 1351; x_wconf 77' lang='lat' dir='ltr'>off.</span> <span class='ocrx_word' id='word_1_238' title='bbox 919 1324 972 1350; x_wconf 74' lang='lat' dir='ltr'>Prt&#39;.</span> <span class='ocrx_word' id='word_1_239' title='bbox 992 1323 1037 1351; x_wconf 61' lang='lat' dir='ltr'>Vr.</span> 
     </span>
    </p>

    <p class='ocr_par' dir='ltr' id='par_1_8' title="bbox 259 1367 1104 1577">
     <span class='ocr_line' id='line_1_28' title="bbox 296 1367 1102 1396; baseline -0.002 0"><span class='ocrx_word' id='word_1_240' title='bbox 296 1369 489 1396; x_wconf 76' lang='lat' dir='ltr'>Aemulus.</span> <span class='ocrx_word' id='word_1_241' title='bbox 531 1367 567 1393; x_wconf 87' lang='lat' dir='ltr'>In</span> <span class='ocrx_word' id='word_1_242' title='bbox 591 1368 770 1393; x_wconf 80' lang='lat' dir='ltr'>certamine</span> <span class='ocrx_word' id='word_1_243' title='bbox 792 1377 859 1394; x_wconf 81' lang='lat' dir='ltr'>cum</span> <span class='ocrx_word' id='word_1_244' title='bbox 888 1369 971 1394; x_wconf 67' lang='lat' dir='ltr'>aliie</span> <span class='ocrx_word' id='word_1_245' title='bbox 999 1369 1102 1394; x_wconf 76' lang='lat' dir='ltr'>victo-</span> 
     </span>
     <span class='ocr_line' id='line_1_29' title="bbox 262 1408 1104 1441; baseline -0.004 -2"><span class='ocrx_word' id='word_1_246' title='bbox 262 1414 335 1439; x_wconf 87' lang='lat' dir='ltr'>riae</span> <span class='ocrx_word' id='word_1_247' title='bbox 353 1412 491 1437; x_wconf 77' lang='lat' dir='ltr'>studens.</span> <span class='ocrx_word' id='word_1_248' title='bbox 529 1408 571 1435; x_wconf 91' lang='lat'>111.</span> <span class='ocrx_word' id='word_1_249' title='bbox 586 1410 652 1436; x_wconf 74' lang='lat' dir='ltr'>Cn.</span> <span class='ocrx_word' id='word_1_250' title='bbox 682 1409 775 1436; x_wconf 80' lang='lat' dir='ltr'>Merito</span> <span class='ocrx_word' id='word_1_251' title='bbox 796 1411 926 1441; x_wconf 79' lang='lat' dir='ltr'>coronati.</span> <span class='ocrx_word' id='word_1_252' title='bbox 946 1420 999 1436; x_wconf 91' lang='lat' dir='ltr'>non</span> <span class='ocrx_word' id='word_1_253' title='bbox 1019 1420 1104 1437; x_wconf 81' lang='lat' dir='ltr'>aemu-</span> 
     </span>
     <span class='ocr_line' id='line_1_30' title="bbox 259 1451 1103 1490; baseline -0.002 -8"><span class='ocrx_word' id='word_1_254' title='bbox 259 1455 293 1482; x_wconf 89' lang='lat' dir='ltr'>lis</span> <span class='ocrx_word' id='word_1_255' title='bbox 314 1454 445 1490; x_wconf 77' lang='lat' dir='ltr'>corruptis</span> <span class='ocrx_word' id='word_1_256' title='bbox 465 1462 494 1479; x_wconf 85' lang='lat' dir='ltr'>ac</span> <span class='ocrx_word' id='word_1_257' title='bbox 513 1451 648 1478; x_wconf 84' lang='lat' dir='ltr'>redemtis.</span> <span class='ocrx_word' id='word_1_258' title='bbox 669 1463 690 1479; x_wconf 86' lang='lat' dir='ltr'>c.</span> <span class='ocrx_word' id='word_1_259' title='bbox 707 1455 730 1479; x_wconf 87' lang='lat' dir='ltr'>l.</span> <span class='ocrx_word' id='word_1_260' title='bbox 750 1452 782 1479; x_wconf 84' lang='lat' dir='ltr'>de</span> <span class='ocrx_word' id='word_1_261' title='bbox 801 1453 889 1479; x_wconf 87' lang='lat' dir='ltr'>athlet.</span> <span class='ocrx_word' id='word_1_262' title='bbox 911 1455 950 1480; x_wconf 83' lang='grc'>10.</span> <span class='ocrx_word' id='word_1_263' title='bbox 964 1455 1005 1480; x_wconf 87' lang='lat'>53.</span> <span class='ocrx_word' id='word_1_264' title='bbox 1034 1453 1103 1480; x_wconf 87' lang='lat' dir='ltr'>Cum</span> 
     </span>
     <span class='ocr_line' id='line_1_31' title="bbox 259 1496 1102 1533; baseline -0.002 -8"><span class='ocrx_word' id='word_1_265' title='bbox 259 1499 315 1525; x_wconf 88' lang='lat' dir='ltr'>suis</span> <span class='ocrx_word' id='word_1_266' title='bbox 339 1497 437 1533; x_wconf 77' lang='lat' dir='ltr'>magnis</span> <span class='ocrx_word' id='word_1_267' title='bbox 463 1496 489 1522; x_wconf 89' lang='lat' dir='ltr'>in</span> <span class='ocrx_word' id='word_1_268' title='bbox 513 1505 594 1532; x_wconf 81' lang='lat' dir='ltr'>remp.</span> <span class='ocrx_word' id='word_1_269' title='bbox 620 1497 721 1522; x_wconf 86' lang='lat' dir='ltr'>meritis</span> <span class='ocrx_word' id='word_1_270' title='bbox 745 1496 871 1533; x_wconf 81' lang='lat' dir='ltr'>praeclari</span> <span class='ocrx_word' id='word_1_271' title='bbox 896 1497 974 1523; x_wconf 86' lang='lat' dir='ltr'>animi</span> <span class='ocrx_word' id='word_1_272' title='bbox 1002 1496 1102 1523; x_wconf 85' lang='lat' dir='ltr'>aemula</span> 
     </span>
     <span class='ocr_line' id='line_1_32' title="bbox 259 1538 1083 1577; baseline -0.002 -9"><span class='ocrx_word' id='word_1_273' title='bbox 259 1542 356 1568; x_wconf 81' lang='lat' dir='ltr'>virtute</span> <span class='ocrx_word' id='word_1_274' title='bbox 375 1544 485 1566; x_wconf 83' lang='lat' dir='ltr'>certans.</span> <span class='ocrx_word' id='word_1_275' title='bbox 514 1538 582 1565; x_wconf 70' lang='lat' dir='ltr'>Nov.</span> <span class='ocrx_word' id='word_1_276' title='bbox 603 1538 653 1565; x_wconf 90' lang='lat' dir='ltr'>Th.</span> <span class='ocrx_word' id='word_1_277' title='bbox 673 1539 704 1566; x_wconf 86' lang='grc'>11.</span> <span class='ocrx_word' id='word_1_278' title='bbox 724 1539 756 1566; x_wconf 82' lang='lat' dir='ltr'>de</span> <span class='ocrx_word' id='word_1_279' title='bbox 774 1539 861 1566; x_wconf 85' lang='lat' dir='ltr'>lenon.</span> <span class='ocrx_word' id='word_1_280' title='bbox 881 1539 900 1566; x_wconf 89' lang='grc' dir='ltr'>Ι.</span> <span class='ocrx_word' id='word_1_281' title='bbox 916 1541 955 1566; x_wconf 81' lang='grc'>18.</span> <span class='ocrx_word' id='word_1_282' title='bbox 971 1550 992 1566; x_wconf 90' lang='lat' dir='ltr'>c.</span> <span class='ocrx_word' id='word_1_283' title='bbox 1007 1542 1029 1566; x_wconf 97' lang='lat'>1.</span> <span class='ocrx_word' id='word_1_284' title='bbox 1044 1550 1083 1577; x_wconf 89' lang='lat' dir='ltr'>pr.</span> 
     </span>
    </p>

    <p class='ocr_par' dir='ltr' id='par_1_9' title="bbox 258 1581 1102 1996">
     <span class='ocr_line' id='line_1_33' title="bbox 294 1581 1101 1619; baseline -0.002 -8"><span class='ocrx_word' id='word_1_285' title='bbox 294 1586 456 1611; x_wconf 71' lang='lat' dir='ltr'>Aeneus.</span> <span class='ocrx_word' id='word_1_286' title='bbox 492 1581 631 1615; x_wconf 84' lang='lat' dir='ltr'>(Adiect.)</span> <span class='ocrx_word' id='word_1_287' title='bbox 670 1583 700 1615; x_wconf 81' lang='lat'>§.</span> <span class='ocrx_word' id='word_1_288' title='bbox 721 1584 755 1609; x_wconf 89' lang='lat'>1.</span> <span class='ocrx_word' id='word_1_289' title='bbox 790 1584 840 1610; x_wconf 75' lang='lat' dir='ltr'>Ex</span> <span class='ocrx_word' id='word_1_290' title='bbox 873 1593 947 1609; x_wconf 83' lang='lat' dir='ltr'>aere</span> <span class='ocrx_word' id='word_1_291' title='bbox 973 1584 1101 1619; x_wconf 72' lang='lat' dir='ltr'>factus.</span> 
     </span>
     <span class='ocr_line' id='line_1_34' title="bbox 260 1624 1102 1661; baseline -0.002 -7"><span class='ocrx_word' id='word_1_292' title='bbox 260 1627 303 1654; x_wconf 91' lang='grc' dir='ltr'>ΙΙΙ.</span> <span class='ocrx_word' id='word_1_293' title='bbox 329 1627 395 1654; x_wconf 76' lang='lat' dir='ltr'>Cn.</span> <span class='ocrx_word' id='word_1_294' title='bbox 423 1624 540 1652; x_wconf 78' lang='lat' dir='ltr'>Aeneae.</span> <span class='ocrx_word' id='word_1_295' title='bbox 564 1624 607 1651; x_wconf 70' lang='lat' dir='ltr'>vel</span> <span class='ocrx_word' id='word_1_296' title='bbox 631 1630 780 1661; x_wconf 73' lang='lat' dir='ltr'>argenteae.</span> <span class='ocrx_word' id='word_1_297' title='bbox 804 1625 847 1652; x_wconf 78' lang='lat' dir='ltr'>vel</span> <span class='ocrx_word' id='word_1_298' title='bbox 870 1636 1029 1652; x_wconf 76' lang='lat' dir='ltr'>marmoreae</span> <span class='ocrx_word' id='word_1_299' title='bbox 1052 1631 1102 1652; x_wconf 88' lang='lat' dir='ltr'>sta-</span> 
     </span>
     <span class='ocr_line' id='line_1_35' title="bbox 259 1667 1102 1704; baseline -0.001 -8"><span class='ocrx_word' id='word_1_300' title='bbox 259 1675 326 1696; x_wconf 82' lang='lat' dir='ltr'>tuae.</span> <span class='ocrx_word' id='word_1_301' title='bbox 351 1679 372 1695; x_wconf 91' lang='lat' dir='ltr'>c.</span> <span class='ocrx_word' id='word_1_302' title='bbox 393 1670 415 1694; x_wconf 94' lang='grc'>1.</span> <span class='ocrx_word' id='word_1_303' title='bbox 441 1667 473 1694; x_wconf 87' lang='lat' dir='ltr'>de</span> <span class='ocrx_word' id='word_1_304' title='bbox 492 1672 551 1694; x_wconf 89' lang='lat' dir='ltr'>stat.</span> <span class='ocrx_word' id='word_1_305' title='bbox 572 1672 597 1693; x_wconf 87' lang='lat' dir='ltr'>et</span> <span class='ocrx_word' id='word_1_306' title='bbox 615 1668 689 1704; x_wconf 80' lang='lat' dir='ltr'>imag.</span> <span class='ocrx_word' id='word_1_307' title='bbox 721 1670 743 1694; x_wconf 97' lang='lat' dir='ltr'>l.</span> <span class='ocrx_word' id='word_1_308' title='bbox 762 1669 804 1694; x_wconf 86' lang='lat'>24.</span> <span class='ocrx_word' id='word_1_309' title='bbox 843 1668 918 1704; x_wconf 82' lang='lat' dir='ltr'>Quae</span> <span class='ocrx_word' id='word_1_310' title='bbox 938 1679 1014 1695; x_wconf 80' lang='lat' dir='ltr'>aurea</span> <span class='ocrx_word' id='word_1_311' title='bbox 1033 1669 1102 1695; x_wconf 88' lang='lat' dir='ltr'>dice-</span> 
     </span>
     <span class='ocr_line' id='line_1_36' title="bbox 259 1711 1100 1749; baseline -0.001 -10"><span class='ocrx_word' id='word_1_312' title='bbox 259 1713 348 1743; x_wconf 74' lang='lat' dir='ltr'>batur.</span> <span class='ocrx_word' id='word_1_313' title='bbox 372 1727 404 1730; x_wconf 97' lang='lat'><strong>—</strong></span> <span class='ocrx_word' id='word_1_314' title='bbox 429 1721 510 1747; x_wconf 85' lang='lat' dir='ltr'>eaque</span> <span class='ocrx_word' id='word_1_315' title='bbox 535 1711 639 1737; x_wconf 81' lang='lat' dir='ltr'>inventa</span> <span class='ocrx_word' id='word_1_316' title='bbox 664 1715 734 1737; x_wconf 83' lang='lat' dir='ltr'>esset</span> <span class='ocrx_word' id='word_1_317' title='bbox 759 1721 849 1747; x_wconf 74' lang='lat' dir='ltr'>magna</span> <span class='ocrx_word' id='word_1_318' title='bbox 869 1717 995 1749; x_wconf 79' lang='lat' dir='ltr'>exparte</span> <span class='ocrx_word' id='word_1_319' title='bbox 1014 1722 1100 1739; x_wconf 86' lang='lat' dir='ltr'>aenea.</span> 
     </span>
     <span class='ocr_line' id='line_1_37' title="bbox 260 1753 1101 1792; baseline -0.001 -10"><span class='ocrx_word' id='word_1_320' title='bbox 260 1755 291 1782; x_wconf 88' lang='lat' dir='ltr'>fr.</span> <span class='ocrx_word' id='word_1_321' title='bbox 314 1757 353 1782; x_wconf 87' lang='lat'>14.</span> <span class='ocrx_word' id='word_1_322' title='bbox 380 1753 413 1780; x_wconf 82' lang='lat' dir='ltr'>de</span> <span class='ocrx_word' id='word_1_323' title='bbox 433 1758 515 1780; x_wconf 81' lang='lat' dir='ltr'>contr.</span> <span class='ocrx_word' id='word_1_324' title='bbox 536 1758 595 1780; x_wconf 91' lang='lat' dir='ltr'>emt.</span> <span class='ocrx_word' id='word_1_325' title='bbox 621 1755 660 1780; x_wconf 62' lang='lat'>13.</span> <span class='ocrx_word' id='word_1_326' title='bbox 682 1755 704 1780; x_wconf 91' lang='lat'>1.</span> <span class='ocrx_word' id='word_1_327' title='bbox 741 1753 797 1780; x_wconf 84' lang='lat' dir='ltr'>Hoc</span> <span class='ocrx_word' id='word_1_328' title='bbox 817 1765 889 1782; x_wconf 81' lang='lat' dir='ltr'>aere.</span> <span class='ocrx_word' id='word_1_329' title='bbox 918 1765 1049 1792; x_wconf 83' lang='lat' dir='ltr'>aeneaque</span> <span class='ocrx_word' id='word_1_330' title='bbox 1072 1755 1101 1781; x_wconf 89' lang='lat' dir='ltr'>li-</span> 
     </span>
     <span class='ocr_line' id='line_1_38' title="bbox 260 1796 1099 1830; baseline 0 -5"><span class='ocrx_word' id='word_1_331' title='bbox 260 1799 319 1829; x_wconf 75' lang='lat' dir='ltr'>bra,</span> <span class='ocrx_word' id='word_1_332' title='bbox 339 1798 453 1830; x_wconf 89' lang='lat' dir='ltr'>(emtum</span> <span class='ocrx_word' id='word_1_333' title='bbox 473 1801 530 1822; x_wconf 85' lang='lat' dir='ltr'>esto</span> <span class='ocrx_word' id='word_1_334' title='bbox 551 1796 642 1829; x_wconf 64' lang='lat' dir='ltr'>mihil)</span> <span class='ocrx_word' id='word_1_335' title='bbox 676 1796 732 1823; x_wconf 85' lang='lat' dir='ltr'>Gai.</span> <span class='ocrx_word' id='word_1_336' title='bbox 752 1796 771 1823; x_wconf 92' lang='lat'>1.</span> <span class='ocrx_word' id='word_1_337' title='bbox 791 1799 849 1824; x_wconf 85' lang='lat'>119.</span> <span class='ocrx_word' id='word_1_338' title='bbox 874 1797 905 1824; x_wconf 87' lang='lat' dir='ltr'>cf.</span> <span class='ocrx_word' id='word_1_339' title='bbox 924 1797 955 1824; x_wconf 90' lang='lat'>11.</span> <span class='ocrx_word' id='word_1_340' title='bbox 976 1800 1033 1824; x_wconf 83' lang='lat'>104.</span> <span class='ocrx_word' id='word_1_341' title='bbox 1058 1798 1099 1825; x_wconf 89' lang='grc' dir='ltr'>ΙΙΙ.</span> 
     </span>
     <span class='ocr_line' id='line_1_39' title="bbox 260 1840 1098 1874; baseline 0 -7"><span class='ocrx_word' id='word_1_342' title='bbox 260 1842 318 1867; x_wconf 86' lang='grc'>167.</span> <span class='ocrx_word' id='word_1_343' title='bbox 339 1841 396 1865; x_wconf 80' lang='lat'>174.</span> <span class='ocrx_word' id='word_1_344' title='bbox 428 1853 460 1858; x_wconf 92' lang='lat'><strong>—</strong></span> <span class='ocrx_word' id='word_1_345' title='bbox 499 1840 529 1873; x_wconf 63' lang='grc' dir='ltr'>ξ.</span> <span class='ocrx_word' id='word_1_346' title='bbox 550 1840 584 1865; x_wconf 73' lang='lat'>2.</span> <span class='ocrx_word' id='word_1_347' title='bbox 621 1840 738 1866; x_wconf 57' lang='lat' dir='ltr'>Vatibus</span> <span class='ocrx_word' id='word_1_348' title='bbox 764 1842 934 1874; x_wconf 74' lang='lat' dir='ltr'>perpetuis</span> <span class='ocrx_word' id='word_1_349' title='bbox 962 1843 1098 1868; x_wconf 78' lang='lat' dir='ltr'>dicatus.</span> 
     </span>
     <span class='ocr_line' id='line_1_40' title="bbox 260 1882 1098 1920; baseline 0 -10"><span class='ocrx_word' id='word_1_350' title='bbox 260 1883 303 1910; x_wconf 89' lang='lat'>111.</span> <span class='ocrx_word' id='word_1_351' title='bbox 323 1884 389 1911; x_wconf 76' lang='lat' dir='ltr'>Cn.</span> <span class='ocrx_word' id='word_1_352' title='bbox 423 1882 514 1908; x_wconf 84' lang='lat' dir='ltr'>Aeneo</span> <span class='ocrx_word' id='word_1_353' title='bbox 538 1882 667 1908; x_wconf 80' lang='lat' dir='ltr'>frumento</span> <span class='ocrx_word' id='word_1_354' title='bbox 693 1882 806 1909; x_wconf 81' lang='lat' dir='ltr'>obnoxia</span> <span class='ocrx_word' id='word_1_355' title='bbox 825 1884 978 1920; x_wconf 76' lang='lat' dir='ltr'>(corpora).</span> <span class='ocrx_word' id='word_1_356' title='bbox 1015 1884 1098 1910; x_wconf 88' lang='lat' dir='ltr'>Aenei</span> 
     </span>
     <span class='ocr_line' id='line_1_41' title="bbox 260 1925 1098 1962; baseline 0.001 -10"><span class='ocrx_word' id='word_1_357' title='bbox 260 1926 382 1953; x_wconf 77' lang='lat' dir='ltr'>frumenti</span> <span class='ocrx_word' id='word_1_358' title='bbox 406 1926 583 1962; x_wconf 63' lang='lat' dir='ltr'>pensitatione</span> <span class='ocrx_word' id='word_1_359' title='bbox 608 1925 716 1951; x_wconf 80' lang='lat' dir='ltr'>obnoxii</span> <span class='ocrx_word' id='word_1_360' title='bbox 745 1926 955 1961; x_wconf 79' lang='lat' dir='ltr'>(magistratus).</span> <span class='ocrx_word' id='word_1_361' title='bbox 993 1925 1042 1953; x_wconf 88' lang='lat' dir='ltr'>Th.</span> <span class='ocrx_word' id='word_1_362' title='bbox 1067 1926 1098 1953; x_wconf 86' lang='lat' dir='ltr'>C.</span> 
     </span>
     <span class='ocr_line' id='line_1_42' title="bbox 258 1967 733 1996; baseline -0.004 0"><span class='ocrx_word' id='word_1_363' title='bbox 258 1968 329 1996; x_wconf 74' lang='lat' dir='ltr'>XIV.</span> <span class='ocrx_word' id='word_1_364' title='bbox 348 1971 390 1995; x_wconf 83' lang='lat'>25.</span> <span class='ocrx_word' id='word_1_365' title='bbox 413 1978 434 1994; x_wconf 91' lang='lat' dir='ltr'>c.</span> <span class='ocrx_word' id='word_1_366' title='bbox 456 1970 476 1994; x_wconf 96' lang='lat' dir='ltr'>l.</span> <span class='ocrx_word' id='word_1_367' title='bbox 498 1968 530 1994; x_wconf 83' lang='lat' dir='ltr'>de</span> <span class='ocrx_word' id='word_1_368' title='bbox 549 1968 624 1994; x_wconf 76' lang='lat' dir='ltr'>t&#39;rum.</span> <span class='ocrx_word' id='word_1_369' title='bbox 644 1967 733 1994; x_wconf 73' lang='lat' dir='ltr'>Carth.</span> 
     </span>
    </p>

    <p class='ocr_par' dir='ltr' id='par_1_10' title="bbox 258 2011 1098 2177">
     <span class='ocr_line' id='line_1_43' title="bbox 293 2011 1097 2045; baseline 0 -6"><span class='ocrx_word' id='word_1_370' title='bbox 293 2012 490 2045; x_wconf 71' lang='lat' dir='ltr'>Aenigma.</span> <span class='ocrx_word' id='word_1_371' title='bbox 531 2012 676 2038; x_wconf 73' lang='lat' dir='ltr'>Obscura</span> <span class='ocrx_word' id='word_1_372' title='bbox 696 2021 751 2038; x_wconf 75' lang='lat' dir='ltr'>ree.</span> <span class='ocrx_word' id='word_1_373' title='bbox 788 2011 829 2037; x_wconf 94' lang='grc'>111.</span> <span class='ocrx_word' id='word_1_374' title='bbox 842 2013 908 2039; x_wconf 76' lang='lat' dir='ltr'>Gn.</span> <span class='ocrx_word' id='word_1_375' title='bbox 936 2011 1053 2038; x_wconf 69' lang='lat' dir='ltr'>Vacuum</span> <span class='ocrx_word' id='word_1_376' title='bbox 1073 2017 1097 2039; x_wconf 79' lang='lat' dir='ltr'>et</span> 
     </span>
     <span class='ocr_line' id='line_1_44' title="bbox 258 2053 1098 2093; baseline 0.001 -12"><span class='ocrx_word' id='word_1_377' title='bbox 258 2054 421 2092; x_wconf 79' lang='lat' dir='ltr'>superfluum</span> <span class='ocrx_word' id='word_1_378' title='bbox 441 2064 548 2083; x_wconf 79' lang='lat' dir='ltr'>nomen.</span> <span class='ocrx_word' id='word_1_379' title='bbox 573 2053 644 2090; x_wconf 84' lang='lat' dir='ltr'>quod</span> <span class='ocrx_word' id='word_1_380' title='bbox 668 2054 732 2080; x_wconf 86' lang='lat' dir='ltr'>nihil</span> <span class='ocrx_word' id='word_1_381' title='bbox 752 2054 783 2080; x_wconf 87' lang='lat' dir='ltr'>ab</span> <span class='ocrx_word' id='word_1_382' title='bbox 804 2055 947 2089; x_wconf 68' lang='lat' dir='ltr'>aenigmate</span> <span class='ocrx_word' id='word_1_383' title='bbox 966 2055 1098 2093; x_wconf 71' lang='lat' dir='ltr'>discrepat</span> 
     </span>
     <span class='ocr_line' id='line_1_45' title="bbox 259 2097 1097 2135; baseline 0.001 -11"><span class='ocrx_word' id='word_1_384' title='bbox 259 2103 308 2124; x_wconf 85' lang='lat' dir='ltr'>etc.</span> <span class='ocrx_word' id='word_1_385' title='bbox 329 2108 350 2123; x_wconf 86' lang='lat' dir='ltr'>c.</span> <span class='ocrx_word' id='word_1_386' title='bbox 372 2099 393 2124; x_wconf 89' lang='grc'>1.</span> <span class='ocrx_word' id='word_1_387' title='bbox 414 2097 445 2123; x_wconf 85' lang='lat' dir='ltr'>de</span> <span class='ocrx_word' id='word_1_388' title='bbox 464 2097 534 2123; x_wconf 87' lang='lat' dir='ltr'>nudo</span> <span class='ocrx_word' id='word_1_389' title='bbox 554 2098 610 2123; x_wconf 88' lang='lat' dir='ltr'>inre</span> <span class='ocrx_word' id='word_1_390' title='bbox 630 2098 705 2132; x_wconf 77' lang='lat' dir='ltr'>Quir.</span> <span class='ocrx_word' id='word_1_391' title='bbox 726 2099 748 2123; x_wconf 90' lang='lat'>7.</span> <span class='ocrx_word' id='word_1_392' title='bbox 762 2099 803 2124; x_wconf 89' lang='lat'>25.</span> <span class='ocrx_word' id='word_1_393' title='bbox 840 2098 939 2134; x_wconf 71' lang='lat' dir='ltr'>Legum</span> <span class='ocrx_word' id='word_1_394' title='bbox 954 2099 1097 2135; x_wconf 73' lang='lat' dir='ltr'>aenigmata</span> 
     </span>
     <span class='ocr_line' id='line_1_46' title="bbox 259 2140 1078 2177; baseline 0.001 -10"><span class='ocrx_word' id='word_1_395' title='bbox 259 2140 376 2168; x_wconf 79' lang='lat' dir='ltr'>solvere.</span> <span class='ocrx_word' id='word_1_396' title='bbox 397 2145 420 2167; x_wconf 86' lang='lat' dir='ltr'>et</span> <span class='ocrx_word' id='word_1_397' title='bbox 441 2140 562 2166; x_wconf 89' lang='lat' dir='ltr'>omnibus</span> <span class='ocrx_word' id='word_1_398' title='bbox 582 2141 690 2177; x_wconf 81' lang='lat' dir='ltr'>aperire.</span> <span class='ocrx_word' id='word_1_399' title='bbox 710 2150 731 2166; x_wconf 85' lang='lat' dir='ltr'>c.</span> <span class='ocrx_word' id='word_1_400' title='bbox 748 2142 786 2167; x_wconf 89' lang='lat'>12.</span> <span class='ocrx_word' id='word_1_401' title='bbox 801 2142 822 2175; x_wconf 84' lang='lat'>§.</span> <span class='ocrx_word' id='word_1_402' title='bbox 838 2143 860 2167; x_wconf 92' lang='lat' dir='ltr'>l.</span> <span class='ocrx_word' id='word_1_403' title='bbox 881 2141 913 2168; x_wconf 83' lang='lat' dir='ltr'>de</span> <span class='ocrx_word' id='word_1_404' title='bbox 926 2141 978 2168; x_wconf 89' lang='lat' dir='ltr'>LL.</span> <span class='ocrx_word' id='word_1_405' title='bbox 1000 2144 1023 2168; x_wconf 91' lang='lat' dir='ltr'>l.</span> <span class='ocrx_word' id='word_1_406' title='bbox 1039 2143 1078 2168; x_wconf 89' lang='lat'>14.</span> 
     </span>
    </p>

    <p class='ocr_par' dir='ltr' id='par_1_11' title="bbox 253 2183 1097 2477">
     <span class='ocr_line' id='line_1_47' title="bbox 293 2183 1096 2218; baseline 0.001 -8"><span class='ocrx_word' id='word_1_407' title='bbox 293 2183 451 2210; x_wconf 64' lang='lat' dir='ltr'>Aenum.</span> <span class='ocrx_word' id='word_1_408' title='bbox 498 2185 572 2215; x_wconf 74' lang='lat' dir='ltr'>l&#39;as,</span> <span class='ocrx_word' id='word_1_409' title='bbox 596 2194 699 2218; x_wconf 78' lang='lat' dir='ltr'>aquae</span> <span class='ocrx_word' id='word_1_410' title='bbox 718 2185 940 2218; x_wconf 78' lang='lat' dir='ltr'>recipiendae,</span> <span class='ocrx_word' id='word_1_411' title='bbox 965 2190 995 2211; x_wconf 79' lang='lat' dir='ltr'>et</span> <span class='ocrx_word' id='word_1_412' title='bbox 1013 2187 1096 2211; x_wconf 85' lang='lat' dir='ltr'>cale-</span> 
     </span>
     <span class='ocr_line' id='line_1_48' title="bbox 253 2225 1097 2264; baseline 0.001 -11"><span class='ocrx_word' id='word_1_413' title='bbox 253 2228 447 2263; x_wconf 82' lang='lat' dir='ltr'>faciendae,</span> <span class='ocrx_word' id='word_1_414' title='bbox 475 2233 592 2260; x_wconf 80' lang='lat' dir='ltr'>aptum.</span> <span class='ocrx_word' id='word_1_415' title='bbox 635 2225 677 2252; x_wconf 93' lang='grc' dir='ltr'>ΙΙΙ.</span> <span class='ocrx_word' id='word_1_416' title='bbox 699 2227 764 2254; x_wconf 77' lang='lat' dir='ltr'>Gn.</span> <span class='ocrx_word' id='word_1_417' title='bbox 799 2226 828 2253; x_wconf 91' lang='lat' dir='ltr'>Si</span> <span class='ocrx_word' id='word_1_418' title='bbox 852 2227 884 2253; x_wconf 92' lang='lat' dir='ltr'>de</span> <span class='ocrx_word' id='word_1_419' title='bbox 909 2226 1033 2264; x_wconf 87' lang='lat' dir='ltr'>plumbeo</span> <span class='ocrx_word' id='word_1_420' title='bbox 1057 2238 1097 2254; x_wconf 89' lang='lat' dir='ltr'>ca-</span> 
     </span>
     <span class='ocr_line' id='line_1_49' title="bbox 259 2268 1096 2305; baseline 0.001 -10"><span class='ocrx_word' id='word_1_421' title='bbox 259 2268 337 2296; x_wconf 80' lang='lat' dir='ltr'>stello</span> <span class='ocrx_word' id='word_1_422' title='bbox 362 2268 465 2295; x_wconf 72' lang='lat' dir='ltr'>fistulae</span> <span class='ocrx_word' id='word_1_423' title='bbox 485 2285 517 2288; x_wconf 79' lang='lat'>—-</span> <span class='ocrx_word' id='word_1_424' title='bbox 536 2279 628 2305; x_wconf 86' lang='lat' dir='ltr'>aquam</span> <span class='ocrx_word' id='word_1_425' title='bbox 652 2269 777 2295; x_wconf 85' lang='lat' dir='ltr'>ducerent</span> <span class='ocrx_word' id='word_1_426' title='bbox 800 2270 827 2296; x_wconf 93' lang='lat' dir='ltr'>in</span> <span class='ocrx_word' id='word_1_427' title='bbox 852 2273 945 2296; x_wconf 70' lang='lat' dir='ltr'>a&#39;enum</span> <span class='ocrx_word' id='word_1_428' title='bbox 969 2270 1096 2297; x_wconf 81' lang='lat' dir='ltr'>lateribus</span> 
     </span>
     <span class='ocr_line' id='line_1_50' title="bbox 259 2311 1096 2346; baseline 0.002 -8"><span class='ocrx_word' id='word_1_429' title='bbox 259 2313 493 2339; x_wconf 79' lang='lat' dir='ltr'>circnmstructmn.</span> <span class='ocrx_word' id='word_1_430' title='bbox 523 2311 552 2337; x_wconf 85' lang='lat' dir='ltr'>sr.</span> <span class='ocrx_word' id='word_1_431' title='bbox 572 2314 613 2338; x_wconf 63' lang='lat'>38.</span> <span class='ocrx_word' id='word_1_432' title='bbox 633 2312 654 2346; x_wconf 63' lang='grc' dir='ltr'>ς’.</span> <span class='ocrx_word' id='word_1_433' title='bbox 673 2314 697 2338; x_wconf 87' lang='grc'>2.</span> <span class='ocrx_word' id='word_1_434' title='bbox 718 2312 751 2338; x_wconf 81' lang='lat' dir='ltr'>de</span> <span class='ocrx_word' id='word_1_435' title='bbox 771 2312 801 2338; x_wconf 88' lang='grc' dir='ltr'>Λ.</span> <span class='ocrx_word' id='word_1_436' title='bbox 820 2312 850 2339; x_wconf 88' lang='grc' dir='ltr'>Ε.</span> <span class='ocrx_word' id='word_1_437' title='bbox 871 2312 902 2339; x_wconf 73' lang='lat' dir='ltr'>V.</span> <span class='ocrx_word' id='word_1_438' title='bbox 925 2314 964 2339; x_wconf 92' lang='lat'>19.</span> <span class='ocrx_word' id='word_1_439' title='bbox 986 2315 1007 2339; x_wconf 96' lang='lat' dir='ltr'>l.</span> <span class='ocrx_word' id='word_1_440' title='bbox 1045 2314 1096 2340; x_wconf 68' lang='lat' dir='ltr'>At}-</span> 
     </span>
     <span class='ocr_line' id='line_1_51' title="bbox 259 2354 1095 2391; baseline 0.002 -10"><span class='ocrx_word' id='word_1_441' title='bbox 259 2365 328 2384; x_wconf 79' lang='lat' dir='ltr'>num,</span> <span class='ocrx_word' id='word_1_442' title='bbox 349 2355 374 2381; x_wconf 93' lang='lat' dir='ltr'>in</span> <span class='ocrx_word' id='word_1_443' title='bbox 389 2364 441 2390; x_wconf 91' lang='lat' dir='ltr'>quo</span> <span class='ocrx_word' id='word_1_444' title='bbox 452 2354 508 2379; x_wconf 79' lang='lat' dir='ltr'>olea</span> <span class='ocrx_word' id='word_1_445' title='bbox 523 2354 594 2380; x_wconf 76' lang='lat' dir='ltr'>ealda</span> <span class='ocrx_word' id='word_1_446' title='bbox 608 2365 672 2391; x_wconf 92' lang='lat' dir='ltr'>aqna</span> <span class='ocrx_word' id='word_1_447' title='bbox 687 2355 794 2381; x_wconf 83' lang='lat' dir='ltr'>lavatur.</span> <span class='ocrx_word' id='word_1_448' title='bbox 815 2355 845 2382; x_wconf 81' lang='lat' dir='ltr'>fr.</span> <span class='ocrx_word' id='word_1_449' title='bbox 861 2357 900 2382; x_wconf 89' lang='lat'>19.</span> <span class='ocrx_word' id='word_1_450' title='bbox 915 2356 936 2389; x_wconf 68' lang='grc' dir='ltr'>ξ.</span> <span class='ocrx_word' id='word_1_451' title='bbox 950 2358 974 2382; x_wconf 87' lang='grc'>2.</span> <span class='ocrx_word' id='word_1_452' title='bbox 989 2355 1039 2382; x_wconf 88' lang='lat' dir='ltr'>loc.</span> <span class='ocrx_word' id='word_1_453' title='bbox 1054 2358 1095 2383; x_wconf 91' lang='lat'>19.</span> 
     </span>
     <span class='ocr_line' id='line_1_52' title="bbox 257 2396 1095 2435; baseline 0.002 -12"><span class='ocrx_word' id='word_1_454' title='bbox 257 2399 281 2423; x_wconf 85' lang='grc'>2.</span> <span class='ocrx_word' id='word_1_455' title='bbox 320 2396 374 2423; x_wconf 69' lang='lat' dir='ltr'>Nec</span> <span class='ocrx_word' id='word_1_456' title='bbox 394 2396 502 2423; x_wconf 89' lang='lat' dir='ltr'>multum</span> <span class='ocrx_word' id='word_1_457' title='bbox 522 2397 601 2423; x_wconf 80' lang='lat' dir='ltr'>refert</span> <span class='ocrx_word' id='word_1_458' title='bbox 620 2399 688 2423; x_wconf 82' lang='lat' dir='ltr'>inter</span> <span class='ocrx_word' id='word_1_459' title='bbox 707 2398 832 2424; x_wconf 84' lang='lat' dir='ltr'>caccabos</span> <span class='ocrx_word' id='word_1_460' title='bbox 852 2403 877 2425; x_wconf 81' lang='lat' dir='ltr'>ct</span> <span class='ocrx_word' id='word_1_461' title='bbox 897 2402 1003 2431; x_wconf 57' lang='lat' dir='ltr'>atinum,</span> <span class='ocrx_word' id='word_1_462' title='bbox 1024 2399 1095 2435; x_wconf 91' lang='lat' dir='ltr'>quod</span> 
     </span>
     <span class='ocr_line' id='line_1_53' title="bbox 258 2439 1077 2477; baseline -0.001 -11"><span class='ocrx_word' id='word_1_463' title='bbox 258 2450 338 2476; x_wconf 79' lang='lat' dir='ltr'>supra</span> <span class='ocrx_word' id='word_1_464' title='bbox 357 2439 443 2466; x_wconf 84' lang='lat' dir='ltr'>focum</span> <span class='ocrx_word' id='word_1_465' title='bbox 462 2439 566 2476; x_wconf 83' lang='lat' dir='ltr'>pendet.</span> <span class='ocrx_word' id='word_1_466' title='bbox 588 2440 617 2466; x_wconf 65' lang='lat' dir='ltr'>t‘r.</span> <span class='ocrx_word' id='word_1_467' title='bbox 639 2442 677 2466; x_wconf 61' lang='lat'>123.</span> <span class='ocrx_word' id='word_1_468' title='bbox 697 2441 718 2474; x_wconf 89' lang='lat'>§</span> <span class='ocrx_word' id='word_1_469' title='bbox 738 2442 762 2467; x_wconf 81' lang='grc'>3,</span> <span class='ocrx_word' id='word_1_470' title='bbox 782 2441 815 2467; x_wconf 71' lang='lat' dir='ltr'>de</span> <span class='ocrx_word' id='word_1_471' title='bbox 833 2442 908 2468; x_wconf 71' lang='lat' dir='ltr'>instr,</span> <span class='ocrx_word' id='word_1_472' title='bbox 928 2441 977 2477; x_wconf 70' lang='lat' dir='ltr'>leg,</span> <span class='ocrx_word' id='word_1_473' title='bbox 996 2444 1038 2468; x_wconf 76' lang='lat'>33,</span> <span class='ocrx_word' id='word_1_474' title='bbox 1054 2443 1077 2468; x_wconf 82' lang='grc'>7,</span> 
     </span>
    </p>

    <p class='ocr_par' dir='ltr' id='par_1_12' title="bbox 259 2482 1094 2605">
     <span class='ocr_line' id='line_1_54' title="bbox 293 2482 1094 2517; baseline 0.005 -9"><span class='ocrx_word' id='word_1_475' title='bbox 293 2482 523 2515; x_wconf 68' lang='lat' dir='ltr'>Aequumne.</span> <span class='ocrx_word' id='word_1_476' title='bbox 561 2483 735 2517; x_wconf 71' lang='lat' dir='ltr'>Aequitati</span> <span class='ocrx_word' id='word_1_477' title='bbox 752 2487 1019 2512; x_wconf 67' lang='lat' dir='ltr'>acrummodatnn.</span> <span class='ocrx_word' id='word_1_478' title='bbox 1051 2484 1094 2511; x_wconf 90' lang='lat' dir='ltr'>Ill.</span> 
     </span>
     <span class='ocr_line' id='line_1_55' title="bbox 259 2524 1093 2562; baseline 0.005 -12"><span class='ocrx_word' id='word_1_479' title='bbox 259 2525 325 2552; x_wconf 74' lang='lat' dir='ltr'>Cn.</span> <span class='ocrx_word' id='word_1_480' title='bbox 353 2524 433 2559; x_wconf 77' lang='lat' dir='ltr'>Quod</span> <span class='ocrx_word' id='word_1_481' title='bbox 452 2536 464 2551; x_wconf 89' lang='lat' dir='ltr'>a</span> <span class='ocrx_word' id='word_1_482' title='bbox 484 2524 560 2551; x_wconf 86' lang='lat' dir='ltr'>nobis</span> <span class='ocrx_word' id='word_1_483' title='bbox 573 2525 693 2562; x_wconf 81' lang='lat' dir='ltr'>exemplo</span> <span class='ocrx_word' id='word_1_484' title='bbox 708 2525 836 2562; x_wconf 86' lang='lat' dir='ltr'>aequabili</span> <span class='ocrx_word' id='word_1_485' title='bbox 856 2542 888 2546; x_wconf 98' lang='lat'><strong>—</strong></span> <span class='ocrx_word' id='word_1_486' title='bbox 907 2527 1093 2554; x_wconf 89' lang='lat' dir='ltr'>introductum.</span> 
     </span>
     <span class='ocr_line' id='line_1_56' title="bbox 259 2563 894 2605; baseline 0.003 -12"><span class='ocrx_word' id='word_1_487' title='bbox 259 2566 309 2593; x_wconf 89' lang='lat' dir='ltr'>Th.</span> <span class='ocrx_word' id='word_1_488' title='bbox 330 2566 360 2593; x_wconf 85' lang='lat' dir='ltr'>C.</span> <span class='ocrx_word' id='word_1_489' title='bbox 380 2566 424 2593; x_wconf 75' lang='lat' dir='ltr'>lv.</span> <span class='ocrx_word' id='word_1_490' title='bbox 445 2569 483 2593; x_wconf 92' lang='lat'>19.</span> <span class='ocrx_word' id='word_1_491' title='bbox 504 2578 525 2594; x_wconf 81' lang='lat' dir='ltr'>c.</span> <span class='ocrx_word' id='word_1_492' title='bbox 546 2569 568 2594; x_wconf 97' lang='lat'>1.</span> <span class='ocrx_word' id='word_1_493' title='bbox 587 2578 625 2605; x_wconf 87' lang='lat' dir='ltr'>pr.</span> <span class='ocrx_word' id='word_1_494' title='bbox 646 2563 678 2594; x_wconf 80' lang='lat' dir='ltr'>de</span> <span class='ocrx_word' id='word_1_495' title='bbox 697 2578 766 2595; x_wconf 88' lang='lat' dir='ltr'>usur.</span> <span class='ocrx_word' id='word_1_496' title='bbox 787 2570 823 2595; x_wconf 84' lang='lat' dir='ltr'>rei</span> <span class='ocrx_word' id='word_1_497' title='bbox 842 2569 894 2596; x_wconf 85' lang='lat' dir='ltr'>ind.</span> 
     </span>
    </p>

    <p class='ocr_par' dir='ltr' id='par_1_13' title="bbox 259 2610 1096 2810">
     <span class='ocr_line' id='line_1_57' title="bbox 293 2610 1093 2647; baseline 0.006 -12"><span class='ocrx_word' id='word_1_498' title='bbox 293 2610 567 2642; x_wconf 73' lang='lat' dir='ltr'>Aequabltitas.</span> <span class='ocrx_word' id='word_1_499' title='bbox 605 2612 813 2646; x_wconf 74' lang='lat' dir='ltr'>Aequalitas,</span> <span class='ocrx_word' id='word_1_500' title='bbox 843 2614 1014 2647; x_wconf 64' lang='lat' dir='ltr'>Aequitas.</span> <span class='ocrx_word' id='word_1_501' title='bbox 1051 2612 1093 2640; x_wconf 89' lang='grc'>111,</span> 
     </span>
     <span class='ocr_line' id='line_1_58' title="bbox 259 2652 1095 2690; baseline 0.005 -12"><span class='ocrx_word' id='word_1_502' title='bbox 259 2653 326 2680; x_wconf 72' lang='lat' dir='ltr'>Cn·</span> <span class='ocrx_word' id='word_1_503' title='bbox 358 2652 538 2687; x_wconf 80' lang='lat' dir='ltr'>Aeqnabititas</span> <span class='ocrx_word' id='word_1_504' title='bbox 563 2654 641 2690; x_wconf 85' lang='lat' dir='ltr'>pretii</span> <span class='ocrx_word' id='word_1_505' title='bbox 666 2670 698 2673; x_wconf 97' lang='lat'><strong>—</strong></span> <span class='ocrx_word' id='word_1_506' title='bbox 722 2655 837 2681; x_wconf 90' lang='lat' dir='ltr'>omnium</span> <span class='ocrx_word' id='word_1_507' title='bbox 860 2665 946 2682; x_wconf 83' lang='lat' dir='ltr'>rerum</span> <span class='ocrx_word' id='word_1_508' title='bbox 964 2655 1095 2682; x_wconf 79' lang='lat' dir='ltr'>venalium</span> 
     </span>
     <span class='ocr_line' id='line_1_59' title="bbox 259 2694 1093 2734; baseline 0.005 -13"><span class='ocrx_word' id='word_1_509' title='bbox 259 2699 364 2721; x_wconf 89' lang='lat' dir='ltr'>statuta.</span> <span class='ocrx_word' id='word_1_510' title='bbox 402 2694 468 2720; x_wconf 51' lang='grc' dir='ltr'>δον.</span> <span class='ocrx_word' id='word_1_511' title='bbox 491 2695 590 2722; x_wconf 58' lang='lat' dir='ltr'>Valent.</span> <span class='ocrx_word' id='word_1_512' title='bbox 615 2696 656 2723; x_wconf 93' lang='grc'>111.</span> <span class='ocrx_word' id='word_1_513' title='bbox 681 2696 713 2723; x_wconf 85' lang='lat' dir='ltr'>de</span> <span class='ocrx_word' id='word_1_514' title='bbox 737 2701 804 2734; x_wconf 84' lang='lat' dir='ltr'>pret.</span> <span class='ocrx_word' id='word_1_515' title='bbox 828 2696 905 2724; x_wconf 83' lang='lat' dir='ltr'>solid.</span> <span class='ocrx_word' id='word_1_516' title='bbox 935 2698 965 2724; x_wconf 96' lang='grc' dir='ltr'>ΙΙ.</span> <span class='ocrx_word' id='word_1_517' title='bbox 984 2700 1008 2725; x_wconf 89' lang='grc'>3.</span> <span class='ocrx_word' id='word_1_518' title='bbox 1029 2709 1049 2725; x_wconf 84' lang='lat' dir='ltr'>c.</span> <span class='ocrx_word' id='word_1_519' title='bbox 1073 2701 1093 2725; x_wconf 93' lang='lat'>1.</span> 
     </span>
     <span class='ocr_line' id='line_1_60' title="bbox 259 2736 1096 2778; baseline 0.005 -15"><span class='ocrx_word' id='word_1_520' title='bbox 259 2737 282 2770; x_wconf 89' lang='lat'>§.</span> <span class='ocrx_word' id='word_1_521' title='bbox 298 2738 319 2762; x_wconf 95' lang='lat' dir='ltr'>l.</span> <span class='ocrx_word' id='word_1_522' title='bbox 348 2736 410 2763; x_wconf 85' lang='lat' dir='ltr'>Doti</span> <span class='ocrx_word' id='word_1_523' title='bbox 431 2742 455 2762; x_wconf 80' lang='lat' dir='ltr'>et</span> <span class='ocrx_word' id='word_1_524' title='bbox 471 2737 562 2774; x_wconf 81' lang='lat' dir='ltr'>cnlpae</span> <span class='ocrx_word' id='word_1_525' title='bbox 582 2754 614 2758; x_wconf 92' lang='lat'>—</span> <span class='ocrx_word' id='word_1_526' title='bbox 633 2741 768 2771; x_wconf 77' lang='lat' dir='ltr'>rationem,</span> <span class='ocrx_word' id='word_1_527' title='bbox 788 2741 855 2766; x_wconf 91' lang='lat' dir='ltr'>utin</span> <span class='ocrx_word' id='word_1_528' title='bbox 868 2740 989 2767; x_wconf 85' lang='lat' dir='ltr'>omnihus</span> <span class='ocrx_word' id='word_1_529' title='bbox 1004 2752 1096 2778; x_wconf 87' lang='lat' dir='ltr'>aequa-</span> 
     </span>
     <span class='ocr_line' id='line_1_61' title="bbox 260 2778 1041 2810; baseline 0.006 -5"><span class='ocrx_word' id='word_1_530' title='bbox 260 2778 348 2805; x_wconf 78' lang='lat' dir='ltr'>bilitas</span> <span class='ocrx_word' id='word_1_531' title='bbox 370 2784 497 2807; x_wconf 56' lang='lat' dir='ltr'>servetur.</span> <span class='ocrx_word' id='word_1_532' title='bbox 517 2780 661 2808; x_wconf 69' lang='lat' dir='ltr'>habiturus.</span> <span class='ocrx_word' id='word_1_533' title='bbox 689 2793 710 2809; x_wconf 88' lang='lat' dir='ltr'>c.</span> <span class='ocrx_word' id='word_1_534' title='bbox 729 2784 753 2809; x_wconf 83' lang='lat'>4.</span> <span class='ocrx_word' id='word_1_535' title='bbox 774 2793 865 2809; x_wconf 88' lang='lat' dir='ltr'>comm.</span> <span class='ocrx_word' id='word_1_536' title='bbox 886 2782 937 2809; x_wconf 87' lang='lat' dir='ltr'>div.</span> <span class='ocrx_word' id='word_1_537' title='bbox 956 2785 981 2809; x_wconf 82' lang='lat'>3.</span> <span class='ocrx_word' id='word_1_538' title='bbox 999 2785 1041 2810; x_wconf 81' lang='lat'>37.</span> 
     </span>
    </p>
   </div>
   <div class='ocr_carea' id='block_1_3' title="bbox 295 2822 1095 2861">
    <p class='ocr_par' dir='ltr' id='par_1_14' title="bbox 295 2822 1095 2861">
     <span class='ocr_line' id='line_1_62' title="bbox 295 2822 1095 2861; baseline 0.006 -13"><span class='ocrx_word' id='word_1_539' title='bbox 295 2822 568 2855; x_wconf 70' lang='lat' dir='ltr'>Aequabmter.</span> <span class='ocrx_word' id='word_1_540' title='bbox 596 2823 708 2859; x_wconf 80' lang='lat' dir='ltr'>(Advb.)</span> <span class='ocrx_word' id='word_1_541' title='bbox 745 2827 944 2861; x_wconf 72' lang='lat' dir='ltr'>Aequaliter.</span> <span class='ocrx_word' id='word_1_542' title='bbox 973 2826 1095 2854; x_wconf 67' lang='lat' dir='ltr'>utcu.</span> 
     </span>
    </p>
   </div>
   <div class='ocr_carea' id='block_1_4' title="bbox 1114 690 1132 2891">
    <p class='ocr_par' dir='ltr' id='par_1_15' title="bbox 1114 690 1132 2891">
     <span class='ocr_line' id='line_1_63' title="bbox 1114 690 1132 2891; baseline 0 0"><span class='ocrx_word' id='word_1_543' title='bbox 1114 690 1132 2891; x_wconf 95' lang='lat' dir='ltr'> </span> 
     </span>
    </p>
   </div>
   <div class='ocr_carea' id='block_1_5' title="bbox 994 168 1265 211">
    <p class='ocr_par' dir='ltr' id='par_1_16' title="bbox 994 168 1265 211">
     <span class='ocr_line' id='line_1_64' title="bbox 994 168 1265 211; baseline -0.004 -10"><span class='ocrx_word' id='word_1_544' title='bbox 994 169 1077 201; x_wconf 79' lang='lat' dir='ltr'>AEL</span> <span class='ocrx_word' id='word_1_545' title='bbox 1103 187 1142 194; x_wconf 91' lang='lat'><em>-</em></span> <span class='ocrx_word' id='word_1_546' title='bbox 1166 168 1265 211; x_wconf 83' lang='lat' dir='ltr'>AEQ.</span> 
     </span>
    </p>
   </div>
   <div class='ocr_carea' id='block_1_6' title="bbox 1150 250 1993 632">
    <p class='ocr_par' dir='ltr' id='par_1_17' title="bbox 1151 250 1992 322">
     <span class='ocr_line' id='line_1_65' title="bbox 1151 250 1992 292; baseline 0.005 -15"><span class='ocrx_word' id='word_1_547' title='bbox 1151 250 1235 288; x_wconf 74' lang='lat' dir='ltr'>Leges</span> <span class='ocrx_word' id='word_1_548' title='bbox 1260 256 1289 278; x_wconf 82' lang='lat' dir='ltr'>ut</span> <span class='ocrx_word' id='word_1_549' title='bbox 1310 250 1445 288; x_wconf 77' lang='lat' dir='ltr'>generales</span> <span class='ocrx_word' id='word_1_550' title='bbox 1469 250 1500 278; x_wconf 89' lang='lat' dir='ltr'>ab</span> <span class='ocrx_word' id='word_1_551' title='bbox 1525 250 1646 278; x_wconf 89' lang='lat' dir='ltr'>omnibus</span> <span class='ocrx_word' id='word_1_552' title='bbox 1665 252 1837 289; x_wconf 67' lang='lat' dir='ltr'>aequabiliter</span> <span class='ocrx_word' id='word_1_553' title='bbox 1859 254 1886 280; x_wconf 89' lang='lat' dir='ltr'>in</span> <span class='ocrx_word' id='word_1_554' title='bbox 1905 259 1992 292; x_wconf 81' lang='lat' dir='ltr'>poste-</span> 
     </span>
     <span class='ocr_line' id='line_1_66' title="bbox 1151 294 1722 322; baseline 0.002 -1"><span class='ocrx_word' id='word_1_555' title='bbox 1151 305 1208 321; x_wconf 92' lang='lat' dir='ltr'>rum</span> <span class='ocrx_word' id='word_1_556' title='bbox 1227 294 1409 320; x_wconf 75' lang='lat' dir='ltr'>observentur.</span> <span class='ocrx_word' id='word_1_557' title='bbox 1430 304 1451 320; x_wconf 91' lang='lat' dir='ltr'>c.</span> <span class='ocrx_word' id='word_1_558' title='bbox 1470 296 1495 320; x_wconf 87' lang='grc'>3.</span> <span class='ocrx_word' id='word_1_559' title='bbox 1514 294 1547 321; x_wconf 90' lang='lat' dir='ltr'>de</span> <span class='ocrx_word' id='word_1_560' title='bbox 1565 294 1618 321; x_wconf 88' lang='lat' dir='ltr'>LL.</span> <span class='ocrx_word' id='word_1_561' title='bbox 1640 297 1662 322; x_wconf 93' lang='lat' dir='ltr'>l.</span> <span class='ocrx_word' id='word_1_562' title='bbox 1683 297 1722 322; x_wconf 80' lang='lat'>14.</span> 
     </span>
    </p>

    <p class='ocr_par' dir='ltr' id='par_1_18' title="bbox 1150 337 1993 632">
     <span class='ocr_line' id='line_1_67' title="bbox 1186 337 1993 370; baseline 0.002 -6"><span class='ocrx_word' id='word_1_563' title='bbox 1186 337 1380 370; x_wconf 73' lang='lat' dir='ltr'>Aequalis.</span> <span class='ocrx_word' id='word_1_564' title='bbox 1423 338 1503 369; x_wconf 83' lang='lat' dir='ltr'>Par,</span> <span class='ocrx_word' id='word_1_565' title='bbox 1530 338 1752 370; x_wconf 69' lang='lat' dir='ltr'>Cone-arduus,</span> <span class='ocrx_word' id='word_1_566' title='bbox 1782 340 1993 366; x_wconf 69' lang='lat' dir='ltr'>Conveniens.</span> 
     </span>
     <span class='ocr_line' id='line_1_68' title="bbox 1151 379 1991 417; baseline 0.004 -12"><span class='ocrx_word' id='word_1_567' title='bbox 1151 380 1169 406; x_wconf 92' lang='grc'>1.</span> <span class='ocrx_word' id='word_1_568' title='bbox 1194 381 1255 414; x_wconf 77' lang='lat' dir='ltr'>sy.</span> <span class='ocrx_word' id='word_1_569' title='bbox 1287 379 1401 411; x_wconf 79' lang='lat' dir='ltr'>lustum.</span> <span class='ocrx_word' id='word_1_570' title='bbox 1428 379 1547 416; x_wconf 83' lang='lat' dir='ltr'>Aequale</span> <span class='ocrx_word' id='word_1_571' title='bbox 1565 380 1756 417; x_wconf 70' lang='lat' dir='ltr'>(coniugium).</span> <span class='ocrx_word' id='word_1_572' title='bbox 1794 381 1843 408; x_wconf 85' lang='lat' dir='ltr'>Th.</span> <span class='ocrx_word' id='word_1_573' title='bbox 1865 381 1895 408; x_wconf 83' lang='lat' dir='ltr'>C.</span> <span class='ocrx_word' id='word_1_574' title='bbox 1920 381 1991 408; x_wconf 69' lang='lat' dir='ltr'>XIV.</span> 
     </span>
     <span class='ocr_line' id='line_1_69' title="bbox 1151 421 1991 460; baseline 0.004 -12"><span class='ocrx_word' id='word_1_575' title='bbox 1151 424 1174 449; x_wconf 88' lang='lat'>7.</span> <span class='ocrx_word' id='word_1_576' title='bbox 1199 433 1220 449; x_wconf 88' lang='lat' dir='ltr'>c.</span> <span class='ocrx_word' id='word_1_577' title='bbox 1242 424 1264 448; x_wconf 93' lang='lat'>1.</span> <span class='ocrx_word' id='word_1_578' title='bbox 1293 422 1326 448; x_wconf 79' lang='lat' dir='ltr'>de</span> <span class='ocrx_word' id='word_1_579' title='bbox 1345 422 1475 459; x_wconf 80' lang='lat' dir='ltr'>collegiat.</span> <span class='ocrx_word' id='word_1_580' title='bbox 1517 421 1547 448; x_wconf 86' lang='grc' dir='ltr'>ΙΙ.</span> <span class='ocrx_word' id='word_1_581' title='bbox 1571 425 1637 457; x_wconf 78' lang='lat' dir='ltr'>Op.</span> <span class='ocrx_word' id='word_1_582' title='bbox 1675 423 1771 451; x_wconf 76' lang='lat' dir='ltr'>Maior.</span> <span class='ocrx_word' id='word_1_583' title='bbox 1799 423 1843 450; x_wconf 73' lang='lat' dir='ltr'>vel</span> <span class='ocrx_word' id='word_1_584' title='bbox 1867 424 1991 460; x_wconf 84' lang='lat' dir='ltr'>aequalis.</span> 
     </span>
     <span class='ocr_line' id='line_1_70' title="bbox 1151 464 1992 503; baseline 0.002 -12"><span class='ocrx_word' id='word_1_585' title='bbox 1151 465 1181 491; x_wconf 82' lang='lat' dir='ltr'>t&#39;r.</span> <span class='ocrx_word' id='word_1_586' title='bbox 1203 466 1242 491; x_wconf 83' lang='lat'>14.</span> <span class='ocrx_word' id='word_1_587' title='bbox 1269 465 1302 492; x_wconf 83' lang='lat' dir='ltr'>de</span> <span class='ocrx_word' id='word_1_588' title='bbox 1325 465 1415 492; x_wconf 89' lang='lat' dir='ltr'>iurisd.</span> <span class='ocrx_word' id='word_1_589' title='bbox 1439 468 1464 491; x_wconf 88' lang='grc'>2.</span> <span class='ocrx_word' id='word_1_590' title='bbox 1485 466 1507 491; x_wconf 97' lang='lat'>1.</span> <span class='ocrx_word' id='word_1_591' title='bbox 1544 464 1586 492; x_wconf 88' lang='grc' dir='ltr'>ΠΙ.</span> <span class='ocrx_word' id='word_1_592' title='bbox 1612 467 1677 493; x_wconf 69' lang='lat' dir='ltr'>Cn.</span> <span class='ocrx_word' id='word_1_593' title='bbox 1710 466 1760 492; x_wconf 87' lang='lat' dir='ltr'>Par</span> <span class='ocrx_word' id='word_1_594' title='bbox 1778 471 1856 503; x_wconf 83' lang='lat' dir='ltr'>atque</span> <span class='ocrx_word' id='word_1_595' title='bbox 1875 467 1992 503; x_wconf 83' lang='lat' dir='ltr'>aequalis</span> 
     </span>
     <span class='ocr_line' id='line_1_71' title="bbox 1151 506 1991 540; baseline 0.004 -7"><span class='ocrx_word' id='word_1_596' title='bbox 1151 507 1250 540; x_wconf 71' lang='lat' dir='ltr'>(t&#39;orma</span> <span class='ocrx_word' id='word_1_597' title='bbox 1269 512 1389 534; x_wconf 81' lang='lat' dir='ltr'>teneatur</span> <span class='ocrx_word' id='word_1_598' title='bbox 1407 508 1476 540; x_wconf 70' lang='lat' dir='ltr'>etc).</span> <span class='ocrx_word' id='word_1_599' title='bbox 1506 506 1556 534; x_wconf 90' lang='lat' dir='ltr'>Th.</span> <span class='ocrx_word' id='word_1_600' title='bbox 1575 507 1606 535; x_wconf 91' lang='lat' dir='ltr'>C.</span> <span class='ocrx_word' id='word_1_601' title='bbox 1626 508 1644 535; x_wconf 94' lang='grc'>1.</span> <span class='ocrx_word' id='word_1_602' title='bbox 1663 511 1687 535; x_wconf 84' lang='grc'>2.</span> <span class='ocrx_word' id='word_1_603' title='bbox 1708 520 1729 535; x_wconf 86' lang='lat' dir='ltr'>c.</span> <span class='ocrx_word' id='word_1_604' title='bbox 1745 511 1767 536; x_wconf 89' lang='lat'>7.</span> <span class='ocrx_word' id='word_1_605' title='bbox 1787 509 1820 535; x_wconf 87' lang='lat' dir='ltr'>de</span> <span class='ocrx_word' id='word_1_606' title='bbox 1839 509 1890 536; x_wconf 82' lang='lat' dir='ltr'>div.</span> <span class='ocrx_word' id='word_1_607' title='bbox 1911 520 1991 536; x_wconf 84' lang='lat' dir='ltr'>rescr.</span> 
     </span>
     <span class='ocr_line' id='line_1_72' title="bbox 1150 550 1991 589; baseline 0.002 -13"><span class='ocrx_word' id='word_1_608' title='bbox 1150 550 1194 576; x_wconf 73' lang='lat' dir='ltr'>XI.</span> <span class='ocrx_word' id='word_1_609' title='bbox 1216 552 1238 576; x_wconf 93' lang='lat'>1.</span> <span class='ocrx_word' id='word_1_610' title='bbox 1263 560 1283 577; x_wconf 92' lang='lat' dir='ltr'>c.</span> <span class='ocrx_word' id='word_1_611' title='bbox 1303 553 1346 577; x_wconf 78' lang='lat'>20.</span> <span class='ocrx_word' id='word_1_612' title='bbox 1375 550 1407 577; x_wconf 86' lang='lat' dir='ltr'>de</span> <span class='ocrx_word' id='word_1_613' title='bbox 1431 560 1489 576; x_wconf 89' lang='lat' dir='ltr'>ann.</span> <span class='ocrx_word' id='word_1_614' title='bbox 1515 555 1541 577; x_wconf 87' lang='lat' dir='ltr'>et</span> <span class='ocrx_word' id='word_1_615' title='bbox 1565 551 1625 578; x_wconf 87' lang='lat' dir='ltr'>trib.</span> <span class='ocrx_word' id='word_1_616' title='bbox 1668 552 1843 578; x_wconf 83' lang='lat' dir='ltr'>Conservatio</span> <span class='ocrx_word' id='word_1_617' title='bbox 1866 552 1991 589; x_wconf 77' lang='lat' dir='ltr'>aequalis.</span> 
     </span>
     <span class='ocr_line' id='line_1_73' title="bbox 1151 592 1992 632; baseline 0.004 -13"><span class='ocrx_word' id='word_1_618' title='bbox 1151 593 1180 619; x_wconf 89' lang='lat' dir='ltr'>t&#39;r.</span> <span class='ocrx_word' id='word_1_619' title='bbox 1202 595 1242 620; x_wconf 83' lang='lat'>19.</span> <span class='ocrx_word' id='word_1_620' title='bbox 1261 603 1301 630; x_wconf 85' lang='lat' dir='ltr'>pr.</span> <span class='ocrx_word' id='word_1_621' title='bbox 1321 593 1353 620; x_wconf 88' lang='lat' dir='ltr'>de</span> <span class='ocrx_word' id='word_1_622' title='bbox 1373 594 1416 620; x_wconf 78' lang='lat' dir='ltr'>off.</span> <span class='ocrx_word' id='word_1_623' title='bbox 1431 592 1518 619; x_wconf 87' lang='lat' dir='ltr'>Praes.</span> <span class='ocrx_word' id='word_1_624' title='bbox 1541 595 1563 619; x_wconf 97' lang='lat' dir='ltr'>l.</span> <span class='ocrx_word' id='word_1_625' title='bbox 1578 595 1618 620; x_wconf 69' lang='lat'>18.</span> <span class='ocrx_word' id='word_1_626' title='bbox 1654 594 1713 621; x_wconf 57' lang='lat' dir='ltr'>Vno</span> <span class='ocrx_word' id='word_1_627' title='bbox 1734 595 1832 631; x_wconf 83' lang='lat' dir='ltr'>impetn</span> <span class='ocrx_word' id='word_1_628' title='bbox 1852 600 1992 632; x_wconf 79' lang='lat' dir='ltr'>utrumque</span> 
     </span>
    </p>
   </div>
   <div class='ocr_carea' id='block_1_7' title="bbox 1127 634 1990 674">
    <p class='ocr_par' dir='ltr' id='par_1_19' title="bbox 1127 634 1990 674">
     <span class='ocr_line' id='line_1_74' title="bbox 1127 634 1990 674; baseline 0.005 -13"><span class='ocrx_word' id='word_1_629' title='bbox 1127 634 1128 640; x_wconf 55' lang='lat'>¹</span> <span class='ocrx_word' id='word_1_630' title='bbox 1150 636 1284 668; x_wconf 75' lang='lat' dir='ltr'>occidere,</span> <span class='ocrx_word' id='word_1_631' title='bbox 1303 636 1405 673; x_wconf 81' lang='lat' dir='ltr'>aequali</span> <span class='ocrx_word' id='word_1_632' title='bbox 1424 637 1461 662; x_wconf 89' lang='lat' dir='ltr'>ira</span> <span class='ocrx_word' id='word_1_633' title='bbox 1481 635 1608 662; x_wconf 76' lang='lat' dir='ltr'>adversus</span> <span class='ocrx_word' id='word_1_634' title='bbox 1627 641 1766 674; x_wconf 85' lang='lat' dir='ltr'>utrumqne</span> <span class='ocrx_word' id='word_1_635' title='bbox 1785 642 1877 664; x_wconf 85' lang='lat' dir='ltr'>sumta.</span> <span class='ocrx_word' id='word_1_636' title='bbox 1906 638 1936 664; x_wconf 82' lang='lat' dir='ltr'>t&#39;r.</span> <span class='ocrx_word' id='word_1_637' title='bbox 1946 640 1990 665; x_wconf 88' lang='lat'>23.</span> 
     </span>
    </p>
   </div>
   <div class='ocr_carea' id='block_1_8' title="bbox 1138 678 2005 2865">
    <p class='ocr_par' dir='ltr' id='par_1_20' title="bbox 1150 678 1992 760">
     <span class='ocr_line' id='line_1_75' title="bbox 1150 678 1992 716; baseline 0.004 -11"><span class='ocrx_word' id='word_1_638' title='bbox 1150 679 1171 713; x_wconf 63' lang='grc' dir='ltr'>ξ.</span> <span class='ocrx_word' id='word_1_639' title='bbox 1191 680 1214 706; x_wconf 95' lang='lat'>4.</span> <span class='ocrx_word' id='word_1_640' title='bbox 1235 679 1266 705; x_wconf 85' lang='lat' dir='ltr'>ad</span> <span class='ocrx_word' id='word_1_641' title='bbox 1285 678 1314 705; x_wconf 91' lang='lat' dir='ltr'>L.</span> <span class='ocrx_word' id='word_1_642' title='bbox 1335 678 1382 705; x_wconf 90' lang='lat' dir='ltr'>Iul.</span> <span class='ocrx_word' id='word_1_643' title='bbox 1402 678 1435 705; x_wconf 87' lang='lat' dir='ltr'>de</span> <span class='ocrx_word' id='word_1_644' title='bbox 1454 678 1493 705; x_wconf 88' lang='lat' dir='ltr'>ad.</span> <span class='ocrx_word' id='word_1_645' title='bbox 1514 680 1555 705; x_wconf 60' lang='lat'>4⁸.</span> <span class='ocrx_word' id='word_1_646' title='bbox 1575 681 1598 705; x_wconf 83' lang='lat'>5.</span> <span class='ocrx_word' id='word_1_647' title='bbox 1628 679 1732 715; x_wconf 84' lang='lat' dir='ltr'>Quodsi</span> <span class='ocrx_word' id='word_1_648' title='bbox 1751 680 1873 716; x_wconf 72' lang='lat' dir='ltr'>aequales</span> <span class='ocrx_word' id='word_1_649' title='bbox 1892 681 1945 707; x_wconf 84' lang='lat' dir='ltr'>sint</span> <span class='ocrx_word' id='word_1_650' title='bbox 1964 682 1992 708; x_wconf 88' lang='lat' dir='ltr'>in</span> 
     </span>
     <span class='ocr_line' id='line_1_76' title="bbox 1150 721 1955 760; baseline 0.002 -12"><span class='ocrx_word' id='word_1_651' title='bbox 1150 722 1254 748; x_wconf 88' lang='lat' dir='ltr'>cumulo</span> <span class='ocrx_word' id='word_1_652' title='bbox 1273 722 1355 748; x_wconf 83' lang='lat' dir='ltr'>debiti</span> <span class='ocrx_word' id='word_1_653' title='bbox 1374 723 1424 755; x_wconf 88' lang='lat' dir='ltr'>(sc.</span> <span class='ocrx_word' id='word_1_654' title='bbox 1444 721 1615 754; x_wconf 76' lang='lat' dir='ltr'>creditores).</span> <span class='ocrx_word' id='word_1_655' title='bbox 1639 721 1669 748; x_wconf 76' lang='lat' dir='ltr'>fr.</span> <span class='ocrx_word' id='word_1_656' title='bbox 1688 724 1712 749; x_wconf 79' lang='lat'>8.</span> <span class='ocrx_word' id='word_1_657' title='bbox 1732 722 1764 749; x_wconf 80' lang='lat' dir='ltr'>de</span> <span class='ocrx_word' id='word_1_658' title='bbox 1783 728 1850 760; x_wconf 76' lang='lat' dir='ltr'>pact.</span> <span class='ocrx_word' id='word_1_659' title='bbox 1869 726 1894 750; x_wconf 87' lang='grc'>2.</span> <span class='ocrx_word' id='word_1_660' title='bbox 1915 725 1955 750; x_wconf 75' lang='lat'>14.</span> 
     </span>
    </p>

    <p class='ocr_par' dir='ltr' id='par_1_21' title="bbox 1151 764 1991 920">
     <span class='ocr_line' id='line_1_77' title="bbox 1184 764 1991 798; baseline 0.001 -6"><span class='ocrx_word' id='word_1_661' title='bbox 1184 764 1421 798; x_wconf 54' lang='lat' dir='ltr'>iit-qualitas.</span> <span class='ocrx_word' id='word_1_662' title='bbox 1437 767 1594 797; x_wconf 70' lang='lat' dir='ltr'>paritas,</span> <span class='ocrx_word' id='word_1_663' title='bbox 1615 766 1657 792; x_wconf 87' lang='lat' dir='ltr'>Co</span> <span class='ocrx_word' id='word_1_664' title='bbox 1666 768 1854 792; x_wconf 75' lang='lat' dir='ltr'>manantia.</span> <span class='ocrx_word' id='word_1_665' title='bbox 1874 765 1991 794; x_wconf 65' lang='lat'>1111511.</span> 
     </span>
     <span class='ocr_line' id='line_1_78' title="bbox 1151 807 1991 845; baseline 0.001 -11"><span class='ocrx_word' id='word_1_666' title='bbox 1151 808 1198 834; x_wconf 90' lang='lat' dir='ltr'>Sin</span> <span class='ocrx_word' id='word_1_667' title='bbox 1218 813 1303 834; x_wconf 80' lang='lat' dir='ltr'>autem</span> <span class='ocrx_word' id='word_1_668' title='bbox 1327 809 1412 834; x_wconf 82' lang='lat' dir='ltr'>onmia</span> <span class='ocrx_word' id='word_1_669' title='bbox 1436 807 1552 843; x_wconf 89' lang='lat' dir='ltr'>undique</span> <span class='ocrx_word' id='word_1_670' title='bbox 1578 808 1605 834; x_wconf 90' lang='lat' dir='ltr'>in</span> <span class='ocrx_word' id='word_1_671' title='bbox 1624 817 1701 834; x_wconf 86' lang='lat' dir='ltr'>uuam</span> <span class='ocrx_word' id='word_1_672' title='bbox 1725 809 1907 845; x_wconf 83' lang='lat' dir='ltr'>aequalitatem</span> <span class='ocrx_word' id='word_1_673' title='bbox 1931 819 1991 835; x_wconf 92' lang='lat' dir='ltr'>con-</span> 
     </span>
     <span class='ocr_line' id='line_1_79' title="bbox 1151 850 1991 887; baseline 0.001 -10"><span class='ocrx_word' id='word_1_674' title='bbox 1151 855 1264 877; x_wconf 85' lang='lat' dir='ltr'>currant.</span> <span class='ocrx_word' id='word_1_675' title='bbox 1293 850 1324 877; x_wconf 84' lang='lat' dir='ltr'>fr.</span> <span class='ocrx_word' id='word_1_676' title='bbox 1343 851 1367 877; x_wconf 76' lang='lat'>8.</span> <span class='ocrx_word' id='word_1_677' title='bbox 1392 850 1409 877; x_wconf 92' lang='lat' dir='ltr'>l.</span> <span class='ocrx_word' id='word_1_678' title='bbox 1428 852 1453 877; x_wconf 84' lang='lat'>2.</span> <span class='ocrx_word' id='word_1_679' title='bbox 1474 852 1515 877; x_wconf 71' lang='lat'>14.</span> <span class='ocrx_word' id='word_1_680' title='bbox 1553 850 1689 877; x_wconf 83' lang='lat' dir='ltr'>Eiusmodi</span> <span class='ocrx_word' id='word_1_681' title='bbox 1714 851 1870 887; x_wconf 76' lang='lat' dir='ltr'>aequalitate</span> <span class='ocrx_word' id='word_1_682' title='bbox 1889 857 1991 879; x_wconf 78' lang='lat' dir='ltr'>servata</span> 
     </span>
     <span class='ocr_line' id='line_1_80' title="bbox 1151 893 1769 920; baseline -0.002 0"><span class='ocrx_word' id='word_1_683' title='bbox 1151 899 1198 920; x_wconf 74' lang='lat' dir='ltr'>ete.</span> <span class='ocrx_word' id='word_1_684' title='bbox 1237 893 1287 920; x_wconf 86' lang='lat' dir='ltr'>Tb.</span> <span class='ocrx_word' id='word_1_685' title='bbox 1306 894 1337 920; x_wconf 82' lang='lat' dir='ltr'>C.</span> <span class='ocrx_word' id='word_1_686' title='bbox 1356 893 1425 920; x_wconf 73' lang='lat' dir='ltr'>XIII.</span> <span class='ocrx_word' id='word_1_687' title='bbox 1446 895 1487 920; x_wconf 92' lang='grc'>11.</span> <span class='ocrx_word' id='word_1_688' title='bbox 1507 904 1528 920; x_wconf 89' lang='lat' dir='ltr'>c.</span> <span class='ocrx_word' id='word_1_689' title='bbox 1549 896 1572 920; x_wconf 72' lang='grc' dir='ltr'>ὅ.</span> <span class='ocrx_word' id='word_1_690' title='bbox 1593 893 1626 920; x_wconf 85' lang='lat' dir='ltr'>de</span> <span class='ocrx_word' id='word_1_691' title='bbox 1645 894 1769 920; x_wconf 82' lang='lat' dir='ltr'>censitor.</span> 
     </span>
    </p>

    <p class='ocr_par' dir='ltr' id='par_1_22' title="bbox 1148 936 1991 1185">
     <span class='ocr_line' id='line_1_81' title="bbox 1184 936 1991 972; baseline 0.001 -9"><span class='ocrx_word' id='word_1_692' title='bbox 1184 936 1419 969; x_wconf 71' lang='lat' dir='ltr'>Aequaliter.</span> <span class='ocrx_word' id='word_1_693' title='bbox 1452 936 1575 970; x_wconf 79' lang='lat' dir='ltr'>(Advb.)</span> <span class='ocrx_word' id='word_1_694' title='bbox 1612 939 1754 964; x_wconf 80' lang='lat' dir='ltr'>Pariter.</span> <span class='ocrx_word' id='word_1_695' title='bbox 1791 937 1810 963; x_wconf 95' lang='grc' dir='ltr'>Ι.</span> <span class='ocrx_word' id='word_1_696' title='bbox 1830 938 1892 972; x_wconf 76' lang='lat' dir='ltr'>Sy.</span> <span class='ocrx_word' id='word_1_697' title='bbox 1928 937 1991 965; x_wconf 88' lang='lat' dir='ltr'>Por—</span> 
     </span>
     <span class='ocr_line' id='line_1_82' title="bbox 1150 978 1988 1018; baseline 0.001 -12"><span class='ocrx_word' id='word_1_698' title='bbox 1150 980 1266 1006; x_wconf 88' lang='lat' dir='ltr'>tionibus</span> <span class='ocrx_word' id='word_1_699' title='bbox 1285 979 1406 1006; x_wconf 89' lang='lat' dir='ltr'>virilibus</span> <span class='ocrx_word' id='word_1_700' title='bbox 1426 978 1598 1015; x_wconf 79' lang='lat' dir='ltr'>(adquirere).</span> <span class='ocrx_word' id='word_1_701' title='bbox 1618 978 1648 1005; x_wconf 85' lang='lat' dir='ltr'>sr.</span> <span class='ocrx_word' id='word_1_702' title='bbox 1664 981 1686 1006; x_wconf 89' lang='lat'>7.</span> <span class='ocrx_word' id='word_1_703' title='bbox 1706 990 1746 1017; x_wconf 87' lang='lat' dir='ltr'>pr.</span> <span class='ocrx_word' id='word_1_704' title='bbox 1767 979 1799 1006; x_wconf 79' lang='lat' dir='ltr'>de</span> <span class='ocrx_word' id='word_1_705' title='bbox 1817 980 1906 1018; x_wconf 84' lang='lat' dir='ltr'>stipul.</span> <span class='ocrx_word' id='word_1_706' title='bbox 1921 991 1988 1008; x_wconf 80' lang='lat' dir='ltr'>serv.</span> 
     </span>
     <span class='ocr_line' id='line_1_83' title="bbox 1148 1021 1989 1058; baseline 0.002 -9"><span class='ocrx_word' id='word_1_707' title='bbox 1148 1025 1190 1049; x_wconf 85' lang='lat'>45.</span> <span class='ocrx_word' id='word_1_708' title='bbox 1209 1024 1233 1049; x_wconf 85' lang='lat'>3.</span> <span class='ocrx_word' id='word_1_709' title='bbox 1271 1022 1313 1049; x_wconf 85' lang='grc'>111.</span> <span class='ocrx_word' id='word_1_710' title='bbox 1332 1023 1397 1050; x_wconf 76' lang='lat' dir='ltr'>Cn.</span> <span class='ocrx_word' id='word_1_711' title='bbox 1424 1021 1579 1058; x_wconf 81' lang='lat' dir='ltr'>Aequaliter</span> <span class='ocrx_word' id='word_1_712' title='bbox 1597 1032 1688 1049; x_wconf 89' lang='lat' dir='ltr'>omnes</span> <span class='ocrx_word' id='word_1_713' title='bbox 1709 1022 1827 1056; x_wconf 81' lang='lat' dir='ltr'>(habere,</span> <span class='ocrx_word' id='word_1_714' title='bbox 1845 1033 1869 1050; x_wconf 90' lang='lat' dir='ltr'>v.</span> <span class='ocrx_word' id='word_1_715' title='bbox 1884 1025 1989 1058; x_wconf 84' lang='lat' dir='ltr'>teneri).</span> 
     </span>
     <span class='ocr_line' id='line_1_84' title="bbox 1148 1064 1988 1100; baseline 0.002 -8"><span class='ocrx_word' id='word_1_716' title='bbox 1148 1066 1178 1092; x_wconf 88' lang='lat' dir='ltr'>fr.</span> <span class='ocrx_word' id='word_1_717' title='bbox 1200 1068 1240 1092; x_wconf 82' lang='lat'>15.</span> <span class='ocrx_word' id='word_1_718' title='bbox 1260 1066 1282 1100; x_wconf 85' lang='lat'>§.</span> <span class='ocrx_word' id='word_1_719' title='bbox 1303 1067 1343 1092; x_wconf 66' lang='lat'>1⁸.</span> <span class='ocrx_word' id='word_1_720' title='bbox 1363 1065 1395 1092; x_wconf 86' lang='lat' dir='ltr'>de.</span> <span class='ocrx_word' id='word_1_721' title='bbox 1415 1064 1499 1091; x_wconf 83' lang='lat' dir='ltr'>damn.</span> <span class='ocrx_word' id='word_1_722' title='bbox 1519 1064 1563 1091; x_wconf 80' lang='lat' dir='ltr'>ins.</span> <span class='ocrx_word' id='word_1_723' title='bbox 1582 1066 1624 1091; x_wconf 84' lang='lat'>39.</span> <span class='ocrx_word' id='word_1_724' title='bbox 1643 1067 1668 1091; x_wconf 85' lang='lat'>2.</span> <span class='ocrx_word' id='word_1_725' title='bbox 1689 1076 1710 1092; x_wconf 93' lang='lat' dir='ltr'>c.</span> <span class='ocrx_word' id='word_1_726' title='bbox 1729 1068 1753 1092; x_wconf 90' lang='lat'>2.</span> <span class='ocrx_word' id='word_1_727' title='bbox 1780 1067 1802 1092; x_wconf 92' lang='lat' dir='ltr'>si</span> <span class='ocrx_word' id='word_1_728' title='bbox 1822 1071 1869 1093; x_wconf 88' lang='lat' dir='ltr'>tut.</span> <span class='ocrx_word' id='word_1_729' title='bbox 1888 1077 1913 1093; x_wconf 78' lang='lat' dir='ltr'>v.</span> <span class='ocrx_word' id='word_1_730' title='bbox 1936 1077 1988 1094; x_wconf 88' lang='lat' dir='ltr'>cur.</span> 
     </span>
     <span class='ocr_line' id='line_1_85' title="bbox 1149 1107 1990 1147; baseline 0.001 -12"><span class='ocrx_word' id='word_1_731' title='bbox 1149 1119 1201 1135; x_wconf 89' lang='lat' dir='ltr'>non</span> <span class='ocrx_word' id='word_1_732' title='bbox 1220 1119 1288 1145; x_wconf 79' lang='lat' dir='ltr'>gess.</span> <span class='ocrx_word' id='word_1_733' title='bbox 1308 1111 1332 1135; x_wconf 84' lang='lat'>5.</span> <span class='ocrx_word' id='word_1_734' title='bbox 1351 1110 1392 1134; x_wconf 82' lang='lat'>55.</span> <span class='ocrx_word' id='word_1_735' title='bbox 1429 1107 1584 1144; x_wconf 83' lang='lat' dir='ltr'>Aequaliter</span> <span class='ocrx_word' id='word_1_736' title='bbox 1602 1109 1736 1145; x_wconf 80' lang='lat' dir='ltr'>pertinere</span> <span class='ocrx_word' id='word_1_737' title='bbox 1755 1108 1787 1135; x_wconf 90' lang='lat' dir='ltr'>ad</span> <span class='ocrx_word' id='word_1_738' title='bbox 1811 1109 1909 1143; x_wconf 87' lang='lat' dir='ltr'>(duos,</span> <span class='ocrx_word' id='word_1_739' title='bbox 1932 1109 1990 1147; x_wconf 88' lang='lat' dir='ltr'>plu-</span> 
     </span>
     <span class='ocr_line' id='line_1_86' title="bbox 1148 1150 1539 1185; baseline -0.003 -7"><span class='ocrx_word' id='word_1_740' title='bbox 1148 1162 1225 1178; x_wconf 77' lang='lat' dir='ltr'>resve</span> <span class='ocrx_word' id='word_1_741' title='bbox 1245 1152 1321 1185; x_wconf 59' lang='lat' dir='ltr'>etc).</span> <span class='ocrx_word' id='word_1_742' title='bbox 1359 1150 1416 1177; x_wconf 85' lang='lat' dir='ltr'>Gai.</span> <span class='ocrx_word' id='word_1_743' title='bbox 1436 1150 1478 1177; x_wconf 88' lang='lat'>111.</span> <span class='ocrx_word' id='word_1_744' title='bbox 1498 1152 1539 1177; x_wconf 82' lang='lat'>59.</span> 
     </span>
    </p>

    <p class='ocr_par' dir='ltr' id='par_1_23' title="bbox 1147 1194 2005 1320">
     <span class='ocr_line' id='line_1_87' title="bbox 1182 1194 1988 1228; baseline 0.002 -6"><span class='ocrx_word' id='word_1_745' title='bbox 1182 1194 1485 1228; x_wconf 75' lang='lat' dir='ltr'>Aequanimitas.</span> <span class='ocrx_word' id='word_1_746' title='bbox 1528 1195 1655 1228; x_wconf 77' lang='lat' dir='ltr'>Aequus</span> <span class='ocrx_word' id='word_1_747' title='bbox 1683 1197 1818 1222; x_wconf 77' lang='lat' dir='ltr'>animus.</span> <span class='ocrx_word' id='word_1_748' title='bbox 1859 1195 1901 1222; x_wconf 90' lang='lat' dir='ltr'>III.</span> <span class='ocrx_word' id='word_1_749' title='bbox 1922 1197 1988 1224; x_wconf 77' lang='lat' dir='ltr'>Gn.</span> 
     </span>
     <span class='ocr_line' id='line_1_88' title="bbox 1148 1236 1988 1275; baseline 0.005 -12"><span class='ocrx_word' id='word_1_750' title='bbox 1148 1237 1259 1275; x_wconf 85' lang='lat' dir='ltr'>Proprio</span> <span class='ocrx_word' id='word_1_751' title='bbox 1275 1238 1503 1274; x_wconf 80' lang='lat' dir='ltr'>aequanimitatem</span> <span class='ocrx_word' id='word_1_752' title='bbox 1516 1236 1641 1263; x_wconf 83' lang='lat' dir='ltr'>docemus</span> <span class='ocrx_word' id='word_1_753' title='bbox 1655 1238 1786 1275; x_wconf 80' lang='lat' dir='ltr'>exemplo,</span> <span class='ocrx_word' id='word_1_754' title='bbox 1805 1238 1831 1265; x_wconf 90' lang='lat' dir='ltr'>id</span> <span class='ocrx_word' id='word_1_755' title='bbox 1847 1241 1988 1267; x_wconf 87' lang='lat' dir='ltr'>contemtui</span> 
     </span>
     <span class='ocr_line' id='line_1_89' title="bbox 1147 1279 2005 1320; baseline 0.002 -13"><span class='ocrx_word' id='word_1_756' title='bbox 1147 1280 1238 1307; x_wconf 86' lang='lat' dir='ltr'>haberi</span> <span class='ocrx_word' id='word_1_757' title='bbox 1257 1285 1306 1307; x_wconf 82' lang='lat' dir='ltr'>etc.</span> <span class='ocrx_word' id='word_1_758' title='bbox 1335 1279 1385 1307; x_wconf 88' lang='lat' dir='ltr'>Th.</span> <span class='ocrx_word' id='word_1_759' title='bbox 1406 1280 1436 1307; x_wconf 84' lang='lat' dir='ltr'>C.</span> <span class='ocrx_word' id='word_1_760' title='bbox 1455 1279 1501 1306; x_wconf 75' lang='lat' dir='ltr'>XI.</span> <span class='ocrx_word' id='word_1_761' title='bbox 1524 1281 1563 1306; x_wconf 90' lang='lat'>13.</span> <span class='ocrx_word' id='word_1_762' title='bbox 1584 1289 1606 1305; x_wconf 86' lang='lat' dir='ltr'>c.</span> <span class='ocrx_word' id='word_1_763' title='bbox 1627 1281 1650 1306; x_wconf 95' lang='lat' dir='ltr'>l.</span> <span class='ocrx_word' id='word_1_764' title='bbox 1670 1281 1693 1306; x_wconf 88' lang='lat' dir='ltr'>si</span> <span class='ocrx_word' id='word_1_765' title='bbox 1711 1290 1758 1317; x_wconf 84' lang='lat' dir='ltr'>per</span> <span class='ocrx_word' id='word_1_766' title='bbox 1777 1281 1879 1320; x_wconf 84' lang='lat' dir='ltr'>obrept.</span> <span class='ocrx_word' id='word_1_767' title='bbox 1998 1279 2005 1283; x_wconf 57' lang='grc'><em>”</em></span> 
     </span>
    </p>

    <p class='ocr_par' dir='ltr' id='par_1_24' title="bbox 1146 1324 1989 1619">
     <span class='ocr_line' id='line_1_90' title="bbox 1182 1324 1989 1360; baseline 0.002 -9"><span class='ocrx_word' id='word_1_768' title='bbox 1182 1325 1370 1357; x_wconf 69' lang='lat' dir='ltr'>Aequam.</span> <span class='ocrx_word' id='word_1_769' title='bbox 1412 1325 1586 1358; x_wconf 79' lang='lat' dir='ltr'>Aequalem</span> <span class='ocrx_word' id='word_1_770' title='bbox 1608 1324 1732 1359; x_wconf 80' lang='lat' dir='ltr'>facere.</span> <span class='ocrx_word' id='word_1_771' title='bbox 1771 1324 1790 1350; x_wconf 96' lang='lat' dir='ltr'>I.</span> <span class='ocrx_word' id='word_1_772' title='bbox 1814 1326 1876 1360; x_wconf 69' lang='lat' dir='ltr'>Sy.</span> <span class='ocrx_word' id='word_1_773' title='bbox 1905 1325 1989 1353; x_wconf 77' lang='lat' dir='ltr'>Exae-</span> 
     </span>
     <span class='ocr_line' id='line_1_91' title="bbox 1148 1365 1987 1405; baseline 0.004 -12"><span class='ocrx_word' id='word_1_774' title='bbox 1148 1377 1236 1403; x_wconf 85' lang='lat' dir='ltr'>quare.</span> <span class='ocrx_word' id='word_1_775' title='bbox 1265 1366 1429 1403; x_wconf 87' lang='lat' dir='ltr'>Adaequare.</span> <span class='ocrx_word' id='word_1_776' title='bbox 1453 1366 1490 1393; x_wconf 91' lang='lat' dir='ltr'>lb.</span> <span class='ocrx_word' id='word_1_777' title='bbox 1511 1365 1554 1392; x_wconf 53' lang='lat' dir='ltr'>VI.</span> <span class='ocrx_word' id='word_1_778' title='bbox 1575 1367 1615 1392; x_wconf 89' lang='grc'>10.</span> <span class='ocrx_word' id='word_1_779' title='bbox 1635 1376 1657 1392; x_wconf 86' lang='lat' dir='ltr'>c.</span> <span class='ocrx_word' id='word_1_780' title='bbox 1676 1368 1700 1392; x_wconf 87' lang='lat'>2.</span> <span class='ocrx_word' id='word_1_781' title='bbox 1721 1376 1742 1393; x_wconf 89' lang='lat' dir='ltr'>c.</span> <span class='ocrx_word' id='word_1_782' title='bbox 1762 1368 1786 1393; x_wconf 88' lang='lat'>3.</span> <span class='ocrx_word' id='word_1_783' title='bbox 1807 1367 1838 1395; x_wconf 80' lang='lat' dir='ltr'>de</span> <span class='ocrx_word' id='word_1_784' title='bbox 1857 1369 1987 1405; x_wconf 82' lang='lat' dir='ltr'>primicer.</span> 
     </span>
     <span class='ocr_line' id='line_1_92' title="bbox 1146 1408 1986 1446; baseline 0.002 -9"><span class='ocrx_word' id='word_1_785' title='bbox 1146 1410 1190 1437; x_wconf 55' lang='grc'>11.</span> <span class='ocrx_word' id='word_1_786' title='bbox 1212 1411 1252 1436; x_wconf 90' lang='lat'>14.</span> <span class='ocrx_word' id='word_1_787' title='bbox 1273 1420 1294 1436; x_wconf 92' lang='lat' dir='ltr'>c.</span> <span class='ocrx_word' id='word_1_788' title='bbox 1313 1411 1337 1436; x_wconf 97' lang='lat'>3.</span> <span class='ocrx_word' id='word_1_789' title='bbox 1357 1409 1390 1436; x_wconf 83' lang='lat' dir='ltr'>de</span> <span class='ocrx_word' id='word_1_790' title='bbox 1409 1410 1496 1436; x_wconf 88' lang='lat' dir='ltr'>comit.</span> <span class='ocrx_word' id='word_1_791' title='bbox 1515 1409 1547 1436; x_wconf 84' lang='lat' dir='ltr'>R.</span> <span class='ocrx_word' id='word_1_792' title='bbox 1566 1408 1599 1436; x_wconf 83' lang='grc' dir='ltr'>Μ.</span> <span class='ocrx_word' id='word_1_793' title='bbox 1638 1408 1805 1446; x_wconf 84' lang='lat' dir='ltr'>Componere</span> <span class='ocrx_word' id='word_1_794' title='bbox 1825 1411 1916 1445; x_wconf 89' lang='lat' dir='ltr'>(aliis).</span> <span class='ocrx_word' id='word_1_795' title='bbox 1949 1411 1986 1439; x_wconf 85' lang='lat' dir='ltr'>lb.</span> 
     </span>
     <span class='ocr_line' id='line_1_93' title="bbox 1147 1452 1989 1491; baseline 0.002 -11"><span class='ocrx_word' id='word_1_796' title='bbox 1147 1453 1190 1480; x_wconf 61' lang='grc'>11.</span> <span class='ocrx_word' id='word_1_797' title='bbox 1212 1455 1251 1480; x_wconf 85' lang='grc'>10.</span> <span class='ocrx_word' id='word_1_798' title='bbox 1272 1454 1328 1479; x_wconf 81' lang='lat' dir='ltr'>c.2.</span> <span class='ocrx_word' id='word_1_799' title='bbox 1345 1452 1361 1479; x_wconf 91' lang='lat' dir='ltr'>l.</span> <span class='ocrx_word' id='word_1_800' title='bbox 1399 1452 1440 1479; x_wconf 93' lang='grc' dir='ltr'>ΙΙΙ.</span> <span class='ocrx_word' id='word_1_801' title='bbox 1462 1454 1528 1480; x_wconf 74' lang='lat' dir='ltr'>Cn.</span> <span class='ocrx_word' id='word_1_802' title='bbox 1556 1452 1632 1488; x_wconf 85' lang='lat' dir='ltr'>Quos</span> <span class='ocrx_word' id='word_1_803' title='bbox 1651 1462 1698 1489; x_wconf 86' lang='lat' dir='ltr'>par</span> <span class='ocrx_word' id='word_1_804' title='bbox 1717 1452 1816 1480; x_wconf 83' lang='lat' dir='ltr'>facinus</span> <span class='ocrx_word' id='word_1_805' title='bbox 1837 1455 1989 1491; x_wconf 81' lang='lat' dir='ltr'>coinquinat</span> 
     </span>
     <span class='ocr_line' id='line_1_94' title="bbox 1147 1495 1988 1534; baseline 0.004 -12"><span class='ocrx_word' id='word_1_806' title='bbox 1147 1501 1172 1523; x_wconf 82' lang='lat' dir='ltr'>et</span> <span class='ocrx_word' id='word_1_807' title='bbox 1187 1501 1288 1532; x_wconf 81' lang='lat' dir='ltr'>aequat.</span> <span class='ocrx_word' id='word_1_808' title='bbox 1309 1506 1330 1522; x_wconf 86' lang='lat' dir='ltr'>c.</span> <span class='ocrx_word' id='word_1_809' title='bbox 1344 1497 1385 1522; x_wconf 90' lang='lat'>31.</span> <span class='ocrx_word' id='word_1_810' title='bbox 1406 1495 1438 1522; x_wconf 83' lang='lat' dir='ltr'>de</span> <span class='ocrx_word' id='word_1_811' title='bbox 1452 1497 1531 1533; x_wconf 84' lang='lat' dir='ltr'>episc.</span> <span class='ocrx_word' id='word_1_812' title='bbox 1547 1500 1573 1522; x_wconf 85' lang='lat' dir='ltr'>et</span> <span class='ocrx_word' id='word_1_813' title='bbox 1587 1495 1648 1522; x_wconf 87' lang='lat' dir='ltr'>cler.</span> <span class='ocrx_word' id='word_1_814' title='bbox 1665 1497 1687 1522; x_wconf 95' lang='lat'>1.</span> <span class='ocrx_word' id='word_1_815' title='bbox 1700 1497 1725 1522; x_wconf 89' lang='grc'>3.</span> <span class='ocrx_word' id='word_1_816' title='bbox 1753 1495 1809 1523; x_wconf 71' lang='lat' dir='ltr'>Nec</span> <span class='ocrx_word' id='word_1_817' title='bbox 1824 1502 1988 1534; x_wconf 83' lang='lat' dir='ltr'>praeterean-</span> 
     </span>
     <span class='ocr_line' id='line_1_95' title="bbox 1146 1539 1984 1575; baseline 0.004 -10"><span class='ocrx_word' id='word_1_818' title='bbox 1146 1544 1189 1565; x_wconf 87' lang='lat' dir='ltr'>tur</span> <span class='ocrx_word' id='word_1_819' title='bbox 1208 1543 1236 1565; x_wconf 88' lang='lat' dir='ltr'>ut</span> <span class='ocrx_word' id='word_1_820' title='bbox 1255 1540 1394 1575; x_wconf 82' lang='lat' dir='ltr'>incogniti,</span> <span class='ocrx_word' id='word_1_821' title='bbox 1421 1544 1499 1575; x_wconf 87' lang='lat' dir='ltr'>atque</span> <span class='ocrx_word' id='word_1_822' title='bbox 1518 1544 1546 1566; x_wconf 86' lang='lat' dir='ltr'>ut</span> <span class='ocrx_word' id='word_1_823' title='bbox 1565 1548 1617 1565; x_wconf 90' lang='lat' dir='ltr'>non</span> <span class='ocrx_word' id='word_1_824' title='bbox 1637 1539 1765 1575; x_wconf 86' lang='lat' dir='ltr'>aequandi</span> <span class='ocrx_word' id='word_1_825' title='bbox 1784 1539 1846 1567; x_wconf 86' lang='lat' dir='ltr'>illis.</span> <span class='ocrx_word' id='word_1_826' title='bbox 1884 1539 1933 1568; x_wconf 90' lang='lat' dir='ltr'>Th.</span> <span class='ocrx_word' id='word_1_827' title='bbox 1954 1540 1984 1568; x_wconf 87' lang='lat' dir='ltr'>C.</span> 
     </span>
     <span class='ocr_line' id='line_1_96' title="bbox 1146 1581 1738 1619; baseline 0 -11"><span class='ocrx_word' id='word_1_828' title='bbox 1146 1581 1190 1608; x_wconf 53' lang='grc'>11.</span> <span class='ocrx_word' id='word_1_829' title='bbox 1211 1583 1235 1608; x_wconf 90' lang='lat'>9.</span> <span class='ocrx_word' id='word_1_830' title='bbox 1256 1592 1277 1608; x_wconf 88' lang='lat' dir='ltr'>e.</span> <span class='ocrx_word' id='word_1_831' title='bbox 1297 1584 1321 1608; x_wconf 86' lang='lat'>2.</span> <span class='ocrx_word' id='word_1_832' title='bbox 1341 1592 1380 1619; x_wconf 85' lang='lat' dir='ltr'>pr.</span> <span class='ocrx_word' id='word_1_833' title='bbox 1401 1581 1434 1608; x_wconf 85' lang='lat' dir='ltr'>de</span> <span class='ocrx_word' id='word_1_834' title='bbox 1454 1583 1563 1618; x_wconf 79' lang='lat' dir='ltr'>Quaest.</span> <span class='ocrx_word' id='word_1_835' title='bbox 1582 1581 1647 1617; x_wconf 75' lang='lat' dir='ltr'>Mag.</span> <span class='ocrx_word' id='word_1_836' title='bbox 1668 1581 1738 1608; x_wconf 81' lang='lat' dir='ltr'>offic.</span> 
     </span>
    </p>

    <p class='ocr_par' dir='ltr' id='par_1_25' title="bbox 1142 1624 1985 2082">
     <span class='ocr_line' id='line_1_97' title="bbox 1180 1624 1984 1661; baseline 0.002 -9"><span class='ocrx_word' id='word_1_837' title='bbox 1180 1626 1323 1658; x_wconf 76' lang='lat' dir='ltr'>Aeque.</span> <span class='ocrx_word' id='word_1_838' title='bbox 1353 1624 1465 1658; x_wconf 82' lang='lat' dir='ltr'>(Advb.)</span> <span class='ocrx_word' id='word_1_839' title='bbox 1502 1626 1650 1657; x_wconf 80' lang='lat' dir='ltr'>Pariter,</span> <span class='ocrx_word' id='word_1_840' title='bbox 1675 1627 1847 1652; x_wconf 79' lang='lat' dir='ltr'>Similiter.</span> <span class='ocrx_word' id='word_1_841' title='bbox 1884 1625 1903 1652; x_wconf 91' lang='lat' dir='ltr'>I.</span> <span class='ocrx_word' id='word_1_842' title='bbox 1923 1627 1984 1661; x_wconf 76' lang='lat' dir='ltr'>Sy.</span> 
     </span>
     <span class='ocr_line' id='line_1_98' title="bbox 1145 1667 1984 1704; baseline 0.004 -11"><span class='ocrx_word' id='word_1_843' title='bbox 1145 1667 1243 1694; x_wconf 85' lang='lat' dir='ltr'>Eadem</span> <span class='ocrx_word' id='word_1_844' title='bbox 1262 1667 1387 1695; x_wconf 84' lang='lat' dir='ltr'>bonitate.</span> <span class='ocrx_word' id='word_1_845' title='bbox 1423 1668 1516 1704; x_wconf 79' lang='lat' dir='ltr'>Aeque</span> <span class='ocrx_word' id='word_1_846' title='bbox 1535 1667 1640 1694; x_wconf 89' lang='lat' dir='ltr'>bonum.</span> <span class='ocrx_word' id='word_1_847' title='bbox 1669 1667 1699 1694; x_wconf 84' lang='lat' dir='ltr'>sr.</span> <span class='ocrx_word' id='word_1_848' title='bbox 1713 1670 1737 1695; x_wconf 87' lang='lat'>3.</span> <span class='ocrx_word' id='word_1_849' title='bbox 1757 1668 1789 1695; x_wconf 85' lang='lat' dir='ltr'>de.</span> <span class='ocrx_word' id='word_1_850' title='bbox 1808 1668 1839 1695; x_wconf 83' lang='lat' dir='ltr'>R.</span> <span class='ocrx_word' id='word_1_851' title='bbox 1854 1668 1884 1695; x_wconf 87' lang='lat' dir='ltr'>C.</span> <span class='ocrx_word' id='word_1_852' title='bbox 1906 1671 1945 1696; x_wconf 89' lang='lat'>12.</span> <span class='ocrx_word' id='word_1_853' title='bbox 1962 1671 1984 1696; x_wconf 90' lang='lat' dir='ltr'>l.</span> 
     </span>
     <span class='ocr_line' id='line_1_99' title="bbox 1145 1710 1984 1748; baseline 0.002 -11"><span class='ocrx_word' id='word_1_854' title='bbox 1145 1710 1186 1737; x_wconf 80' lang='lat' dir='ltr'>Ex</span> <span class='ocrx_word' id='word_1_855' title='bbox 1205 1710 1336 1737; x_wconf 87' lang='lat' dir='ltr'>similibus</span> <span class='ocrx_word' id='word_1_856' title='bbox 1355 1710 1474 1748; x_wconf 81' lang='lat' dir='ltr'>partibus</span> <span class='ocrx_word' id='word_1_857' title='bbox 1495 1710 1618 1743; x_wconf 86' lang='lat' dir='ltr'>(heredes</span> <span class='ocrx_word' id='word_1_858' title='bbox 1633 1720 1700 1743; x_wconf 77' lang='lat' dir='ltr'>esse,</span> <span class='ocrx_word' id='word_1_859' title='bbox 1720 1721 1744 1737; x_wconf 86' lang='lat' dir='ltr'>v.</span> <span class='ocrx_word' id='word_1_860' title='bbox 1758 1712 1881 1745; x_wconf 91' lang='lat' dir='ltr'>institui).</span> <span class='ocrx_word' id='word_1_861' title='bbox 1901 1712 1931 1738; x_wconf 79' lang='lat' dir='ltr'>t&#39;r.</span> <span class='ocrx_word' id='word_1_862' title='bbox 1944 1714 1984 1739; x_wconf 84' lang='lat'>13.</span> 
     </span>
     <span class='ocr_line' id='line_1_100' title="bbox 1145 1753 1985 1791; baseline 0.002 -11"><span class='ocrx_word' id='word_1_863' title='bbox 1145 1764 1183 1790; x_wconf 85' lang='lat' dir='ltr'>pr.</span> <span class='ocrx_word' id='word_1_864' title='bbox 1209 1753 1240 1780; x_wconf 89' lang='lat' dir='ltr'>de</span> <span class='ocrx_word' id='word_1_865' title='bbox 1265 1753 1354 1780; x_wconf 80' lang='lat' dir='ltr'>hered.</span> <span class='ocrx_word' id='word_1_866' title='bbox 1380 1755 1440 1780; x_wconf 90' lang='lat' dir='ltr'>inst.</span> <span class='ocrx_word' id='word_1_867' title='bbox 1467 1755 1509 1780; x_wconf 64' lang='lat'>2⁸.</span> <span class='ocrx_word' id='word_1_868' title='bbox 1529 1756 1554 1780; x_wconf 90' lang='lat'>5.</span> <span class='ocrx_word' id='word_1_869' title='bbox 1596 1753 1638 1780; x_wconf 89' lang='grc' dir='ltr'>ΠΙ.</span> <span class='ocrx_word' id='word_1_870' title='bbox 1659 1755 1725 1781; x_wconf 69' lang='grc' dir='ltr'>(Ἶι.</span> <span class='ocrx_word' id='word_1_871' title='bbox 1756 1754 1848 1791; x_wconf 79' lang='lat' dir='ltr'>Aeque</span> <span class='ocrx_word' id='word_1_872' title='bbox 1876 1754 1985 1782; x_wconf 88' lang='lat' dir='ltr'>eandem</span> 
     </span>
     <span class='ocr_line' id='line_1_101' title="bbox 1145 1796 1983 1834; baseline 0.004 -12"><span class='ocrx_word' id='word_1_873' title='bbox 1145 1796 1241 1823; x_wconf 84' lang='lat' dir='ltr'>habere</span> <span class='ocrx_word' id='word_1_874' title='bbox 1260 1796 1483 1830; x_wconf 82' lang='lat' dir='ltr'>(definitionem).</span> <span class='ocrx_word' id='word_1_875' title='bbox 1508 1796 1538 1823; x_wconf 78' lang='lat' dir='ltr'>fr.</span> <span class='ocrx_word' id='word_1_876' title='bbox 1558 1798 1600 1823; x_wconf 80' lang='lat'>55.</span> <span class='ocrx_word' id='word_1_877' title='bbox 1619 1797 1641 1831; x_wconf 63' lang='grc' dir='ltr'>ξ.</span> <span class='ocrx_word' id='word_1_878' title='bbox 1661 1799 1685 1823; x_wconf 81' lang='grc'>8.</span> <span class='ocrx_word' id='word_1_879' title='bbox 1705 1796 1738 1823; x_wconf 85' lang='lat' dir='ltr'>de</span> <span class='ocrx_word' id='word_1_880' title='bbox 1756 1796 1832 1834; x_wconf 75' lang='lat' dir='ltr'>legat.</span> <span class='ocrx_word' id='word_1_881' title='bbox 1852 1797 1894 1824; x_wconf 89' lang='lat'>111.</span> <span class='ocrx_word' id='word_1_882' title='bbox 1915 1799 1983 1832; x_wconf 83' lang='lat'>(32.)</span> 
     </span>
     <span class='ocr_line' id='line_1_102' title="bbox 1143 1839 1982 1876; baseline 0.002 -10"><span class='ocrx_word' id='word_1_883' title='bbox 1143 1840 1236 1876; x_wconf 78' lang='lat' dir='ltr'>Aeque</span> <span class='ocrx_word' id='word_1_884' title='bbox 1254 1844 1333 1871; x_wconf 76' lang='lat' dir='ltr'>recte,</span> <span class='ocrx_word' id='word_1_885' title='bbox 1353 1850 1377 1866; x_wconf 93' lang='lat' dir='ltr'>v.</span> <span class='ocrx_word' id='word_1_886' title='bbox 1397 1839 1533 1866; x_wconf 89' lang='lat' dir='ltr'>commode</span> <span class='ocrx_word' id='word_1_887' title='bbox 1552 1840 1645 1876; x_wconf 81' lang='lat' dir='ltr'>(posse</span> <span class='ocrx_word' id='word_1_888' title='bbox 1658 1840 1728 1873; x_wconf 83' lang='lat' dir='ltr'>etc.).</span> <span class='ocrx_word' id='word_1_889' title='bbox 1748 1840 1779 1866; x_wconf 82' lang='lat' dir='ltr'>t&#39;r.</span> <span class='ocrx_word' id='word_1_890' title='bbox 1797 1842 1821 1867; x_wconf 89' lang='lat'>9.</span> <span class='ocrx_word' id='word_1_891' title='bbox 1842 1840 1874 1867; x_wconf 89' lang='lat' dir='ltr'>de</span> <span class='ocrx_word' id='word_1_892' title='bbox 1894 1842 1982 1868; x_wconf 82' lang='lat' dir='ltr'>servit.</span> 
     </span>
     <span class='ocr_line' id='line_1_103' title="bbox 1144 1882 1982 1920; baseline 0.001 -10"><span class='ocrx_word' id='word_1_893' title='bbox 1144 1886 1167 1910; x_wconf 71' lang='grc' dir='ltr'>δ.</span> <span class='ocrx_word' id='word_1_894' title='bbox 1190 1885 1212 1910; x_wconf 95' lang='lat' dir='ltr'>l.</span> <span class='ocrx_word' id='word_1_895' title='bbox 1233 1883 1263 1909; x_wconf 89' lang='lat' dir='ltr'>fr.</span> <span class='ocrx_word' id='word_1_896' title='bbox 1283 1884 1307 1909; x_wconf 77' lang='lat' dir='ltr'>(i.</span> <span class='ocrx_word' id='word_1_897' title='bbox 1327 1883 1349 1917; x_wconf 63' lang='grc' dir='ltr'>ξ.</span> <span class='ocrx_word' id='word_1_898' title='bbox 1370 1884 1393 1909; x_wconf 97' lang='lat' dir='ltr'>l.</span> <span class='ocrx_word' id='word_1_899' title='bbox 1418 1882 1450 1909; x_wconf 84' lang='lat' dir='ltr'>de</span> <span class='ocrx_word' id='word_1_900' title='bbox 1468 1882 1535 1909; x_wconf 86' lang='lat' dir='ltr'>Aed.</span> <span class='ocrx_word' id='word_1_901' title='bbox 1556 1882 1596 1909; x_wconf 85' lang='lat' dir='ltr'>ed.</span> <span class='ocrx_word' id='word_1_902' title='bbox 1620 1885 1661 1910; x_wconf 91' lang='grc'>21.</span> <span class='ocrx_word' id='word_1_903' title='bbox 1684 1885 1706 1910; x_wconf 91' lang='lat' dir='ltr'>l.</span> <span class='ocrx_word' id='word_1_904' title='bbox 1747 1882 1824 1910; x_wconf 83' lang='lat' dir='ltr'>Ratio</span> <span class='ocrx_word' id='word_1_905' title='bbox 1844 1885 1982 1920; x_wconf 81' lang='lat' dir='ltr'>aequitatis</span> 
     </span>
     <span class='ocr_line' id='line_1_104' title="bbox 1143 1925 1980 1963; baseline 0.002 -11"><span class='ocrx_word' id='word_1_906' title='bbox 1143 1936 1226 1963; x_wconf 77' lang='lat' dir='ltr'>aeque</span> <span class='ocrx_word' id='word_1_907' title='bbox 1245 1930 1286 1952; x_wconf 79' lang='lat' dir='ltr'>cst</span> <span class='ocrx_word' id='word_1_908' title='bbox 1305 1926 1348 1958; x_wconf 92' lang='lat' dir='ltr'>(in</span> <span class='ocrx_word' id='word_1_909' title='bbox 1368 1925 1470 1952; x_wconf 82' lang='lat' dir='ltr'>feminis</span> <span class='ocrx_word' id='word_1_910' title='bbox 1478 1926 1496 1959; x_wconf 93' lang='lat'>).</span> <span class='ocrx_word' id='word_1_911' title='bbox 1525 1925 1610 1953; x_wconf 65' lang='lat' dir='ltr'>Yatic.</span> <span class='ocrx_word' id='word_1_912' title='bbox 1629 1926 1651 1960; x_wconf 82' lang='lat'>§.</span> <span class='ocrx_word' id='word_1_913' title='bbox 1670 1928 1729 1953; x_wconf 80' lang='lat'>306.</span> <span class='ocrx_word' id='word_1_914' title='bbox 1771 1925 1822 1952; x_wconf 89' lang='lat' dir='ltr'>Per</span> <span class='ocrx_word' id='word_1_915' title='bbox 1840 1936 1907 1962; x_wconf 86' lang='lat' dir='ltr'>quos</span> <span class='ocrx_word' id='word_1_916' title='bbox 1927 1928 1980 1960; x_wconf 83' lang='lat' dir='ltr'>(sc.</span> 
     </span>
     <span class='ocr_line' id='line_1_105' title="bbox 1143 1968 1981 2006; baseline 0.002 -11"><span class='ocrx_word' id='word_1_917' title='bbox 1143 1970 1266 2005; x_wconf 76' lang='lat' dir='ltr'>aggeres)</span> <span class='ocrx_word' id='word_1_918' title='bbox 1294 1969 1452 1995; x_wconf 83' lang='lat' dir='ltr'>incrementa</span> <span class='ocrx_word' id='word_1_919' title='bbox 1476 1968 1531 1995; x_wconf 64' lang='lat' dir='ltr'>Nili</span> <span class='ocrx_word' id='word_1_920' title='bbox 1559 1969 1745 2006; x_wconf 84' lang='lat' dir='ltr'>dispensantur</span> <span class='ocrx_word' id='word_1_921' title='bbox 1769 1974 1794 1995; x_wconf 84' lang='lat' dir='ltr'>et</span> <span class='ocrx_word' id='word_1_922' title='bbox 1818 1973 1981 2003; x_wconf 68' lang='lat' dir='ltr'>coercentur,</span> 
     </span>
     <span class='ocr_line' id='line_1_106' title="bbox 1143 2011 1980 2048; baseline 0.005 -11"><span class='ocrx_word' id='word_1_923' title='bbox 1143 2017 1168 2038; x_wconf 84' lang='lat' dir='ltr'>et</span> <span class='ocrx_word' id='word_1_924' title='bbox 1188 2012 1381 2038; x_wconf 84' lang='lat' dir='ltr'>deminutiones</span> <span class='ocrx_word' id='word_1_925' title='bbox 1395 2022 1477 2048; x_wconf 89' lang='lat' dir='ltr'>aeque</span> <span class='ocrx_word' id='word_1_926' title='bbox 1491 2015 1652 2038; x_wconf 71' lang='lat' dir='ltr'>coercentur.</span> <span class='ocrx_word' id='word_1_927' title='bbox 1678 2011 1708 2038; x_wconf 86' lang='lat' dir='ltr'>sr.</span> <span class='ocrx_word' id='word_1_928' title='bbox 1724 2013 1763 2038; x_wconf 80' lang='lat'>10.</span> <span class='ocrx_word' id='word_1_929' title='bbox 1784 2011 1816 2038; x_wconf 89' lang='lat' dir='ltr'>de</span> <span class='ocrx_word' id='word_1_930' title='bbox 1830 2017 1894 2039; x_wconf 75' lang='lat' dir='ltr'>extr.</span> <span class='ocrx_word' id='word_1_931' title='bbox 1909 2014 1980 2041; x_wconf 86' lang='lat' dir='ltr'>crim.</span> 
     </span>
     <span class='ocr_line' id='line_1_107' title="bbox 1142 2057 1244 2082; baseline -0.01 -1"><span class='ocrx_word' id='word_1_932' title='bbox 1142 2057 1183 2082; x_wconf 79' lang='grc'>47,</span> <span class='ocrx_word' id='word_1_933' title='bbox 1205 2057 1244 2081; x_wconf 90' lang='grc'>11.</span> 
     </span>
    </p>

    <p class='ocr_par' dir='ltr' id='par_1_26' title="bbox 1140 2097 1981 2306">
     <span class='ocr_line' id='line_1_108' title="bbox 1175 2097 1981 2133; baseline 0.002 -8"><span class='ocrx_word' id='word_1_934' title='bbox 1175 2097 1480 2131; x_wconf 67' lang='lat' dir='ltr'>Aequinoctium.</span> <span class='ocrx_word' id='word_1_935' title='bbox 1521 2097 1655 2131; x_wconf 67' lang='lat' dir='ltr'>Tempus</span> <span class='ocrx_word' id='word_1_936' title='bbox 1673 2099 1766 2130; x_wconf 80' lang='lat' dir='ltr'>anni,</span> <span class='ocrx_word' id='word_1_937' title='bbox 1790 2109 1849 2133; x_wconf 80' lang='lat' dir='ltr'>quo</span> <span class='ocrx_word' id='word_1_938' title='bbox 1869 2101 1935 2126; x_wconf 67' lang='lat' dir='ltr'>dies</span> <span class='ocrx_word' id='word_1_939' title='bbox 1953 2106 1981 2127; x_wconf 81' lang='lat' dir='ltr'>et</span> 
     </span>
     <span class='ocr_line' id='line_1_109' title="bbox 1141 2141 1980 2175; baseline 0.002 -7"><span class='ocrx_word' id='word_1_940' title='bbox 1141 2147 1248 2168; x_wconf 71' lang='lat' dir='ltr'>noctes</span> <span class='ocrx_word' id='word_1_941' title='bbox 1267 2147 1446 2175; x_wconf 81' lang='lat' dir='ltr'>aequantur</span> <span class='ocrx_word' id='word_1_942' title='bbox 1464 2142 1614 2167; x_wconf 77' lang='lat' dir='ltr'>horarum</span> <span class='ocrx_word' id='word_1_943' title='bbox 1634 2143 1747 2175; x_wconf 69' lang='lat' dir='ltr'>spatio</span> <span class='ocrx_word' id='word_1_944' title='bbox 1785 2141 1828 2168; x_wconf 91' lang='lat'>111.</span> <span class='ocrx_word' id='word_1_945' title='bbox 1846 2143 1911 2170; x_wconf 74' lang='lat' dir='ltr'>Gn.</span> <span class='ocrx_word' id='word_1_946' title='bbox 1938 2142 1980 2169; x_wconf 87' lang='lat' dir='ltr'>Ab</span> 
     </span>
     <span class='ocr_line' id='line_1_110' title="bbox 1141 2184 1981 2222; baseline 0.002 -12"><span class='ocrx_word' id='word_1_947' title='bbox 1141 2184 1306 2220; x_wconf 82' lang='lat' dir='ltr'>aequinoctio</span> <span class='ocrx_word' id='word_1_948' title='bbox 1326 2193 1407 2209; x_wconf 80' lang='lat' dir='ltr'>verno</span> <span class='ocrx_word' id='word_1_949' title='bbox 1428 2184 1570 2216; x_wconf 75' lang='lat' dir='ltr'>(aestatem</span> <span class='ocrx_word' id='word_1_950' title='bbox 1590 2185 1718 2221; x_wconf 77' lang='lat' dir='ltr'>incipere,</span> <span class='ocrx_word' id='word_1_951' title='bbox 1738 2189 1764 2210; x_wconf 84' lang='lat' dir='ltr'>et</span> <span class='ocrx_word' id='word_1_952' title='bbox 1784 2185 1871 2218; x_wconf 82' lang='lat' dir='ltr'>liniri)</span> <span class='ocrx_word' id='word_1_953' title='bbox 1895 2187 1981 2222; x_wconf 86' lang='lat' dir='ltr'>aequi-</span> 
     </span>
     <span class='ocr_line' id='line_1_111' title="bbox 1140 2225 1980 2264; baseline 0.004 -11"><span class='ocrx_word' id='word_1_954' title='bbox 1140 2228 1230 2253; x_wconf 91' lang='lat' dir='ltr'>noctio</span> <span class='ocrx_word' id='word_1_955' title='bbox 1250 2225 1400 2253; x_wconf 85' lang='lat' dir='ltr'>autumnali.</span> <span class='ocrx_word' id='word_1_956' title='bbox 1430 2225 1460 2252; x_wconf 83' lang='lat' dir='ltr'>fr.</span> <span class='ocrx_word' id='word_1_957' title='bbox 1481 2227 1503 2252; x_wconf 92' lang='lat'>1.</span> <span class='ocrx_word' id='word_1_958' title='bbox 1528 2227 1549 2260; x_wconf 63' lang='grc' dir='ltr'>ξ.</span> <span class='ocrx_word' id='word_1_959' title='bbox 1568 2228 1610 2253; x_wconf 86' lang='grc'>32.</span> <span class='ocrx_word' id='word_1_960' title='bbox 1638 2226 1670 2253; x_wconf 81' lang='grc'>(1(-</span> <span class='ocrx_word' id='word_1_961' title='bbox 1694 2237 1752 2263; x_wconf 89' lang='lat' dir='ltr'>aqu.</span> <span class='ocrx_word' id='word_1_962' title='bbox 1777 2233 1848 2264; x_wconf 85' lang='lat' dir='ltr'>quot.</span> <span class='ocrx_word' id='word_1_963' title='bbox 1877 2230 1918 2255; x_wconf 80' lang='lat'>43.</span> <span class='ocrx_word' id='word_1_964' title='bbox 1937 2231 1980 2256; x_wconf 84' lang='grc'>20.</span> 
     </span>
     <span class='ocr_line' id='line_1_112' title="bbox 1140 2268 1756 2306; baseline 0.002 -10"><span class='ocrx_word' id='word_1_965' title='bbox 1140 2270 1171 2296; x_wconf 79' lang='lat' dir='ltr'>fr.</span> <span class='ocrx_word' id='word_1_966' title='bbox 1195 2272 1216 2297; x_wconf 95' lang='lat' dir='ltr'>l.</span> <span class='ocrx_word' id='word_1_967' title='bbox 1236 2271 1258 2304; x_wconf 61' lang='grc' dir='ltr'>ᾗ.</span> <span class='ocrx_word' id='word_1_968' title='bbox 1278 2270 1302 2296; x_wconf 80' lang='grc'>8.</span> <span class='ocrx_word' id='word_1_969' title='bbox 1322 2279 1354 2296; x_wconf 83' lang='lat' dir='ltr'>ne</span> <span class='ocrx_word' id='word_1_970' title='bbox 1374 2279 1416 2305; x_wconf 91' lang='lat' dir='ltr'>qu.</span> <span class='ocrx_word' id='word_1_971' title='bbox 1437 2269 1463 2295; x_wconf 93' lang='lat' dir='ltr'>in</span> <span class='ocrx_word' id='word_1_972' title='bbox 1483 2268 1553 2296; x_wconf 93' lang='lat' dir='ltr'>ssum.</span> <span class='ocrx_word' id='word_1_973' title='bbox 1573 2269 1635 2306; x_wconf 85' lang='lat' dir='ltr'>pub.</span> <span class='ocrx_word' id='word_1_974' title='bbox 1654 2271 1696 2296; x_wconf 77' lang='lat'>43.</span> <span class='ocrx_word' id='word_1_975' title='bbox 1717 2272 1756 2297; x_wconf 87' lang='lat'>13.</span> 
     </span>
    </p>

    <p class='ocr_par' dir='ltr' id='par_1_27' title="bbox 1139 2313 1979 2436">
     <span class='ocr_line' id='line_1_113' title="bbox 1174 2313 1979 2348; baseline 0 -8"><span class='ocrx_word' id='word_1_976' title='bbox 1174 2313 1449 2346; x_wconf 75' lang='lat' dir='ltr'>Aequiparare.</span> <span class='ocrx_word' id='word_1_977' title='bbox 1486 2314 1631 2346; x_wconf 77' lang='lat' dir='ltr'>Aequule</span> <span class='ocrx_word' id='word_1_978' title='bbox 1656 2316 1820 2348; x_wconf 77' lang='lat' dir='ltr'>adparere.</span> <span class='ocrx_word' id='word_1_979' title='bbox 1861 2313 1891 2340; x_wconf 93' lang='lat'>11.</span> <span class='ocrx_word' id='word_1_980' title='bbox 1912 2315 1979 2348; x_wconf 76' lang='lat' dir='ltr'>Op.</span> 
     </span>
     <span class='ocr_line' id='line_1_114' title="bbox 1141 2354 1978 2394; baseline 0.001 -12"><span class='ocrx_word' id='word_1_981' title='bbox 1141 2355 1169 2382; x_wconf 94' lang='lat' dir='ltr'>Si</span> <span class='ocrx_word' id='word_1_982' title='bbox 1188 2356 1214 2382; x_wconf 92' lang='lat' dir='ltr'>in</span> <span class='ocrx_word' id='word_1_983' title='bbox 1234 2355 1335 2381; x_wconf 88' lang='lat' dir='ltr'>duabus</span> <span class='ocrx_word' id='word_1_984' title='bbox 1352 2355 1500 2382; x_wconf 86' lang='lat' dir='ltr'>actionibus</span> <span class='ocrx_word' id='word_1_985' title='bbox 1514 2354 1576 2381; x_wconf 87' lang='lat' dir='ltr'>alibi</span> <span class='ocrx_word' id='word_1_986' title='bbox 1589 2355 1692 2383; x_wconf 77' lang='lat' dir='ltr'>infamia</span> <span class='ocrx_word' id='word_1_987' title='bbox 1707 2361 1755 2383; x_wconf 80' lang='lat' dir='ltr'>cst.</span> <span class='ocrx_word' id='word_1_988' title='bbox 1775 2372 1808 2376; x_wconf 94' lang='lat'><em>-</em></span> <span class='ocrx_word' id='word_1_989' title='bbox 1827 2355 1880 2384; x_wconf 58' lang='lat' dir='ltr'>Ha</span> <span class='ocrx_word' id='word_1_990' title='bbox 1893 2357 1978 2394; x_wconf 84' lang='lat' dir='ltr'>acqui-</span> 
     </span>
     <span class='ocr_line' id='line_1_115' title="bbox 1139 2397 1864 2436; baseline 0.003 -12"><span class='ocrx_word' id='word_1_991' title='bbox 1139 2403 1232 2436; x_wconf 85' lang='lat' dir='ltr'>parant</span> <span class='ocrx_word' id='word_1_992' title='bbox 1252 2398 1350 2424; x_wconf 83' lang='lat' dir='ltr'>famosa</span> <span class='ocrx_word' id='word_1_993' title='bbox 1369 2397 1472 2424; x_wconf 87' lang='lat' dir='ltr'>iudicia.</span> <span class='ocrx_word' id='word_1_994' title='bbox 1492 2398 1522 2424; x_wconf 76' lang='lat' dir='ltr'>l&#39;r.</span> <span class='ocrx_word' id='word_1_995' title='bbox 1544 2400 1601 2425; x_wconf 71' lang='lat'>104.</span> <span class='ocrx_word' id='word_1_996' title='bbox 1622 2398 1654 2425; x_wconf 85' lang='lat' dir='ltr'>de</span> <span class='ocrx_word' id='word_1_997' title='bbox 1673 2399 1704 2426; x_wconf 81' lang='lat' dir='ltr'>R.</span> <span class='ocrx_word' id='word_1_998' title='bbox 1724 2399 1742 2426; x_wconf 95' lang='lat'>1.</span> <span class='ocrx_word' id='word_1_999' title='bbox 1762 2401 1803 2426; x_wconf 84' lang='lat'>50.</span> <span class='ocrx_word' id='word_1_1000' title='bbox 1824 2401 1864 2426; x_wconf 97' lang='lat' dir='ltr'>l7.</span> 
     </span>
    </p>

    <p class='ocr_par' dir='ltr' id='par_1_28' title="bbox 1138 2441 1976 2865">
     <span class='ocr_line' id='line_1_116' title="bbox 1174 2441 1976 2477; baseline 0.002 -10"><span class='ocrx_word' id='word_1_1001' title='bbox 1174 2441 1369 2474; x_wconf 71' lang='lat' dir='ltr'>Aequitas.</span> <span class='ocrx_word' id='word_1_1002' title='bbox 1406 2442 1437 2474; x_wconf 84' lang='lat'>§.</span> <span class='ocrx_word' id='word_1_1003' title='bbox 1452 2442 1486 2467; x_wconf 82' lang='lat' dir='ltr'>l·</span> <span class='ocrx_word' id='word_1_1004' title='bbox 1514 2443 1730 2477; x_wconf 74' lang='lat' dir='ltr'>Aequalitas,</span> <span class='ocrx_word' id='word_1_1005' title='bbox 1749 2444 1976 2477; x_wconf 79' lang='lat' dir='ltr'>Peraequatio.</span> 
     </span>
     <span class='ocr_line' id='line_1_117' title="bbox 1139 2483 1975 2522; baseline 0.002 -12"><span class='ocrx_word' id='word_1_1006' title='bbox 1139 2484 1181 2511; x_wconf 91' lang='grc'>111.</span> <span class='ocrx_word' id='word_1_1007' title='bbox 1200 2486 1265 2512; x_wconf 70' lang='lat' dir='ltr'>On.</span> <span class='ocrx_word' id='word_1_1008' title='bbox 1292 2483 1386 2516; x_wconf 68' lang='lat' dir='ltr'>Iudex,</span> <span class='ocrx_word' id='word_1_1009' title='bbox 1406 2485 1450 2520; x_wconf 88' lang='lat' dir='ltr'>qui</span> <span class='ocrx_word' id='word_1_1010' title='bbox 1470 2483 1502 2510; x_wconf 82' lang='lat' dir='ltr'>de</span> <span class='ocrx_word' id='word_1_1011' title='bbox 1521 2495 1549 2510; x_wconf 86' lang='lat' dir='ltr'>ea</span> <span class='ocrx_word' id='word_1_1012' title='bbox 1569 2487 1698 2522; x_wconf 85' lang='lat' dir='ltr'>aequitate</span> <span class='ocrx_word' id='word_1_1013' title='bbox 1718 2487 1859 2522; x_wconf 81' lang='lat' dir='ltr'>cognoscit.</span> <span class='ocrx_word' id='word_1_1014' title='bbox 1883 2485 1914 2512; x_wconf 84' lang='lat' dir='ltr'>fr.</span> <span class='ocrx_word' id='word_1_1015' title='bbox 1935 2488 1975 2513; x_wconf 83' lang='lat'>14.</span> 
     </span>
     <span class='ocr_line' id='line_1_118' title="bbox 1139 2526 1976 2565; baseline 0.001 -11"><span class='ocrx_word' id='word_1_1016' title='bbox 1139 2528 1176 2562; x_wconf 52' lang='grc' dir='ltr'>ἐξ.</span> <span class='ocrx_word' id='word_1_1017' title='bbox 1196 2529 1220 2554; x_wconf 91' lang='grc'>9.</span> <span class='ocrx_word' id='word_1_1018' title='bbox 1240 2537 1279 2564; x_wconf 86' lang='lat' dir='ltr'>sq.</span> <span class='ocrx_word' id='word_1_1019' title='bbox 1304 2527 1336 2554; x_wconf 84' lang='lat' dir='ltr'>ct&#39;.</span> <span class='ocrx_word' id='word_1_1020' title='bbox 1355 2527 1377 2562; x_wconf 85' lang='lat'>§.</span> <span class='ocrx_word' id='word_1_1021' title='bbox 1397 2528 1421 2553; x_wconf 81' lang='lat'>6.</span> <span class='ocrx_word' id='word_1_1022' title='bbox 1441 2526 1474 2553; x_wconf 84' lang='lat' dir='ltr'>de</span> <span class='ocrx_word' id='word_1_1023' title='bbox 1492 2526 1565 2563; x_wconf 73' lang='lat' dir='ltr'>relig.</span> <span class='ocrx_word' id='word_1_1024' title='bbox 1586 2530 1626 2554; x_wconf 93' lang='lat'>11.</span> <span class='ocrx_word' id='word_1_1025' title='bbox 1647 2530 1670 2555; x_wconf 79' lang='lat'>7.</span> <span class='ocrx_word' id='word_1_1026' title='bbox 1710 2528 1753 2555; x_wconf 81' lang='lat' dir='ltr'>Ad</span> <span class='ocrx_word' id='word_1_1027' title='bbox 1771 2538 1844 2555; x_wconf 88' lang='lat' dir='ltr'>suam</span> <span class='ocrx_word' id='word_1_1028' title='bbox 1863 2530 1976 2565; x_wconf 81' lang='lat' dir='ltr'>aequita-</span> 
     </span>
     <span class='ocr_line' id='line_1_119' title="bbox 1140 2571 1976 2608; baseline 0.001 -11"><span class='ocrx_word' id='word_1_1029' title='bbox 1140 2576 1191 2597; x_wconf 83' lang='lat' dir='ltr'>tem</span> <span class='ocrx_word' id='word_1_1030' title='bbox 1210 2581 1265 2598; x_wconf 89' lang='lat' dir='ltr'>rem</span> <span class='ocrx_word' id='word_1_1031' title='bbox 1283 2580 1419 2603; x_wconf 76' lang='lat' dir='ltr'>revocare.</span> <span class='ocrx_word' id='word_1_1032' title='bbox 1445 2581 1465 2597; x_wconf 89' lang='lat' dir='ltr'>s.</span> <span class='ocrx_word' id='word_1_1033' title='bbox 1486 2571 1616 2607; x_wconf 65' lang='lat' dir='ltr'>redigen-3</span> <span class='ocrx_word' id='word_1_1034' title='bbox 1639 2581 1664 2598; x_wconf 86' lang='lat' dir='ltr'>v.</span> <span class='ocrx_word' id='word_1_1035' title='bbox 1687 2571 1753 2598; x_wconf 81' lang='lat' dir='ltr'>Rem</span> <span class='ocrx_word' id='word_1_1036' title='bbox 1772 2581 1833 2598; x_wconf 83' lang='lat' dir='ltr'>suae</span> <span class='ocrx_word' id='word_1_1037' title='bbox 1852 2572 1976 2608; x_wconf 86' lang='lat' dir='ltr'>aequitati</span> 
     </span>
     <span class='ocr_line' id='line_1_120' title="bbox 1139 2613 1975 2651; baseline 0 -10"><span class='ocrx_word' id='word_1_1038' title='bbox 1139 2615 1286 2641; x_wconf 78' lang='lat' dir='ltr'>restituere.</span> <span class='ocrx_word' id='word_1_1039' title='bbox 1309 2613 1339 2640; x_wconf 84' lang='lat' dir='ltr'>sr.</span> <span class='ocrx_word' id='word_1_1040' title='bbox 1359 2616 1399 2640; x_wconf 69' lang='lat'>40.</span> <span class='ocrx_word' id='word_1_1041' title='bbox 1420 2615 1441 2648; x_wconf 66' lang='grc' dir='ltr'>ξ.</span> <span class='ocrx_word' id='word_1_1042' title='bbox 1458 2615 1479 2641; x_wconf 95' lang='lat' dir='ltr'>l.</span> <span class='ocrx_word' id='word_1_1043' title='bbox 1500 2614 1532 2640; x_wconf 79' lang='lat' dir='ltr'>de,</span> <span class='ocrx_word' id='word_1_1044' title='bbox 1550 2615 1612 2640; x_wconf 90' lang='lat' dir='ltr'>min.</span> <span class='ocrx_word' id='word_1_1045' title='bbox 1632 2615 1656 2640; x_wconf 87' lang='lat'>4.</span> <span class='ocrx_word' id='word_1_1046' title='bbox 1670 2615 1694 2640; x_wconf 84' lang='grc'>4.</span> <span class='ocrx_word' id='word_1_1047' title='bbox 1714 2624 1735 2641; x_wconf 90' lang='lat' dir='ltr'>c.</span> <span class='ocrx_word' id='word_1_1048' title='bbox 1751 2616 1773 2641; x_wconf 94' lang='lat' dir='ltr'>l.</span> <span class='ocrx_word' id='word_1_1049' title='bbox 1793 2613 1825 2641; x_wconf 84' lang='lat' dir='ltr'>de</span> <span class='ocrx_word' id='word_1_1050' title='bbox 1844 2614 1975 2651; x_wconf 73' lang='lat' dir='ltr'>interdict,</span> 
     </span>
     <span class='ocr_line' id='line_1_121' title="bbox 1138 2656 1975 2694; baseline 0 -10"><span class='ocrx_word' id='word_1_1051' title='bbox 1138 2660 1162 2684; x_wconf 74' lang='grc' dir='ltr'>ὅ.</span> <span class='ocrx_word' id='word_1_1052' title='bbox 1184 2659 1206 2684; x_wconf 95' lang='lat' dir='ltr'>l.</span> <span class='ocrx_word' id='word_1_1053' title='bbox 1248 2656 1474 2687; x_wconf 82' lang='lat' dir='ltr'>ContributioniS.</span> <span class='ocrx_word' id='word_1_1054' title='bbox 1499 2667 1523 2683; x_wconf 84' lang='lat' dir='ltr'>v.</span> <span class='ocrx_word' id='word_1_1055' title='bbox 1549 2656 1795 2694; x_wconf 76' lang='lat' dir='ltr'>Compensationis,</span> <span class='ocrx_word' id='word_1_1056' title='bbox 1819 2658 1975 2694; x_wconf 81' lang='lat' dir='ltr'>aequitatem</span> 
     </span>
     <span class='ocr_line' id='line_1_122' title="bbox 1139 2699 1973 2737; baseline 0.001 -12"><span class='ocrx_word' id='word_1_1057' title='bbox 1139 2699 1304 2736; x_wconf 75' lang='lat' dir='ltr'>(postulare.</span> <span class='ocrx_word' id='word_1_1058' title='bbox 1328 2709 1352 2726; x_wconf 87' lang='lat' dir='ltr'>v.</span> <span class='ocrx_word' id='word_1_1059' title='bbox 1377 2699 1513 2726; x_wconf 83' lang='lat' dir='ltr'>admittere.</span> <span class='ocrx_word' id='word_1_1060' title='bbox 1533 2701 1609 2735; x_wconf 87' lang='lat' dir='ltr'>etc.).</span> <span class='ocrx_word' id='word_1_1061' title='bbox 1638 2700 1668 2727; x_wconf 77' lang='lat' dir='ltr'>fr.</span> <span class='ocrx_word' id='word_1_1062' title='bbox 1688 2701 1711 2726; x_wconf 86' lang='lat'>5.</span> <span class='ocrx_word' id='word_1_1063' title='bbox 1734 2709 1773 2737; x_wconf 86' lang='lat' dir='ltr'>pr.</span> <span class='ocrx_word' id='word_1_1064' title='bbox 1798 2701 1820 2734; x_wconf 65' lang='grc' dir='ltr'>ξ.</span> <span class='ocrx_word' id='word_1_1065' title='bbox 1840 2702 1863 2727; x_wconf 91' lang='lat'>1.</span> <span class='ocrx_word' id='word_1_1066' title='bbox 1892 2700 1924 2726; x_wconf 89' lang='lat' dir='ltr'>de</span> <span class='ocrx_word' id='word_1_1067' title='bbox 1943 2699 1973 2727; x_wconf 89' lang='lat' dir='ltr'>L.</span> 
     </span>
     <span class='ocr_line' id='line_1_123' title="bbox 1139 2741 1973 2780; baseline 0.001 -12"><span class='ocrx_word' id='word_1_1068' title='bbox 1139 2742 1224 2769; x_wconf 80' lang='lat' dir='ltr'>Rhod.</span> <span class='ocrx_word' id='word_1_1069' title='bbox 1246 2744 1285 2768; x_wconf 87' lang='lat'>14.</span> <span class='ocrx_word' id='word_1_1070' title='bbox 1304 2744 1328 2768; x_wconf 82' lang='lat'>2.</span> <span class='ocrx_word' id='word_1_1071' title='bbox 1349 2741 1379 2769; x_wconf 81' lang='lat' dir='ltr'>fr.</span> <span class='ocrx_word' id='word_1_1072' title='bbox 1400 2744 1439 2768; x_wconf 81' lang='lat'>15.</span> <span class='ocrx_word' id='word_1_1073' title='bbox 1460 2742 1492 2769; x_wconf 88' lang='lat' dir='ltr'>de</span> <span class='ocrx_word' id='word_1_1074' title='bbox 1511 2743 1535 2769; x_wconf 96' lang='lat' dir='ltr'>h.</span> <span class='ocrx_word' id='word_1_1075' title='bbox 1555 2753 1598 2780; x_wconf 89' lang='lat' dir='ltr'>qu.</span> <span class='ocrx_word' id='word_1_1076' title='bbox 1618 2748 1647 2770; x_wconf 86' lang='lat' dir='ltr'>ut</span> <span class='ocrx_word' id='word_1_1077' title='bbox 1664 2742 1760 2779; x_wconf 77' lang='lat' dir='ltr'>indign.</span> <span class='ocrx_word' id='word_1_1078' title='bbox 1779 2745 1822 2770; x_wconf 87' lang='lat'>34.</span> <span class='ocrx_word' id='word_1_1079' title='bbox 1841 2744 1864 2770; x_wconf 91' lang='lat'>9.</span> <span class='ocrx_word' id='word_1_1080' title='bbox 1895 2742 1973 2769; x_wconf 61' lang='lat' dir='ltr'>Nulla</span> 
     </span>
     <span class='ocr_line' id='line_1_124' title="bbox 1139 2785 1972 2823; baseline 0.001 -12"><span class='ocrx_word' id='word_1_1081' title='bbox 1139 2785 1314 2811; x_wconf 86' lang='lat' dir='ltr'>restitutionis</span> <span class='ocrx_word' id='word_1_1082' title='bbox 1334 2785 1451 2821; x_wconf 82' lang='lat' dir='ltr'>aequitas</span> <span class='ocrx_word' id='word_1_1083' title='bbox 1470 2791 1511 2812; x_wconf 86' lang='lat' dir='ltr'>est</span> <span class='ocrx_word' id='word_1_1084' title='bbox 1530 2786 1655 2813; x_wconf 78' lang='lat' dir='ltr'>adversus</span> <span class='ocrx_word' id='word_1_1085' title='bbox 1675 2796 1741 2819; x_wconf 73' lang='lat' dir='ltr'>eum,</span> <span class='ocrx_word' id='word_1_1086' title='bbox 1762 2787 1806 2823; x_wconf 88' lang='lat' dir='ltr'>qui</span> <span class='ocrx_word' id='word_1_1087' title='bbox 1825 2790 1873 2812; x_wconf 84' lang='lat' dir='ltr'>etc.</span> <span class='ocrx_word' id='word_1_1088' title='bbox 1899 2785 1929 2812; x_wconf 85' lang='lat' dir='ltr'>fr.</span> <span class='ocrx_word' id='word_1_1089' title='bbox 1949 2788 1972 2812; x_wconf 89' lang='lat'>7.</span> 
     </span>
     <span class='ocr_line' id='line_1_125' title="bbox 1139 2827 1971 2865; baseline 0.002 -11"><span class='ocrx_word' id='word_1_1090' title='bbox 1139 2828 1160 2862; x_wconf 67' lang='grc' dir='ltr'>ξ.</span> <span class='ocrx_word' id='word_1_1091' title='bbox 1179 2829 1204 2854; x_wconf 91' lang='lat'>3.</span> <span class='ocrx_word' id='word_1_1092' title='bbox 1228 2827 1260 2854; x_wconf 86' lang='lat' dir='ltr'>de</span> <span class='ocrx_word' id='word_1_1093' title='bbox 1280 2837 1335 2865; x_wconf 79' lang='lat' dir='ltr'>cap.</span> <span class='ocrx_word' id='word_1_1094' title='bbox 1355 2829 1416 2855; x_wconf 90' lang='lat' dir='ltr'>min.</span> <span class='ocrx_word' id='word_1_1095' title='bbox 1441 2829 1465 2855; x_wconf 89' lang='lat'>4.</span> <span class='ocrx_word' id='word_1_1096' title='bbox 1485 2830 1508 2855; x_wconf 87' lang='lat'>5.</span> <span class='ocrx_word' id='word_1_1097' title='bbox 1540 2844 1572 2848; x_wconf 91' lang='lat'><strong>—</strong></span> <span class='ocrx_word' id='word_1_1098' title='bbox 1608 2828 1640 2862; x_wconf 61' lang='grc' dir='ltr'>ἓ.</span> <span class='ocrx_word' id='word_1_1099' title='bbox 1664 2829 1700 2856; x_wconf 66' lang='grc'>2.</span> <span class='ocrx_word' id='word_1_1100' title='bbox 1735 2831 1971 2856; x_wconf 76' lang='lat' dir='ltr'>Consonantia.</span> 
     </span>
    </p>
   </div>
  </div>
 </body>
</html>
