2197 3121
1040 174 1143 206 CON.

225 256 354 292 legitimae
373 257 465 283 aetatis
485 256 652 282 constitutus.
676 254 706 281 fr.
725 256 767 281 27.
787 265 825 292 pr.
847 255 879 281 de
898 254 929 281 N.
950 254 981 281 G.
1001 257 1025 281 3.
1040 257 1063 282 5.

225 299 254 325 In
273 304 431 336 potestatem
450 300 532 336 patris
552 298 688 325 constituti
709 297 801 331 (filius,
821 298 895 331 tilia).
925 297 995 325 Coll.
1011 298 1063 324 LL.

225 341 258 368 M.
278 341 348 368 XVI.
368 344 392 368 3.
413 358 444 362 -
465 342 495 375 ξ.
514 343 549 368 2.
575 342 746 372 Conditus,
768 342 983 375 Compoxitns.
1020 341 1064 368 III.

225 386 291 412 Cn.
324 385 366 411 Ius
392 385 509 411 moribus
533 384 712 410 constitutum.
746 383 776 410 l'r.
801 385 843 409 32.
868 383 889 417 ξ.
913 385 934 410 1.
959 383 991 410 de
1010 383 1062 410 LL.

226 429 247 453 l.
267 430 291 454 3.
330 428 405 463 Quae
431 428 574 453 constituta
593 431 655 451 sunt
681 428 710 459 (a
738 426 893 457 maioribus.
923 436 946 452 v.
973 431 1063 452 contra

227 471 353 496 rationein
374 470 460 503 iuris).
480 469 566 495 13:15.
587 468 616 494 fr.
631 471 672 495 20.
693 469 727 495 ib.
748 471 770 495 1.
783 470 807 494 3.
835 468 878 494 Ius
893 470 1064 495 constitutum

224 514 339 549 pertinet
364 512 396 538 ad
421 514 481 545 (eas
502 511 657 537 donationes
678 512 753 544 etc.)
782 511 812 537 fr.
828 513 869 537 25.
891 511 923 537 de
943 511 1002 538 (lon.
1018 513 1062 537 int.

224 555 255 581 V.
274 556 316 581 24.
330 557 350 581 l.
381 554 533 581 Constituto
547 555 603 580 iure
617 554 767 591 (possidere
781 554 851 586 etc.).
872 553 957 580 Vatic.
971 555 991 587 ξ.
1003 554 1063 580 278.

224 598 254 624 fr.
278 600 299 624 l.
320 597 352 624 de
371 602 418 623 act.
439 607 488 623 rer.
508 602 585 623 amot.
604 600 646 623 25.
666 600 690 623 2.
723 613 755 617 --
786 597 816 629 ξ.
840 598 877 623 3.
909 599 1064 623 Ins-sione

223 642 392 674 Principis
418 647 635 674 praeceptum.
680 639 722 666 III.
748 641 813 667 Cn.

223 684 322 720 scripto
342 685 376 709 ita
397 692 455 708 esse
475 684 655 709 constitutum.
685 682 741 709 Gai.
760 682 779 708 I.
801 684 841 708 73.
862 682 892 708 fr.
907 684 930 708 5.
951 683 972 715 ξ.
986 684 1010 707 2.
1031 682 1064 708 de

851 639 880 665 In
909 639 997 675 aliquo
1022 649 1060 665 rc-

222 726 302 753 solut.
322 727 363 752 46.
383 727 407 752 3.
445 725 479 751 Et
497 727 668 752 constitutum
682 730 730 757 est,
750 730 775 751 et
794 735 959 762 responsum.
981 724 1010 750 fr.
1023 726 1062 750 13.
1084 731 1086 747 1·

222 769 244 803 ξ.
265 770 288 794 7.
308 768 340 794 (lo
360 768 384 794 h.
406 778 448 804 qu.
469 773 523 794 not.
545 768 630 795 insam.
653 770 678 795 3.
697 770 720 794 2.
758 768 792 794 Et
811 767 910 805 placet,
930 772 959 793 ut
978 772 1004 793 et
1024 772 1064 793 est

222 812 402 837 constitutum.
432 811 462 837 fr.
488 812 513 837 3.
537 821 576 848 pr.
605 811 637 837 de
659 811 752 837 minor.
777 812 801 836 4.
825 812 849 836 4.
884 810 914 836 fr.
939 812 962 836 5.
991 810 1013 844 ξ.
1037 812 1061 836 2.

221 854 350 881 commod.
373 856 412 880 13.
433 855 456 880 6.
488 853 518 879 fr.
537 856 561 880 3.
581 854 602 887 ξ.
623 856 645 880 1.
667 853 699 880 tle.
719 853 746 879 S.
767 853 798 880 C.
818 853 882 879 Mac.
908 854 948 879 14.
968 854 991 879 6.
1028 853 1060 879 Et

221 898 255 923 ita
275 896 434 934 Papinianus
455 896 605 933 respondit,
630 901 655 922 et
674 897 829 933 saepissime
848 895 917 922 idem
937 897 1063 922 constitu-

220 945 274 966 tum
295 945 342 966 est.
372 940 402 966 fr.
417 941 440 966 6.
455 950 494 976 pr.
515 939 547 965 de
566 938 638 975 relig.
660 941 699 966 11.
720 941 742 965 7.
768 939 797 965 fr.
812 940 853 965 28.
874 939 906 966 de
926 939 981 965 iure
994 939 1061 965 fisci.
1083 971 1084 975 Ἰ

219 984 261 1009 49.
282 985 322 1008 14.
361 982 446 1019 Saepe
466 983 638 1008 constitutum
658 987 705 1010 est..
726 997 758 1001 —
779 986 804 1008 et
823 982 886 1008 haec
904 983 938 1008 ita
953 992 984 1008 ex
998 981 1061 1007 mul-
1083 982 1084 986 ¹

219 1026 254 1051 tis
274 1025 507 1051 constitutionibus
527 1024 697 1060 intelligenda
710 1029 779 1051 sunt.
808 1024 838 1051 fr.
853 1026 893 1051 63.
915 1024 947 1051 de
966 1035 993 1050 re
1007 1024 1060 1050 iud.

218 1070 260 1094 42.
282 1070 303 1094 1.
329 1068 359 1093 ci'.
381 1066 410 1093 fr.
425 1069 465 1093 553.
486 1078 525 1104 pr.
546 1067 579 1094 de.
598 1067 683 1093 lideic.
704 1067 767 1094 libb.
787 1069 828 1094 40.
842 1070 865 1094 5.
890 1068 920 1094 fr.
938 1069 960 1094 7.
981 1068 1002 1101 ξ.
1019 1070 1058 1094 15.

219 1110 253 1137 dc
276 1110 369 1137 interd.
396 1115 421 1136 et
446 1110 524 1146 releg.
550 1111 591 1136 48.
611 1112 653 1136 22.
695 1110 789 1137 Merito
814 1111 986 1137 constitutum
1011 1115 1058 1139 est.

219 1158 245 1180 et
264 1154 390 1179 rationem
416 1153 502 1179 habet.
534 1163 554 1179 c.
575 1154 598 1179 4.
624 1153 656 1179 de
681 1163 751 1180 usur.
776 1155 799 1180 4.
819 1156 861 1180 32.
904 1154 1058 1180 Constituto

217 1197 307 1233 potius
327 1197 395 1227 iure,
421 1206 497 1232 quam
522 1206 554 1223 ex
574 1201 743 1225 testamento.
768 1196 817 1230 (ad
837 1196 983 1223 libertatem
1002 1207 1060 1234 per·
1080 1226 1081 1231 ¹

216 1240 310 1272 venit).
332 1239 362 1265 fr.
381 1241 423 1264 20.
444 1239 464 1272 ξ.
484 1240 509 1264 3.
530 1238 562 1265 ‹le
582 1239 698 1265 statulib.
718 1241 760 1265 40.
782 1242 804 1266 7.
824 1256 857 1259 --
882 1240 912 1273 ξ.
931 1241 970 1266 4.
999 1241 1058 1266 De-

210 1283 357 1318 finitus,
387 1283 554 1308 Dee-retus.
599 1281 619 1308 1.
645 1283 706 1316 Sy.
745 1282 876 1309 Statutum
906 1282 1057 1319 (legibus).

216 1323 419 1356 praestitutum.
441 1323 623 1351 Constitutum
643 1326 788 1362 (tempus).
818 1325 847 1351 sr.
862 1327 904 1351 32.
924 1336 963 1363 pr.
984 1326 1016 1352 tle
1029 1326 1056 1352 S.

216 1366 244 1393 P.
270 1366 301 1393 v.
331 1368 354 1394 s.
379 1370 403 1394 2.
440 1367 469 1393 fr.
489 1369 531 1393 31.
556 1368 576 1401 ξ.
605 1370 629 1393 1.
654 1368 686 1394 (1.
710 1368 737 1394 s.
764 1368 792 1394 P.
817 1368 847 1394 11.
873 1370 897 1394 s.
917 1371 940 1395 3.
977 1369 1007 1395 fr.
1034 1371 1057 1395 7.
1079 1355 1080 1374 ¹

216 1410 344 1445 Quemad.
365 1420 433 1436 serv.
453 1413 477 1436 8.
497 1412 520 1437 6.
550 1410 580 1436 fr.
594 1412 635 1437 66.
656 1411 677 1444 ξ.
699 1413 721 1437 l.
742 1411 774 1437 de
793 1416 876 1438 contr.
897 1417 956 1438 emt.
978 1413 1017 1438 18.
1034 1414 1056 1438 l.

215 1453 257 1479 HI.
284 1455 349 1481 (711.
377 1453 493 1479 Decreto
514 1453 624 1479 Ordinis
644 1455 823 1480 constitutum.
851 1454 882 1480 fr.
901 1456 943 1481 30.
969 1455 1000 1481 tle
1024 1454 1056 1481 N.
1078 1475 1080 1491 ‚

215 1495 247 1522 G.
267 1497 291 1522 3.
312 1499 335 1522 5.
374 1495 540 1522 Constitutas
560 1496 632 1522 luere
651 1507 757 1533 poenas.
788 1497 837 1523 Th.
857 1497 888 1524 C.
907 1497 952 1524 XI.
972 1500 1013 1524 24.
1035 1508 1055 1524 c.
1078 1503 1080 1506 '

214 1540 237 1565 3.
259 1539 291 1565 de
309 1544 409 1576 patroc.
429 1540 509 1565 vicor.
547 1539 616 1565 Intra
630 1541 801 1566 constitutum
821 1540 932 1573 (luendi,
953 1551 976 1567 v.
997 1551 1056 1567 usu-

215 1583 317 1619 capioni
338 1584 400 1615 etc.)
422 1587 533 1619 tempus.
563 1582 592 1608 sr.
613 1583 653 1608 6-3.
674 1583 695 1615 ξ.
716 1584 739 1608 4.
761 1582 793 1609 de
811 1583 842 1609 A.
863 1582 894 1609 R.
915 1583 948 1609 D.
968 1585 1009 1609 41.
1032 1586 1054 1610 1.

215 1624 245 1651 fr.
266 1626 288 1651 4.
309 1635 347 1661 pr.
368 1635 416 1662 pro
437 1635 492 1651 suo.
518 1627 559 1651 41.
581 1627 619 1651 10.
662 1625 731 1651 Intra
751 1627 893 1652 constituta
913 1626 1055 1663 adpellato-
1076 1643 1077 1647 =

216 1668 254 1693 ria
272 1672 398 1704 tempora.
425 1668 455 1694 fr.
475 1671 497 1694 5.
519 1668 541 1702 ξ
561 1670 584 1694 5.
605 1668 636 1694 de
656 1668 751 1705 adpell.
772 1670 851 1706 recip.
871 1670 912 1695 49.
928 1671 951 1695 5.
987 1669 1055 1696 Iudi·

216 1711 281 1736 catis
301 1712 472 1737 constitutum
492 1716 603 1747 tempus
628 1710 658 1737 sr.
673 1713 696 1737 2.
717 1711 749 1737 (le
768 1711 819 1738 div.
840 1716 919 1748 temp.
939 1723 1053 1749 praescr.

216 1754 258 1778 44.
277 1754 301 1778 3.
338 1753 380 1779 Ad
400 1755 567 1780 amissionem
588 1755 758 1780 constitutum
778 1759 856 1791 temp.
886 1754 917 1780 fr.
933 1757 972 1781 10.
993 1755 1014 1788 ξ.
1031 1758 1052 1782 l.

215 1795 246 1821 sr.
269 1797 308 1822 19.
328 1797 349 1830 ᾗ.
371 1798 393 1822 1.
419 1796 546 1831 Qucmad.
567 1798 656 1823 servit.
676 1800 699 1823 ὅ.
713 1799 736 1823 6.
775 1797 987 1823 Constitutorum
1002 1798 1054 1824 die-

215 1849 271 1864 rum
286 1840 407 1876 spatium.
427 1839 456 1865 sr.
469 1841 491 1865 7.
506 1839 538 1865 de
551 1849 579 1865 re.
592 1839 644 1865 iud.
664 1842 704 1865 42.
722 1842 743 1866 l.
764 1856 795 1859 —
816 1841 846 1873 ς’.
862 1842 898 1866 5.
921 1842 1053 1867 Consti-

214 1887 284 1909 tuto
304 1884 409 1908 debiti
427 1883 666 1908 interveniente
681 1885 872 1916 promissus.
894 1882 934 1909 Cf.
948 1884 1054 1910 v.Con-

214 1925 342 1951 stitutum.
368 1925 389 1958 ξ.
409 1927 433 1950 2.

249 1968 483 1994 Consu-atus.
512 1967 641 2000 (Partic.)
679 1968 710 2001 ᾖ.
735 1969 769 1994 l.
805 1970 953 2001 Stratus,
984 1971 1053 1996 Μιι-

212 2012 310 2037 πίίιιε.
352 2010 394 2036 III.
420 2012 485 2037 Cn.
513 2010 576 2036 Eam
601 2011 719 2036 semitam
743 2027 775 2030 —
803 2016 961 2037 constratam
982 2017 1052 2038 recte

213 2053 317 2080 habeto.
351 2053 415 2079 Tab.
435 2053 537 2079 Hei-acl.
558 2052 602 2078 liu.
622 2054 664 2079 53.
685 2063 724 2089 sq.
750 2064 800 2080 aer.
821 2054 865 2080 Bc.
897 2070 930 2073 ——
961 2055 992 2087 ἓ.
1017 2056 1051 2081 2.

212 2097 417 2123 Pron-ratas.
460 2096 501 2122 III.
524 2097 589 2123 Gn.
622 2095 650 2121 In
670 2096 773 2123 culcitis
793 2098 862 2129 suis.
891 2096 962 2123 humi
982 2097 1052 2124 vide-

212 2138 274 2165 licet
292 2139 433 2165 constratis
452 2138 606 2165 iacentibus.
630 2138 677 2165 Iul.
697 2140 758 2176 epit.
778 2150 837 2166 nov.
858 2150 879 2166 c.
894 2142 917 2166 4.
938 2141 1014 2174 §.15.

249 2181 529 2215 Consu-ingere.
573 2182 602 2214 ᾖ.
628 2182 663 2208 1.
695 2184 880 2217 Colligare,
914 2185 1052 2210 Vincire.

213 2222 256 2249 III.
280 2224 345 2251 Gn.
378 2223 459 2252 Lora.
488 2224 584 2261 quibus
608 2224 656 2250 hae
680 2224 764 2261 pelles
789 2227 932 2262 constringi
956 2226 1050 2253 solent.

214 2265 245 2291 sr.
265 2267 289 2291 5.
308 2266 331 2299 §.
352 2269 374 2293 l.
395 2267 427 2294 (lc
447 2266 542 2304 supell.
562 2267 610 2304 leg.
630 2269 733 2294 3310.
770 2267 806 2294 Vt
825 2269 850 2294 in
871 2278 968 2295 sumnia
988 2280 1052 2296 mar-

213 2309 281 2344 ginis
303 2308 334 2334 ad
347 2310 457 2336 mediam
469 2315 570 2347 partem
588 2310 735 2347 perforatae
754 2311 803 2343 (sc.
818 2311 934 2344 tabulae)
954 2312 1052 2348 triplici

214 2350 269 2377 lino
289 2353 506 2389 constringantur.
535 2352 607 2379 Paul.
626 2353 658 2380 V.
677 2355 719 2380 25.
740 2353 761 2387 ξ.
776 2355 800 2380 6.
838 2353 944 2380 Terreis
963 2356 1052 2381 vincu-

214 2393 247 2420 lis
267 2395 426 2421 constrictus
450 2397 682 2429 (transmittatur).
713 2396 762 2423 Th.
783 2396 813 2423 C.
833 2396 904 2423 XIV.
923 2399 964 2423 24.
985 2408 1006 2424 c.
1028 2400 1050 2424 l.

215 2435 248 2462 de
266 2446 356 2462 mensa
375 2436 453 2464 olear.
477 2454 510 2457 —
534 2440 564 2472 ἓ.
584 2441 619 2465 2.
649 2441 934 2473 Comprehendere,
957 2442 1051 2477 Defi-

213 2481 294 2511 nire,
315 2481 460 2506 Arctare.
494 2481 512 2507 I.
528 2483 588 2516 Sy.
617 2481 857 2519 Comprehendere.
886 2483 922 2509 ΙΙ).
943 2483 987 2509 ΙΧ.
1009 2485 1049 2509 42.

214 2532 235 2547 c.
256 2523 279 2547 7.
304 2521 336 2547 de
354 2522 415 2548 bon.
441 2532 541 2558 proscr.
584 2525 626 2551 III.
652 2527 717 2553 Gn.
747 2525 814 2552 Tota
838 2526 943 2562 quidem
963 2536 1005 2552 res
1024 2528 1050 2552 in

213 2564 338 2590 iudicium
364 2564 514 2595 deducitur.
539 2569 725 2604 constringitur
749 2573 833 2594 autem
858 2569 1050 2596 condemnatio-

214 2607 254 2632 nis
274 2607 333 2632 fine.
363 2606 419 2633 Gai.
444 2607 488 2634 IV.
512 2610 553 2634 57.
578 2609 609 2635 cf.
629 2613 670 2636 52.
712 2610 869 2637 Societatem
894 2622 946 2638 non
970 2623 1050 2649 posse

215 2649 282 2676 ultra
302 2654 412 2675 mortem
430 2651 540 2687 porrigi.
561 2655 586 2676 et
604 2651 663 2678 ideo
682 2663 730 2679 uec
748 2653 895 2681 libertatem
915 2655 947 2681 de
961 2666 1051 2692 supre-
1071 2671 1072 2686 1

213 2693 262 2718 mis
283 2691 387 2717 iudiciis
408 2694 586 2729 constringere
605 2696 663 2730 quis
682 2698 788 2732 poterit.
817 2697 846 2723 sr.
861 2700 901 2724 52.
922 2699 943 2732 ξ.
957 2700 981 2725 9.
1001 2709 1049 2735 pro

214 2744 268 2760 soc.
290 2736 329 2760 17.
349 2736 373 2760 2.
412 2734 492 2761 Certo
512 2741 638 2773 tempore,
658 2747 678 2763 S.
699 2740 775 2764 certis
795 2739 902 2772 diebus,
922 2743 1050 2767 constrin-

212 2778 282 2813 gitur
306 2778 429 2810 (cretio).
460 2777 515 2804 Gai.
534 2778 565 2805 11.
593 2781 651 2805 170.
671 2789 710 2815 sq.
753 2781 833 2816 Quod
856 2787 897 2815 ut,
922 2783 1049 2810 brevitate

213 2821 393 2852 constrictum.
414 2819 530 2847 claritate
549 2821 642 2848 luccat.
672 2821 721 2848 Th.
737 2822 767 2849 C.
781 2823 799 2850 I.
820 2826 843 2850 6.
864 2835 885 2851 c.
901 2827 923 2851 1.
944 2826 1048 2860 (ch.)

1888 180 1952 210 205

1110 256 1143 283 de
1163 261 1246 283 const.
1267 256 1308 283 Pr.
1334 273 1365 277 -
1390 258 1422 291 ξ.
1443 259 1479 285 3.
1509 260 1700 293 Implicare,
1727 261 1948 294 Adstringere.

1110 299 1127 325 l.
1149 301 1209 333 Sy.
1239 299 1413 335 obsti-ingero.
1434 301 1596 333 (functioni).
1626 301 1662 327 lh.
1683 301 1738 327 XII.
1761 304 1782 328 1.
1804 313 1824 328 c.
1840 304 1897 328 129.
1918 303 1950 329 dc

1109 342 1242 369 decuriou.
1280 342 1322 369 III.
1343 345 1409 370 (711.
1438 344 1491 370 Aut
1511 345 1650 381 impatiens
1670 344 1778 375 doloris.
1800 349 1843 370 aut.
1863 344 1949 382 aliqua

1109 385 1204 411 furoris
1224 386 1295 412 rabie
1315 387 1482 412 constrictus.
1516 397 1537 413 c.
1557 389 1580 413 2.
1606 388 1657 423 Qu.
1684 392 1785 414 testam.
1806 387 1844 413 fac
1873 398 1897 424 p.
1923 390 1947 414 6.

1108 430 1149 454 22.
1188 428 1237 455 Par
1256 428 1371 455 conditio
1391 434 1417 455 et
1431 429 1582 456 sollicitudo
1598 431 1759 465 constringat
1773 435 1820 456 etc.
1851 430 1900 457 Th.
1916 430 1946 457 C.

1108 470 1166 497 XV.
1186 473 1209 497 3.
1231 482 1251 498 e.
1271 474 1295 498 4.
1316 471 1348 498 de.
1367 473 1422 498 itin.
1443 482 1511 498 mun.
1555 473 1629 508 Quos
1655 474 1735 500 oflicii
1761 484 1834 500 cura.
1855 484 1875 500 s.
1896 474 1947 500 sol-

1108 513 1230 543 licitudo.
1256 515 1419 550 constringit.
1448 515 1485 540 11).
1505 514 1523 541 I.
1545 518 1584 542 15.
1610 527 1631 543 c.
1653 518 1691 543 17.
1712 516 1824 549 (ch.)
1850 516 1882 543 (Ie
1902 517 1945 543 off.

1108 556 1194 583 Vicar.
1208 557 1238 583 II.
1258 559 1282 583 4.
1297 568 1318 583 c.
1334 559 1355 584 1.
1370 567 1408 594 pr.
1429 557 1461 583 de
1475 557 1585 584 (lenunc.
1600 569 1623 584 v.
1638 559 1698 585 edit.
1713 569 1792 585 rescr.
1825 560 1945 590 Omnem.

1109 601 1149 625 cui
1169 610 1228 625 esse
1247 601 1406 626 constrictus
1426 600 1534 632 (licitur,
1560 601 1720 638 reliquorum
1744 601 1840 628 inferre
1860 612 1946 628 cumu-

1108 642 1169 668 lum.
1196 642 1232 669 lb.
1252 642 1297 669 XI.
1318 645 1340 669 l.
1362 653 1382 669 c.
1396 645 1437 669 25.
1458 643 1490 670 de
1509 654 1602 670 annon.
1624 649 1649 670 et
1668 645 1756 670 tribut.
1795 645 1946 681 Sponsione

1108 695 1136 711 se
1156 686 1343 722 constringere.
1373 696 1393 712 c.
1415 687 1436 712 1.
1456 696 1495 722 pr.
1522 686 1554 712 (le
1578 686 1682 723 suffrag.
1708 689 1730 713 4.
1750 689 1773 713 3
1820 687 1946 714 Eiusdem

1108 729 1224 754 criminis
1249 728 1350 765 laqueis
1375 730 1527 765 constringi.
1563 740 1584 756 c.
1608 732 1629 755 1.
1655 729 1686 755 de
1706 731 1771 766 priv.
1792 741 1887 757 carcer.
1912 730 1944 757 cf.

1108 770 1157 797 Th.
1180 771 1210 797 C.
1235 771 1279 797 IX.
1303 773 1345 797 32.
1373 782 1393 797 c.
1415 773 1437 797 1.
1467 772 1499 798 de
1517 771 1571 798 Nili
1591 783 1674 809 agger.
1711 772 1764 798 llac
1783 783 1866 809 poena
1886 783 1946 800 con-

1107 815 1273 850 stringinum,
1293 825 1316 840 v.
1337 814 1406 841 Ilaec
1425 825 1523 851 poena,
1543 825 1563 841 s.
1583 815 1691 845 mulcta.
1712 817 1873 850 constringat
1892 816 1945 849 (of-

1107 857 1194 883 ficium
1215 858 1289 889 eto).
1322 857 1359 883 11).
1384 857 1442 884 XV.
1470 860 1491 884 1.
1517 869 1537 885 c.
1557 861 1598 885 28.
1623 858 1656 884 dc
1675 868 1735 895 opp.
1756 859 1818 895 pul).
1838 858 1896 885 XV.
1919 861 1943 885 2.

1106 910 1127 926 e.
1148 901 1171 926 9.
1193 899 1225 925 dn·
1245 900 1352 935 aquaetl.
1372 900 1442 927 XVI.
1463 903 1486 927 5.
1507 912 1527 927 c.
1547 904 1588 928 52.
1609 902 1630 935 ξ.
1649 903 1673 928 2.
1694 901 1726 927 (le
1745 901 1841 928 haeret.

1143 943 1393 969 Constructio-
1431 944 1461 976 ς’.
1486 945 1520 970 l.
1550 946 1759 976 Era-tractio,
1786 946 1942 980 Refectio.

1105 985 1123 1011 I.
1146 987 1207 1019 Sy.
1235 985 1397 1012 Exstrurtio.
1426 986 1462 1012 11).
1483 986 1527 1012 XI.
1549 988 1588 1013 17.
1610 997 1630 1013 c.
1650 989 1674 1013 4.
1694 987 1726 1013 (le
1746 997 1834 1023 equor.
1856 986 1942 1013 collat.

1104 1028 1163 1054 XV.
1185 1030 1207 1054 l.
1233 1038 1253 1054 c.
1273 1030 1315 1054 ‘24.
1340 1028 1372 1054 (le
1392 1038 1452 1065 opp.
1472 1029 1534 1065 pub.
1578 1029 1619 1055 Ill.
1647 1032 1712 1057 Cn.
1740 1029 1876 1061 Pontium.
1900 1029 1942 1055 vel

1104 1073 1203 1097 viarum
1228 1076 1326 1097 constr.
1360 1070 1397 1097 lb.
1422 1071 1467 1098 XI.
1490 1073 1528 1097 16.
1553 1082 1574 1098 c.
1596 1074 1635 1098 15.
1660 1083 1681 1099 c.
1706 1074 1745 1099 18.
1775 1072 1807 1099 de
1831 1077 1896 1099 extr.
1921 1082 1941 1098 s.

1104 1114 1174 1140 sord.
1214 1113 1366 1143 Contextio.
1386 1114 1428 1140 vel
1448 1116 1609 1141 constructio
1629 1117 1740 1142 navium.
1769 1115 1805 1141 lb.
1826 1114 1881 1141 VII.
1902 1116 1942 1141 17.

1104 1167 1124 1183 c.
1146 1159 1168 1183 1.
1189 1156 1221 1182 (le
1241 1156 1321 1183 lusor.
1337 1157 1441 1183 Dauub.
1479 1157 1586 1184 Constr.
1606 1168 1747 1189 murorum.
1767 1163 1792 1185 et
1812 1168 1942 1195 compara-

1103 1201 1139 1226 tio
1159 1202 1373 1237 transvectioque
1392 1201 1546 1237 specierum.
1576 1201 1612 1227 11).
1626 1201 1685 1227 XV.
1702 1203 1723 1227 l.
1738 1212 1758 1228 c.
1773 1203 1813 1227 49.
1834 1201 1865 1227 de
1879 1211 1940 1238 opp.

1102 1243 1164 1279 pub.
1197 1259 1229 1262 —
1260 1244 1291 1277 ξ.
1313 1245 1347 1270 2.
1378 1246 1568 1274 structura,
1600 1244 1688 1278 Opus
1711 1251 1940 1270 constructum.

1103 1285 1145 1312 111.
1161 1287 1226 1313 Gn.
1247 1286 1317 1312 Dum
1337 1287 1483 1312 necessaria
1503 1286 1611 1323 publico
1632 1288 1705 1324 operi
1725 1297 1786 1313 saxa
1799 1287 1940 1323 linguntur,

1103 1330 1267 1365 antiquarum
1277 1329 1379 1355 aedium
1391 1329 1535 1366 dissipatur
1548 1331 1669 1366 speciosa
1683 1331 1853 1356 constructio.
1874 1329 1939 1355 Nov.

1102 1371 1235 1398 Maioriani.
1256 1372 1288 1398 de
1308 1372 1383 1398 aedif.
1403 1373 1465 1409 pub.
1485 1372 1528 1399 IV.
1549 1375 1572 1399 4.
1593 1383 1613 1399 c.
1636 1375 1658 1399 l.
1677 1383 1716 1409 pr.

1138 1415 1378 1442 Construere.
1410 1418 1616 1450 componere,
1640 1418 1824 1442 Fabrieare.
1844 1415 1861 1441 I.
1879 1416 1940 1449 Sy.

1101 1458 1253 1484 Exstruere.
1283 1457 1332 1484 Th.
1348 1457 1379 1484 C.
1393 1458 1451 1484 XV.
1474 1460 1495 1484 l.
1516 1469 1537 1485 c.
1551 1460 1575 1485 4.
1596 1468 1616 1484 c.
1632 1460 1655 1484 7.
1676 1468 1696 1484 c.
1717 1460 1740 1484 9.
1761 1469 1782 1484 c.
1803 1460 1843 1484 13.
1864 1469 1884 1484 c.
1897 1459 1940 1484 20.

1102 1512 1122 1527 c.
1142 1502 1184 1527 22.
1210 1511 1230 1527 c.
1251 1502 1292 1526 27.
1319 1511 1340 1527 c.
1360 1503 1402 1527 30.
1428 1501 1460 1527 de
1484 1512 1545 1538 opp.
1564 1501 1627 1538 pub.
1665 1501 1817 1532 Fabricare,
1842 1500 1940 1527 Aedifi-

1101 1554 1166 1570 care.
1196 1554 1216 1570 c.
1238 1545 1277 1569 11.
1304 1543 1336 1569 de
1361 1544 1435 1571 acdif.
1460 1545 1526 1581 priv.
1552 1545 1575 1570 8.
1597 1546 1636 1570 10.
1683 1544 1725 1570 III.
1751 1546 1816 1571 (711.
1850 1542 1940 1569 Novae

1101 1587 1132 1613 (lc
1152 1588 1253 1623 integro
1274 1591 1453 1619 constructae.
1479 1588 1714 1623 instrumentisque
1734 1588 1789 1613 suis
1809 1587 1939 1613 universis

1099 1635 1211 1656 armatae
1230 1631 1284 1663 (sc.
1304 1631 1401 1663 naves)
1426 1646 1458 1649 -
1479 1634 1659 1656 contexantur.
1694 1629 1743 1656 Th.
1765 1629 1795 1656 C.
1816 1629 1872 1655 Vll.
1898 1631 1937 1655 17.

1100 1684 1120 1700 e.
1142 1675 1164 1699 l.
1190 1673 1222 1699 (le
1246 1672 1327 1699 lusor.
1353 1673 1456 1699 Danub.
1500 1672 1536 1698 Vt
1559 1689 1591 1692 -
1617 1683 1699 1709 opus,
1729 1672 1799 1709 quod
1823 1673 1939 1699 exerceri

1099 1721 1221 1753 coeptum
1240 1715 1333 1747 suerit,
1356 1720 1532 1741 construatur.
1570 1715 1606 1741 Ib.
1628 1715 1671 1741 VI.
1697 1717 1720 1741 4.
1751 1725 1772 1741 c.
1798 1717 1837 1741 13.
1867 1716 1888 1749 ξ.
1914 1717 1937 1741 l.

1099 1759 1131 1785 (le
1151 1759 1235 1785 Praet.
1256 1762 1281 1784 et
1301 1758 1352 1793 Qu.
1394 1758 1494 1784 Omnes
1519 1759 1585 1783 intra
1605 1757 1636 1784 C.
1656 1757 1737 1794 pedes
1761 1758 1885 1784 vicinitus
1905 1774 1937 1777 -

1098 1805 1246 1832 arceantur,
1267 1810 1296 1826 ac
1314 1801 1338 1826 si
1357 1800 1420 1836 quid
1440 1805 1619 1826 constructum
1638 1800 1724 1833 fuerit,
1745 1800 1870 1827 diruatur.
1899 1800 1936 1827 Ib.

1098 1843 1156 1870 XV.
1178 1845 1200 1869 1.
1222 1854 1243 1869 c.
1263 1844 1287 1869 4,

1134 1886 1336 1914 consuere.
1375 1884 1416 1912 Cf.
1436 1896 1460 1911 v.
1481 1885 1625 1912 Consutus.
1658 1885 1788 1919 (Partic.)

1133 1930 1401 1957 consuescere·
1428 1930 1630 1955 Adsunt-ere.
1667 1929 1709 1955 III.
1725 1931 1791 1957 (711.
1811 1929 1840 1956 Si
1859 1930 1885 1956 in
1905 1939 1936 1955 eo

1097 1982 1156 1998 esse
1175 1973 1313 1998 cousuevit
1332 1970 1422 2004 (fundi
1441 1971 1578 2007 vectigal).
1607 1971 1636 1998 fr.
1657 1974 1698 1998 59.
1719 1973 1739 2006 ξ.
1760 1974 1783 1998 2.
1809 1972 1842 1999 do
1867 1972 1934 1998 usuf.

1097 2017 1120 2041 7.
1141 2017 1164 2041 l.
1202 2015 1255 2050 Qui
1280 2014 1334 2047 (sc.
1355 2014 1443 2047 tutor)
1468 2030 1500 2033 —
1524 2025 1537 2040 a
1557 2013 1681 2041 Prae-tore.
1704 2015 1777 2041 urbis
1801 2015 1855 2041 dari
1875 2025 1936 2041 con-

1097 2058 1190 2084 suevit.
1222 2057 1280 2094 le.
1293 2057 1338 2084 XI.
1357 2058 1400 2083 24.
1437 2057 1538 2083 Domus
1558 2068 1628 2094 pars,
1648 2059 1674 2084 in
1693 2069 1743 2095 qua
1761 2059 1856 2085 morari
1875 2068 1935 2085 con-

1097 2101 1238 2126 suevimus.
1263 2099 1293 2126 fr.
1313 2101 1354 2126 33.
1374 2110 1413 2137 pr.
1434 2100 1467 2126 dc
1484 2100 1560 2137 legat.
1580 2101 1621 2127 III.
1643 2102 1719 2134 (32.)

1133 2144 1510 2170 Consuetudinarius.
1535 2144 1621 2177 (Adi.)
1643 2146 1835 2177 Consuetus,
1860 2146 1934 2171 l'ul—

1093 2188 1197 2221 garis.
1239 2185 1282 2212 III.
1302 2187 1368 2214 Gn.
1397 2185 1651 2213 Consuetudinariae
1669 2187 1800 2213 iussiones
1821 2198 1852 2214 ex
1872 2197 1933 2223 quo-

1097 2239 1200 2265 cunque
1218 2228 1316 2255 iudicio
1336 2229 1519 2266 procedentes.
1538 2229 1586 2255 Iul.
1601 2230 1662 2266 epit.
1676 2229 1735 2256 hov.
1750 2241 1771 2257 c.
1785 2232 1826 2257 21.
1841 2231 1861 2264 ξ.
1873 2231 1914 2256 (59.

1132 2273 1385 2299 Consuetudo.
1414 2273 1445 2305 ἕ.
1460 2273 1494 2297 l.
1515 2273 1659 2299 Habitus
1678 2275 1864 2304 naturalis,
1885 2274 1932 2298 vel

1096 2321 1274 2341 consuetus.
1317 2314 1335 2340 Ῑ.
1363 2316 1425 2348 Sy.
1458 2314 1565 2346 Sermo,
1597 2314 1769 2342 Consuetudo
1798 2314 1930 2351 loquendi,

1096 2357 1175 2393 Vulgi
1195 2357 1366 2383 consuetudo.
1391 2357 1494 2383 l'r.132.
1514 2367 1553 2394 pr.
1573 2357 1605 2384 de
1619 2357 1650 2384 V.
1665 2357 1691 2384 S.
1711 2360 1751 2384 50.
1773 2359 1811 2383 16.
1832 2357 1881 2383 Th.
1898 2356 1929 2384 C.

1096 2400 1140 2426 IX.
1162 2402 1201 2426 16.
1226 2410 1247 2426 c.
1267 2402 1291 2426 4.
1316 2399 1349 2426 (le
1367 2399 1476 2426 malefic.
1518 2400 1560 2426 III.
1582 2402 1647 2428 Cn.
1678 2400 1774 2426 'Natura
1799 2401 1879 2436 magis
1902 2401 1930 2426 in

1097 2443 1201 2469 immine
1220 2441 1361 2479 generandi
1381 2447 1406 2468 et
1424 2443 1587 2469 consuetudo
1610 2443 1750 2480 spectanda
1775 2447 1827 2475 est,
1853 2453 1930 2479 quam

1096 2486 1240 2522 temporale
1264 2486 1356 2511 vitium
1380 2490 1424 2511 aut
1446 2485 1577 2512 valetudo.
1610 2486 1639 2512 fr.
1663 2488 1686 2512 9.
1710 2495 1748 2521 pr.
1778 2484 1810 2511 de
1832 2485 1878 2512 lib.
1903 2491 1929 2512 et

1096 2528 1183 2565 posth.
1203 2530 1245 2554 28.
1265 2530 1288 2553 2.
1327 2528 1356 2554 Si
1376 2528 1558 2555 immoderatae
1578 2529 1629 2562 (sc.
1649 2529 1737 2558 nives)
1758 2527 1874 2561 fuerunt,
1903 2533 1928 2555 et

1096 2576 1185 2597 contra
1199 2570 1415 2597 consuetudinem
1427 2573 1598 2609 tempestatis.
1618 2570 1647 2596 fr.
1663 2571 1702 2596 78.
1716 2570 1729 2603 ξ
1751 2571 1775 2596 3.
1796 2570 1827 2597 (le
1844 2576 1926 2598 contr.

1096 2618 1154 2639 emt.
1182 2615 1221 2639 1⁸.
1249 2615 1269 2639 l.
1310 2614 1351 2640 Ex
1376 2615 1565 2641 constwtfflline
1589 2613 1659 2639 abire
1685 2617 1710 2638 et
1729 2613 1813 2640 redire
1832 2614 1925 2641 solere.

1094 2656 1253 2683 Iit-vertendi
1274 2657 1445 2683 consuetudo.
1475 2658 1530 2683 Gai.
1550 2655 1579 2681 II.
1594 2656 1634 2681 (58.
1671 2655 1721 2681 Per
1741 2666 1843 2683 causam
1862 2659 1926 2694 tigni

1094 2699 1219 2736 possideo
1250 2699 1362 2726 habendi
1391 2698 1578 2726 consuetudine
1610 2697 1658 2731 [al.
1687 2700 1925 2734 consuetudinem}

1095 2742 1124 2768 t'r.
1144 2744 1185 2768 20.
1205 2752 1244 2779 pr.
1270 2743 1302 2769 (le
1321 2743 1347 2769 S.
1368 2743 1395 2768 P.
1416 2742 1446 2768 V.
1471 2743 1494 2767 S.
1513 2743 1537 2766 2.
1580 2740 1776 2768 Coniectionem
1799 2743 1869 2775 fieri,
1894 2759 1925 2762 —

1094 2785 1135 2811 vel
1155 2796 1186 2811 ex
1205 2786 1299 2812 vicinis
1324 2785 1473 2821 scripturi&r
1498 2783 1539 2809 vel
1565 2793 1597 2809 ex
1621 2785 1810 2812 consuetudine
1832 2787 1925 2822 patris—

1094 2827 1150 2853 sam.
1185 2827 1215 2853 fr.
1235 2830 1276 2853 21.
1302 2828 1323 2861 ξ.
1345 2829 1366 2853 l.
1396 2827 1446 2858 Qu.
1471 2830 1571 2852 testam.
1596 2826 1643 2853 sac.
1666 2837 1692 2858 n.
1715 2830 1756 2854 23.
1778 2830 1800 2854 1.
1833 2827 1862 2854 fr.
1883 2829 1923 2853 50.
