2197 3121
263 166 328 196 20⁸2

267 247 299 274 de
324 246 394 283 legit.
420 245 530 272 heredit.
557 245 628 272 XVI.
653 246 677 271 8.
703 255 724 271 c.
744 246 786 271 22.
816 244 848 272 de
873 244 928 271 lud.
971 243 1014 270 111.
1041 244 1107 271 011.
1130 260 1131 276 ;

267 290 351 317 Prima
376 295 511 326 practura,
537 298 602 325 quae
628 286 737 313 flavian
762 288 957 324 nuncupatione
982 288 1107 322 signatur,
1129 283 1131 309 l

267 349 299 353 —
319 332 433 359 secunda
454 331 680 362 Constantiniana,
701 346 733 350 —-
754 331 831 357 tertia
850 329 1038 367 Triumphalis
1071 328 1108 355 lb.
1130 326 1131 355 Ῐ

266 375 310 403 VI.
330 378 354 402 4.
375 386 396 401 c.
416 377 440 401 5.
466 373 498 400 cs.
519 384 539 400 c.
559 376 600 399 25.
621 383 660 410 pr.
680 374 702 407 5.
719 375 741 400 1.
761 373 794 400 de
807 372 892 400 Praet.
912 378 937 399 et
952 372 1004 408 Qu.
1033 372 1109 407 Quae

267 435 298 438 —
319 418 546 445 Constantinianis
564 416 667 452 legibus
687 421 762 443 cauta
780 421 849 443 sunt.
878 415 914 442 lb.
935 414 979 441 lv.
998 415 1022 440 6.
1043 424 1064 442 c.
1084 416 1108 441 4.
1130 422 1133 439 >

267 460 384 494 (Wek.)
404 460 437 487 de
456 465 538 486 natur.
559 458 596 485 fil.

302 502 662 536 Constantinopolis.
717 504 917 538 Byzantium
931 520 938 533 ,
976 502 1059 535 quod
1093 510 1109 527 a

267 548 489 573 constantino
513 547 589 580 Imp.
609 555 782 580 cognomen
802 546 973 571 adsumsit.
1009 542 1028 569 1.
1048 544 1109 578 Sy.
1132 568 1133 575 ,

266 587 575 625 Constantinopolitano,
595 598 616 614 s.
635 587 794 625 lmperialis,
814 597 835 613 s.
854 586 949 622 Regia,
970 586 1066 619 (urbs,
1085 596 1110 613 v.
1132 604 1133 611 η

266 632 384 664 civitas).
412 630 450 657 lb.
472 629 503 657 V.
524 632 564 657 13.
585 641 606 661 c,
625 632 667 657 36.
689 630 802 663 (ch.)
821 630 854 656 X.
874 631 916 655 22.
937 639 958 656 c.
980 631 1002 655 1.
1024 629 1057 656 de
1076 629 1111 656 fa·
1132 625 1133 648 ἶ

266 675 379 702 bricens.
406 673 501 700 Iuliani
524 674 587 711 epit.
612 684 673 700 nov.
703 683 724 699 c.
744 675 786 699 54.
817 673 935 706 §§.196.
959 681 999 708 sq.
1027 682 1048 698 c.
1068 674 1110 698 57.

266 718 287 752 §.
306 718 366 743 201.

301 759 756 793 constantinopolitanus.
785 757 926 791 (Adiect.)
963 759 1012 784 Aa
1030 760 1110 785 Con·
1132 740 1134 758 l

264 805 512 837 statilinopolin
532 808 690 836 spectans.
728 800 771 828 111.
793 802 860 829 Gu-
892 800 960 827 Vrbs
980 800 1111 827 Constan-

265 845 448 883 tinopolitana‚
468 856 534 882 quae
553 844 652 871 Romae
672 845 770 870 veteris
788 844 970 881 praerogativa
989 843 1109 870 laetatur.
1131 854 1133 881 !

265 899 287 916 c.
301 891 324 916 6.
345 888 377 915 de
390 889 439 915 SS.
454 888 518 915 eccl.
539 890 561 914 1.
575 889 599 914 2.
619 886 652 914 cf.
672 897 693 913 c.
709 889 732 913 1.
752 886 786 914 de
798 888 866 924 priv.
881 887 937 913 urb.
954 886 1048 913 Const.
1069 888 1109 913 11.

264 934 306 959 20.
339 931 459 963 Palatini,
480 936 506 957 et
526 929 816 967 Constantinopolitani
837 931 916 957 cives.
946 929 996 957 Th.
1012 930 1044 957 C.
1063 930 1108 956 XI.

266 976 306 1002 16.
327 985 348 1001 c.
368 976 391 1001 6.
413 974 444 1000 de
464 979 530 1000 extr.
551 983 572 1000 s.
592 973 664 1000 sord.

301 1019 495 1046 Constare.
525 1017 556 1050 ξ.
570 1018 604 1043 1.
632 1018 835 1048 Consistere,
859 1017 981 1043 Valere.
1013 1015 1109 1051 [δρψ

264 1061 358 1093 Nasci,
379 1060 515 1087 Constitui
536 1059 757 1096 (obligationem).
777 1059 807 1085 fr.
821 1060 846 1085 3.
866 1059 903 1093 55.
924 1061 947 1086 1.
968 1069 1008 1096 sq.
1028 1059 1062 1086 de
1076 1059 1108 1086 Ο.

265 1110 291 1131 et
309 1105 340 1131 A.
365 1106 407 1130 44.
428 1104 451 1130 7.
494 1101 598 1129 Valere.
630 1102 672 1129 Pr.
698 1102 717 1128 1.
743 1102 775 1128 de
800 1101 889 1128 exher.
912 1101 990 1129 liber.
1016 1104 1041 1129 2.
1068 1104 1108 1129 13.

264 1147 295 1174 II.
317 1148 384 1181 ⁰13.
415 1146 445 1173 Si
469 1146 663 1172 matrimonium
682 1145 802 1171 moribus
821 1144 978 1181 legibusque
997 1150 1109 1172 constat.

264 1206 297 1210 -
317 1190 347 1216 Si
366 1188 474 1226 aliquod
493 1188 709 1226 impedimentum
723 1188 890 1220 interveniat,
909 1198 942 1215 ne
955 1189 990 1214 sit
1003 1189 1110 1215 omnino
1132 1199 1133 1218 ς

263 1234 465 1260 matrimonium.
494 1232 525 1258 fr.
539 1233 562 1258 3.
583 1232 643 1265 5.1.
663 1231 696 1258 de
715 1230 776 1258 don.
796 1232 842 1258 int.
863 1230 894 1257 V.
914 1233 994 1258 241.
1024 1231 1111 1267 Quae-
1132 1250 1133 1263 ,

265 1276 324 1303 dam
338 1277 387 1309 (sc.
402 1276 532 1308 actiones)
552 1274 584 1300 ad
598 1274 663 1310 legis
678 1276 808 1301 actionem
821 1275 1014 1311 exprimuntur,
1033 1284 1111 1311 quae

265 1319 324 1346 dam
342 1329 389 1345 sua
402 1319 429 1345 vi
442 1329 471 1345 ac
484 1322 616 1356 potestate
631 1322 761 1344 constant.
782 1317 839 1344 Gai.
854 1317 899 1344 lv.
915 1319 954 1344 10.
986 1317 1030 1344 ΠΙ.
1043 1319 1109 1345 Gn.
1131 1341 1132 1353 ¹

264 1362 324 1389 Non
347 1366 437 1399 potest
461 1366 582 1388 constare
605 1362 660 1393 ius,
685 1362 736 1387 nisi
761 1362 797 1387 sit
821 1360 916 1397 aliquis
940 1362 1109 1398 iurisperitus
1130 1363 1131 1397 {

265 1410 313 1432 etc.
342 1405 374 1432 fr.
393 1404 459 1438 2.5.
481 1406 521 1431 13.
541 1404 573 1431 de
593 1404 626 1431 Ο.
645 1404 664 1430 1.
686 1406 708 1430 1.
728 1406 752 1430 2.
785 1420 816 1423 —
845 1404 875 1438 §-
899 1405 934 1431 2.
964 1405 1109 1436 Durare,
1130 1403 1131 1408 ¹

265 1450 403 1476 Manere.
440 1447 471 1474 II.
487 1449 554 1482 011.
582 1447 705 1474 Dissolvi
724 1448 960 1481 (coniunctionem,
980 1456 1001 1473 s.
1021 1448 1109 1474 matri-

264 1492 406 1524 monium).
436 1490 493 1517 Gai.
513 1490 531 1517 1.
552 1492 593 1518 61.
614 1492 655 1517 63.
686 1490 716 1517 1“π.
735 1492 777 1516 39.
799 1500 839 1527 pr.
864 1489 896 1517 de
915 1491 972 1516 iure
991 1489 1047 1517 dot.
1065 1492 1107 1517 23.

263 1537 288 1561 3.
308 1534 339 1561 fr.
358 1536 382 1561 5.
402 1534 423 1568 5.
444 1536 468 1560 1.
488 1533 521 1560 de
540 1534 600 1560 bon.
621 1533 733 1560 damnat.
753 1535 795 1560 48.
814 1536 855 1560 20.
894 1533 1054 1565 Constante,
1074 1549 1107 1554 —

264 1576 352 1603 Finito
372 1577 486 1611 (usus)
516 1577 547 1603 fr.
567 1579 591 1603 5.
611 1577 632 1611 5.
655 1579 678 1603 1.
704 1576 737 1604 de
756 1576 824 1603 usuf.
846 1586 897 1603 ear.
917 1586 967 1603 rer.
988 1578 1012 1602 7.
1031 1579 1054 1603 5.
1074 1592 1107 1596 —

263 1621 295 1654 ξ.
319 1622 356 1648 3.
392 1622 585 1652 Convenit-e,
615 1622 829 1647 Concordare.
872 1618 892 1645 1.
912 1620 971 1653 Sy.
1001 1619 1107 1646 Salvam

264 1673 324 1690 esse
343 1664 517 1697 (rationem).
550 1663 581 1690 ίπ.
603 1665 625 1690 1.
649 1673 689 1701 pr.
714 1663 780 1696 5.1.
809 1661 842 1688 de
870 1662 981 1698 obsequ.
1005 1667 1106 1699 parent.

262 1708 305 1733 37.
325 1708 365 1733 15.
396 1707 426 1733 fr.
448 1708 487 1733 17.
508 1707 530 1740 5.
549 1708 574 1733 8.
598 1706 632 1733 de
649 1707 726 1732 iniur.
750 1707 792 1732 47.
815 1707 854 1731 10.
896 1704 939 1732 III.
961 1707 1027 1733 Cn.
1058 1705 1107 1732 Ra-

264 1750 349 1776 tiones
369 1750 400 1776 ab
421 1760 451 1776 eo
471 1751 584 1787 accepit,
609 1754 635 1776 et
660 1759 719 1776 cum
738 1749 776 1775 eis
796 1758 849 1775 non
868 1753 1014 1780 constaret,
1038 1758 1107 1775 com-

263 1794 332 1830 perit
351 1798 399 1820 etc.
428 1792 459 1820 fr.
480 1794 521 1819 16.
541 1792 573 1819 de
593 1802 670 1819 servo
691 1801 758 1818 corr.
780 1793 820 1818 ll.
839 1794 863 1818 3.
884 1807 917 1811 —
943 1792 974 1825 §-
996 1793 1035 1818 4.
1067 1794 1105 1819 111

264 1838 414 1872 confesso
431 1847 518 1869 ene,
537 1838 686 1870 Liquere.
723 1834 742 1861 1.
764 1836 827 1869 Sy.
851 1834 947 1861 Ratum
967 1845 1034 1861 esse.
1063 1834 1107 1861 Li-

264 1888 353 1915 quere.
381 1879 412 1905 l'r.
429 1881 454 1905 2.
474 1879 495 1913 5.
517 1881 557 1905 11.
577 1878 610 1905 de
630 1877 663 1905 O.
684 1877 701 1904 1.
721 1880 745 1904 2.
774 1878 806 1905 ct'.
827 1878 857 1905 fr.
880 1880 902 1904 l.
922 1888 962 1915 pr.
982 1878 1004 1912 5.
1025 1879 1048 1904 l.
1073 1877 1106 1904 de

264 1926 349 1948 const.
368 1921 454 1948 Princ.
476 1924 497 1948 l.
513 1923 537 1948 4.
562 1920 635 1948 Paul.
654 1920 697 1947 Ill.
716 1922 740 1947 5.
760 1921 835 1955 5.11.
864 1921 961 1948 Cessat
975 1921 1105 1957 quaestio,

264 1963 386 1991 Constat.
412 1964 496 1991 Vatic.
516 1965 537 1998 5.
557 1966 599 1991 0¹2.
628 1963 657 1990 11.
676 1965 742 1997 Op.
768 1964 874 1999 Quaeri.
906 1963 1023 1990 Dubium
1038 1974 1105 1991 esse.

264 2006 322 2034 Gai.
341 2007 371 2034 II.
392 2009 450 2034 195.
470 2009 528 2034 199.
547 2010 606 2033 200.
626 2008 685 2033 244.
706 2017 746 2043 sq.
765 2007 787 2040 5.
806 2008 831 2033 3.
851 2006 870 2033 I.
891 2006 942 2042 Qu.
961 2006 1030 2033 mod.
1052 2006 1104 2034 obl.
1127 2039 1129 2046 Ι

265 2050 321 2077 toll.
340 2052 364 2078 3.
384 2052 426 2077 29.
463 2050 506 2077 111.
522 2052 588 2078 Cn.
612 2049 744 2077 Constare
757 2049 844 2082 debet,
863 2049 1017 2086 liquereque
1030 2049 1107 2077 Prae-
1127 2049 1128 2052 ’

265 2095 323 2120 tori.
352 2094 382 2120 t'r.
402 2096 426 2121 5.
451 2095 517 2128 5.1.
547 2094 598 2129 Qu.
618 2104 651 2120 ex
670 2103 691 2119 c.
711 2094 737 2119 in
756 2103 830 2130 poss.
856 2095 898 2120 42.
917 2095 941 2120 4.
982 2093 1059 2120 Licet
1076 2093 1106 2120 li-
1127 2095 1130 2104 '

265 2137 345 2174 quido
360 2142 481 2164 constare
494 2147 547 2163 non
560 2138 656 2174 possit,
674 2138 833 2173 argumentis
847 2141 932 2163 tamen
947 2146 1106 2173 cognoscen-

264 2179 326 2207 dum
346 2186 393 2207 cst.
422 2180 452 2207 t'r.
472 2183 496 2207 5.
520 2181 542 2215 5.
562 2182 586 2207 6.
613 2180 646 2207 de
665 2179 695 2207 R.
716 2180 750 2206 M.
775 2182 816 2207 49.
838 2181 878 2207 16.
921 2180 1026 2216 Quodsi
1046 2190 1107 2207 con-
1127 2174 1129 2178 Α

264 2224 362 2250 stiterit
381 2224 481 2257 (ratio).
501 2234 587 2260 neque
605 2223 756 2261 adparuerit
775 2228 825 2250 etc.
853 2223 883 2250 Γπ.
899 2225 939 2250 15.
959 2223 994 2250 ib.
1008 2225 1049 2250 49.
1065 2224 1105 2250 16.
1127 2226 1129 2255 Ι

264 2265 325 2293 Νοιι
344 2272 460 2298 constat,
484 2277 542 2293 nam
562 2267 682 2293 diversae
706 2266 814 2293 scholae
837 2266 989 2293 auctoribus
1007 2266 1107 2304 placuit
1127 2275 1129 2280 ·

265 2315 314 2337 etc.
344 2310 401 2337 Gai.
426 2310 467 2337 111.
493 2312 550 2336 178.
591 2309 742 2337 Praevaluit
766 2311 909 2341 sententia,
938 2325 971 2329 —-
998 2320 1056 2336 nam
1080 2315 1106 2336 et

265 2358 371 2380 constat
389 2358 439 2380 etc.
468 2352 504 2379 lb.
525 2352 568 2379 Ill.
590 2355 647 2380 149.
685 2353 800 2385 Placuit,
824 2352 910 2390 deque
934 2363 963 2379 ea
986 2363 1015 2379 re
1038 2353 1106 2379 inter

264 2407 356 2423 omnes
376 2401 486 2423 constat.
515 2396 545 2422 sr.
565 2398 588 2422 5.
609 2397 630 2430 5.
650 2397 673 2423 6.
694 2396 727 2423 de
746 2397 822 2422 iniur.
842 2398 883 2423 47.
899 2398 938 2422 10.
967 2396 998 2422 cs.
1019 2396 1049 2423 l'r.
1066 2398 1105 2422 12.
1126 2412 1128 2417 ·

265 2439 297 2466 de
315 2444 384 2477 pact.
408 2441 433 2466 2.
455 2441 495 2466 14.
529 2438 612 2466 vatic.
636 2439 658 2472 5.
677 2441 736 2466 319.
780 2440 851 2466 Satis
871 2444 982 2466 constat.
1013 2438 1044 2466 fr.
1062 2442 1104 2466 22.

265 2482 297 2510 dc
317 2484 373 2509 iure
391 2487 493 2520 patron.
517 2484 558 2510 37.
580 2484 620 2509 14.
663 2481 740 2509 Vnde
761 2483 854 2514 miror,
879 2492 960 2519 quare
984 2487 1106 2509 constare

264 2525 392 2552 videatur.
412 2525 443 2552 fr.
461 2527 485 2553 9.
506 2525 539 2552 de
557 2524 630 2560 relig.
651 2526 691 2551 11.
712 2527 734 2551 7.
771 2525 901 2552 Differ-tur
919 2541 952 2545 —
970 2525 1105 2558 iudicium,

265 2567 349 2594 donec
368 2574 472 2595 constet
489 2568 535 2601 (de
553 2572 637 2595 morte
657 2568 728 2600 etc).
752 2568 783 2594 fr.
804 2570 826 2595 7.
846 2569 867 2602 5.
888 2570 911 2595 4.
931 2568 963 2595 fr.
981 2570 1024 2595 23.
1043 2569 1065 2602 5.
1079 2570 1104 2594 2.
1126 2590 1127 2594 ,

266 2610 298 2638 de
318 2610 419 2638 liberali
439 2622 460 2637 c.
484 2613 526 2637 40.
548 2613 587 2637 12.
618 2610 649 2637 cs.
675 2611 706 2637 l'r.
729 2612 768 2637 18.
793 2611 825 2637 tle
845 2621 916 2638 exce.
947 2613 988 2638 44.
1010 2613 1032 2638 l.
1074 2610 1104 2638 Si
1125 2629 1126 2639 :

266 2655 415 2681 constiterit
434 2655 502 2692 apud
522 2654 647 2681 iudicium
661 2659 708 2681 etc.
728 2653 758 2680 fr.
772 2655 796 2680 5.
816 2655 852 2687 55.
869 2656 894 2681 6.
909 2658 932 2681 δ.
953 2654 985 2681 de
999 2664 1103 2690 agnose.
1125 2667 1126 2684 ff

266 2701 291 2723 et
310 2696 342 2723 al.
362 2698 404 2722 25.
423 2699 446 2723 3.
483 2697 513 2724 Si
532 2697 564 2724 de
584 2697 674 2724 debito
698 2697 870 2723 constitisset.
902 2697 932 2723 sr.
954 2699 1011 2724 122.
1037 2698 1059 2731 5
1077 2699 1102 2724 4.
1124 2727 1126 2732 ,

266 2739 299 2767 de
317 2738 348 2766 V.
364 2740 396 2765 Ο.
416 2741 456 2766 45.
474 2742 495 2767 1.
522 2740 557 2772 Is,
577 2750 654 2777 quem
673 2741 792 2767 constitit
810 2740 920 2773 (temere
938 2741 965 2766 in
978 2739 1103 2766 iudicium

265 2782 400 2815 vocasse).
422 2782 451 2808 t‘r.
472 2784 512 2808 79.
530 2793 570 2819 pr.
591 2783 623 2809 de
643 2783 721 2810 iudic.
740 2785 763 2809 5.
786 2784 807 2809 l.
832 2798 865 2802 -
889 2783 920 2816 §-
947 2783 984 2809 5.
1014 2785 1103 2810 Com-

263 2827 409 2861 positum
427 2835 505 2857 esse,
527 2827 708 2853 Continet-i.
744 2825 763 2853 1.
778 2827 840 2861 Sy.
869 2824 1007 2852 Contineri
1026 2826 1103 2862 (pon-

1080 161 1184 193 CON.

1153 243 1224 275 dere,
1244 253 1352 270 numero
1372 243 1434 277 etc.)
1463 243 1520 270 Gai.
1540 243 1570 270 11.
1593 245 1650 271 196.
1671 244 1714 271 III.
1733 246 1847 273 9o.175.
1876 245 1938 284 le.
1954 245 1998 273 Vl.

1153 289 1176 314 8.
1196 286 1294 314 XXIV.
1319 288 1342 312 7.
1371 285 1402 313 fr.
1421 287 1463 313 38.
1489 286 1522 314 de
1545 286 1624 314 indic.
1649 289 1674 314 5.
1695 289 1718 314 l.
1746 287 1778 315 fr.
1803 290 1846 315 35.
1871 289 1893 323 5.
1913 291 1937 315 5.
1965 289 1999 316 de

1153 334 1237 356 contr.
1258 334 1318 355 emt.
1339 330 1380 355 18.
1402 331 1423 355 1.
1460 329 1502 356 III.
1523 331 1589 358 Cn.
1618 329 1748 363 Taberna,
1768 341 1835 367 quae
1854 337 1959 358 constat
1972 338 1999 359 et

1130 379 1133 406 ξ
1153 373 1232 400 rebus
1253 377 1278 399 et
1297 371 1449 398 hominibus
1473 372 1506 399 ad
1524 374 1729 409 negotiationem
1748 375 1854 410 paratis.
1887 375 1918 402 fr.
1940 377 1997 402 185.

1154 415 1186 442 de
1206 415 1236 442 V.
1258 416 1285 442 S.
1310 417 1352 441 50.
1374 416 1413 441 16.
1450 414 1480 441 In
1499 415 1539 442 his
1559 416 1613 443 sere
1633 417 1720 443 causis
1740 421 1845 443 constat.
1865 426 1942 444 omne
1961 417 1999 444 os-

1131 484 1133 495 .
1154 459 1243 486 ficium
1261 458 1444 491 (adsessoris).
1463 457 1495 484 fr.
1510 460 1532 485 l.
1552 458 1585 486 de
1597 459 1641 486 oss.
1656 459 1788 486 adsessor.
1809 461 1832 486 1.
1846 462 1888 486 22.
1918 460 1999 496 Quod

1132 507 1133 531 ζ
1154 513 1185 528 ex
1206 502 1328 528 omnibus
1348 502 1403 527 suis
1422 501 1542 538 partibus
1563 507 1674 528 constat.
1705 502 1735 529 Γπ.
1752 504 1773 529 1.
1794 502 1826 529 de
1841 502 1874 529 Ο.
1895 502 1914 529 1.
1935 505 1958 530 l.
1972 505 1997 530 2.

1154 545 1286 572 Constant
1306 546 1362 571 iura
1382 555 1414 571 ex
1432 543 1548 580 legibuS,
1568 544 1717 581 plebiscitis
1737 550 1788 572 cte.
1812 545 1869 572 Gai.
1883 545 1902 572 I.
1920 547 1944 572 2.
1965 561 1998 565 —

1155 589 1186 621 §-
1211 589 1250 615 6.
1282 589 1399 614 Veniam
1418 594 1586 622 prostare,
1609 590 1734 616 Valere.
1769 588 1788 614 1.
1808 590 1869 623 Sy.
1894 588 1998 615 Valere.

1156 631 1185 657 fr.
1208 633 1229 657 l.
1250 631 1272 664 5.
1293 632 1316 657 7.
1342 630 1374 657 ad
1397 629 1427 656 L.
1451 630 1521 657 Falc.
1545 632 1586 657 35.
1611 633 1635 657 2.
1678 631 1721 658 111.
1747 633 1813 659 Cn.
1843 631 1999 668 Consequor

1155 679 1268 705 tantum,
1293 674 1383 710 quanti
1407 684 1517 711 puerum
1541 689 1574 693 ——
1599 676 1753 701 constitisse
1777 674 1841 701 mibi
1865 690 1899 695 -·
1922 675 1998 701 aesti-

1132 723 1133 733 ¹
1155 718 1272 744 maverit.
1301 716 1333 743 l'r.
1354 718 1394 743 73.
1419 716 1452 743 de
1470 716 1546 752 legat.
1566 716 1596 743 11.
1617 718 1693 750 (31.)

1191 761 1358 788 Constat.
1397 759 1439 786 Cf.
1459 770 1483 786 v.
1504 759 1642 786 Constare.

1191 804 1457 830 consternere.
1495 802 1536 830 Cf.
1557 813 1581 829 v.
1602 802 1771 829 Consti-atus.

1190 846 1442 874 constituere.
1480 847 1510 880 §.
1532 847 1566 873 1.
1597 847 1781 878 collocare,
1805 847 1998 880 Diaponere.

1131 897 1133 932 J
1154 888 1172 916 I.
1185 890 1246 924 Sy.
1265 888 1563 921 1nchoare‚1nstituere,
1579 889 1729 926 Auspicari,
1748 888 1900 920 lason-mare,
1920 888 1999 915 Ordi-

1131 940 1132 970 }
1154 942 1216 958 nare
1236 933 1334 969 (opus,
1355 942 1375 958 s.
1396 931 1546 963 fabricam).
1576 931 1626 958 Tb.
1648 931 1678 958 C.
1698 931 1757 958 XV.
1779 933 1800 958 l.
1826 942 1847 958 c.
1866 933 1890 958 3.
1915 942 1936 958 c.
1957 933 1998 958 11.

1155 986 1176 1002 c.
1198 978 1238 1002 14.
1258 985 1279 1001 c.
1295 976 1335 1002 16.
1355 975 1388 1002 de
1407 985 1470 1012 opp.
1488 975 1552 1012 pub.
1589 974 1754 1001 Construere
1768 973 1881 1007 (aedes).
1900 974 1938 1001 Ib.
1951 974 1997 1001 XI.

1156 1019 1194 1044 16.
1215 1028 1236 1044 c.
1257 1020 1298 1044 15.
1317 1028 1339 1045 c.
1360 1019 1400 1045 18.
1420 1018 1453 1044 de
1471 1022 1537 1044 extr.
1557 1028 1578 1044 S.
1598 1017 1671 1044 sord.
1713 1017 1866 1054 Disponere
1884 1018 1999 1054 (oppor-

1154 1062 1224 1088 tunis
1244 1060 1324 1093 locis,
1344 1071 1380 1088 se.
1401 1060 1551 1094 cohortes).
1577 1060 1607 1086 i'r.
1628 1062 1650 1087 1.
1670 1061 1692 1094 5.
1714 1062 1754 1086 12.
1774 1059 1808 1086 de
1825 1060 1870 1087 off.
1884 1059 1937 1087 Prl'.
1951 1059 1997 1086 Vr.

1156 1107 1178 1131 1.
1200 1106 1240 1131 12.
1260 1103 1291 1131 fr.
1308 1106 1328 1131 1.
1348 1104 1379 1131 l'r.
1392 1106 1416 1130 3.
1431 1114 1470 1141 pr.
1490 1103 1523 1130 de
1542 1103 1584 1129 off.
1600 1102 1652 1129 Pri.
1667 1102 1741 1139 Yigg.
1763 1104 1786 1129 1.
1801 1105 1842 1130 15.
1871 1102 1914 1130 111.
1931 1103 1998 1131 Gn·

1132 1148 1133 1155 ¹
1154 1147 1316 1174 Sollicitudo
1341 1146 1505 1184 publicarum
1531 1145 1645 1177 aedium,
1669 1145 1712 1172 vel
1731 1156 1878 1178 sacrarum,
1903 1146 2000 1173 consti-

1156 1190 1311 1217 tuendarum
1330 1190 1575 1227 reparandarumve.
1604 1188 1654 1215 Tb.
1675 1188 1706 1215 C.
1725 1188 1770 1215 XI.
1791 1190 1831 1215 16.
1852 1199 1873 1216 c.
1889 1190 1929 1215 18.
1949 1188 1966 1215 l.
1981 1188 1997 1215 l.

1154 1234 1257 1261 Moenia
1276 1235 1426 1260 constituta.
1455 1232 1583 1259 Aedilicia
1597 1232 1723 1258 constitui
1736 1232 1763 1257 in
1782 1232 1875 1265 (area).
1895 1232 1926 1259 fr.
1937 1233 1997 1259 239.

1155 1278 1176 1311 5.
1198 1279 1220 1304 7.
1241 1276 1273 1303 de
1292 1276 1324 1303 Y.
1345 1276 1372 1303 S.
1393 1278 1434 1303 50.
1455 1277 1496 1302 16.
1524 1274 1598 1302 Paul.
1618 1274 1660 1300 111.
1680 1275 1704 1300 6.
1728 1274 1751 1308 5.
1770 1276 1813 1301 21.
1850 1274 1909 1301 Sibi
1928 1274 1998 1301 sami-

1154 1321 1257 1357 liaeque
1281 1330 1345 1346 suae
1373 1323 1458 1346 const.
1483 1317 1612 1355 sepulcra.
1645 1317 1676 1344 fr.
1700 1319 1725 1344 5.
1750 1317 1784 1344 de
1806 1317 1880 1354 relig.
1908 1319 1948 1344 11.
1973 1319 1998 1344 7.

1154 1364 1208 1399 Qui
1226 1364 1306 1401 primi
1325 1372 1400 1399 agros
1421 1362 1622 1389 constituerunt.
1654 1360 1685 1387 fr.
1704 1362 1746 1387 23.
1766 1371 1806 1398 pr.
1831 1361 1864 1388 de
1886 1371 1954 1398 aqua
1972 1365 1998 1387 et

1154 1417 1212 1444 aqu.
1232 1406 1268 1444 pl.
1287 1408 1329 1433 39.
1347 1408 1372 1433 3.
1410 1405 1440 1432 Si
1459 1406 1519 1442 quis
1538 1403 1673 1431 domicilio
1693 1403 1786 1431 relicto
1811 1405 1930 1440 naviget,
1953 1402 1998 1430 vel

1153 1451 1203 1477 iter
1221 1450 1312 1481 saciat,
1332 1458 1460 1486 quaerens
1480 1458 1532 1485 quo
1552 1457 1582 1474 se
1601 1447 1719 1474 conferat
1738 1451 1816 1483 atque
1837 1447 1882 1473 ubi
1901 1447 1998 1474 consti—

1153 1498 1219 1520 tuat.
1245 1493 1277 1520 fr.
1297 1494 1340 1519 27.
1359 1493 1381 1526 5.
1400 1494 1425 1518 2.
1444 1491 1477 1518 ad
1495 1492 1621 1527 municip.
1641 1492 1683 1517 50.
1701 1493 1721 1517 Ι.
1742 1506 1775 1510 -
1794 1491 1826 1524 §-
1841 1491 1876 1516 8.
1896 1491 1997 1526 Effi-

1152 1547 1234 1568 cere,
1255 1537 1431 1571 Per-ficere.
1468 1534 1486 1560 1.
1501 1536 1563 1568 Sy.
1581 1534 1657 1565 Esse,
1677 1543 1702 1560 v.
1722 1533 1802 1565 Fieri,
1820 1532 1907 1564 Effici,
1927 1532 1997 1559 Con-

1152 1580 1227 1606 stitui
1246 1577 1400 1613 (heredem,
1420 1587 1444 1603 v.
1466 1587 1572 1603 servum
1591 1582 1640 1603 etc.
1661 1587 1682 1603 s.
1702 1576 1761 1603 loco
1781 1577 1864 1609 eius).
1898 1575 1956 1602 Gai.
1976 1575 1995 1602 1.

1153 1624 1194 1648 15.
1213 1632 1272 1658 sqq.
1292 1621 1335 1647 111.
1354 1623 1396 1647 32.
1417 1622 1475 1647 189.
1504 1619 1565 1657 ΠΡ.
1585 1619 1707 1646 XXVIII.
1729 1620 1769 1645 12.
1797 1618 1868 1645 Coll.
1887 1618 1940 1646 LL.
1961 1618 1995 1646 M.

1150 1664 1221 1691 XVI.
1242 1666 1266 1690 3.
1286 1663 1317 1690 [ι’.
1338 1665 1378 1690 17.
1398 1663 1419 1697 5.
1439 1664 1463 1689 6.
1484 1662 1516 1689 ad
1535 1662 1563 1689 S.
1584 1663 1615 1689 C.
1636 1662 1715 1689 Treb.
1735 1663 1776 1688 36.
1800 1663 1820 1688 1.
1841 1661 1871 1688 fr.
1891 1664 1916 1689 5.
1936 1671 1996 1698 sqq.

1152 1708 1184 1735 de
1203 1707 1283 1734 duob.
1303 1708 1364 1733 reis.
1383 1707 1424 1732 45.
1439 1708 1463 1732 2.
1501 1705 1640 1737 Constare,
1661 1704 1749 1736 Nasci,
1769 1703 1907 1737 Contrahi,
1927 1704 1997 1731 Con-

1151 1752 1225 1777 stitui
1245 1749 1453 1786 (obligationem.
1473 1759 1498 1775 v.
1519 1753 1682 1775 contractum
1702 1748 1773 1781 etc.).
1802 1747 1859 1774 Gai.
1879 1747 1922 1774 111.
1937 1749 1994 1774 142.

1151 1804 1210 1831 sqq.
1234 1793 1264 1820 fr.
1284 1795 1309 1819 4.
1328 1803 1368 1830 pr.
1388 1792 1418 1819 sr.
1440 1794 1479 1818 11.
1499 1791 1530 1818 fr.
1552 1793 1591 1817 14.
1611 1791 1642 1817 fr.
1664 1792 1703 1817 18.
1724 1790 1756 1817 de
1776 1790 1894 1828 sponsal.
1913 1792 1955 1817 23.
1971 1792 1994 1817 1.

1151 1837 1180 1864 fr.
1200 1839 1226 1863 3.
1249 1836 1330 1870 551.
1351 1846 1390 1872 sq.
1415 1835 1448 1862 de
1472 1834 1505 1861 0.
1526 1839 1552 1861 et
1570 1835 1602 1861 A.
1627 1835 1668 1860 44.
1690 1835 1712 1860 7.
1749 1833 1899 1866 Accedere,
1923 1833 1994 1860 Con-

1151 1881 1225 1907 stitui
1244 1879 1360 1913 (reum).
1392 1878 1423 1905 fr.
1444 1880 1484 1904 14.
1509 1878 1530 1912 5.
1551 1879 1575 1904 6.
1601 1878 1653 1912 Qu.
1678 1881 1738 1903 met.
1759 1887 1781 1903 c.
1807 1878 1832 1903 4.
1856 1879 1881 1903 2.
1922 1876 1994 1903 Dare

1151 1926 1290 1958 (actorem,
1310 1926 1507 1960 procuratorem
1527 1921 1603 1952 etc.).
1638 1920 1695 1946 Gai.
1715 1919 1760 1946 IV.
1786 1921 1828 1946 83.
1848 1929 1888 1956 sq.
1918 1918 1948 1945 fr.
1970 1920 1992 1945 1.

1151 1967 1188 2001 55.
1211 1969 1233 1993 l.
1252 1968 1277 1992 3.
1296 1965 1327 1992 fr.
1347 1967 1371 1992 3.
1391 1975 1431 2001 sq.
1451 1964 1482 1991 fr.
1502 1965 1525 1990 8.
1546 1974 1585 2001 pr.
1606 1964 1682 1997 55.1.
1697 1972 1737 1998 sq.
1757 1962 1790 1988 de
1808 1972 1912 1999 procur.
1931 1963 1956 1988 3.
1967 1963 1991 1988 3.

1151 2010 1206 2046 Qui
1223 2010 1274 2036 iam
1293 2009 1433 2046 processit,
1453 2007 1505 2033 lam
1525 2007 1685 2032 constitutus
1705 2004 1834 2038 (ususs.).
1859 2004 1890 2031 fr.
1911 2006 1934 2030 1.
1954 2004 1992 2038 55.

1152 2055 1174 2080 l.
1193 2055 1218 2079 3.
1242 2052 1294 2088 Qu.
1314 2050 1383 2077 mod.
1403 2049 1486 2076 usnsf.
1513 2051 1536 2075 7.
1556 2050 1580 2074 4.
1624 2047 1666 2074 111.
1691 2049 1757 2075 Cn.
1786 2047 1867 2083 Quod
1891 2048 1992 2079 animo,

1150 2099 1304 2134 perpetuam
1324 2092 1501 2120 constituendi
1521 2091 1723 2123 dissensionem,
1742 2091 1780 2118 fit.
1810 2090 1840 2117 sr.
1859 2091 1884 2117 3.
1904 2090 1936 2116 de
1955 2089 1993 2116 di-

1150 2143 1217 2165 vort.
1236 2139 1278 2164 24.
1298 2139 1322 2163 2.
1360 2136 1389 2162 Si
1409 2146 1438 2161 ea
1457 2136 1664 2173 praecesserint,
1684 2144 1750 2171 quac
1769 2135 1912 2160 servitutes
1933 2143 1993 2160 con-

1150 2183 1271 2208 stituunt.
1305 2190 1326 2206 c.
1346 2181 1369 2205 3.
1396 2178 1429 2205 de
1453 2179 1543 2204 servit.
1570 2183 1596 2204 et
1620 2188 1678 2215 aqu.
1705 2178 1730 2203 3.
1749 2178 1791 2203 34.
1829 2176 1991 2203 Ratihabitio

1151 2225 1295 2251 constituet
1320 2228 1393 2249 tuum
1417 2221 1564 2257 negotium,
1590 2220 1678 2257 (quod
1701 2219 1732 2246 ab
1752 2220 1827 2246 initio
1846 2224 1919 2246 tuum
1938 2229 1991 2246 non

1127 2258 1129 2270 ⁸
1151 2268 1230 2299 erat).
1260 2266 1291 2293 sr.
1311 2267 1334 2292 6.
1355 2265 1376 2299 5.
1397 2266 1420 2291 9.
1450 2264 1483 2291 de
1502 2264 1533 2291 N.
1554 2264 1586 2291 G.
1605 2267 1630 2291 3.
1649 2265 1673 2290 5.
1710 2262 1766 2289 Hoc
1785 2263 1870 2289 animo
1890 2262 1946 2289 dari
1965 2268 1992 2289 et

1151 2312 1247 2348 accipi,
1267 2314 1296 2336 nt
1315 2308 1440 2345 obligatio
1461 2308 1642 2334 constituatur.
1670 2306 1701 2333 fr.
1720 2307 1745 2332 3.
1770 2306 1792 2340 5.
1813 2307 1835 2332 1.
1859 2305 1892 2332 de
1911 2304 1944 2332 Ο.
1965 2310 1991 2332 et

1150 2355 1181 2381 A.
1202 2355 1243 2380 44.
1264 2354 1287 2379 7.
1324 2351 1480 2378 Debitorem
1503 2350 1554 2376 sibi
1580 2350 1749 2376 constituere.
1790 2348 1874 2375 Reum
1892 2357 1942 2385 pro
1961 2357 1990 2375 se

1151 2401 1234 2423 const.
1259 2395 1288 2422 fr.
1309 2396 1350 2420 47.
1370 2394 1435 2428 5.1.
1462 2392 1493 2419 sr.
1512 2394 1554 2418 5¹.
1574 2392 1596 2426 5.
1618 2395 1640 2418 l.
1660 2391 1693 2418 de
1711 2396 1779 2429 pact.
1797 2393 1822 2418 2.
1845 2393 1884 2417 14.
1913 2390 1944 2417 fr.
1965 2392 1988 2417 l.

1149 2441 1171 2474 5.
1191 2442 1215 2466 2.
1236 2438 1266 2465 ad
1287 2438 1314 2464 S.
1335 2437 1365 2464 C.
1386 2436 1454 2463 Vell.
1475 2436 1515 2462 16.
1537 2438 1558 2462 1.
1595 2434 1762 2461 Deterior-em
1781 2438 1865 2460 const.
1885 2434 1939 2467 (sui
1952 2434 1989 2460 iu-

1149 2484 1186 2510 ris
1204 2480 1441 2520 persecutionem).
1471 2478 1502 2505 sr.
1521 2479 1562 2504 46.
1592 2477 1624 2504 de
1648 2483 1715 2515 pact.
1739 2480 1764 2504 2.
1785 2479 1825 2503 14.
1868 2477 1923 2512 Qui
1946 2477 1988 2503 sui

1126 2532 1127 2539 ¹
1150 2525 1260 2552 liei-edes
1279 2528 1354 2555 sunt,
1379 2524 1440 2560 ipso
1457 2522 1514 2548 iure
1531 2520 1642 2547 heredes
1662 2522 1739 2547 etiam
1758 2521 1908 2556 ignorantes
1927 2529 1988 2546 con-

1148 2570 1300 2595 stituuntur.
1333 2565 1402 2592 Con.
1422 2563 1474 2591 LL.
1494 2563 1527 2590 Μ.
1546 2563 1617 2590 XVI.
1636 2565 1660 2590 3.
1697 2564 1840 2590 Dominum
1859 2563 1985 2589 constitui

1148 2611 1232 2643 (soli).
1252 2609 1282 2636 fr.
1302 2610 1326 2635 6.
1345 2618 1383 2645 pr.
1404 2607 1436 2634 de
1455 2606 1485 2633 R.
1506 2606 1539 2632 D.
1560 2608 1583 2633 l.
1602 2609 1626 2633 ⁸.
1654 2606 1685 2633 fr.
1706 2608 1746 2632 15.
1767 2606 1860 2640 5516.
1874 2615 1932 2642 sqq.
1953 2604 1986 2631 de

1125 2654 1126 2663 ¹
1148 2654 1232 2680 damn.
1252 2652 1296 2679 inf.
1315 2653 1356 2677 39.
1376 2653 1400 2677 2.
1437 2650 1579 2676 Servorum
1598 2649 1659 2676 loco
1677 2649 1874 2675 constituuntur
1896 2649 1985 2681 (man-

1148 2697 1226 2734 cipati
1247 2695 1316 2726 eto).
1345 2693 1402 2720 Gai.
1423 2693 1440 2719 1.
1463 2694 1518 2719 123.
1557 2692 1604 2719 Sui
1622 2693 1689 2718 iuris
1707 2693 1840 2718 constitui.
1866 2690 1898 2717 fr.
1917 2692 1941 2717 5.
1961 2691 1984 2725 5.

1148 2741 1170 2765 1.
1190 2739 1223 2765 de
1242 2747 1347 2773 agnose.
1367 2741 1393 2762 et
1411 2735 1443 2762 al.
1465 2738 1507 2762 25.
1526 2737 1550 2762 3.
1580 2735 1611 2761 l'r.
1632 2736 1688 2761 114.
1709 2735 1732 2768 5.
1752 2736 1792 2761 11.
1817 2733 1850 2760 de
1867 2733 1943 2769 legat.
1963 2733 1983 2760 1.

1147 2781 1223 2815 (30.)
1255 2795 1287 2800 -
1317 2780 1349 2813 §·
1373 2780 1410 2806 3.
1439 2780 1650 2806 Auctoritate
1667 2779 1799 2812 publica
1818 2778 1939 2808 iubere,
1960 2786 1982 2803 v.

1124 2818 1125 2825 ¹
1147 2826 1312 2854 ordinare,
1339 2824 1561 2854 introducere,
1585 2830 1766 2855 proponere
1787 2825 1832 2846 ete.
1875 2818 1894 2845 1.
1919 2819 1983 2854 Sy.
