2197 3121
935 148 1012 178 lNU
1038 167 1076 171 —
1101 149 1183 179 IRA.

199 236 289 265 bilis,
310 235 379 260 Non
397 234 588 269 sufficiens.
624 230 658 257 Ill
679 231 745 257 Cn.
770 229 798 255 ln
818 229 903 255 locum
924 230 1038 266 capitum

200 276 394 305 defunctorum.
419 275 461 302 vel
484 274 627 305 inutilium,
654 272 719 305 (alia
739 273 919 303 submittere.)
948 272 977 298 [ν.
998 274 1038 298 (is.

200 320 222 354 3.
241 323 265 346 2.
292 320 321 345 [ι’.
342 321 382 345 69,
402 329 441 356 pr.
466 318 498 344 de
518 317 598 343 usui'r.
620 318 641 342 T.
663 317 684 341 l.
724 315 924 351 Vnusquisque.
949 324 1040 341 seeun-

200 362 261 389 dum
281 363 474 392 necessitatem,
487 377 516 387 —.
535 359 642 386 utilibus
662 358 762 384 inutilia
782 357 954 395 permutabat.
975 357 1004 383 fr.
1018 359 1039 383 1.

200 414 238 441 pr.
259 404 291 431 de
311 409 393 431 contr.
414 408 473 429 emt.
490 404 528 429 18.
545 404 566 429 1.
599 402 627 428 In
647 412 701 427 eam
721 400 896 427 valetudinem
916 399 1039 430 incidere.

200 452 310 484 propter
330 457 406 483 quam
426 456 519 483 operae
540 446 595 471 eius
615 446 663 477 (sc.
684 444 809 474 hominis)
833 442 939 469 inutiles
960 443 1041 468 factae

201 494 269 516 sunt.
295 489 325 516 [Γ.
346 491 386 516 79.
411 488 444 514 de
462 488 492 514 R.
513 487 544 514 V.
564 489 587 513 6.
610 489 630 513 l.
652 486 682 513 cl'.
709 486 738 512 fr.
759 487 780 512 7.
802 485 834 511 de
853 485 876 511 h.
898 495 940 521 qu.
962 484 1039 512 ettad.
1061 487 1062 510 ἶ

200 533 224 558 9.
244 534 268 559 3.
306 531 345 557 M
374 533 400 557 in
428 532 578 558 uuiversum
606 529 712 556 inutiles
740 533 829 555 essent
856 528 1040 564 proprietates7

201 585 305 612 semper
330 573 488 600 abscedente
512 573 594 599 usul'r.
627 573 656 598 [ι’.
680 574 704 598 3.
737 571 758 605 3.
783 572 807 596 2.
828 570 859 596 ct'.
891 570 921 596 [ι’.
942 571 982 596 56.
1008 569 1040 596 de

201 617 283 644 usui'r.
304 619 326 643 7.
350 618 371 642 1.
409 615 521 648 Clerici⁷
541 616 585 652 qui
604 616 630 641 in
650 619 733 641 totum
751 613 816 639 nihil
835 613 987 650 possident,
1012 623 1041 639 ac
1061 643 1063 646 .

200 660 357 697 patrimonio
384 658 490 685 inutiles
515 663 583 684 sunt.
623 657 671 684 Tb.
697 656 728 683 C.
751 656 821 682 XVI.
848 659 871 682 2.
897 667 917 682 c.
944 658 982 682 11.
1009 656 1040 682 de

200 703 280 739 episc.
301 701 364 727 ecel.
385 716 419 720 —
443 702 473 735 ᾗ.
492 703 527 727 2.
552 702 671 731 l'anns,
692 701 903 733 lmprubatns.
941 699 958 725 1.
978 700 1039 733 Sy.

200 744 305 771 Nullius
324 745 449 770 momenti
469 753 536 775 esse.
556 742 628 769 Nihil
647 743 693 778 agi.
713 741 809 767 Inutile
828 752 895 768 esse.
921 742 977 768 Gai.
998 741 1039 768 Ill.

202 789 258 812 102.
279 796 336 823 sqq.
363 786 393 812 fr.
416 789 436 813 1.
462 787 499 820 33.
520 788 543 812 9.
563 795 613 821 sqq
646 784 677 810 de
697 784 729 810 O.
755 789 780 810 et
800 785 830 810 A.
856 787 896 810 44.
917 786 939 811 7.
965 784 994 811 [ν.
1016 788 1038 811 ὅ.

199 840 239 867 pr.
259 829 291 856 de
314 829 433 866 acceptil.
454 832 494 855 46.
516 831 539 855 4.
575 828 606 853 11.
628 829 694 860 ΟΡ.
720 826 801 853 Recte
825 832 1039 855 consunnnatum.
1061 859 1062 869 ἵ

199 888 232 891 -
252 872 348 898 Inutile
367 872 528 905 (mandatum
543 874 604 901 etc.)
624 869 678 895 Gai.
695 869 737 895 111.
760 871 816 895 158.
831 879 869 905 sq.
885 871 917 896 et‘.
938 870 966 896 11.
984 872 1039 896 198.

198 917 258 941 218.
278 918 336 941 ⁵2:20.
357 915 388 941 fr.
408 918 456 943 &L
469 924 508 951 pr.
528 913 559 939 de
578 912 652 948 legat.
674 911 702 938 II.
723 913 797 944 (31.)
836 912 943 944 Yalere,
964 913 1041 938 Com-

199 963 302 995 petere.
324 974 355 977 —
379 957 474 983 Inutile
497 965 562 982 esse.
601 955 656 981 Gai.
676 954 706 981 11.
730 957 789 981 218.
820 955 861 981 111.
882 957 922 981 93.
948 955 978 982 fr.
1000 957 1039 982 11.

199 1002 221 1034 3.
236 1004 259 1026 4.
283 1001 336 1036 Qui
356 1002 451 1037 potior.
471 1002 511 1025 20.
532 1000 555 1024 4,
575 997 605 1024 fr.
625 1000 648 1023 3.
669 997 690 1030 3.
704 999 728 1023 3.
749 997 778 1023 fr.
792 999 815 1024 5.
836 998 868 1024 de
887 998 931 1024 lib.
952 998 1038 1024 exliib.

199 1045 240 1069 43.
260 1045 301 1069 30.
343 1042 386 1069 111.
407 1044 473 1070 Cn.
499 1041 575 1078 Opus
600 1050 671 1071 esse.
697 1045 724 1066 ut
748 1040 842 1077 aliquis
867 1041 943 1067 heres
967 1046 1038 1067 recto

200 1087 255 1112 iure
280 1087 444 1116 instituatur,
469 1099 500 1103 —
526 1083 642 1119 alioquin
667 1083 758 1109 inutile
784 1089 824 1109 est
848 1089 1038 1110 testamentum.

199 1129 256 1155 Gai.
276 1128 306 1154 11.
320 1130 378 1153 245.
394 1127 425 1153 ct'.
448 1128 504 1153 196.
542 1125 602 1152 Non
622 1126 720 1152 idcirco
740 1128 807 1152 actio
824 1144 852 1147 —
868 1127 968 1153 inutilis
982 1128 1038 1156 erit.

200 1187 231 1190 -
250 1172 338 1206 itaque
358 1171 484 1206 consequi
503 1174 628 1206 poterunt
647 1174 695 1195 etc.
718 1169 748 1195 fr.
768 1172 809 1195 20.
829 1170 850 1203 3.
873 1172 893 1196 1.
914 1170 946 1196 de
966 1169 1038 1196 tutel.

199 1217 225 1239 et
243 1213 335 1239 ration.
355 1215 397 1239 27.
416 1215 440 1239 3.
479 1212 538 1238 Nou
565 1217 648 1238 tamen
672 1222 719 1248 per
743 1213 828 1238 omnia
853 1212 953 1239 inutilia
978 1217 1039 1238 sunt

199 1265 228 1282 ea
252 1260 415 1282 testamenta.
440 1255 496 1281 Gai.
517 1255 547 1281 ΙΙ.
570 1257 626 1281 147.
663 1255 697 1281 Et
720 1254 825 1292 publiea
850 1255 948 1282 utilitas
968 1259 1039 1281 co'er-

198 1298 279 1324 cenda
305 1303 358 1330 est,
384 1314 415 1318 —-
441 1303 481 1324 est
509 1299 576 1324 enim
599 1297 692 1324 inutile
720 1299 746 1324 in
775 1299 860 1324 causis
889 1298 1038 1325 huiusmodi

196 1340 276 1367 fidem
296 1341 422 1377 frangere.
442 1340 471 1366 fr.
494 1342 515 1366 1.
535 1341 557 1374 3.
578 1342 601 1367 4.
622 1341 712 1378 depos.
728 1342 767 1367 16.
779 1334 806 1368 ’3.
822 1341 853 1367 cf.
874 1342 903 1368 [Γ.
920 1344 958 1368 12.
978 1342 1037 1375 31.

197 1384 230 1410 de
249 1384 314 1410 adm.
337 1390 362 1410 et.
380 1385 460 1421 peric.
480 1385 521 1409 26.
542 1385 564 1409 7.

233 1427 443 1454 Inutilitas.
485 1428 622 1458 Vitium,
649 1429 731 1461 qnod
753 1429 801 1453 rei
826 1437 913 1453 nsum
938 1429 1038 1453 tollit.

197 1469 227 1496 11.
250 1472 317 1503 Op.
338 1468 445 1496 Vtilitas
465 1469 630 1503 (fructuum.)
656 1480 677 1496 c.
699 1472 738 1496 14.
758 1470 790 1496 de
810 1471 899 1496 servit.
920 1475 945 1496 ct
965 1480 1037 1507 aqua.

196 1514 221 1539 3.
239 1514 282 1539 34,

233 1556 441 1582 Inutiiiter.
480 1554 592 1587 (Advh.)
631 1557 707 1582 Sine
725 1557 866 1592 effectu,
888 1558 1036 1582 Frustra.

197 1597 215 1624 Ι.
235 1599 297 1632 Sy.
328 1597 401 1623 *Nihil
419 1598 556 1634 prolicere.
587 1597 653 1624 Inut.
676 1599 741 1624 lieri.
773 1597 830 1625 Gai.
850 1598 879 1624 II.
902 1600 958 1625 116.
979 1600 1036 1625 115.

198 1640 228 1667 fr.
248 1642 289 1667 97.
314 1640 346 1666 (le
366 1641 397 1667 A.
417 1651 440 1666 vv
462 1640 494 1666 Ο.
514 1640 544 1666 Η.
565 1643 605 1667 29.
630 1645 654 1667 2.
692 1641 721 1667 11.
744 1643 810 1675 ⁰1).
842 1641 923 1668 liecte
949 1642 1037 1674 (insti-

198 1687 271 1709 tuere
291 1688 338 1709 etc.
359 1694 382 1709 v.
403 1683 510 1719 legare.)
530 1683 560 1709 fr.
580 1686 603 1710 6.
624 1684 656 1710 de
675 1684 705 1710 Β.
726 1683 753 1710 P.
774 1694 794 1710 s.
815 1689 832 1710 t.
852 1686 892 1710 37.
915 1686 953 1710 11.
979 1685 1036 1710 Gai.

198 1725 228 1752 11.
248 1727 307 1752 238.
326 1728 384 1752 241.
409 1725 523 1752 Vtiliter.
544 1726 585 1753 Cf.
606 1726 630 1752 h.
650 1737 673 1753 v.
711 1726 754 1752 111.
769 1728 835 1754 Cn.
855 1727 922 1753 Cum
942 1728 1037 1753 vitiose

197 1768 240 1795 vel
270 1770 333 1794 inut.
364 1771 531 1801 (contractus
554 1770 671 1806 pignoris
695 1769 864 1801 intercedat.)
889 1770 919 1795 fr.
938 1772 979 1796 25.
1005 1770 1037 1795 de

197 1812 299 1849 piguor.
318 1813 359 1837 20.
381 1814 403 1838 l.

197 1854 269 1891 quod
289 1854 320 1879 ab
340 1855 415 1879 initio
434 1855 497 1880 inut.
518 1854 612 1880 factum
633 1859 681 1885 est,
701 1856 758 1880 sive
771 1859 875 1891 ruptum
892 1856 935 1887 sit,
955 1854 997 1881 vel
1011 1856 1035 1881 iu

197 1907 249 1934 quo
270 1896 320 1922 alio
340 1898 411 1922 vitio.
432 1896 462 1922 fr.
484 1899 504 1922 l.
530 1897 550 1930 3.
571 1900 594 1923 3.
615 1897 647 1923 de
672 1897 751 1923 tabul.
772 1898 858 1924 exbib.
878 1900 919 1924 43.
940 1900 962 1924 5.
1001 1897 1035 1923 Vt

197 1949 255 1966 eum
279 1939 322 1965 vel
348 1939 469 1965 heredem
493 1941 625 1971 instituat,
649 1940 691 1966 vel
715 1941 866 1966 nominatim
886 1940 1035 1972 exheredet.

197 1982 313 2019 alioquin
339 1999 363 2002 —
385 1983 448 2008 inut.
470 1983 616 2008 testabitur.
644 1984 700 2009 Gai.
720 1983 748 2009 lI.
772 1985 831 2011 123.
849 1984 879 2010 cf.
901 1986 957 2010 118.
977 1986 1035 2010 229.

196 2027 254 2052 232.
292 2025 387 2051 Postea
407 2025 439 2051 de
460 2036 490 2051 eo
510 2026 568 2062 ipso
588 2027 643 2051 iure
663 2036 738 2062 agere
761 2036 813 2052 non
837 2029 951 2063 possim,
976 2028 1035 2063 quia

197 2069 261 2094 inut.
281 2068 396 2094 intendo.
434 2067 470 2094 lb.
491 2068 536 2094 111.
555 2071 612 2095 131.

232 2112 356 2137 Iocus.
389 2112 505 2137 Ludus,
536 2111 579 2137 Ill.
600 2113 664 2139 Cn.
685 2111 713 2138 Si
730 2113 788 2148 quis
808 2122 855 2149 per
874 2114 959 2139 iocum
978 2123 1035 2149 per-

200 2154 286 2185 cutiat,
306 2158 349 2179 aut
368 2153 429 2180 dum
449 2159 537 2180 certat.
558 2154 587 2180 [ι’.
607 2157 630 2181 3.
651 2155 675 2188 3.
692 2156 716 2180 3.
737 2155 769 2181 de
788 2156 973 2181 iniur.47.10.
1006 2156 1035 2181 Si

441 1811 503 1837 Sive
523 1812 592 1838 valet
611 1817 807 1843 testamentum.
831 1813 887 1838 sive
906 1822 972 1843 non;
994 1812 1037 1838 vel

200 2205 247 2232 per
270 2197 353 2222 iocum
377 2201 456 2233 puta,
484 2197 525 2223 vel
550 2197 746 2224 demonstrandi
774 2197 925 2224 intellectus
949 2208 1033 2229 eausa,
1055 2193 1057 2218 ἕ

1055 2257 1056 2270 ÷
1078 2241 1126 2265 nis
1150 2241 1273 2273 cupido.
1311 2239 1341 2265 11.
1365 2241 1431 2273 Op.
1464 2239 1531 2265 Cum
1550 2240 1587 2264 ira
1607 2240 1647 2264 sui
1667 2240 1743 2264 animi
1764 2244 1789 2265 et
1808 2239 1914 2264 offensa.

1055 2287 1057 2296 '
1078 2298 1109 2301 —
1130 2281 1198 2308 Cum
1218 2282 1283 2308 bona
1303 2283 1383 2317 gratia
1404 2281 1575 2313 (discedere.)
1594 2281 1625 2307 [Γ.
1644 2283 1685 2307 32.
1707 2282 1783 2315 310.
1804 2281 1835 2306 de
1854 2280 1913 2306 dou.

201 2324 268 2356 Op,
288 2322 371 2348 Alius.
397 2324 437 2351 Cf.
456 2325 480 2352 h.
501 2337 524 2352 v.
545 2327 565 2360 3.
586 2330 609 2352 2.
639 2326 693 2352 Ille.
714 2326 755 2352 Cf.
775 2325 800 2352 h.
821 2336 843 2352 v.
864 2327 886 2360 3.
908 2329 930 2353 1.
968 2326 1033 2353 Cae·
1055 2351 1056 2364 3

200 2248 246 2274 ego
266 2238 314 2264 tibi
333 2238 421 2265 dixero
442 2245 490 2266 etc.
510 2240 539 2266 [ι’.
560 2243 583 2266 3.
604 2241 625 2274 3.
639 2243 663 2267 2.
683 2240 715 2267 de
732 2242 764 2266 0.
786 2245 810 2266 et
828 2241 859 2267 A.
880 2242 920 2266 44.
942 2242 963 2266 7.

235 2282 335 2313 Ipse·
372 2281 529 2315 (Pronum.)
567 2284 596 2316 §0
617 2285 652 2310 1.
678 2285 776 2315 Idem,
797 2285 875 2315 Iste,
896 2285 965 2310 Hic.
1003 2283 1033 2310 II.

200 2367 257 2392 teri.
284 2366 313 2391 [ι’.
334 2367 357 2390 2.
383 2366 404 2398 3.
423 2369 446 2392 9.
470 2369 492 2394 si
516 2379 557 2405 qn.
583 2374 660 2395 eautt.
685 2371 708 2395 2.
731 2371 770 2395 ll.
809 2368 912 2404 Quivis.
950 2368 1032 2396 Vatic.

200 2409 221 2442 3.
241 2410 299 2434 211.
337 2407 379 2434 111.
395 2409 459 2435 Gn.
478 2410 539 2447 Ipsi⁷
559 2412 680 2448 bonaque
699 2422 788 2438 eorum
808 2411 926 2448 (publice
945 2414 1034 2438 venire

200 2451 343 2483 iubentur.)
364 2451 420 2476 Gai.
441 2451 458 2476 I.
477 2455 518 2479 27.
554 2454 615 2491 Ipsi,
635 2460 661 2481 et
680 2455 757 2480 factio
777 2465 830 2481 sua.
858 2454 888 2481 fr.
908 2457 932 2481 2.
951 2456 972 2488 3.
992 2457 1032 2482 24.

200 2493 232 2520 de
252 2493 284 2519 O.
305 2492 322 2518 I.
344 2495 365 2519 l.
385 2495 409 2519 2.
452 2493 526 2521 Tunc
548 2502 574 2522 et
596 2499 653 2534 ipse
676 2497 799 2529 Latinus,
824 2498 867 2530 (et
889 2497 985 2531 fiIIuS.)
1010 2504 1034 2525 et

200 2546 267 2563 uxor
291 2536 347 2562 eius
367 2552 396 2556 —
418 2537 488 2563 cives
508 2537 538 2564 R.
558 2548 616 2565 esse
638 2540 768 2566 iubentur.
800 2541 856 2567 Gai.
877 2540 894 2567 Ι.
914 2543 955 2567 29.
975 2551 1034 2578 sqq.

201 2579 276 2614 Quae
295 2579 381 2615 ipsae,
407 2589 547 2614 quarumve
565 2586 638 2617 pater
656 2588 771 2610 materve
790 2586 888 2616 (artem
907 2584 1033 2610 ludicram

200 2622 312 2653 fecerit.)
334 2620 394 2657 le.
414 2621 481 2648 XIII.
503 2624 524 2649 1.
562 2622 617 2649 Nec
635 2625 700 2661 ipsis
719 2627 768 2659 (sc.
788 2628 917 2663 permittit
935 2627 977 2653 lex
996 2627 1033 2653 lu-

200 2665 259 2697 nia)
280 2669 462 2691 testamentum
482 2665 579 2697 facere,
599 2676 646 2692 nec
665 2677 697 2693 ex
715 2673 870 2696 testamento
890 2669 974 2696 alieno
995 2680 1033 2696 ca-

201 2717 269 2744 pere.
296 2708 351 2733 Gai.
372 2706 388 2732 1.
408 2709 449 2733 23.
468 2709 509 2734 25.
546 2708 575 2734 Si
599 2708 661 2744 quid
685 2710 750 2736 intra
770 2712 877 2738 C.mum
896 2712 1032 2739 miliarium
1053 2708 1054 2738 J

201 2750 342 2777 admissum
366 2750 406 2776 sit.
433 2764 464 2768 --
496 2750 525 2776 Si
548 2750 614 2777 ultra
638 2752 723 2788 ipsum
747 2752 859 2790 lapidem
879 2760 926 2782 etc.
958 2755 988 2782 fr.
1010 2758 1031 2782 l.

201 2792 222 2825 3.
241 2794 264 2819 4.
288 2792 321 2818 de
345 2793 388 2818 off.
413 2792 464 2818 Prf.
484 2791 529 2819 Vr.
550 2795 572 2819 1.
593 2795 632 2820 12.
668 2793 736 2831 Ipsi,
760 2800 786 2821 et
809 2798 835 2823 in
857 2798 956 2834 ipsum,
980 2809 1032 2825 non

1859 149 1922 179 503

1063 231 1064 239 ¹
1085 229 1189 256 domino
1208 229 1250 255 vel
1270 231 1295 255 in
1316 230 1448 256 dominum
1463 230 1601 267 (competit
1615 229 1703 260 actio.)
1724 228 1805 254 Yatie.
1827 230 1847 262 3.
1862 231 1920 255 317.

1085 271 1179 299 Dotale
1199 272 1332 309 praedium
1352 274 1459 299 maritus
1484 275 1565 299 invita
1589 272 1697 299 mulier·-
1717 288 1747 291 -—
1768 271 1922 308 prohibetur

1062 317 1063 322 ¹
1085 315 1209 347 alienare⁷
1234 316 1351 351 quamvis
1378 317 1460 352 ipsius
1486 317 1527 342 sit.
1560 316 1615 342 Gai.
1640 315 1669 341 11.
1694 317 1734 340 63.
1766 331 1796 334 —
1835 314 1865 346 ξ.
1885 315 1921 340 2.

1086 360 1255 389 Praesens,
1278 359 1496 393 Manifeslns,
1518 360 1708 385 Continuus.
1730 357 1746 382 1.
1759 359 1820 391 Sy.
1840 356 1921 385 Mero·

1085 399 1144 436 Ipso
1165 401 1245 433 (iure,
1265 409 1302 426 se.
1322 401 1449 426 munitum
1470 410 1528 427 esse
1548 397 1615 431 ete.)
1636 401 1664 426 [Γ.
1687 402 1726 426 16.
1747 410 1784 437 pr.
1804 401 1825 434 3.
1848 401 1869 425 l.
1890 398 1922 425 de

1085 444 1176 468 minor.
1196 444 1219 468 4.
1239 444 1262 468 4.
1284 442 1313 468 cl'.
1334 442 1365 468 [ι’.
1388 445 1407 468 l.
1428 453 1465 480 pr.
1487 446 1537 479 Qu.
1558 443 1626 469 mod.
1648 442 1743 469 usust'r.
1765 444 1787 468 7.
1807 444 1830 467 4.
1852 442 1881 468 [ι’.
1898 443 1921 468 9.

1085 486 1106 518 3.
1128 487 1148 511 1.
1171 485 1251 511 usufr.
1271 485 1389 521 quemad.
1411 495 1464 511 cav.
1485 488 1507 511 7.
1528 488 1550 511 9.
1588 486 1618 512 11.
1635 488 1701 519 op.
1730 484 1784 511 Nec
1803 485 1921 515 interest,

1085 533 1151 555 ante.
1172 538 1202 554 an
1222 529 1280 564 ipso
1300 529 1460 564 magistratu.
1481 528 1628 561 (arbitrium
1648 528 1833 565 susceperint.)
1854 527 1883 553 [ι’.
1897 529 1921 553 4.

1061 561 1063 582 ³.
1085 569 1117 596 de
1137 580 1186 596 rec.
1209 580 1251 606 qu.
1276 570 1329 597 arb.
1349 572 1372 596 4.
1393 572 1416 597 8.
1453 570 1538 597 Minor
1561 572 1612 597 XX
1635 573 1721 603 annis,
1746 587 1777 590 -
1802 570 1922 607 Ipsorum

1085 613 1134 639 XX
1154 624 1279 639 annorum
1298 614 1402 646 (esse.)
1423 613 1453 639 fr.
1468 615 1508 639 66.
1530 614 1561 640 de
1577 614 1606 640 V.
1621 616 1654 640 0.
1669 616 1708 640 45.
1731 616 1752 640 1.
1790 613 1845 639 Lex
1856 614 1922 649 ipsa.

1085 671 1116 675 —-
1136 656 1222 685 Actio.
1242 666 1266 681 v.
1288 655 1389 687 Forma.
1410 656 1482 692 legis.
1503 656 1560 682 Gai.
1575 656 1617 682 IY.
1632 659 1672 682 24.
1704 657 1778 694 Ipsae
1796 656 1875 689 loges,
1890 670 1921 674 —

1085 697 1183 727 ssia.
1205 698 1236 724 ad
1257 708 1299 724 eas
1319 700 1472 736 spectantia.
1496 698 1558 735 le.
1578 699 1620 725 XI
1632 699 1647 725 1.
1668 701 1691 725 ’3.
1729 699 1788 736 Ipso
1809 699 1921 724 nomine.

1085 757 1115 760 --
1136 740 1321 767 Numeratione
1341 743 1467 778 pecuniae
1487 742 1632 778 (obligari.)
1652 742 1708 767 Gai.
1720 741 1761 767 111.
1778 743 1834 767 132.
1860 740 1922 771 Res,

1085 793 1150 819 qnae
1175 785 1201 809 iu
1226 783 1370 810 hereditate
1395 786 1569 811 continentur.
1589 801 1620 804 -
1645 784 1733 821 Ipsum
1757 786 1796 810 ius
1821 793 1923 809 succes-

1085 827 1174 852 sionis.
1204 826 1234 852 fr.
1256 829 1277 852 1.
1306 827 1370 860 3.1.
1392 827 1423 853 de
1442 827 1473 853 R.
1493 827 1526 853 1).
1549 829 1570 853 1.
1591 830 1614 853 8.
1636 827 1667 853 cl‘.
1694 826 1750 852 Gai.
1770 825 1800 851 11.
1819 827 1860 851 31.
1881 826 1922 850 54.

1085 869 1144 905 Ipse
1169 878 1334 904 cognoscere.
1367 885 1399 888 —
1432 869 1546 896 Iudicem
1571 870 1639 896 dare.
1669 870 1699 895 [Γ.
1719 870 1742 895 S.
1763 878 1801 904 sq.
1828 868 1859 894 de
1879 868 1922 893 off.

1085 910 1171 937 Praes.
1194 913 1214 937 1.
1231 914 1269 937 18.
1299 912 1340 937 111.
1354 913 1418 939 Cn.
1438 912 1517 938 Fiunt
1535 913 1692 943 statuliberi.
1710 911 1753 937 vel
1773 910 1923 937 conditione

1085 963 1223 991 expressa,
1248 953 1289 980 vel
1313 955 1338 980 vi
1362 955 1427 990 ipsa.
1454 954 1483 981 [ι’.
1506 957 1527 981 1.
1554 956 1618 989 3.1.
1645 955 1677 982 de
1701 954 1817 980 statulib.
1837 956 1878 979 40.
1900 954 1922 978 7.

1084 997 1145 1034 Ipso
1165 998 1220 1023 iure
1239 998 1273 1023 ita
1293 1006 1322 1023 se
1342 1006 1383 1022 res
1404 997 1490 1027 habet.
1511 999 1587 1024 etiam
1607 1008 1659 1024 non
1679 998 1780 1023 adiecto
1796 1006 1834 1022 eo.
1854 995 1922 1021 1129.

1084 1041 1106 1074 3.
1128 1042 1149 1066 l.
1175 1039 1207 1066 de
1231 1039 1304 1066 distr.
1329 1040 1398 1076 pign.
1418 1042 1459 1065 20.
1479 1043 1502 1066 5.
1546 1041 1606 1078 Ipso
1630 1042 1685 1067 iure
1709 1040 1786 1066 liberi
1809 1043 1870 1065 sunt
1893 1048 1923 1064 ex

1084 1083 1140 1119 lege
1160 1082 1239 1108 lunia.
1260 1082 1320 1119 le.
1342 1082 1360 1108 I.
1377 1085 1415 1108 10.
1431 1082 1462 1108 cl'.
1483 1093 1503 1108 c.
1526 1085 1564 1109 11.
1585 1083 1616 1109 de
1636 1084 1690 1109 suis
1711 1088 1736 1109 et
1754 1082 1824 1118 legit.
1844 1083 1867 1107 6.
1881 1083 1922 1107 55.

1084 1125 1169 1161 Quam
1195 1135 1226 1151 ex
1250 1125 1297 1151 bac
1322 1126 1378 1162 ipsa
1402 1125 1459 1161 lege
1483 1126 1581 1152 nubere
1605 1131 1717 1162 oportet.
1756 1125 1792 1151 lb.
1812 1124 1857 1151 XI.
1880 1126 1922 1150 20.

1084 1168 1142 1205 Ipsa
1167 1170 1267 1194 ratione
1292 1178 1351 1194 esse
1376 1178 1427 1194 non
1451 1174 1565 1204 possunt
1589 1170 1632 1202 (in
1657 1170 1698 1194 avi
1723 1169 1831 1194 materni
1851 1172 1923 1204 pote-

1084 1212 1171 1243 state.)
1209 1210 1280 1237 Paul.
1301 1210 1344 1237 IV.
1364 1212 1387 1237 8.
1415 1211 1498 1244 310.
1536 1211 1591 1237 lloc
1615 1216 1698 1237 totum
1717 1213 1757 1237 ius
1778 1227 1809 1230 -—
1829 1211 1923 1247 partim

1083 1256 1139 1291 ipsa
1164 1254 1339 1281 desuetudine
1363 1253 1530 1280 obIIteratum
1551 1259 1597 1280 est.
1624 1254 1680 1280 Gai.
1699 1253 1717 1280 1.
1739 1256 1794 1279 111.
1832 1253 1923 1279 Rebus

1084 1298 1149 1334 ipsis
1169 1302 1195 1323 ct
1214 1297 1288 1323 factis
1309 1296 1484 1329 (voluntatem
1497 1307 1570 1323 suam
1584 1297 1737 1327 declarare.)
1757 1296 1787 1322 [ι’.
1801 1298 1842 1322 32.
1863 1296 1922 1329 3.1.

1084 1340 1115 1366 de
1129 1340 1180 1366 LL.
1197 1342 1218 1366 1.
1231 1342 1255 1366 3.
1293 1339 1444 1366 *Necessitas
1467 1341 1522 1376 ipsa
1543 1343 1643 1372 (curam
1663 1341 1726 1376 reip.
1747 1339 1779 1365 ad
1799 1340 1924 1365 Senatum

1084 1383 1218 1415 deduxit.)
1244 1382 1272 1409 fr.
1292 1386 1316 1408 2.
1343 1383 1365 1416 3
1386 1385 1409 1409 9.
1430 1382 1462 1409 de
1482 1382 1514 1409 Ο.
1535 1382 1552 1408 1.
1574 1385 1596 1409 1.
1616 1385 1640 1409 2.
1678 1383 1736 1420 Ipsa
1756 1382 1798 1408 die
1821 1384 1864 1415 (et
1883 1391 1924 1407 su-

1082 1436 1152 1452 mere
1172 1426 1290 1462 lugubria
1311 1430 1336 1451 et
1355 1425 1513 1463 deponere.)
1538 1425 1568 1451 fr.
1588 1427 1612 1452 8.
1637 1425 1669 1452 de
1688 1425 1712 1451 h.
1732 1435 1775 1461 qu.
1800 1430 1853 1451 not.
1878 1424 1922 1450 inf.

1082 1470 1105 1494 3.
1125 1471 1149 1495 2.
1186 1469 1220 1495 Et
1239 1470 1357 1495 amittere
1381 1473 1494 1505 partem,
1520 1473 1545 1494 et
1568 1469 1626 1505 ipso
1647 1473 1778 1494 momento
1798 1469 1923 1504 recipere.

1084 1511 1166 1537 Yatic.
1191 1512 1212 1546 3.
1238 1513 1277 1537 75.
1315 1511 1376 1548 Ipso
1398 1516 1480 1537 tractu
1499 1512 1626 1548 temporis
1653 1511 1787 1547 (pupillos
1810 1510 1923 1536 l'ortuuis

1082 1555 1137 1580 suis
1156 1554 1292 1591 privabit.)
1317 1554 1353 1580 lb.
1373 1555 1472 1588 §.15³5
1509 1554 1568 1591 Ipsa
1593 1553 1732 1579 traditione
1752 1552 1923 1590 adprehendi-

1082 1607 1139 1623 mus
1160 1597 1263 1630 (harum
1282 1607 1368 1623 rerum
1388 1596 1523 1628 dominia.)
1546 1596 1604 1633 le.
1618 1596 1688 1622 XIX.
1709 1598 1732 1622 7.
1768 1596 1855 1633 Ipsam
1868 1605 1923 1621 rem

1082 1639 1286 1677 adprehendere.
1316 1640 1372 1665 Gai.
1392 1639 1435 1666 IV.
1458 1642 1496 1666 16.
1534 1639 1591 1666 Iloc
1614 1641 1682 1665 enim
1706 1641 1764 1676 ipso
1789 1638 1868 1671 (dolo
1889 1637 1923 1663 fa-

1083 1693 1141 1709 cere
1161 1693 1232 1714 eum,
1258 1683 1328 1719 quod
1348 1683 1415 1715 etc.)
1440 1682 1470 1708 fr.
1492 1684 1514 1708 1.
1539 1683 1576 1715 33
1597 1685 1638 1708 22.
1659 1684 1699 1708 47.
1726 1682 1817 1718 depos.
1839 1682 1878 1707 16.
1897 1682 1921 1706 3.

1082 1726 1110 1751 Si
1130 1727 1156 1751 in
1176 1725 1226 1751 hoc
1246 1727 1312 1762 ipso.
1333 1730 1361 1751 ut
1380 1725 1526 1757 (venderet.
1547 1726 1761 1761 circumscriptus
1772 1726 1833 1755 cst.)
1854 1724 1883 1749 fr.
1899 1725 1921 1749 7.

1081 1778 1119 1805 pr.
1145 1768 1177 1793 de
1201 1767 1224 1793 d.
1249 1778 1281 1794 m.
1306 1769 1328 1793 4.
1354 1770 1378 1794 3.
1416 1767 1458 1793 Ob
1485 1768 1511 1793 id
1531 1769 1631 1804 ipsum,
1660 1768 1731 1804 quod
1751 1772 1799 1793 etc.
1837 1766 1920 1793 Vatic.

1081 1812 1101 1844 3.
1123 1812 1180 1836 141.
1202 1820 1240 1846 sq.
1262 1810 1292 1836 cf.
1314 1810 1370 1836 Gai.
1384 1809 1402 1836 Ι.
1419 1812 1476 1836 140.
1514 1810 1571 1837 Hoc
1590 1812 1648 1847 ipso
1669 1821 1720 1847 quo
1741 1813 1889 1847 (separatur
1908 1820 1921 1834 a

1081 1853 1148 1885 solo⁷
1168 1863 1204 1879 sc.
1225 1853 1322 1883 arbor.)
1344 1852 1373 1879 fr.
1391 1855 1432 1878 83.
1452 1863 1501 1889 pro
1521 1863 1574 1879 soc.
1598 1856 1635 1879 17.
1656 1856 1679 1880 2.
1718 1854 1798 1889 Quod
1817 1853 1860 1878 alii
1879 1852 1921 1878 ad-

1081 1897 1205 1932 quisitum
1230 1900 1270 1921 est
1292 1897 1351 1933 ipso
1377 1901 1460 1932 gestu.
1490 1896 1520 1923 [ι’.
1540 1899 1564 1922 6.
1589 1897 1611 1930 3
1633 1899 1672 1923 11.
1697 1896 1729 1923 de
1748 1896 1779 1922 N.
1800 1896 1831 1922 G.
1851 1898 1875 1922 3
1896 1898 1919 1921 5.

1081 1940 1143 1965 Sive
1168 1940 1194 1964 in
1218 1940 1276 1975 ipso
1297 1940 1401 1975 negotio
1420 1939 1582 1965 venditionis
1600 1940 1728 1975 gerendo,
1753 1941 1809 1966 sive
1828 1943 1919 1976 postea

1081 1985 1130 2015 (sc.
1150 1982 1338 2014 convenisset.)
1358 1981 1388 2007 fr.
1408 1984 1450 2008 31.
1471 1981 1503 2007 de
1522 1986 1590 2018 pact.
1610 1984 1634 2008 2.
1656 1984 1695 2008 14.

1116 2027 1237 2058 Ipsus·
1267 2027 1348 2059 Ipse.
1379 2024 1503 2051 111011.
1522 2024 1599 2061 Ipsus
1619 2025 1674 2052 Iovi
1694 2035 1767 2051 sacer
1787 2025 1856 2051 esto!
1876 2023 1918 2050 Fr.

1079 2067 1131 2094 LL.
1156 2067 1255 2093 Numae
1278 2067 1368 2105 Pomp.
1395 2067 1443 2093 No.
1471 2070 1509 2093 13.
1560 2068 1640 2103 Quod
1665 2073 1717 2101 (sc.
1742 2068 1918 2099 sacrificium)

1079 2116 1149 2137 reete
1169 2111 1225 2136 lieri
1246 2120 1297 2136 non
1316 2115 1416 2148 posset.
1436 2111 1486 2136 nisi
1506 2112 1581 2147 ipsus
1601 2121 1631 2137 eo
1651 2111 1692 2137 die
1712 2111 1748 2136 ibi
1767 2112 1808 2136 sit.
1833 2110 1874 2136 Fr.
1888 2109 1917 2136 L.

1079 2153 1165 2180 Cincii
1184 2152 1258 2179 [cti.
1278 2153 1327 2190 Ap.
1349 2153 1417 2180 Geli.
1436 2153 1507 2179 XVI.
1528 2156 1550 2180 4,

1114 2198 1193 2223 Ira.
1232 2198 1409 2223 Commotz'o
1434 2198 1536 2223 animi
1559 2198 1592 2222 ob
1612 2198 1789 2228 iniuriam,
1814 2198 1916 2223 l'llio-

1078 2326 1122 2351 int.
1144 2325 1174 2351 V.
1194 2327 1234 2352 24,
1257 2327 1278 2351 1.
1316 2324 1358 2350 111.
1381 2326 1445 2351 Cn.
1474 2325 1582 2350 Maritus
1606 2324 1783 2361 praeferatur.
1809 2333 1865 2349 uam
1890 2327 1915 2349 et

1076 2369 1250 2404 propensiore
1269 2369 1306 2393 ira
1326 2372 1351 2393 et
1369 2368 1466 2392 maiore
1485 2367 1576 2393 dolore
1596 2373 1778 2394 exsecuturum
1798 2376 1855 2392 eum
1875 2376 1914 2392 ac-

1078 2411 1238 2436 cusationem
1258 2409 1433 2443 (credendum
1453 2412 1518 2443 est.)
1537 2411 1567 2436 [Γ.
1586 2413 1610 2437 2.
1631 2412 1652 2444 3.
1672 2414 1695 2436 8.
1716 2410 1747 2435 ad
1766 2409 1794 2435 L.
1814 2408 1862 2435 lul.
1881 2409 1914 2435 de

1078 2453 1157 2479 adult.
1178 2456 1219 2479 423.
1239 2456 1262 2479 5.

1113 2496 1336 2523 Iracundia.
1374 2498 1436 2522 Ira.
1475 2496 1517 2522 III.
1536 2498 1600 2523 Cn.
1625 2494 1762 2531 Quidquid
1782 2496 1808 2520 iu
1827 2494 1913 2522 calore

1077 2539 1225 2565 iracundiae
1244 2538 1286 2565 vel
1306 2539 1352 2570 lit,
1377 2539 1419 2565 vel
1438 2539 1540 2565 dicitur.
1565 2539 1595 2564 [ι’.
1615 2540 1638 2563 3.
1664 2538 1695 2563 de
1714 2538 1808 2565 divort.
1827 2540 1868 2564 24.
1887 2540 1911 2564 ⁴2.

1076 2582 1105 2608 In
1124 2582 1174 2607 hoc
1194 2587 1292 2608 tantum
1312 2581 1433 2613 latuisse.
1459 2581 1544 2618 quoad
1567 2580 1698 2606 iracundia
1723 2581 1820 2608 domini
1840 2582 1912 2608 effer-

1076 2630 1203 2651 vesceret.
1228 2624 1258 2651 sr.
1279 2627 1318 2652 17.
1343 2626 1364 2659 3.
1384 2628 1408 2652 4.
1434 2626 1465 2652 de
1484 2623 1569 2650 Aedil.
1594 2623 1670 2649 edict.
1695 2626 1736 2650 21.
1758 2627 1779 2650 1.
1817 2625 1912 2652 Gravis

1076 2669 1126 2694 ista
1150 2669 1289 2695 commotio
1313 2674 1365 2701 est,
1395 2679 1423 2695 ac
1447 2678 1498 2693 non
1522 2666 1628 2692 serenda
1652 2668 1783 2694 iracundia
1808 2669 1909 2695 iudicis.

1077 2711 1125 2737 Th.
1147 2711 1176 2737 C.
1197 2711 1240 2737 XI.
1261 2713 1302 2737 36.
1328 2722 1348 2738 e.
1370 2713 1409 2737 14.
1448 2711 1529 2745 Quor.
1554 2720 1614 2746 app.
1639 2720 1663 2736 n.
1687 2721 1737 2737 rec.
1775 2711 1910 2738 Caelestes

1076 2755 1221 2781 iracundias
1242 2773 1272 2776 —
1298 2755 1521 2781 administratores
1546 2759 1707 2790 exspectent.
1737 2764 1758 2781 c.
1778 2757 1818 2781 49.
1843 2757 1864 2789 3.
1884 2757 1907 2781 8.

1076 2797 1108 2825 de
1127 2799 1207 2836 episc.
1228 2803 1252 2825 et
1272 2798 1332 2825 cler.
1352 2800 1374 2823 1.
1394 2800 1418 2822 3.
