2197 3121
957 163 1051 195 AMA
1075 182 1113 188 —
1137 164 1240 196 ΑΜΒ.
1918 166 1957 197 61

238 249 292 285 Qui
311 257 387 275 servo
406 246 555 285 persuadet.
574 261 606 266 -
626 250 653 273 nt
672 250 771 272 amator
784 246 932 278 exsisteret,
951 245 993 273 vel
1008 256 1075 278 erro,

237 291 280 318 vel
296 291 371 318 malis
390 291 490 317 artibus
509 294 580 316 esset
599 289 703 316 deditus
723 294 770 316 etc.
791 288 820 316 l'r.
836 291 858 316 l.
873 289 894 323 5.
908 291 932 315 5.
952 288 985 315 de
998 299 1075 315 servo

239 344 305 361 corr.
327 336 366 360 ll.
386 335 410 360 3.

272 376 500 404 Ammon-ius.
533 374 672 408 (Adiect.)
709 376 840 401 Amoris
865 376 1077 409 procurandi

236 430 336 447 causa
354 421 478 456 factus.
520 417 563 444 III.
583 419 649 445 Gn.
678 417 732 452 Qui
757 417 915 449 abortionis,
940 422 984 443 aut
1009 427 1075 443 ama-

236 464 333 489 torium
351 461 475 499 poculum
501 460 570 487 dant.
598 460 670 486 Paul.
692 459 723 486 V.
742 462 783 486 23.
807 460 828 494 5.
850 461 890 486 14.
918 459 947 486 fr.
967 461 991 486 3.
1011 460 1032 493 5.
1050 461 1075 486 2.

237 505 269 532 ad
288 505 317 532 L.
338 504 400 532 Cor.
420 504 453 530 de
471 504 518 530 sic.
538 506 579 530 4⁸.
600 504 624 530 8.

272 549 440 575 Amatus.
470 546 598 580 (Partic.)
635 546 794 572 Dilectus.
831 544 873 571 III.
893 546 959 573 Gn.
987 544 1075 582 Nupta

236 591 283 618 tali
302 591 436 617 consortio
459 594 622 625 segregetur,
647 604 680 608 —
703 589 780 614 amati
804 588 956 615 abscessum
981 588 1076 615 defleat

236 634 351 670 relegati.
380 632 430 659 Th.
450 631 480 659 C.
500 631 545 658 ΙΧ.
565 633 588 658 9.
609 641 629 658 c.
650 633 672 658 l.
692 631 714 665 5.
735 632 757 657 1.
778 631 809 658 cf.
829 632 850 666 5.
869 633 894 658 3.
921 631 954 658 de
973 631 1074 658 mulier.

236 687 280 713 qu.
301 687 329 703 se
348 685 416 702 serV.

272 721 471 752 Ambages.
525 718 700 744 Aberratio
736 726 752 743 (ι
782 718 856 749 via,
894 717 1074 743 Circuitus.

235 761 279 788 ΙΠ.
300 762 365 789 Gn.
402 760 482 787 Tales
502 760 681 796 ambiguitates
700 764 831 791 veterum,
854 759 906 785 imo
926 760 1006 795 magis
1026 769 1076 785 am-

236 805 324 841 bages.
344 803 496 830 decidentes
516 808 564 829 etc.
585 812 605 828 c.
625 804 666 828 22.
686 802 708 836 5.
729 804 752 828 l.
772 801 804 828 de
823 802 883 828 furt.
903 803 926 828 6.
941 804 965 828 2.
994 801 1075 828 Multa

235 848 298 874 vitia
319 846 552 883 (stipulationum),
572 844 720 881 multasque
738 845 871 881 ambages,
891 844 1075 881 scrupulosos—

236 900 288 927 que
307 890 432 916 circuitus
452 889 620 915 correximus
640 898 661 914 c.
675 889 699 914 4.
719 888 740 922 5.
755 890 778 914 6.
799 888 831 914 de
850 898 902 914 rec.
921 887 975 914 arb.
994 889 1018 914 2.
1033 889 1074 913 55.

236 932 323 960 Variis
343 931 477 968 ambagum
496 931 619 957 versutiis
644 930 793 967 (exquisita
816 930 952 965 donatio).
989 930 1074 958 Vatic.

235 975 258 1009 §.
277 977 337 1002 273.

270 1018 494 1045 Ambedere.
525 1018 653 1044 Circum
672 1019 788 1043 rodere.
816 1016 859 1044 III.
879 1018 943 1045 Gn.
964 1016 1074 1043 Flumen

234 1060 372 1098 paullatim
390 1076 423 1079 —
442 1070 531 1096 agrum
550 1075 582 1078 —
603 1058 718 1085 anibedit
737 1059 782 1093 [al.
802 1059 943 1094 abolevit]‚
963 1065 989 1087 et
1007 1061 1075 1087 viam

234 1102 351 1130 sustulit.
376 1102 406 1129 fr.
425 1104 467 1129 35.
487 1102 519 1128 de
538 1102 569 1128 A.
589 1101 620 1128 R.
640 1102 673 1128 D.
694 1104 735 1129 41.
756 1104 778 1129 l.

269 1145 484 1180 Ambigere.
514 1147 550 1172 In
570 1147 698 1172 dubium
718 1155 847 1178 vocare,
868 1147 1073 1180 Diu-optare.

233 1188 266 1215 Π.
287 1190 354 1223 Op.
383 1188 465 1214 Scire.
496 1187 526 1214 fr.
545 1190 569 1214 2.
589 1188 611 1221 5.
631 1191 655 1214 ὅ.
676 1188 708 1215 de
727 1199 785 1225 aqu.
806 1193 831 1215 et
850 1199 908 1225 aqu.
928 1188 964 1226 pl.
988 1190 1030 1215 39.
1049 1190 1073 1215 3.

232 1231 346 1267 Ambigi.
367 1247 399 1250 —
417 1229 506 1257 Palam
525 1240 592 1257 esse.
621 1231 690 1258 Coll.
704 1230 756 1258 LL.
777 1231 810 1258 M.
830 1231 874 1258 IV.
890 1234 929 1258 10.
945 1242 984 1268 sq.
1004 1232 1034 1258 l'r.
1050 1233 1073 1258 l.

233 1274 272 1308 55.
293 1276 332 1300 ll.
352 1284 392 1310 sq.
414 1273 518 1309 Quand.
539 1284 598 1311 app.
618 1275 659 1300 49.
679 1275 703 1300 4.
740 1274 782 1300 III.
803 1275 868 1302 Gn.
898 1275 978 1310 Quod
997 1276 1019 1301 si
1039 1276 1073 1301 ita

233 1322 288 1349 est,
308 1327 392 1353 neque
411 1326 491 1354 super
509 1316 559 1343 hoc
578 1317 672 1353 ambigi
691 1318 789 1353 poterit
809 1322 857 1344 etc.
890 1317 958 1344 Coll.
971 1317 1024 1344 LL.
1039 1317 1072 1344 M.

234 1359 252 1386 I.
274 1362 313 1386 10.
351 1359 434 1386 Nemo
449 1359 555 1395 ambigit
568 1359 655 1386 hodie.
680 1359 710 1385 l'r.
727 1361 748 1386 l.
769 1360 791 1393 5.
808 1362 832 1386 3.
852 1360 885 1387 de
904 1371 974 1387 usur.
992 1363 1034 1386 22.
1050 1362 1072 1386 l.

232 1402 338 1439 Ambigi
357 1407 459 1439 potest,
479 1407 577 1434 utrum,
597 1418 629 1422 ——
649 1407 675 1429 et
693 1403 773 1439 magis
794 1408 847 1436 est,
873 1408 900 1429 ut
919 1408 967 1430 etc.
998 1403 1028 1430 l'r.
1050 1405 1072 1429 1.

233 1446 256 1480 5.
277 1448 317 1472 12.
345 1445 449 1481 Quand.
469 1455 528 1482 app.
549 1447 590 1472 49.
605 1446 629 1472 4.
666 1446 769 1481 Quanta
785 1457 813 1472 ea
832 1447 943 1483 pecnnia
963 1448 1019 1475 erit.
1040 1446 1073 1473 de

233 1498 284 1525 qua
303 1493 358 1515 tum
376 1489 444 1515 inter
467 1498 512 1514 eos
537 1488 688 1525 ambigetur.
721 1488 750 1514 L.
772 1488 839 1515 Gall.
860 1489 960 1527 Cisalp.
980 1489 1010 1516 II.
1032 1492 1071 1516 18.

232 1541 273 1568 sq.
311 1531 340 1558 Si
364 1531 427 1568 quid
453 1531 485 1558 de
509 1541 539 1557 eo
565 1541 625 1568 agro
650 1531 709 1558 loco
730 1532 875 1568 ambigetur
894 1537 943 1559 etc.
980 1533 1022 1560 Fr.
1042 1533 1071 1560 L.

233 1574 356 1602 Thuriae.

268 1618 466 1652 Anubigue.
491 1617 612 1650 (Advb.)
653 1618 798 1645 obscure.
836 1618 878 1645 III.
897 1620 963 1646 Gn.
994 1618 1071 1645 Amb.

233 1665 277 1687 aut
296 1661 372 1686 etiam
396 1670 533 1698 perperam
557 1661 701 1697 (scriptum
710 1661 727 1693 ).
756 1660 785 1687 sr.
805 1663 846 1688 24.
877 1661 908 1687 de
931 1662 985 1688 reb.
1010 1662 1071 1688 dub.

232 1704 275 1730 34.
294 1705 318 1730 5.
356 1703 409 1739 Qui
429 1703 495 1729 amb.
515 1702 640 1739 loquitur.
665 1703 695 1730 fr.
717 1706 774 1730 125.
794 1704 826 1730 de.
846 1704 877 1731 V.
898 1704 925 1731 S.
950 1708 992 1731 50.
1013 1706 1053 1731 16.

268 1746 516 1780 Ambiguitns.
546 1746 576 1779 §-
592 1747 625 1772 1.
651 1747 844 1779 Βαῡίιατιύ,
865 1749 1071 1782 Disputatio.

233 1788 253 1815 I.
273 1790 335 1823 Sy·
371 1789 466 1815 Dubia.
491 1788 520 1814 sr.
535 1791 577 1814 21.
596 1789 629 1815 de
648 1789 701 1815 reb.
722 1789 782 1816 (11111.
802 1792 843 1816 34.
858 1792 881 1816 5.
927 1790 1072 1816 Altercatio

233 1832 431 1867 (antiquitatis).
451 1841 472 1857 c.
492 1833 516 1857 6.
536 1831 568 1857 de
587 1841 640 1857 cur.
659 1831 751 1858 furios.
771 1834 794 1858 5.
813 1834 853 1858 70.
874 1843 894 1859 c.
911 1835 933 1859 l.
947 1843 986 1870 pr.
1007 1833 1028 1866 5.
1049 1835 1071 1859 1.

232 1874 266 1900 de
285 1884 377 1900 comm.
397 1883 474 1899 servo
494 1884 559 1899 man.
580 1875 602 1900 7.
623 1876 646 1900 7.
684 1874 726 1900 111.
741 1876 806 1902 Cn.
835 1874 974 1901 lnutilibus
994 1876 1072 1902 ambi-

232 1917 375 1954 guitatibus
395 1921 421 1943 et
439 1916 594 1943 differentiis
614 1916 732 1943 sublatis.
753 1927 774 1943 c.
796 1919 817 1944 1.
838 1917 870 1944 de
890 1928 961 1945 usuc.
982 1919 1071 1945 transf.

232 1961 257 1987 7.
276 1961 318 1986 31.
351 1959 430 1986 Tales
444 1960 624 1995 ambiguitates
638 1965 763 1989 veterum.
783 1961 835 1987 imo
848 1963 928 1997 magis
942 1977 975 1981 —
988 1962 1073 1988 amba-

231 2012 286 2039 ges.
307 2013 328 2029 c.
347 2004 388 2029 22.
408 2002 430 2036 5.
451 2004 473 2028 l.
499 2002 532 2028 de
550 2002 610 2029 furt.
630 2004 653 2029 6.
672 2005 696 2029 2.
734 2002 798 2029 Post
822 2003 929 2030 multam
954 2004 1072 2031 Sabinia-

231 2055 325 2072 norum
349 2050 375 2071 et
396 2044 611 2072 Proculianorum
639 2045 832 2081 ambiguitatem
858 2046 957 2083 placuit
985 2048 1070 2074 media

231 2088 370 2115 sententia.
395 2088 417 2122 5.
436 2089 478 2114 25.
501 2087 518 2114 I.
539 2088 572 2115 de
590 2088 620 2115 li.
641 2088 673 2115 D.
698 2091 722 2114 2.
744 2090 766 2115 1.
802 2088 931 2122 Lucidae‚
956 2095 982 2117 et
1001 2092 1070 2117 omni

231 2131 399 2167 ambiguitate
412 2136 561 2167 segregatae
575 2131 680 2167 (leges).
700 2142 720 2158 c.
732 2133 755 2158 9.
767 2142 806 2169 pr.
827 2132 859 2158 de
879 2138 962 2160 natur.
981 2133 1026 2160 lib.
1046 2136 1070 2160 5.

230 2175 273 2200 27.
306 2189 339 2193 —
372 2173 402 2206 ἓ.
427 2175 462 2200 2.
491 2176 661 2209 Ambagett,
691 2176 899 2203 Reeardatio.
937 2176 978 2202 III.
1004 2178 1070 2204 Gn.

232 2215 297 2242 Sine
316 2216 427 2252 (aliqua)
447 2216 614 2253 ambiguitate
633 2219 840 2250 (transmittere,
860 2229 884 2245 v.
905 2219 1070 2255 adgregare).

233 2257 284 2285 Th.
303 2258 334 2285 C.
353 2259 398 2286 XI.
417 2261 459 2286 30.
485 2270 505 2286 c.
526 2262 568 2286 31.
593 2260 625 2287 de
644 2270 702 2297 app.
723 2265 749 2287 et
767 2271 843 2298 poen.
863 2261 919 2288 XII.
941 2264 963 2288 1.
988 2273 1009 2289 c.
1029 2264 1069 2289 96.

232 2301 256 2335 5.
281 2302 303 2327 l.
331 2301 364 2328 de
387 2302 519 2329 decurion.
548 2302 733 2337 (decernere).
768 2303 806 2331 111,
829 2304 900 2332 XVI.
929 2306 953 2332 8.
983 2316 1004 2332 c.
1027 2308 1069 2332 24.

232 2343 267 2370 de
285 2343 340 2370 Iud.

268 2387 484 2422 Ambiguae.
513 2388 642 2423 (Adiect.)
671 2391 812 2423 Dubius,
833 2393 990 2419 Incertnn.
1026 2392 1068 2418 ΙΙΙ.

232 2429 299 2457 Gn.
329 2429 462 2462 Obscura.
482 2431 524 2458 vel
543 2432 660 2469 ambigua
681 2434 810 2470 (pactio).
835 2434 866 2461 11.
884 2436 926 2461 39.
950 2435 983 2461 de
1001 2441 1068 2472 pact.

231 2473 257 2498 2.
277 2474 318 2498 14.
354 2472 508 2508 Ambiguas,
532 2480 610 2512 atque.
632 2475 719 2512 legum
742 2476 855 2503 diversis
878 2478 1070 2515 interpretatio-

232 2514 311 2541 nibus
330 2515 482 2548 titub:111teS‚
502 2527 593 2544 causas
612 2519 741 2556 (benigue
759 2520 931 2557 temperare),
952 2532 973 2548 c.
992 2524 1016 2548 5.
1037 2522 1069 2548 de

233 2558 294 2584 bon.
315 2567 357 2594 qu.
377 2558 451 2584 liber.
470 2560 493 2584 6.
507 2561 548 2586 61.
577 2561 732 2589 Futurarum
751 2563 869 2600 ambigua
888 2566 1069 2600 quaestionum

233 2616 266 2620 —
286 2600 439 2637 discingere.
468 2601 517 2629 Th.
532 2602 562 2629 C.
576 2603 608 2631 V.
629 2607 650 2631 l.
671 2616 692 2632 c.
707 2607 729 2632 7.
749 2607 771 2640 5.
784 2608 809 2633 3.
829 2606 944 2644 delegit.
958 2608 1068 2635 heredit.

233 2643 461 2671 Constitutionum
485 2645 631 2681 ambiguum
654 2650 812 2676 removistis.
850 2650 931 2677 Gesta
955 2652 981 2677 in
1006 2651 1067 2678 Sen.

233 2686 267 2713 de
286 2688 365 2724 reeip.
403 2687 452 2714 Th.
482 2688 512 2715 C.
542 2688 637 2722 (Wek.
662 2702 687 2728 p.
707 2692 749 2725 5.)
790 2692 846 2719 Sub
866 2693 1067 2721 consultationis

233 2730 353 2766 ambiguo
373 2730 505 2767 (pendere
524 2731 705 2768 litigatorem).
732 2734 782 2762 Th.
802 2735 833 2762 C.
852 2736 897 2763 XI.
916 2738 958 2763 30.
984 2748 1005 2764 c.
1025 2740 1066 2764 55.

232 2773 266 2799 de.
285 2784 344 2811 app.
365 2779 391 2800 et
408 2784 484 2811 poen.
522 2774 581 2801 Nou
601 2781 641 2801 est
664 2777 727 2804 iuris
753 2779 873 2815 ambigui.
903 2790 924 2806 c.
944 2782 985 2807 10.
1014 2781 1068 2817 Qui

233 2815 294 2844 darc
312 2821 359 2844 tut.
379 2819 402 2844 5.
422 2818 464 2844 34.
484 2828 504 2845 c.
518 2819 542 2846 6.
563 2819 596 2847 de
615 2820 685 2847 crim.
706 2821 784 2859 expil.
804 2821 893 2850 hered.
913 2824 936 2850 9.
949 2825 991 2851 32.

1152 246 1321 274 Ambire.
1342 247 1372 280 §-
1384 248 1418 274 1.
1435 248 1587 282 Cingere,
1603 247 1775 275 Circumda
1784 256 1822 273 re.
1842 246 1958 274 Iltcn.

1120 289 1195 325 Quae
1214 289 1263 323 (sc.
1283 289 1353 323 loca)
1374 291 1507 316 civitatum
1526 291 1666 316 territoriis
1686 289 1842 316 ambiuntur.
1862 289 1911 316 Th.
1926 289 1957 316 C.

1118 332 1152 359 X.
1171 334 1195 359 3.
1216 342 1237 359 c.
1256 334 1280 359 5.
1300 332 1333 359 de
1352 332 1402 359 loc.
1421 332 1493 359 fund.
1512 333 1560 359 iur.
1581 332 1665 369 emph.
1703 332 1785 359 Binos
1805 332 1958 370 -paribus

1120 375 1254 411 dignitatis
1278 379 1304 401 et
1322 375 1519 412 privilegiorum
1545 375 1692 411 insignibus
1717 375 1870 402 ambiendos
1890 385 1957 402 esse.

1121 428 1142 444 c.
1163 420 1203 444 10.
1224 417 1256 444 de
1275 417 1366 444 advoc.
1386 418 1438 445 div.
1459 418 1578 445 iudicior.
1597 421 1621 445 2.
1643 420 1665 445 7.
1695 418 1745 445 Th.
1760 418 1790 445 C.
1810 418 1854 445 VI.
1874 420 1916 444 35.
1936 428 1957 444 c.

1120 461 1143 487 9.
1164 460 1196 487 (1(-
1215 462 1281 497 priv.
1302 471 1354 487 eor.
1375 471 1418 497 qu.
1443 462 1469 487 in
1493 462 1520 487 S.
1540 461 1591 498 pal.
1625 478 1657 481 —
1691 462 1721 494 §-
1742 463 1777 488 2.
1808 463 1958 487 Ambitur

1119 505 1241 530 crimen
1259 514 1414 530 exercere.
1452 503 1482 530 II.
1505 506 1570 538 ΟΡ.
1600 504 1659 531 Non
1680 504 1765 536 electi.
1785 503 1833 530 sed
1846 503 1958 529 ambien-

1120 551 1168 572 tes.
1205 545 1272 572 Nov.
1297 546 1400 573 Valent.
1424 546 1467 572 III.
1492 546 1524 572 (1(ι
1548 547 1645 583 indulg.
1668 547 1761 584 reliqu.
1785 547 1814 573 II.
1842 548 1863 573 l.
1889 557 1909 573 c.
1933 547 1958 573 3.

1119 590 1141 624 5.
1161 592 1184 616 2.
1222 590 1265 616 III.
1286 591 1352 618 Gn.
1381 589 1424 616 Ad
1443 589 1602 626 dignitatem.
1622 601 1646 616 v.
1665 590 1790 622 honores,
1809 590 1875 616 amb.
1907 589 1957 616 Th.

1120 632 1151 659 C.
1171 631 1226 659 VII.
1246 634 1288 659 21.
1313 643 1334 659 c.
1353 634 1377 659 2.
1402 632 1434 659 de
1454 633 1550 659 testim.
1571 634 1682 660 (πί-11111.
1707 633 1751 660 IX.
1775 634 1816 659 26.
1841 643 1862 659 c.
1884 634 1906 658 l.
1926 631 1958 658 ad

1119 675 1149 702 L.
1177 675 1224 702 Iul.
1254 675 1286 701 de
1313 675 1380 702 amb.
1430 675 1557 702 Primates
1589 675 1682 708 0111011,
1711 686 1822 713 quorum
1848 677 1960 702 interest

1119 718 1294 745 ambientibus
1314 719 1429 745 obviare.
1456 718 1493 746 lb.
1514 719 1531 745 l.
1551 718 1567 745 l.
1588 729 1609 745 0.
1628 721 1652 745 2.
1678 735 1709 738 -
1738 720 1768 752 §.
1790 721 1827 745 3.
1853 720 1957 745 Aucu-

1117 764 1208 796 pori,
1228 764 1415 798 Adfectare.
1444 761 1486 788 III.
1502 763 1566 789 Gn.
1586 761 1696 788 Delerre
1710 761 1800 788 illicita
1814 766 1839 788 et
1852 761 1958 787 ambire.

1119 805 1156 832 Ib.
1176 805 1194 832 1.
1216 807 1255 832 12.
1276 816 1297 832 c.
1317 808 1341 831 ὅ.
1362 804 1476 839 (ch.)
1497 804 1528 831 (10
1548 805 1591 831 oss.
1612 804 1686 831 Proc.
1707 809 1733 830 et
1751 804 1812 841 Leg.
1849 805 1959 831 Ambire

1120 853 1146 875 et
1164 848 1328 884 transfugere
1346 849 1389 881 (111
1408 848 1515 874 alterius
1535 848 1643 874 militiae
1661 848 1804 881 ordinem).
1832 847 1869 874 lb.
1890 847 1957 874 Ylll.

1119 893 1143 918 4.
1164 902 1185 918 0.
1207 893 1246 917 18.
1267 890 1299 917 de.
1319 890 1446 917 cohortal.

1154 934 1332 961 Ambitio.
1356 934 1387 967 δ.
1403 935 1437 960 l.
1458 936 1624 966 Studium,
1644 935 1812 968 Captatio.
1835 933 1877 960 111.
1892 934 1958 961 Cn·

1119 977 1292 1008 Ambitionis.
1313 976 1355 1003 vel
1374 977 1471 1012 gratiae
1490 978 1636 1014 (suspicio,
1660 987 1684 1004 v.
1704 978 1837 1010 materia).
1868 977 1897 1003 t'r.
1915 978 1957 1003 39.

1119 1021 1141 1055 5.
1163 1022 1186 1047 l.
1205 1020 1237 1047 de
1256 1019 1335 1046 indic.
1358 1021 1382 1046 5.
1404 1021 1426 1045 l.
1450 1019 1480 1046 sr.
1499 1022 1541 1046 24.
1566 1021 1587 1054 5.
1608 1022 1648 1046 17.
1673 1020 1705 1047 de
1724 1020 1810 1046 tidcic.
1830 1019 1895 1046 libb.
1916 1021 1957 1045 40.

1119 1066 1143 1090 5.
1181 1063 1231 1090 Vel
1249 1063 1373 1101 perunia‚
1393 1062 1436 1088 vel
1455 1063 1610 1094 ambitione,
1630 1063 1842 1100 (corrumpere).
1866 1063 1896 1089 l'r.
1916 1064 1957 1089 31.

1120 1106 1152 1133 de
1171 1117 1223 1133 rec.
1243 1116 1286 1143 qu.
1306 1106 1359 1132 arb.
1387 1107 1411 1132 4.
1431 1108 1455 1131 ὅ.
1496 1106 1536 1132 Ex
1563 1111 1711 1143 compacto,
1737 1107 1793 1133 sive
1816 1106 1959 1132 ambitione

1119 1150 1252 1184 (diversae
1271 1150 1376 1186 partis).
1396 1159 1418 1175 c.
1436 1150 1461 1175 3.
1481 1148 1513 1175 (10
1533 1159 1619 1175 exsec.
1640 1151 1676 1175 rei
1696 1149 1747 1175 iud.
1768 1151 1790 1176 7.
1805 1151 1845 1176 53.
1883 1149 1958 1175 Desi-

1119 1193 1160 1220 dia
1180 1192 1308 1224 iudicum,
1332 1191 1375 1218 vel
1401 1191 1512 1228 quadam
1535 1191 1651 1218 lenitatis
1670 1192 1818 1219 ambitione.
1856 1192 1906 1218 Th.
1926 1191 1956 1218 C.

1118 1236 1163 1263 IX.
1184 1238 1206 1263 1.
1221 1247 1242 1263 c.
1258 1238 1297 1262 18.
1318 1235 1350 1261 de
1369 1245 1455 1261 accus.
1476 1239 1501 1261 et
1520 1235 1598 1261 inscr.
1636 1234 1822 1272 Vsurpationis
1842 1236 1956 1261 ambitio.

1118 1279 1154 1305 lb.
1175 1278 1219 1306 VI.
1238 1281 1263 1306 5.
1283 1289 1304 1305 c.
1326 1280 1348 1304 l.
1368 1283 1397 1304 ut
1410 1278 1538 1314 dignitatt.
1559 1277 1632 1304 ordo.
1653 1294 1684 1298 -—
1705 1279 1735 1311 §-
1756 1280 1791 1305 2.
1812 1280 1957 1305 Ambitus

1117 1324 1245 1349 crimen.
1282 1321 1325 1348 111.
1346 1323 1412 1349 Gn·
1447 1322 1500 1357 Qui
1525 1321 1557 1347 ad
1576 1321 1685 1347 honoris
1705 1322 1816 1358 insignia
1835 1331 1887 1347 non
1908 1331 1957 1347 am-

1118 1365 1231 1397 bitione,
1254 1364 1296 1391 vel
1320 1365 1420 1401 pretio,
1440 1380 1472 1383 —
1492 1364 1580 1391 solent
1598 1365 1754 1401 promoveri.
1785 1374 1806 1390 c.
1826 1366 1849 1391 6.
1876 1364 1907 1390 ad
1926 1363 1955 1390 L.

1116 1408 1164 1434 Iul.
1184 1412 1266 1445 repet.
1286 1409 1309 1434 9.
1329 1409 1371 1433 27.
1396 1406 1427 1434 cf.
1449 1417 1469 1434 c.
1492 1409 1531 1434 14.
1556 1407 1588 1433 de
1606 1407 1638 1434 K.
1657 1407 1690 1434 M.
1712 1409 1751 1434 12,
1770 1409 1812 1434 36.
1849 1407 1891 1433 Ad
1911 1407 1956 1433 ho-

1118 1461 1195 1477 nores
1215 1450 1375 1477 adscendere
1395 1450 1536 1476 ambitione
1555 1455 1662 1477 tentare.
1687 1450 1736 1477 Th.
1758 1450 1788 1477 C.
1809 1450 1853 1476 IX.
1872 1451 1914 1476 26.
1935 1460 1955 1476 c.

1119 1496 1140 1520 l.
1160 1493 1193 1520 ad
1211 1493 1241 1520 L.
1259 1493 1306 1520 Iul.
1321 1493 1353 1520 de
1367 1493 1455 1520 ambit.
1484 1493 1526 1520 Ad
1540 1493 1625 1520 locum
1640 1493 1801 1520 defensionis
1815 1493 1957 1520 ambitione

1116 1538 1264 1574 pervenire.
1298 1536 1334 1563 lb.
1358 1536 1376 1563 l.
1400 1539 1442 1563 20.
1468 1547 1489 1563 c.
1516 1538 1538 1562 1.
1563 1536 1595 1562 de
1620 1536 1718 1563 defens.
1745 1538 1814 1563 civit.
1839 1536 1907 1563 VIII.
1934 1539 1956 1563 l.

1117 1591 1138 1607 c.
1160 1582 1182 1607 l.
1202 1580 1234 1606 de
1254 1590 1381 1606 numerar.
1418 1579 1460 1605 Ab
1480 1579 1624 1605 honoribus
1643 1579 1789 1606 mercandis
1802 1590 1850 1617 per
1863 1579 1955 1606 suffra-

1116 1624 1169 1659 gia,
1197 1622 1240 1649 vel
1264 1623 1381 1659 qualibet
1404 1623 1546 1649 ambitione
1569 1623 1738 1659 quaerendis.
1763 1625 1851 1657 (certa
1875 1622 1955 1649 multa

1116 1666 1273 1703 prohibuit.)
1303 1666 1339 1692 lb.
1353 1665 1397 1693 VI.
1411 1667 1490 1699 2212:
1503 1668 1527 1692 2.
1548 1665 1579 1692 de
1596 1666 1686 1693 honor.
1708 1666 1790 1693 codic.
1811 1666 1842 1692 cl'.
1856 1665 1899 1692 VI.
1913 1667 1954 1691 24.

1117 1720 1138 1736 c.
1158 1712 1182 1736 5.
1202 1709 1234 1735 de
1253 1709 1365 1735 domest.
1386 1714 1412 1735 et
1431 1714 1542 1746 protect.

1151 1752 1370 1779 Ambitiose.
1408 1752 1510 1785 (Adv.)
1553 1753 1718 1783 Studiose,
1754 1753 1954 1778 Libidinosa

1117 1795 1159 1821 ΙΙΙ.
1185 1797 1250 1822 (7η.
1292 1794 1359 1820 Cum
1388 1794 1496 1821 Praetor
1520 1809 1552 1813 ——
1576 1804 1623 1831 per
1652 1805 1780 1827 errorem,
1808 1794 1851 1821 vel
1878 1796 1955 1821 etiam

1117 1838 1197 1868 amb..
1217 1837 1319 1863 iuberet
1339 1842 1386 1864 etc.
1418 1836 1448 1863 sr.
1469 1839 1509 1863 65.
1529 1838 1551 1871 5.
1570 1840 1594 1864 2.
1615 1837 1647 1864 ad
1665 1837 1693 1864 S.
1714 1837 1745 1864 C.
1765 1837 1844 1864 Treb.
1868 1840 1909 1864 36.
1932 1840 1953 1864 l.

1116 1880 1193 1907 Amb.
1219 1880 1258 1911 id.
1288 1880 1359 1916 quod
1387 1879 1533 1907 indubitate
1556 1880 1646 1907 deberi
1674 1886 1779 1918 posset,
1807 1882 1953 1908 remissum.

1117 1934 1138 1951 c.
1159 1926 1191 1951 12
1219 1923 1252 1949 dc
1271 1928 1393 1949 transact.
1413 1925 1437 1950 2.
1456 1925 1480 1950 4.

1150 1967 1392 1994 Ambitiosus.
1417 1966 1547 2000 (Adiect.)
1576 1969 1810 2003 Gratificans‚
1831 1969 1955 1994 Fauori

1115 2012 1254 2036 studens.
1291 2009 1333 2036 III.
1359 2011 1425 2037 Gn·
1456 2009 1527 2035 Inter
1549 2009 1715 2036 insolentiam
1734 2012 1904 2042 incuriosam,
1929 2015 1955 2037 et:

1115 2052 1275 2088 diligentiam
1294 2063 1345 2078 non
1365 2053 1537 2084 ambitiosam,
1557 2052 1683 2086 (multum
1702 2054 1837 2087 interest).
1862 2053 1892 2080 fr.
1911 2054 1952 2079 33.

1115 2106 1153 2133 pr.
1174 2095 1207 2121 (10
1226 2105 1296 2122 usur.
1316 2097 1358 2122 22.
1381 2097 1403 2122 1.
1441 2095 1492 2122 Vel
1512 2096 1636 2128 occultis,
1664 2096 1707 2122 vel
1731 2097 1877 2122 ambitiosis
1897 2106 1953 2133 pre-

1117 2139 1191 2165 cibus
1218 2138 1355 2172 (elicere).
1390 2138 1440 2165 Th.
1460 2138 1491 2165 C.
1510 2138 1581 2165 XIV.
1600 2141 1625 2166 3.
1652 2149 1672 2165 c.
1691 2141 1733 2165 20.
1758 2139 1790 2166 de
1815 2141 1907 2176 pistor.
1927 2144 1953 2164 et:

1116 2181 1198 2208 catab.
1235 2181 1289 2208 IIac
1308 2181 1421 2218 generali
1440 2181 1497 2218 lege
1521 2182 1642 2208 fiduciam
1666 2182 1772 2214 habeat.
1797 2192 1849 2208 non
1874 2182 1953 2208 ambi-

1116 2226 1192 2251 tiosis
1211 2225 1438 2262 rescriptionibus.
1476 2225 1566 2251 Iulian.
1587 2236 1627 2262 ep.
1648 2236 1706 2252 nov.
1732 2236 1752 2252 c.
1774 2226 1831 2251 106.
1851 2225 1872 2258 5.
1891 2226 1950 2250 370.

1115 2268 1228 2295 Decreta
1247 2268 1385 2294 ambitiosa
1405 2267 1583 2301 (Consulum,
1609 2279 1632 2295 v.
1653 2268 1847 2300 decurionum).
1876 2266 1906 2293 sr.
1926 2268 1950 2293 3.

1115 2322 1154 2349 pr.
1174 2311 1206 2338 de
1225 2312 1285 2338 min.
1305 2312 1328 2338 4.
1348 2313 1372 2338 4.
1392 2311 1421 2338 l'r.
1442 2314 1465 2338 4.
1485 2322 1524 2348 pr.
1544 2311 1577 2338 (Ie
1595 2311 1664 2338 decr.
1684 2311 1715 2338 ab
1736 2311 1800 2337 Ord.
1820 2312 1860 2336 50.
1880 2311 1903 2336 9.

1149 2355 1333 2381 Anxbitus.
1371 2354 1401 2387 §-
1421 2356 1455 2381 1.
1488 2357 1707 2386 Circumitzcs,
1727 2357 1878 2388 Spatium
1897 2362 1950 2379 va-

1114 2399 1315 2423 cuzcntcirca
1329 2398 1437 2432 fines,
1456 2400 1504 2424 vel
1526 2400 1654 2425 limites.
1685 2397 1727 2423 III.
1743 2399 1807 2424 (Ὢ.
1827 2395 1950 2422 Ambitus

1114 2441 1229 2477 parietis.
1258 2439 1287 2465 L.
1300 2439 1357 2466 XII.
1387 2439 1470 2467 Tabb.
1490 2440 1544 2467 VII.
1567 2443 1589 2468 l.
1626 2440 1718 2467 Murali
1738 2438 1835 2465 :unbitu
1852 2437 1950 2464 fundos

1114 2484 1237 2519 proprios
1257 2499 1289 2502 —
1303 2482 1409 2509 vallare.
1433 2494 1454 2510 c.
1470 2486 1509 2510 10.
1529 2484 1562 2511 dc
1574 2484 1649 2511 aedis.
1668 2484 1734 2520 priv.
1754 2483 1832 2508 8010.
1861 2482 1949 2508 Ambi-

1114 2531 1156 2551 tus
1176 2525 1258 2552 libido
1283 2527 1475 2560 restinguenda.
1509 2526 1575 2553 Nov.
1596 2527 1645 2553 Th.
1665 2526 1694 2551 Il.
1715 2525 1747 2551 de
1766 2525 1832 2551 amb.
1853 2530 1878 2551 et
1898 2525 1947 2551 loc.

1114 2568 1187 2595 limit.
1208 2569 1225 2595 1.
1245 2570 1286 2595 24.
1308 2579 1328 2595 c.
1350 2571 1372 2595 l.
1393 2570 1414 2603 5
1436 2572 1457 2596 l.
1478 2586 1509 2590 -—
1536 2570 1566 2603 §-
1587 2571 1621 2596 2.
1645 2571 1700 2595 111⁸
1719 2570 1947 2595 circumeundi.

1112 2611 1154 2638 III.
1175 2613 1240 2639 Gn.
1274 2611 1342 2643 ltus.
1363 2612 1462 2644 aditus,
1488 2613 1606 2638 ambitus.
1644 2610 1685 2637 Cf.
1704 2621 1728 2637 v.
1747 2611 1852 2638 Aditus.
1881 2612 1902 2645 5.
1923 2613 1946 2636 2.

1113 2671 1144 2674 -—
1164 2655 1195 2687 §.
1215 2656 1252 2681 3.
1273 2657 1463 2689 Amplitudo
1476 2657 1617 2692 finium,
1636 2658 1684 2681 vel
1702 2657 1946 2691 aedificiorum.

1112 2697 1155 2723 III.
1176 2699 1241 2725 Gn.
1271 2697 1467 2727 possessiones.
1487 2708 1552 2733 quae.
1571 2707 1628 2723 cum
1647 2707 1738 2733 magno
1759 2707 1848 2727 censu.
1868 2702 1947 2723 tecto-

1111 2751 1168 2766 rum
1186 2741 1283 2767 ambitu
1303 2746 1350 2767 etc.
1386 2741 1434 2768 Tb.
1455 2741 1485 2767 C.
1504 2741 1537 2766 X.
1558 2742 1597 2767 10.
1617 2751 1638 2767 c.
1659 2742 1698 2767 16.
1723 2741 1755 2767 de
1775 2743 1893 2778 petition.
1914 2757 1946 2760 —-

1112 2784 1142 2816 §-
1164 2785 1202 2810 —l-
1236 2786 1492 2820 Snffragiorum
1517 2786 1696 2818 corruptio.
1734 2784 1776 2811 III,
1796 2786 1860 2811 Cn.
1890 2783 1946 2810 Lex

1110 2825 1174 2853 Iulia
1193 2826 1225 2853 de
1246 2827 1393 2859 adulteriis,
1413 2826 1572 2860 ambitusve,
1592 2827 1752 2855 criminibus
1781 2826 1830 2854 Th.
1851 2826 1881 2854 C.
1900 2826 1944 2853 IX.
