2197 3121
947 161 1029 192 §AS
1040 180 1078 186 -—-
1088 162 1189 193 NAT.

198 246 281 272 batur.
306 244 363 271 Gai.
383 244 413 271 11.
434 246 495 271 226.
532 243 729 279 Magistratuum
754 242 882 275 edietum,
906 242 976 269 unde
1001 244 1042 269 ius

197 288 366 314 honorarium
386 289 510 314 nascitur.
530 286 561 313 fr.
579 288 603 312 2.
624 286 646 319 5
668 287 707 311 12.
728 285 760 311 ct'.
780 286 817 319 55.
837 287 862 312 5.
882 295 922 321 sq.
942 285 959 311 l.
980 285 997 312 l.
1019 287 1041 311 1.

196 333 221 357 2.
259 330 381 367 Capitale
401 331 498 356 crimen
518 328 645 355 adversus
665 338 723 354 eum
743 339 775 355 ex
794 328 824 354 L.
838 327 917 354 Fabia
938 327 970 354 de
989 327 1042 365 pla—

197 375 239 410 gio
260 374 383 399 nascitur.
409 372 438 398 fr.
459 374 481 398 1.
502 370 534 398 de
552 370 582 397 L.
603 370 666 396 Fab.
691 370 724 397 de
743 371 811 408 plag.
830 372 872 397 48.
894 372 934 396 15.
972 370 1042 396 Non-

197 416 259 442 dum
278 417 305 443 in
326 415 377 442 ulla
396 419 471 452 parte
490 413 669 451 stipulationis
689 413 809 440 liberatio
829 417 888 439 nata
908 418 956 439 est.
977 412 1007 439 sr.
1017 414 1042 439 2.

197 458 220 491 5.
241 460 263 485 1.
283 458 315 484 dc
334 457 366 484 V.
388 457 420 483 O.
440 458 482 482 45.
504 458 526 482 1.
547 455 579 483 cs.
603 455 634 482 fr.
655 458 696 482 9⁴.
721 457 785 490 5.1.
806 455 838 482 de
858 455 936 482 solut.
957 456 998 481 46.
1018 456 1042 481 3.

196 501 265 527 Esse
289 504 464 531 contractum,
488 514 520 518 -
546 498 615 525 unde
640 498 704 524 haec
728 499 844 524 nascitur
866 499 942 524 actio.
967 497 998 523 fr.
1019 499 1041 523 7.

197 544 218 577 5.
231 545 255 569 2.
276 542 308 569 de
327 547 395 580 pact.
414 545 438 568 2.
459 543 499 567 14.
537 540 581 572 Vt,
602 551 668 577 quae
687 542 763 567 initio
782 540 909 567 adversus
929 540 1042 576 aliquem
1063 542 1065 571 ξ

197 590 255 612 nata
276 590 316 612 est
336 586 385 618 (sc.
401 585 491 616 actio‚)
512 589 589 621 caput
609 585 728 610 nocentis
748 588 881 619 sequatur.
902 583 932 609 sr.
949 585 988 609 18.
1009 582 1041 609 cf.

197 627 228 654 fr.
250 629 290 653 17.
309 627 371 660 5.1.
392 626 424 653 de
444 626 504 652 furt.
524 628 566 653 47.
585 629 609 652 2.
646 625 780 662 Numquid
799 625 881 652 semel
901 631 986 652 natam
1006 627 1043 651 in·
1064 618 1065 626 ¹

197 669 311 696 officiosi
331 669 464 706 querelam
484 679 536 695 non
556 670 666 706 perimat
685 668 801 704 legatarii
826 668 943 694 oblatio?
967 669 997 695 fr.
1017 669 1041 694 8.

197 713 219 746 5.
240 714 279 739 10.
300 712 333 738 de
352 712 424 738 inoff.
445 717 547 738 testam.
567 714 590 738 5.
610 714 633 738 2.
654 711 684 738 fr.
699 713 722 737 5.
743 712 764 745 5.
779 713 803 737 4.
824 711 856 737 de
876 721 953 737 servo
974 721 1041 737 corr.

198 756 238 781 11.
257 756 282 781 3.
320 754 518 792 Supervacuum
539 759 579 782 cst
597 754 754 783 mandatum.
775 759 801 780 et
821 754 854 780 ob
875 753 902 780 id
921 753 991 780 nulla
1010 764 1042 780 ex

197 807 228 824 eo
249 797 374 833 obligatio
395 799 519 824 nascitur.
540 797 570 824 fr.
584 799 608 823 2.
628 807 667 834 pr.
687 796 772 822 mand.
789 798 828 822 17.
850 798 874 823 1.
901 796 961 823 Non
978 797 1042 823 satis
1064 810 1065 813 ¹

197 845 253 871 est,
273 839 377 872 (dantis
402 839 628 872 esse11111n11103‚)
651 856 680 860 —-
708 844 736 866 nt
761 839 887 875 obligatio
912 845 1042 871 nascatur,

197 882 245 908 sed
265 884 341 909 etiam
362 882 412 909 hoc
431 884 516 909 animo
537 882 592 909 dari
616 888 642 908 et
666 883 761 919 accipi,
786 886 814 908 ut
838 881 963 917 obligatio
983 892 1043 908 con-

196 926 329 951 stituatur.
354 924 383 951 fr.
403 927 427 951 3.
453 926 475 959 5.
496 927 518 951 l.
545 925 577 951 dc
596 924 629 951 Ο.
650 930 676 951 et
694 925 726 951 A.
746 926 788 951 44.
809 926 831 951 7.
869 923 946 951 Vltro
966 926 1043 950 citro-

197 977 258 1004 que,
278 984 310 987 -
330 967 408 994 Nulla
430 978 461 994 ex
481 972 593 1004 utroque
612 967 694 994 latere
714 969 844 1001 (nascitur
862 968 951 1001 actio.)
972 967 1001 993 fr.
1018 969 1041 993 2.

197 1010 227 1036 fr.
248 1012 272 1037 6.
292 1011 314 1044 5.
334 1014 358 1037 4.
379 1010 411 1036 de
431 1009 462 1036 N.
483 1009 514 1036 G.
534 1012 558 1036 3.
579 1013 602 1036 5.

231 1055 365 1080 Nassa.
399 1054 493 1079 Vasis
510 1055 695 1087 piscatorii
710 1063 820 1088 genus.
857 1052 900 1079 III.
917 1054 983 1080 οη.
1004 1052 1043 1078 ln-

196 1100 344 1122 strumento
362 1096 504 1132 piscatoris
523 1095 622 1132 legato,
643 1100 669 1122 et
688 1097 766 1127 retia,
787 1100 812 1122 et
832 1106 940 1125 nassae,
962 1100 987 1121 et
1007 1095 1043 1122 fu-

197 1139 294 1170 scinae,
314 1143 340 1164 et
358 1137 493 1164 naviculae
513 1154 543 1157 —
565 1138 702 1165 debentur.
723 1138 796 1165 Paul.
816 1138 857 1164 lll.
877 1140 901 1165 6.
920 1139 942 1172 5.
962 1140 1003 1165 66.

232 1182 400 1207 Natales.
422 1182 608 1213 Nativitas,
621 1183 774 1208 Conditio
789 1183 930 1217 generis.
950 1181 1042 1216 [Sy.

198 1222 325 1250 Conditio
350 1224 465 1261 propria.
491 1223 540 1250 Th.
562 1223 592 1250 C.
614 1223 681 1250 VIII.
702 1226 726 1251 4.
751 1234 772 1251 c.
792 1226 833 1250 21.
859 1224 891 1250 de
915 1223 1042 1250 cohortal.

196 1265 314 1293 HLC'n.
334 1265 427 1302 Neque
441 1267 556 1302 nuptiae,
576 1276 662 1303 neque
681 1267 781 1293 natales
801 1266 913 1299 (faciunt
925 1271 1042 1293 matrem·

197 1308 286 1341 farn.‚)
311 1308 359 1335 sed
383 1309 446 1335 boni
464 1318 561 1335 mores.
585 1309 615 1335 sr.
634 1311 676 1336 46.
701 1310 766 1343 5.1.
787 1309 819 1336 de
840 1309 871 1336 V.
892 1309 918 1335 S.
939 1311 981 1336 50.
1003 1310 1042 1335 16.

195 1351 319 1389 Inprimis
339 1351 529 1378 consideranda
549 1361 662 1388 persona
683 1354 739 1379 eius
760 1357 814 1384 est,
835 1368 867 1372 -
887 1353 950 1378 item
970 1353 1043 1388 origo

195 1394 335 1427 natalium,
359 1394 497 1421 facultates
520 1404 626 1430 quoque
646 1399 694 1421 etc.
719 1395 749 1422 fr.
771 1397 810 1421 14.
835 1395 857 1428 5.
876 1396 902 1422 3.
922 1394 954 1421 de
972 1405 1042 1422 mun.

196 1441 223 1464 et
242 1436 303 1463 hon.
318 1439 358 1464 50.
379 1439 403 1464 4.
441 1436 536 1463 Statim
556 1437 588 1463 de
607 1437 738 1464 natalibus
759 1438 853 1475 ipsius,
873 1448 902 1464 ac
921 1437 954 1464 de
973 1439 1044 1464 omni

195 1480 266 1506 vitae
285 1480 437 1506 conditione
457 1489 566 1506 examen
585 1479 719 1507 habeatur.
740 1480 790 1506 Th.
812 1480 843 1507 C.
863 1480 920 1507 VII.
938 1483 963 1507 2.
983 1491 1004 1508 c.
1021 1483 1042 1507 1.

197 1522 250 1558 Qu.
269 1522 344 1560 prob.
365 1523 424 1549 deb.
445 1522 477 1549 ct'.
497 1522 516 1549 1.
530 1524 553 1549 9.
574 1525 633 1550 c.1.
653 1522 758 1556 OVck.)
778 1523 810 1549 de
830 1524 874 1549 off.
893 1534 957 1560 mag.
973 1523 1043 1550 offic.

196 1564 234 1592 Vt
252 1565 349 1603 oppida
369 1565 513 1597 hominum,
534 1570 559 1591 et
578 1565 688 1597 natales,
707 1571 733 1592 et
752 1567 842 1592 merita
863 1576 988 1603 expressa
1008 1572 1045 1593 te-

197 1613 307 1634 neantur
325 1609 375 1641 (sc.
396 1608 513 1639 litteris.)
538 1607 574 1634 lb.
588 1608 659 1634 XIV.
673 1610 697 1635 9.
718 1619 738 1635 c.
755 1611 776 1635 l.
797 1608 829 1635 dc
849 1608 920 1636 stud.
940 1609 1042 1636 liberal.

198 1650 255 1677 urb.
274 1650 306 1678 R.
342 1651 385 1677 Ius
412 1650 550 1677 anulorum
573 1661 711 1677 aureorum
731 1652 884 1689 impetrare,
906 1668 937 1672 —
958 1657 983 1678 et
1002 1662 1045 1678 na-

198 1693 295 1720 talibus
314 1695 427 1720 restitui.
452 1693 482 1719 fr.
503 1695 526 1719 4.
552 1693 584 1720 de
608 1694 665 1720 iure
684 1704 738 1720 aur.
758 1694 827 1721 anul.
846 1696 888 1721 40.
910 1696 949 1721 10.
969 1694 1000 1721 fr.
1022 1697 1044 1721 l.

198 1745 257 1772 sqq.
278 1735 310 1762 de
329 1736 407 1763 natal.
428 1741 490 1763 rest.
510 1738 551 1762 40.
573 1738 613 1762 11.

232 1779 455 1806 Natalicius
489 1778 628 1811 (Adiect.)
662 1781 710 1805 Ad
731 1781 948 1806 nativitatem
976 1790 1043 1814 spe·
1066 1781 1068 1794 ⁴

198 1827 297 1847 etuas.
316 1820 360 1847 111.
377 1822 443 1848 Gn.
463 1820 585 1847 Natalieii
605 1821 662 1847 dies
682 1822 785 1848 urbium
798 1823 974 1848 maximarum.
994 1822 1044 1849 Th.

199 1862 231 1890 C.
251 1863 280 1889 11.
301 1864 325 1890 8.
347 1874 368 1889 c.
386 1865 410 1889 2.
430 1864 452 1897 5.
471 1865 496 1890 2.
516 1863 549 1890 de
567 1863 648 1890 feriis.
686 1864 793 1890 Donum
814 1875 870 1891 cum
891 1875 982 1898 causa,
1007 1870 1044 1892 ut-

176 1899 178 1901 ·
199 1910 262 1943 puta
282 1906 430 1932 natalicium
450 1911 499 1933 etc.
519 1906 549 1932 sr.
571 1908 628 1932 194.
649 1906 682 1933 (le
701 1905 733 1933 V.
748 1906 776 1933 S.
792 1909 834 1933 50.
856 1909 894 1933 16.

234 1949 393 1976 Natalis.
414 1949 543 1982 (Adiect)
580 1949 659 1975 Idem.
697 1949 716 1975 I.
733 1950 795 1984 Sy.
817 1950 879 1985 Quo
898 1955 975 1976 natus
995 1955 1044 1982 est,

200 1990 302 2018 Natalis
322 2001 401 2023 suus,
421 1992 486 2018 Dies
507 1991 609 2018 natalis.
633 1992 664 2018 fr.
683 1994 709 2018 3.
727 1993 749 2026 5.
768 1994 792 2018 3.
813 1992 845 2019 de
864 1994 957 2020 minor.
977 1995 1001 2019 4.
1020 1997 1044 2019 4.

201 2033 231 2060 fr.
251 2036 275 2060 5.
303 2035 355 2070 Qu.
380 2039 482 2061 testam.
507 2034 554 2060 sac.
580 2045 606 2072 p.
624 2036 666 2061 28.
688 2037 709 2061 1.
733 2034 764 2061 tr.
783 2036 824 2062 98.
848 2046 887 2073 pr.
912 2035 945 2062 de
964 2035 996 2062 V.
1017 2035 1044 2062 S.

199 2078 242 2103 50.
264 2078 303 2103 16.
344 2076 388 2103 Ill.
409 2078 475 2104 Gn.
500 2076 635 2103 Professio
659 2077 761 2104 nataliS.
788 2088 810 2104 c.
829 2079 853 2104 6.
878 2078 910 2104 de
933 2078 986 2104 fide
1010 2079 1046 2104 in-

201 2124 292 2146 strum.
312 2121 336 2145 4.
355 2121 397 2146 21.
435 2119 536 2146 Natalis
556 2119 627 2151 dies,
647 2125 691 2146 aut
710 2120 873 2158 epiphaniae.
893 2120 943 2147 Th.
964 2120 995 2148 C.
1014 2120 1045 2147 11.

201 2164 225 2187 8.
246 2171 266 2188 c.
285 2163 327 2188 24.
348 2172 387 2198 sq.
408 2161 513 2195 (ch.)
533 2162 565 2189 de
586 2162 666 2189 feriis,

236 2205 408 2231 Natatus.
443 2204 561 2238 (Subst.)
599 2207 747 2232 Natatio.
785 2206 828 2232 111.
849 2208 916 2234 Cn.
935 2207 963 2233 In
983 2206 1047 2233 inse-

202 2246 316 2272 rim-ibus
330 2247 449 2283 partibus
462 2248 603 2274 fluviorum
618 2265 647 2268 —
665 2258 746 2285 vagus
765 2254 869 2276 natatus
888 2249 1045 2276 animalium.
1067 2273 1068 2277 .

203 2287 254 2314 Th.
274 2287 305 2315 C.
326 2288 382 2316 Vll.
402 2292 424 2316 1.
445 2301 467 2317 c.
488 2292 529 2318 13.
548 2290 581 2317 de
600 2290 631 2317 R.
651 2290 684 2317 Μ.

237 2331 362 2358 Natio.
404 2335 507 2360 Genus
540 2335 726 2360 incolarum
759 2341 868 2361 certae
897 2337 1045 2362 alicuius

204 2375 363 2408 regioni&
399 2373 441 2400 111.
455 2376 521 2402 Un-
540 2376 627 2413 Prope
645 2376 770 2403 barbaras
783 2382 874 2413 gentes
888 2382 914 2404 et
926 2379 1046 2404 nationes

204 2415 341 2442 collocata.
361 2415 391 2442 fr.
406 2417 429 2442 1.
447 2417 468 2450 5.
483 2420 506 2444 5.
527 2418 559 2445 de
579 2419 677 2445 censib.
692 2421 733 2446 50.
749 2421 788 2446 15.
826 2419 863 2446 Vt
883 2425 908 2446 et
926 2421 1046 2446 nationes

204 2468 294 2485 eorum
315 2459 364 2491 (sc.
384 2461 542 2493 servoruum)
562 2467 587 2488 et
606 2467 713 2493 aetates,
733 2467 759 2488 et
779 2462 873 2494 officia,
893 2468 919 2489 et
938 2463 1046 2489 artificia

204 2500 357 2538 specialiter
376 2500 533 2529 deferantur.
553 2503 583 2530 fr.
603 2507 627 2531 4.
647 2506 669 2539 5.
688 2507 711 2532 5.
731 2505 766 2532 ib.
786 2507 827 2532 50.
849 2507 888 2532 15.
909 2505 940 2532 cf.
960 2505 991 2532 fr.
1004 2507 1048 2533 31.

204 2544 226 2577 5.
246 2545 288 2569 21.
313 2542 346 2569 de
365 2543 451 2570 Aedil.
472 2543 550 2571 edict.
567 2548 610 2573 21.
630 2550 652 2574 l.
689 2548 778 2574 Iudaei
801 2549 824 2574 si
848 2547 948 2574 alienae
966 2549 1048 2574 natio-

205 2587 246 2612 nis
267 2591 431 2622 comparatos
452 2596 544 2613 servos
559 2589 776 2617 circumciderint.
796 2590 868 2617 Paul.
883 2590 915 2617 V.
928 2592 971 2616 22.
990 2591 1012 2624 5.
1023 2592 1047 2617 4.

205 2628 286 2655 Multa
310 2628 392 2655 millia
416 2634 598 2656 extranearum
620 2633 761 2659 nationum.
790 2643 811 2660 c.
835 2635 859 2660 3.
884 2632 917 2659 de
942 2632 1047 2659 aleator.

205 2672 229 2697 3.
249 2672 290 2696 43.
729 2688 737 2691 -

240 2713 444 2740 Nativitas.
480 2715 599 2750 Origo,
621 2715 728 2743 Ortus.
764 2717 783 2744 I.
797 2719 859 2753 Sy.
878 2717 985 2745 Natura.
1005 2718 1047 2745 Cf.

206 2755 232 2782 h.
250 2765 276 2782 v.
295 2755 317 2789 5.
337 2757 361 2781 2.
399 2755 490 2792 Origo.
511 2756 540 2783 fr.
560 2758 584 2783 6.
604 2767 643 2794 pr.
664 2757 696 2784 ad
714 2761 809 2787 munic.
825 2763 866 2787 50.
887 2763 910 2787 1.
931 2771 952 2788 c.
971 2763 995 2788 2.
1016 2760 1048 2787 de

207 2797 264 2824 ord.
288 2797 408 2825 iudicior.
433 2799 458 2824 3.
482 2800 506 2825 8.
544 2799 642 2827 Genus.
668 2799 709 2827 Cf.
728 2801 754 2828 h.
773 2812 797 2829 v.
817 2804 839 2837 5.
859 2805 882 2830 l.
920 2803 963 2831 ΙΙΙ.
982 2805 1049 2832 Gn·

1067 2133 1069 2149 ι
1092 2125 1118 2147 et
1140 2119 1229 2157 posth.
1254 2121 1296 2146 28.
1320 2121 1344 2146 2.

1067 2162 1069 2166 ⁴
1093 2163 1198 2200 quidem
1218 2164 1306 2200 possit
1324 2162 1481 2188 naturalium
1500 2171 1595 2187 nomen
1614 2160 1718 2186 auferri.
1739 2159 1788 2186 Th.
1804 2158 1834 2186 C.
1855 2158 1897 2185 IV.
1912 2160 1934 2185 6.

1870 166 1931 196 611

1087 243 1247 280 Municipem
1275 248 1318 270 aut
1347 245 1470 270 nativitas
1499 244 1577 276 facit,
1606 249 1651 271 alit
1678 246 1862 277 manumissio,
1890 252 1934 274 aut

1087 285 1203 323 adoptio.
1229 285 1260 312 fr.
1282 287 1305 312 1.
1324 296 1363 323 pr.
1383 287 1414 313 ad
1435 288 1530 314 munic.
1550 289 1591 314 50.
1612 289 1635 314 1.
1656 287 1687 314 cf.
1714 287 1744 314 fr.
1764 290 1788 314 2.
1815 288 1836 322 5.
1855 290 1880 315 3.
1900 289 1933 315 de

1087 330 1142 355 suis
1162 333 1188 355 et
1207 328 1278 364 legit.
1291 330 1333 355 38.
1355 330 1395 355 16.
1432 329 1474 355 De
1494 331 1638 356 nativitatis
1657 330 1768 356 veritate
1782 347 1813 350 -
1833 333 1931 367 quaeri.

1087 381 1109 397 c.
1129 373 1153 397 2.
1173 371 1190 398 l.
1209 373 1233 398 3.
1254 371 1277 397 8.

1122 414 1294 441 Nativus.
1318 413 1449 447 (Adiect.)
1476 416 1524 441 Ad
1542 417 1753 442 nativitatem
1773 423 1932 450 spectans.

1087 457 1272 491 Ingenilzts.
1314 456 1333 482 1.
1357 458 1419 490 Sy.
1448 456 1498 483 Cui
1527 467 1596 483 nexu
1624 459 1758 493 sanguinis
1786 463 1933 491 teneantur,

1087 498 1180 525 Nativa
1201 499 1306 532 (curia.)
1327 498 1377 525 Th.
1393 499 1423 525 C.
1438 499 1494 525 XII.
1512 501 1533 525 1.
1554 510 1575 526 c.
1597 502 1653 526 122.
1674 500 1707 527 de
1725 500 1859 527 decurion.
1884 501 1934 528 Na-

1087 541 1180 568 turalis
1200 542 1308 575 (color.)
1329 540 1359 568 fr.
1379 543 1420 568 70.
1440 542 1522 575 5.12.
1543 542 1575 568 de
1595 542 1670 578 legat.
1690 543 1733 569 111.
1754 544 1821 577 (32.)

1122 586 1281 611 Natura.
1302 584 1333 617 §-
1349 585 1384 610 1.
1407 584 1491 611 Ordo
1511 595 1615 611 rerum
1635 588 1813 612 naturalis.
1839 585 1933 620 [Sy.

1087 626 1140 652 Res
1161 626 1295 653 humanae.
1315 626 1345 652 l'r.
1366 628 1389 652 7.
1409 625 1439 652 sr.
1458 628 1500 652 26.
1521 636 1560 663 pr.
1580 626 1612 653 de
1632 633 1702 654 statu
1722 628 1790 655 hom.
1812 630 1834 656 1.
1854 630 1878 654 5.
1905 628 1934 654 In

1087 674 1178 695 natura
1198 679 1265 695 esse.
1295 669 1480 706 Supervivere.
1501 668 1530 694 fr.
1552 670 1591 695 78.
1612 671 1634 703 5.
1656 673 1695 697 10.
1716 673 1745 697 ad
1766 670 1832 698 S.C.
1852 670 1933 697 Treb.

1064 722 1065 734 ³
1086 713 1127 738 36.
1154 714 1175 738 1.
1213 711 1242 738 In
1271 722 1358 738 rerum
1381 717 1472 737 natura
1496 721 1551 737 non
1575 722 1647 743 esse,
1672 723 1692 739 s.
1719 724 1778 740 esse
1802 714 1932 740 desinere.

1088 753 1202 780 Naturae
1222 754 1375 781 concedere.
1404 753 1571 780 lntercidere.
1599 754 1674 781 Mori.
1694 755 1725 781 fr.
1745 758 1786 782 50.
1806 766 1846 793 pr.
1866 756 1932 790 5.1.

1087 796 1120 822 de.
1144 796 1203 823 don.
1229 797 1276 823 int.
1296 796 1328 823 V.
1348 799 1390 823 24.
1413 799 1435 823 l.
1459 796 1490 822 sr.
1510 797 1552 822 84.
1576 797 1598 830 5.
1619 799 1641 824 7.
1666 798 1699 824 dc
1721 798 1796 834 legat.
1817 799 1834 824 1.
1855 799 1933 831 (30.)

1088 849 1109 864 c.
1124 840 1146 864 1.
1167 848 1206 875 sq.
1227 839 1258 865 ad
1278 839 1344 866 S.C.
1360 839 1432 866 Tert.
1446 841 1470 866 6.
1490 840 1531 865 56.
1569 839 1610 865 111.
1630 841 1695 867 Gn.
1716 840 1766 867 Per
1785 851 1872 867 rerum
1891 851 1935 867 na·

1087 885 1171 907 turam
1190 881 1313 913 (admitti,
1332 892 1355 908 v.
1371 887 1470 908 certum
1484 892 1544 908 esse
1559 883 1620 914 etc.)
1641 882 1713 909 Paul.
1727 883 1770 909 111.
1790 884 1853 909 413.
1873 884 1934 917 5.1.

1087 923 1117 950 sr.
1141 925 1183 949 28.
1208 924 1229 957 5.
1254 927 1278 950 5.
1303 925 1335 950 de
1360 925 1436 951 iudic.
1463 927 1487 951 5.
1514 926 1536 950 l.
1563 924 1593 951 sx'.
1619 927 1659 952 73.
1684 925 1717 952 de
1737 925 1768 952 V.
1789 925 1821 952 0.
1847 928 1888 952 45.
1910 928 1932 952 l.

1087 966 1143 992 Nec
1162 977 1249 993 rerum
1268 972 1386 993 naturam
1405 967 1565 999 intuendam,
1585 969 1611 993 in
1632 978 1682 1005 qua
1701 969 1787 995 omnia
1805 973 1875 995 certa
1896 978 1934 995 es-

1064 1041 1065 1049 *
1087 1014 1155 1036 sent.
1180 1009 1211 1036 t'r.
1231 1011 1273 1036 28.
1293 1010 1314 1043 5.
1336 1012 1359 1035 5.
1379 1010 1396 1036 l.
1416 1013 1439 1036 5.
1461 1011 1483 1036 Ι.
1520 1009 1645 1036 Habitum
1668 1012 1796 1047 cuiusque
1814 1012 1935 1048 corporis

1064 1083 1066 1086 ἱ
1088 1057 1178 1079 contra
1199 1057 1325 1083 naturam,
1345 1052 1482 1085 (morbum
1502 1053 1586 1085 esse.)
1611 1052 1641 1079 fr.
1663 1055 1684 1079 1.
1710 1054 1731 1086 ᾗ.
1752 1055 1774 1079 7.
1796 1053 1828 1080 de
1846 1053 1934 1080 Aedil.

1089 1095 1166 1121 edict.
1186 1097 1227 1121 21.
1250 1097 1272 1121 l.
1296 1094 1326 1121 sr.
1346 1096 1388 1121 60.
1409 1094 1441 1120 de
1460 1104 1488 1121 re
1508 1095 1560 1121 iud.
1580 1097 1621 1121 42.
1642 1097 1664 1121 1.
1690 1095 1720 1122 fr.
1739 1097 1781 1122 38.
1802 1096 1834 1123 dc
1854 1095 1886 1123 V.
1906 1096 1934 1122 S.

1088 1140 1129 1163 50.
1147 1139 1186 1164 16.
1224 1138 1253 1164 Si
1272 1137 1307 1169 id,
1327 1137 1411 1173 (quod
1431 1138 1457 1163 in
1478 1137 1671 1164 consessionem
1691 1139 1785 1171 venit‚)
1805 1143 1831 1164 et
1850 1139 1890 1165 ius
1910 1143 1936 1165 et

1065 1211 1066 1216 1
1089 1185 1179 1206 natura
1199 1181 1317 1217 recipere
1337 1185 1434 1217 potest.
1460 1180 1490 1206 fr.
1513 1181 1552 1206 14.
1575 1180 1597 1213 5.
1620 1182 1641 1206 l.
1662 1180 1694 1206 de
1714 1182 1804 1207 interr.
1824 1182 1850 1207 in
1870 1182 1934 1208 iure.

1091 1225 1129 1249 11.
1152 1225 1173 1249 1.
1200 1223 1231 1249 cf.
1261 1223 1291 1250 sr.
1310 1225 1334 1249 3.
1361 1224 1383 1257 5.
1403 1225 1427 1249 5.
1453 1222 1486 1249 de
1509 1222 1541 1248 A.
1566 1232 1590 1248 v.
1610 1223 1641 1248 A.
1663 1222 1690 1249 P.
1715 1225 1755 1250 41.
1780 1226 1805 1249 2.
1842 1222 1936 1259 Neque

1089 1267 1156 1293 enim
1176 1276 1263 1292 rerum
1282 1271 1373 1293 natura
1393 1266 1496 1303 recipit,
1516 1270 1545 1291 ut
1564 1270 1613 1291 etc.
1634 1265 1664 1291 fr.
1684 1267 1726 1292 23.
1746 1267 1769 1300 5
1787 1268 1811 1292 2.
1837 1266 1872 1292 ib.
1892 1267 1934 1292 41.

1087 1311 1112 1335 2.
1132 1308 1163 1335 cf.
1184 1308 1214 1335 fr.
1234 1311 1258 1335 4.
1279 1319 1319 1346 pr.
1340 1308 1372 1336 de
1391 1308 1461 1345 grad.
1483 1313 1508 1334 et
1527 1307 1605 1334 adtin.
1620 1309 1662 1334 313.
1678 1310 1718 1335 10.
1747 1308 1823 1343 Quae
1842 1313 1935 1334 natura

1088 1351 1263 1389 impossibilis
1283 1357 1325 1378 est:
1343 1351 1497 1385 (conditio.)
1520 1350 1550 1377 fr.
1572 1352 1629 1377 137.
1650 1351 1671 1384 5.
1691 1352 1715 1377 6.
1736 1350 1769 1377 dc
1788 1350 1819 1376 V.
1841 1350 1874 1377 O.
1893 1352 1935 1376 45.

1089 1397 1111 1421 1.
1149 1395 1215 1421 Cum
1240 1404 1332 1421 omnes
1357 1394 1457 1421 fructus
1482 1404 1569 1420 rerum
1591 1398 1682 1420 natura
1702 1393 1835 1419 hominum
1855 1394 1937 1430 gratia

1088 1438 1286 1475 comparaverit.
1308 1437 1338 1463 fr.
1357 1439 1399 1464 28.
1425 1437 1491 1470 5.1.
1512 1436 1545 1463 de
1564 1446 1636 1463 usur.
1655 1438 1697 1462 22.
1718 1438 1741 1462 l.
1778 1435 1846 1467 Res,
1870 1446 1937 1472 quae

1088 1482 1113 1507 in
1133 1490 1220 1507 rerum
1240 1484 1331 1506 natura
1350 1489 1403 1505 non
1423 1484 1477 1510 est,
1497 1480 1519 1504 si
1539 1479 1618 1505 modo
1639 1478 1724 1505 futura
1744 1483 1786 1504 est
1804 1484 1852 1505 etc.
1878 1478 1936 1505 Gai.

1088 1523 1119 1549 11.
1138 1524 1198 1549 203.
1241 1522 1350 1549 Certum
1375 1532 1486 1559 corpus,
1510 1521 1581 1557 quod
1606 1522 1632 1547 in
1657 1531 1743 1547 rerum
1767 1526 1859 1547 natura
1883 1531 1936 1547 non

1089 1567 1131 1593 sit.
1151 1565 1181 1592 fr.
1203 1567 1261 1591 108.
1287 1565 1370 1599 510.
1390 1565 1423 1591 de
1443 1565 1519 1600 legat.
1538 1564 1556 1590 I.
1579 1564 1657 1597 (30.)
1695 1563 1776 1598 Quod
1799 1565 1826 1590 in
1849 1574 1936 1590 rerum

1089 1614 1179 1635 natura
1205 1608 1291 1634 adhuc
1310 1618 1363 1634 non
1382 1609 1424 1633 sit.
1450 1623 1481 1626 —
1507 1606 1711 1642 Quodammodo
1736 1607 1762 1632 iu
1786 1616 1872 1633 rerum
1894 1617 1936 1634 na-

1089 1657 1146 1678 tura
1167 1661 1226 1677 esse
1246 1651 1398 1677 existimari.
1419 1650 1449 1676 t'r.
1468 1652 1510 1676 24.
1531 1660 1570 1686 pr.
1591 1650 1626 1676 ib.
1647 1650 1713 1683 (30.)
1734 1648 1764 1675 sr.
1785 1651 1808 1675 7.
1828 1649 1861 1675 de
1880 1650 1936 1676 suis

1090 1700 1116 1721 et
1134 1694 1205 1730 legit.
1219 1694 1261 1720 38.
1283 1694 1322 1719 16.
1360 1692 1390 1719 Si
1409 1693 1435 1718 in
1455 1703 1541 1719 rerum
1562 1697 1652 1718 natura
1673 1701 1726 1717 non
1745 1691 1848 1723 fuisset,
1869 1696 1895 1718 et
1913 1692 1936 1718 si

1090 1739 1140 1764 iam
1159 1747 1172 1762 a
1192 1741 1283 1762 natura
1302 1736 1420 1762 recessit.
1440 1735 1471 1761 fr.
1484 1737 1509 1762 3.
1530 1735 1562 1761 de
1582 1734 1696 1761 consess
1710 1736 1751 1760 42,
1766 1737 1789 1760 2.
1806 1750 1838 1754 -—-
1857 1735 1889 1767 ἓ.
1900 1735 1937 1761 2·

1090 1781 1285 1806 Procreatio
1304 1780 1480 1804 naturalis.
1518 1777 1535 1804 I.
1556 1779 1619 1811 sy.
1639 1777 1777 1803 Nativitas.
1802 1776 1832 1803 sr.
1854 1779 1876 1803 l.
1896 1786 1936 1814 pr.

1090 1822 1121 1849 sr.
1141 1823 1165 1848 6.
1185 1831 1225 1858 pr.
1250 1820 1282 1847 ad
1302 1821 1396 1847 munic.
1416 1822 1458 1846 50.
1480 1822 1502 1846 1.
1540 1819 1570 1846 II.
1591 1822 1658 1853 Op.
1682 1820 1737 1846 Aut
1761 1824 1866 1851 natura,
1894 1824 1937 1845 aut

1090 1866 1146 1891 iure
1165 1863 1318 1896 (subiectae
1337 1866 1491 1900 personae.)
1516 1862 1547 1889 sr.
1568 1864 1626 1888 195.
1650 1863 1673 1896 5.
1692 1864 1717 1888 2.
1743 1862 1776 1888 de
1795 1861 1826 1888 V.
1847 1861 1875 1887 S.
1895 1863 1936 1887 50.

1092 1909 1131 1934 16.
1160 1906 1286 1943 Adoptio.
1306 1906 1371 1932 l'r.1.
1392 1915 1431 1942 pr.
1452 1905 1482 1931 t'r.
1504 1906 1543 1931 16.
1564 1905 1597 1931 de
1616 1904 1705 1941 adopt.
1724 1906 1745 1930 1.
1760 1906 1783 1930 7.
1812 1903 1855 1930 Ill.
1870 1904 1937 1931 Cn.

1090 1949 1151 1976 Non
1170 1954 1260 1976 natura
1280 1949 1436 1985 pervenire,
1457 1948 1505 1974 sed
1524 1949 1580 1974 iure
1599 1948 1708 1984 percipi.
1733 1946 1764 1973 sr.
1784 1948 1825 1973 62.
1845 1956 1885 1983 pr.
1905 1945 1937 1972 de

1089 1993 1120 2020 R.
1135 1992 1167 2019 V.
1181 1994 1205 2019 6.
1222 1993 1243 2018 1.
1263 1991 1381 2028 Adoptio
1402 1996 1519 2017 naturam
1539 1992 1662 2017 imitatur.
1683 1990 1705 2024 5.
1719 1991 1743 2016 4.
1763 1989 1781 2015 1.
1802 1988 1835 2015 de
1848 1988 1936 2025 adopt.

1091 2037 1114 2062 1.
1135 2037 1175 2061 ll.
1212 2034 1357 2060 Veritatem
1381 2029 1488 2060 naturae
1514 2043 1566 2059 non
1586 2034 1698 2070 peremit
1717 2031 1864 2065 (adsumtio
1888 2032 1937 2057 ori-

1090 2078 1180 2114 ginis.)
1200 2076 1231 2104 sr.
1251 2078 1275 2103 6.
1295 2086 1334 2114 pr.
1355 2076 1387 2102 ad
1406 2077 1501 2102 munic.
1515 2078 1557 2102 50.
1575 2079 1594 2102 1.
1615 2076 1646 2102 cf.
1667 2076 1698 2102 fr.
1717 2077 1759 2101 23.
1779 2084 1818 2111 pr.
1839 2073 1871 2100 de
1890 2073 1936 2100 lib.

1387 2119 1516 2155 Quamvis
1544 2129 1592 2156 per
1618 2119 1670 2144 vim
1696 2122 1802 2144 naturae
1827 2127 1860 2143 ne
1882 2116 1937 2143 illis

1093 2217 1114 2233 c.
1135 2208 1158 2233 7.
1179 2205 1293 2239 (ch.)
1318 2205 1350 2232 de
1369 2210 1453 2231 natur.
1473 2204 1509 2230 fil.
1536 2220 1565 2224 —
1598 2203 1629 2236 ξ.
1646 2204 1732 2229 ΕΗΔ.
1756 2203 1935 2237 Progenies

1091 2249 1261 2283 (naturalium
1280 2248 1445 2278 liberorum.)
1465 2248 1639 2280 prosapia.
1675 2245 1693 2271 Ι.
1713 2246 1774 2279 Sy.
1794 2243 1935 2274 Naturalis,

1067 2282 1069 2319 i
1091 2292 1231 2329 Legitima,
1257 2292 1401 2317 successio.
1431 2290 1467 2316 lb.
1486 2289 1543 2315 XII.
1565 2291 1586 2314 1.
1613 2298 1634 2314 c.
1657 2289 1713 2314 123.
1738 2288 1775 2321 55
1795 2289 1818 2312 5.
1839 2296 1878 2322 sq.
1903 2285 1936 2311 de

1091 2335 1226 2362 decurion.
1245 2333 1316 2360 XVI.
1340 2335 1364 2359 5.
1390 2343 1410 2359 c.
1430 2334 1453 2358 9.
1474 2341 1513 2369 pr.
1539 2331 1571 2357 de
1595 2330 1692 2357 haeret.
1730 2329 1773 2355 111.
1795 2329 1860 2355 οη.
1888 2327 1937 2354 Su—

1090 2379 1217 2415 perstites
1231 2392 1263 2396 ——
1279 2376 1357 2407 filiae,
1377 2373 1555 2401 masculorum
1574 2378 1665 2400 natura
1685 2372 1789 2398 minime
1808 2375 1936 2396 exstante.

1090 2420 1128 2447 lb.
1148 2419 1191 2446 VI.
1211 2422 1235 2446 4.
1261 2429 1282 2445 c.
1304 2420 1344 2444 17.
1369 2417 1401 2443 de
1420 2416 1506 2443 Praet.
1532 2421 1558 2442 et
1580 2416 1630 2451 Qu.
1668 2413 1741 2440 Nihil
1764 2414 1879 2439 moriens
1898 2423 1936 2439 re-

1091 2463 1194 2499 linquat
1211 2461 1335 2497 indignis,
1356 2460 1440 2486 omnia
1455 2475 1487 2479 -—
1507 2463 1614 2485 naturae
1633 2458 1762 2487 restituat,
1783 2460 1827 2481 aut
1845 2456 1935 2492 proxi-

1091 2507 1140 2532 mis
1161 2510 1210 2531 etc.
1229 2504 1266 2530 lb.
1286 2502 1357 2530 XVI.
1377 2504 1401 2529 5.
1422 2512 1443 2528 c.
1464 2503 1487 2529 9.
1507 2512 1546 2538 pr.
1567 2500 1583 2526 l.
1611 2515 1643 2519 —
1672 2500 1702 2531 §-
1726 2499 1763 2524 3.
1791 2499 1935 2529 Indoles,

1093 2549 1247 2575 Conditio
1267 2547 1450 2577 naturalis,
1470 2545 1648 2579 Ingenium.
1686 2540 1704 2566 Ι.
1719 2541 1780 2573 Sy.
1800 2539 1936 2566 conditio.

1092 2590 1135 2617 Cf.
1149 2590 1173 2616 1ι.
1188 2599 1212 2615 v.
1233 2589 1255 2623 5.
1271 2590 1294 2615 1.
1317 2587 1444 2615 Eiusdem
1463 2587 1574 2622 generis,
1593 2582 1719 2610 Eiusdem
1738 2586 1845 2608 naturae
1858 2582 1937 2615 (res.)

1069 2634 1070 2637 ’
1093 2633 1150 2659 Gai.
1169 2631 1212 2658 111.
1238 2632 1280 2658 90.
1304 2630 1348 2657 IV.
1373 2632 1414 2657 66.
1457 2629 1485 2655 Si
1509 2638 1555 2654 sua
1580 2631 1671 2652 natura
1695 2634 1738 2651 res
1764 2624 1935 2651 interciderit.

1093 2673 1228 2701 Naturalis
1246 2674 1377 2700 interitus
1398 2673 1428 2699 fr.
1449 2673 1489 2698 14.
1509 2671 1529 2704 5.
1551 2671 1573 2695 1.
1594 2669 1686 2705 depos.
1706 2668 1746 2693 16.
1759 2668 1784 2693 3.
1811 2666 1856 2693 111.
1868 2668 1935 2694 οη.

1070 2727 1071 2730 ¹
1092 2718 1157 2744 Eius
1176 2716 1378 2752 magnitudinis,
1402 2719 1446 2741 aut
1470 2717 1577 2740 naturae.
1601 2720 1675 2743 esse,
1695 2714 1724 2736 ut
1742 2714 1791 2736 etc.
1816 2709 1873 2736 Gai.
1892 2708 1934 2734 111.

1094 2761 1152 2786 193.
1190 2759 1245 2795 Qui
1265 2759 1319 2792 (sc.
1340 2757 1434 2789 casus)
1454 2760 1550 2782 certam
1570 2753 1668 2780 habent
1687 2753 1869 2789 quantitatem,
1893 2749 1935 2776 vel

1094 2807 1220 2829 naturam.
1245 2811 1267 2828 c.
1288 2802 1311 2827 1.
1337 2800 1370 2826 de
1393 2803 1460 2826 sent.
1485 2808 1528 2834 qu.
1547 2806 1596 2834 pro
1621 2806 1652 2823 eo
1671 2805 1714 2833 qu.
1734 2796 1780 2822 int.
1800 2796 1823 2820 7.
1842 2794 1883 2819 47.
1903 2791 1933 2818 cf.

1435 2842 1490 2868 77*
