2197 3121
1020 173 1118 205 COE.

204 261 234 288 II.
253 262 311 287 212.
350 260 392 286 111.
413 260 478 287 οη.
502 258 582 294 Magis
602 257 723 294 coepisse
742 260 927 282 testamentum
947 255 1041 287 facere,

204 314 280 341 quam
301 303 403 330 secisse.
432 302 462 329 fr.
481 304 523 328 25.
551 301 602 336 Qu.
622 304 683 326 test.
704 298 750 325 sac.
771 310 797 336 p.
816 300 858 325 28.
880 300 902 325 1.
939 298 1042 324 Primus

203 347 237 373 D.
257 346 391 382 Augustus
411 361 443 365 —-
464 344 614 371 constituit.
635 359 666 361 —
686 347 713 368 et
733 353 765 368 ex
784 341 830 368 illo
850 346 968 378 tempore
987 342 1043 378 peti

203 389 254 415 hoe
272 399 320 426 pro
340 389 469 415 beneficio
494 387 588 423 coepit.
620 385 649 411 fr.
669 387 693 411 2.
718 385 739 418 3.
759 386 800 411 47.
827 384 859 410 (19
879 384 911 410 Ο.
932 384 950 410 Ι.
978 387 998 410 1.
1018 386 1042 410 2.

203 432 310 458 Diutina
334 432 485 469 possessio,
516 439 581 466 quae
610 428 738 465 prodesse
764 432 886 463 coeperat
910 427 1042 455 defuncto.

204 480 229 501 et
248 474 338 501 heredi
358 479 384 500 et
404 474 533 500 bonorum
551 472 701 509 possessori
721 471 894 497 continuatur.
921 470 943 503 3.
965 472 1004 495 l2.
1023 469 1041 495 Ι.

203 517 236 544 de
260 527 332 544 usuc.
357 519 381 543 2.
402 518 426 543 6.
472 514 626 551 Quomodo.
659 524 717 540 cum
740 512 821 539 semel
848 513 964 549 coeperit
988 513 1041 545 (sc.

202 561 298 593 actio).
318 559 385 586 nuda
404 559 539 585 voluntate
559 557 684 584 tolletur?
714 555 744 582 sr.
763 557 787 582 9.
812 555 844 581 de
864 554 895 581 N.
916 554 947 581 G.
972 556 996 581 3.
1017 557 1040 581 5.

203 602 231 629 Si
251 604 370 629 vicenum
390 611 489 628 merces
509 601 619 627 duorum
638 600 750 631 suerunt,
770 603 795 625 et
814 598 921 624 alterius
936 598 1041 635 adsper-

202 646 260 681 gine
278 645 311 671 X.
332 655 391 672 esse
415 649 566 681 coeperunt.
596 644 626 670 fr.
646 645 670 669 4.
694 642 716 675 3.
735 644 759 667 2.
785 641 816 668 de
836 640 865 667 L.
886 640 972 667 Rhod.
998 642 1039 666 14.

201 690 226 714 2.
263 687 339 714 Licet
359 689 487 714 interesse
507 687 597 719 desiit.
616 685 658 712 vel
678 685 785 711 minoris
805 683 847 710 vel
865 683 949 720 pluris
964 684 1041 709 inter-

202 740 262 757 esse
287 731 382 767 coepit.
416 730 446 756 fr.
466 733 490 756 8.
516 730 538 763 3.
560 731 581 755 l.
608 728 640 755 de
664 727 773 754 edendo.
797 729 821 753 2.
848 729 887 753 13.
930 726 959 752 Si
984 727 1041 752 siue

202 783 279 799 causa
294 774 453 810 promiserit.
474 773 589 809 coeperit
603 776 687 797 tamen
702 769 793 796 facere.
814 769 844 796 fr.
856 771 878 795 l.
893 769 930 803 33.
944 772 968 795 2.
982 779 1040 806 sqq.

202 815 232 842 sr.
252 817 275 842 6.
296 817 317 849 3.
340 818 362 842 1.
384 816 416 842 de
436 815 546 853 pollicit.
568 817 608 840 50.
630 815 669 839 12.
706 813 799 839 Donec
819 813 902 843 vivat,
923 817 948 839 et
967 813 992 838 in
1013 823 1040 838 ea

201 868 279 884 causa
298 868 358 885 esse
377 859 507 895 coeperit.
528 862 556 884 ut
575 861 623 883 etc.
654 856 684 882 l'r.
704 858 727 882 7.
752 855 785 882 (19
803 855 834 881 A.
854 856 883 882 E.
904 855 935 882 V.
957 856 996 881 19.
1018 857 1040 881 1.

201 900 296 927 Postea
319 911 382 927 vero
405 912 453 938 per
476 901 558 937 legem
583 899 681 925 Iuniam
705 908 751 925 eos
774 908 865 925 omnes
890 915 922 918 ——
941 898 1040 924 liberos

201 953 260 970 esse
289 946 423 981 coepisse,
455 949 480 970 et
510 941 655 979 adpellatos
686 952 744 967 esse
771 940 881 967 Latinos
909 941 1039 967 Iunianos.

202 986 259 1013 Gai.
284 987 326 1013 ΙΙΙ.
352 989 392 1013 56.
436 986 563 1022 Quamvis
587 995 635 1022 per
658 984 826 1021 adoptionem
851 989 988 1021 parentum
1012 983 1040 1010 li-

201 1029 357 1056 berorumve
377 1029 435 1055 loco
455 1029 506 1055 sibi
526 1038 584 1054 esse
605 1028 747 1064 coeperint.
779 1026 816 1053 lb.
831 1027 849 1053 Ι.
868 1029 909 1054 59.
929 1027 960 1053 cs.
980 1028 1021 1053 61.

241 1072 434 1105 coeptum.
480 1071 605 1105 (Subst.)
654 1072 834 1097 Admissum
849 1091 855 1102 ‚

200 1114 243 1140 111.
265 1116 329 1142 Cn.
364 1114 493 1151 Quisquis
518 1113 618 1150 aliquid
641 1113 692 1139 tale
715 1118 866 1150 perpetrare
891 1113 1038 1142 tentaverit.

198 1156 312 1193 improbi
338 1158 425 1194 coepti
449 1157 568 1194 privetur
592 1156 695 1183 effectu.
727 1156 776 1183 Th.
797 1155 828 1183 C.
848 1156 891 1182 VI.
911 1157 952 1182 29.
974 1166 995 1182 c.
1013 1158 1037 1182 2.

198 1199 220 1232 3.
240 1201 264 1225 2.
285 1199 317 1225 de
337 1201 432 1226 curios.

233 1243 407 1275 Coeptus.
428 1242 547 1276 (l'artic.)
568 1244 753 1269 Inchoatns.
774 1241 793 1268 1.
807 1243 868 1276 Sy.
888 1241 1037 1278 Incoeptus.

196 1284 234 1311 Ib.
254 1284 285 1311 H.
305 1286 347 1311 24.
368 1295 389 1311 c.
410 1286 433 1311 1.
460 1284 537 1310 famil.
558 1286 648 1312 ercisc.
685 1284 833 1311 Inchoatus.
866 1284 897 1311 fr.
919 1286 958 1310 12.
985 1284 1036 1320 Qu.

197 1338 230 1354 ex
250 1338 271 1354 c.
291 1329 349 1354 mai.
370 1329 394 1354 4.
413 1329 437 1353 6.
460 1327 491 1353 fr.
511 1328 535 1353 8.
564 1327 596 1354 de
615 1338 683 1354 mun.
704 1332 730 1354 et
748 1327 809 1354 hon.
833 1330 875 1354 50.
895 1329 918 1353 4.
962 1326 1037 1362 Quae.

196 1370 297 1397 nullum
317 1371 439 1397 effectum
458 1370 556 1396 habuit.
595 1370 696 1407 Coepta
716 1370 853 1403 (iniuria).
876 1369 906 1396 sr.
927 1372 950 1396 1.
970 1371 991 1404 3.
1011 1372 1035 1396 2.

174 1436 177 1439 .
197 1414 248 1449 Qu.
270 1415 356 1450 quisq.
377 1415 425 1440 iur.
444 1415 468 1439 2.
487 1415 512 1439 2.
549 1413 579 1439 H.
601 1415 668 1447 Op.
695 1413 806 1443 Plenus.
832 1413 958 1450 Impletus
978 1413 1036 1445 (an-

196 1458 273 1487 nus).
305 1456 335 1483 sr.
356 1458 380 1483 8.
406 1456 438 1482 de
457 1466 526 1482 mun.
547 1461 571 1482 et
591 1456 652 1482 hon.
677 1458 718 1482 50.
737 1458 761 1483 4.
798 1456 910 1483 Perfecti
931 1455 1035 1482 collecti

197 1498 341 1532 (fructus).
362 1515 394 1518 —
418 1498 514 1536 Coepti
534 1500 569 1525 ita
588 1501 688 1536 percipi
708 1505 756 1526 etc.
788 1498 818 1525 fr.
839 1500 879 1525 78.
900 1499 932 1525 de
951 1498 982 1525 R.
1002 1498 1034 1524 V.

196 1542 219 1567 6.
242 1543 264 1567 l.
303 1542 420 1578 Coeptae
439 1558 472 1561 —
491 1541 625 1569 Pei-fectae
645 1544 807 1580 (scripturae
827 1542 903 1573 eto).
935 1541 984 1568 Th.
1003 1540 1034 1568 C.

195 1583 226 1610 II.
245 1586 287 1611 24.
309 1595 329 1611 c.
350 1587 372 1611 1.
393 1584 470 1611 famil.
492 1586 582 1612 ercisc.
625 1585 756 1623 Coeptum
780 1586 906 1617 retinere,
930 1595 954 1611 v.
978 1594 1036 1621 per-

196 1627 282 1653 ficere.
302 1643 335 1646 —-
354 1626 457 1653 “Novum
476 1627 598 1654 inchoare
618 1633 667 1654 etc.
699 1628 728 1655 sr.
749 1630 790 1654 42.
817 1628 838 1661 3.
860 1630 882 1654 l.
908 1627 940 1654 de
960 1628 991 1654 A.
1010 1638 1034 1653 v.

198 1669 230 1711 Q.
250 1669 281 1696 H.
299 1671 342 1696 29.
361 1672 384 1696 2.
405 1670 435 1696 fr.
458 1673 479 1696 l.
499 1671 521 1704 3.
541 1673 565 1697 5.
585 1671 617 1697 de
635 1671 733 1708 postul.
753 1673 777 1697 3.
798 1672 820 1696 1.
858 1670 902 1696 llI.
917 1672 982 1698 Cn.
1001 1670 1035 1696 Et

197 1713 220 1737 si
240 1722 291 1738 non
311 1714 345 1738 sit
364 1714 444 1750 petita
458 1713 488 1739 B.
502 1713 540 1743 P..
559 1715 609 1740 iam
628 1719 713 1740 tamen
733 1718 825 1750 coepta
845 1714 1034 1745 controversia,

199 1754 240 1779 vel
255 1760 413 1791 praeparata.
434 1756 463 1782 sr.
478 1757 501 1782 6.
516 1756 537 1789 3.
551 1759 575 1782 2.
596 1757 628 1783 de
641 1757 713 1783 inoff.
727 1761 829 1782 testam.
850 1758 873 1782 5.
887 1758 912 1782 2.
940 1756 1034 1782 Vtrum

196 1796 227 1822 ab
248 1798 335 1829 initio,
354 1808 386 1827 au
406 1803 498 1834 coepta
517 1799 566 1825 iam
586 1799 639 1826 lite.
666 1810 687 1826 c.
706 1801 747 1825 20.
768 1799 800 1825 de
819 1809 922 1835 procur.
948 1801 972 1824 2.
994 1800 1034 1825 13.

196 1839 226 1865 sr.
247 1841 287 1866 49.
308 1851 346 1877 pr.
367 1841 399 1867 de.
418 1841 496 1866 iudic.
516 1843 539 1867 5.
555 1844 576 1868 l.
609 1842 713 1877 Quodsi
727 1841 897 1868 criminaliter
912 1846 1034 1877 coeptum

196 1882 345 1915 (iudicium)
364 1884 512 1909 interventu
531 1884 706 1919 indulgentiae
726 1885 841 1921 sopitum
855 1889 902 1910 est.
924 1894 944 1909 c.
959 1886 982 1909 9.
1003 1883 1033 1909 ad

195 1924 225 1950 L.
247 1924 308 1951 Cor.
330 1925 361 1951 de
381 1925 437 1951 sals.
458 1927 481 1951 9.
495 1928 536 1952 22.
574 1926 661 1963 Opera
676 1927 782 1963 publica
802 1932 893 1963 coepta
914 1936 1035 1952 consum-

194 1977 272 1994 mare.
293 1968 323 1994 fr.
345 1970 367 1994 7.
388 1968 410 2001 3.
432 1970 454 1994 1.
475 1968 506 1994 de
525 1968 569 1994 oss.
589 1968 663 1995 Proc.
685 1974 710 1995 et
728 1969 789 2006 Leg.
811 1972 832 1996 l.
855 1971 894 1996 16.

230 2010 426 2037 (θὸΐοθΐθ.
463 2012 494 2044 §.
515 2012 548 2037 1.
579 2013 769 2043 Continere,
797 2014 977 2039 Ine-ludere.
1014 2012 1033 2038 Ι.

195 2052 258 2086 Sy.
296 2052 486 2090 Compescere.
512 2053 707 2081 Circumcidere
728 2056 843 2088 (ramos,
864 2065 884 2081 s.
905 2055 1033 2081 luxuriem

194 2098 348 2128 ramorum).
381 2096 451 2123 Paul.
472 2096 489 2122 Ι.
509 2098 533 2122 6.
558 2097 579 2130 3.
601 2098 640 2123 13.
665 2096 694 2123 fr.
717 2100 738 2123 1.
759 2098 796 2132 33.
817 2100 839 2124 7.
860 2108 918 2134 sqq.
945 2098 977 2124 de
996 2108 1034 2124 ar-
1054 2116 1055 2137 3

1054 2148 1056 2151 ’
1077 2140 1142 2177 Mag.
1162 2141 1205 2166 off.
1225 2140 1295 2166 XVI.
1316 2142 1340 2165 5.
1361 2149 1382 2165 c.
1402 2140 1426 2164 3.
1447 2148 1486 2175 sq.
1507 2149 1528 2164 c.
1550 2139 1649 2178 1⁴·.⁵‘['
1670 2138 1702 2165 de
1721 2139 1842 2166 haeretic.
1874 2138 1915 2165 111.

194 2137 250 2165 bor.
271 2139 342 2165 caed.
362 2142 402 2165 43.
423 2141 464 2165 27.
502 2138 612 2175 Cogere,
633 2139 776 2167 Continere
796 2141 930 2177 (aquam).
956 2141 987 2167 sr.
1010 2143 1031 2167 l.

195 2181 216 2213 3.
236 2183 260 2207 4.
280 2186 308 2208 ut
327 2183 353 2208 in
373 2182 443 2209 ilum.
463 2182 524 2219 pub.
544 2183 585 2208 43.
607 2184 646 2209 14.
666 2182 695 2209 fr.
717 2185 739 2209 1.
759 2184 781 2217 3.
795 2185 818 2210 9.
840 2184 872 2210 de
891 2184 970 2211 fonte.
991 2186 1031 2210 43.

194 2225 236 2248 22.
256 2223 286 2250 fr.
298 2225 388 2259 1.§.,4.
409 2225 438 2251 fr.
453 2227 476 2251 ·3.
491 2236 529 2262 pr.
551 2225 583 2251 de
602 2227 649 2251 riv.
669 2227 710 2252 43.
727 2228 769 2252 21.
807 2226 837 2252 11.
853 2228 920 2261 Op.
939 2227 1032 2253 Donec

195 2270 283 2292 nostra
303 2267 420 2294 custodia
440 2272 600 2295 coerceatur.
620 2284 653 2287 —
673 2268 740 2295 Cum
759 2270 872 2295 evaserit
886 2270 1031 2296 custodiam

195 2313 320 2335 nostram.
351 2310 406 2336 Gai.
426 2310 456 2337 ΙΙ.
477 2312 517 2337 67.
546 2311 577 2337 fr.
597 2312 621 2337 3.
641 2311 663 2344 3.
683 2313 707 2337 2.
732 2311 765 2337 de
783 2311 814 2338 A.
835 2311 865 2338 R.
886 2312 919 2339 D.
945 2314 986 2339 41.
1008 2315 1031 2339 1.

196 2351 238 2377 Ill.
260 2353 324 2378 οη.
361 2353 507 2388 Quominus
537 2353 635 2380 sontem
663 2370 694 2373 —
719 2364 827 2391 purges,
855 2356 972 2387 reficias,
1005 2361 1032 2382 ut

196 2404 287 2430 aquam
313 2398 433 2422 coercere
456 2398 546 2433 utique
569 2407 598 2423 ea
621 2398 718 2434 possis.
752 2397 781 2423 sr.
803 2399 825 2423 l.
850 2398 886 2431 33.
906 2399 929 2423 6.
950 2399 973 2424 8.
999 2398 1032 2424 de

195 2436 267 2462 fonte
286 2439 326 2463 43.
345 2439 387 2464 22.
422 2438 477 2465 Hae
495 2439 601 2466 arbores
622 2439 748 2475 colligunt
767 2449 872 2476 aggeres
891 2440 1031 2473 Niloticos.

195 2490 242 2516 per
261 2490 327 2515 quos
351 2482 507 2507 incrementa
526 2482 579 2508 Nili
604 2482 791 2519 dispensantur
817 2488 841 2509 et
868 2487 1030 2513 coi‘rcentur.

195 2528 220 2548 et
240 2522 431 2549 deminutiones
450 2534 529 2560 aeque
543 2528 705 2552 cotircentur.
726 2525 756 2552 sr.
773 2528 811 2552 10.
832 2525 864 2552 de
879 2530 944 2551 extr.
959 2527 1029 2552 crim.

194 2567 235 2591 47.
258 2568 296 2592 ll.
334 2566 367 2592 Et
386 2566 490 2603 publica
508 2567 606 2594 utilitas
627 2568 770 2595 cofircenda
791 2574 839 2597 est.
859 2568 1030 2595 vindicandae

194 2608 295 2645 reipub.
316 2619 337 2634 e.
363 2608 393 2635 fr.
415 2611 436 2635 1.
457 2609 478 2642 3.
498 2610 521 2634 4.
541 2609 631 2646 depos.
653 2612 693 2637 16.
712 2613 736 2637 3.
769 2628 801 2630 —
833 2612 864 2644 ξ.
885 2613 919 2638 2·
955 2613 1030 2638 Cor-

194 2653 316 2686 rigere,
354 2654 629 2678 Animadvertere.
672 2653 689 2680 I.
716 2655 776 2688 Sy.
811 2654 914 2680 Punire.
948 2654 979 2680 fr.
1004 2656 1028 2681 2.

194 2693 223 2719 fr.
243 2695 267 2720 3.
287 2704 326 2731 pr.
347 2694 384 2728 33.
406 2695 428 2719 1.
448 2695 471 2719 6.
493 2693 543 2729 Qu.
564 2695 649 2731 quisq.
669 2697 716 2722 iur.
736 2699 759 2723 2.
778 2699 801 2723 2.
840 2696 948 2729 Teneri.
978 2696 1028 2723 Co-

193 2737 276 2762 'erceri
296 2739 392 2773 (poena
412 2736 497 2772 legis).
527 2736 598 2763 Paul.
618 2737 662 2764 IV.
683 2740 705 2764 7.
726 2740 763 2773 33.
785 2742 807 2766 l.
828 2750 867 2776 sq.
904 2740 946 2766 III.
962 2741 1026 2768 011.

193 2777 265 2805 'Neve
284 2783 393 2815 possent
418 2779 443 2804 in
470 2784 547 2816 caput
566 2780 630 2805 civis
649 2779 680 2806 R.
701 2783 905 2809 animadvertere
925 2784 1027 2809 iniussu
1048 2795 1050 2808 s

193 2821 297 2858 P⁰P111i3
327 2821 412 2848 solum
435 2821 555 2848 relictum
581 2827 621 2849 est
644 2823 695 2851 eis,
720 2829 748 2849 ut
767 2829 888 2852 coercere
907 2830 1025 2862 possent.

895 1072 1038 1097 Factum.
1060 1097 1061 1102 ¹

1060 1104 1061 1115 l
1084 1111 1171 1138 Gladii
1190 1116 1321 1147 potestas,
1346 1110 1389 1137 vel
1415 1111 1489 1136 cuius
1509 1109 1616 1136 alterius
1637 1111 1814 1136 co‘ereitionis.
1848 1108 1877 1135 l'r.
1897 1110 1920 1135 6.

1866 173 1925 203 151

1088 256 1160 282 utin
1179 254 1282 281 vincula
1305 254 1409 291 publica
1435 255 1496 281 duci
1520 254 1647 280 iuberent.
1682 254 1712 280 l'r.
1736 256 1760 279 2.
1785 254 1867 287 316.
1893 254 1923 279 cl‘.

1087 298 1185 332 33.18.
1204 299 1244 324 23.
1265 297 1297 323 (le
1317 297 1349 324 Ο.
1370 298 1387 324 I.
1410 299 1431 324 l.
1451 300 1475 324 2.
1512 297 1692 333 Magistratus,
1718 297 1762 333 qui
1788 297 1925 333 imperium

1087 340 1190 368 habent.
1211 340 1255 376 qui
1274 343 1396 366 coercere
1415 340 1527 376 aliquem
1547 345 1668 377 possunt.
1690 345 1715 365 et
1728 340 1818 366 iubere
1833 340 1858 365 in
1873 349 1924 365 car-

1087 394 1172 410 cerem
1192 383 1258 409 duci.
1290 382 1320 409 fr.
1340 384 1363 409 2.
1389 383 1421 409 de
1444 384 1470 409 in
1497 385 1537 409 ius
1557 393 1615 409 voc.
1635 384 1659 409 2.
1679 384 1702 408 4.
1731 393 1752 408 c.
1774 384 1796 408 1.
1821 382 1875 417 Qui
1899 391 1923 407 n.

1086 436 1158 462 poss.
1179 426 1211 452 ad
1234 425 1319 452 libert.
1344 436 1450 462 perven.
1477 428 1499 452 7.
1522 428 1561 452 12.
1602 425 1759 452 Prohibere.
1785 429 1810 451 et
1834 424 1924 461 depre-

1086 468 1165 495 hensa
1186 472 1315 495 coiit-cere.
1335 468 1364 494 l'r.
1385 470 1408 495 6.
1429 469 1452 502 3.
1473 470 1497 495 3.
1518 468 1550 494 de
1570 469 1612 495 off.
1633 468 1720 495 PraeS.
1741 467 1817 493 Prov.
1840 469 1862 493 l.
1882 469 1922 493 18.

1087 511 1254 538 Frumentum
1272 511 1397 548 probare,
1422 521 1571 538 mensorum
1590 511 1707 538 fraudem
1726 514 1861 541 co't'u‘fflere⁹
1881 509 1923 536 de-

1085 554 1146 581 licta
1165 554 1309 581 secundum
1328 564 1389 580 suae
1409 555 1573 580 auctoritatis
1597 554 1702 581 modum
1726 554 1859 589 castigare.
1892 552 1921 578 fr.

1087 600 1127 624 12.
1147 598 1168 631 3.
1188 600 1212 624 2.
1238 597 1270 623 de
1288 597 1319 624 R.
1339 597 1372 624 Μ.
1399 598 1440 623 49.
1462 598 1501 623 16.
1544 596 1705 633 Cupiditatis
1730 596 1833 633 culpam
1852 598 1923 621 0er-

1086 640 1192 667 cendam
1220 640 1331 668 credidi.
1360 644 1389 666 ut
1416 640 1511 666 caeteri
1542 639 1658 665 eiusdem
1689 640 1780 665 aetatis
1812 640 1922 664 iuvenes

1085 683 1292 710 ememlarentur.
1322 682 1391 709 Coll.
1405 681 1458 709 LL.
1472 681 1506 708 M.
1521 681 1539 708 I.
1556 684 1595 708 ll.
1625 682 1723 713 Kome,
1739 692 1804 718 quae
1816 680 1923 718 publice

1085 728 1201 753 coerceri
1221 726 1315 753 solent.
1346 725 1376 752 sr.
1398 727 1437 752 ll.
1457 726 1522 759 3.1.
1547 725 1580 751 de.
1600 726 1721 751 eviction.
1746 727 1787 751 21.
1806 727 1830 751 2.
1867 723 1922 750 Nec

1084 779 1147 795 sane.
1166 769 1308 795 verisimile
1328 773 1380 800 est,
1405 767 1529 794 delictum
1555 778 1635 794 unum
1660 767 1749 794 eadem
1768 767 1824 803 lege
1842 767 1922 793 variis

1084 812 1308 838 aestimationibus
1329 812 1452 837 coerceri.
1473 810 1503 837 fr.
1518 812 1559 837 41.
1580 810 1612 837 de
1631 820 1707 848 poen.
1727 811 1768 836 48.
1786 812 1824 836 19.
1854 809 1922 836 Con-

1084 856 1185 891 gruenti
1213 864 1313 891 poena.
1345 869 1376 873 -—
1405 863 1429 879 v.
1453 853 1666 880 Extraordinaria
1689 853 1922 881 animadversione.

1085 898 1209 924 coerce-ri.
1239 907 1259 923 c.
1280 898 1303 922 4.
1329 896 1360 922 de
1380 896 1513 922 decurion.
1534 898 1574 922 10.
1594 898 1634 924 31.
1668 907 1689 922 c.
1712 898 1732 922 l.
1759 896 1790 921 de
1810 900 1921 922 aecusat.

1084 942 1108 967 9.
1126 943 1150 966 2.
1188 939 1237 966 Vel
1261 939 1355 965 exsilio
1380 939 1530 975 temporali,
1561 939 1603 965 vel
1627 939 1813 965 interdictione
1837 943 1922 964 certae

1084 984 1121 1010 rei
1141 983 1264 1009 coerceri.
1285 982 1315 1008 sr.
1330 983 1369 1008 45.
1391 981 1423 1007 do
1442 983 1518 1008 iniur.
1538 983 1579 1008 47.
1601 984 1640 1008 10.
1678 981 1783 1008 Sufficit
1802 991 1847 1007 eos
1867 990 1921 1006 ver-

1084 1026 1191 1052 beribus
1204 1026 1337 1054 {cnei-ceri.
1366 1023 1435 1050 Coll.
1456 1023 1508 1050 LL.
1528 1024 1561 1050 Μ.
1581 1025 1649 1051 Χ111.
1670 1026 1694 1051 3.

1118 1069 1316 1096 coercitio.
1358 1069 1526 1098 Vindicta,
1548 1069 1749 1103 Castu'gatio.
1786 1066 1829 1092 III.
1856 1067 1920 1093 Cn.

1083 1165 1121 1191 pr.
1142 1154 1174 1180 de
1194 1154 1237 1179 off.
1257 1153 1332 1180 Proc.
1357 1158 1383 1179 et
1406 1152 1467 1189 Leg.
1493 1154 1516 1179 1.
1538 1154 1577 1178 16.
1618 1152 1768 1178 Inrisdietio
1793 1153 1850 1178 sine
1869 1161 1921 1177 mo-

1082 1197 1139 1224 dica
1159 1197 1319 1223 coercitione
1339 1195 1409 1222 nulla
1435 1200 1482 1222 est.
1518 1195 1549 1221 fr.
1569 1197 1593 1221 5.
1613 1196 1635 1229 3.
1657 1197 1678 1221 1.
1709 1195 1740 1221 cf.
1761 1194 1790 1220 sr.
1812 1197 1834 1221 l.
1855 1195 1875 1228 3
1898 1196 1919 1220 1.

1082 1240 1114 1267 de
1133 1240 1176 1266 off.
1197 1241 1260 1266 eius.
1288 1241 1310 1265 1.
1330 1241 1372 1265 21.
1409 1238 1513 1268 Noxae,
1538 1248 1603 1274 quae
1627 1237 1760 1274 publicam
1786 1238 1921 1263 exercitio-

1081 1293 1139 1309 nem
1160 1282 1207 1316 [al.
1228 1282 1449 1315 exsecutionem]⁷
1474 1286 1499 1307 et
1519 1282 1704 1307 co'ereitionem
1724 1280 1861 1316 capitalem
1879 1279 1921 1306 ha-

1080 1326 1150 1352 beut.
1171 1325 1201 1352 sr.
1221 1327 1280 1351 200.
1301 1325 1333 1351 de
1352 1325 1383 1351 V.
1404 1324 1431 1351 S.
1451 1326 1492 1350 50.
1514 1326 1553 1350 16.
1582 1323 1655 1350 Paul.
1675 1323 1693 1350 1.
1714 1325 1736 1349 9.
1757 1324 1778 1357 3.
1800 1325 1822 1349 1.
1858 1322 1921 1349 Poe-

1080 1380 1140 1397 nae.
1165 1379 1231 1405 quae
1254 1373 1298 1394 aut
1321 1369 1400 1393 vitam
1424 1367 1552 1398 adimant,
1578 1383 1610 1386 —
1634 1371 1678 1393 aut
1703 1367 1835 1392 civitatem
1854 1365 1921 1392 aufe-

1080 1417 1150 1443 rant.
1174 1427 1205 1431 —
1232 1416 1275 1438 aut
1300 1411 1487 1437 coiireitionem
1512 1411 1631 1446 corporis
1652 1411 1810 1436 contineant.
1843 1409 1874 1435 i'r.
1895 1410 1919 1435 6.

1080 1456 1101 1489 3.
1121 1457 1144 1481 2.
1166 1454 1198 1481 de
1216 1464 1294 1491 poen.
1315 1455 1354 1480 48.
1376 1454 1416 1479 19.
1444 1453 1476 1479 cf.
1496 1452 1526 1478 fr.
1547 1454 1570 1478 2.
1596 1452 1628 1478 de
1646 1452 1708 1489 pub.
1729 1452 1807 1479 iudic.
1834 1453 1875 1478 48.
1898 1453 1920 1477 l.

1079 1499 1137 1525 Erit
1156 1502 1229 1524 extra
1249 1496 1372 1523 ordinem
1392 1495 1562 1533 plectendus.
1586 1495 1688 1522 modica
1713 1500 1798 1521 tamen
1824 1495 1921 1521 coerci-

1080 1543 1159 1568 tione.
1181 1540 1210 1567 sr.
1230 1541 1254 1566 8.
1275 1541 1296 1574 3
1311 1542 1335 1566 2.
1356 1539 1389 1566 de
1408 1539 1479 1575 relig.
1502 1540 1541 1565 ll.
1557 1540 1580 1564 7.
1600 1538 1630 1564 fr.
1644 1540 1668 1564 2.
1688 1538 1804 1564 stellion.
1824 1540 1865 1564 47.
1878 1539 1920 1563 20.

1080 1585 1109 1611 fr.
1132 1586 1154 1610 1.
1175 1585 1196 1618 3.
1216 1585 1240 1610 3.
1260 1583 1293 1610 de
1311 1592 1388 1620 poen.
1407 1584 1449 1608 48.
1471 1584 1510 1608 19.
1548 1581 1655 1607 Modum
1679 1581 1823 1616 castigandi
1849 1585 1873 1606 et
1894 1581 1921 1606 in

1079 1637 1215 1654 servorum
1240 1627 1400 1652 cotircitione.
1425 1625 1525 1661 placuit
1550 1625 1696 1661 temperari.
1726 1624 1797 1650 Paul.
1823 1623 1854 1650 V.
1878 1624 1920 1649 23.

1079 1671 1100 1705 3.
1116 1672 1139 1697 6.
1168 1670 1357 1696 Plenissimam.
1378 1685 1409 1688 —
1429 1668 1535 1699 Levem,
1555 1668 1742 1694 coercitionem
1756 1667 1852 1693 habere
1866 1666 1921 1698 (ad-

1079 1723 1172 1739 versus
1192 1712 1269 1745 eto).
1301 1712 1332 1738 fr.
1354 1714 1393 1737 17.
1418 1712 1440 1744 3.
1462 1713 1483 1736 1.
1509 1710 1541 1736 de
1565 1710 1632 1736 usus.
1659 1711 1680 1735 7.
1702 1712 1724 1735 l.
1755 1709 1785 1736 sr.
1807 1712 1830 1736 7.
1855 1710 1876 1743 3.
1895 1711 1919 1735 2.

1079 1756 1109 1782 fr.
1132 1758 1170 1781 ll.
1195 1756 1216 1789 3.
1238 1757 1260 1780 7.
1285 1754 1317 1780 (le
1341 1755 1417 1780 iniur.
1446 1755 1488 1779 47.
1514 1755 1552 1778 10.
1596 1752 1622 1778 S.
1635 1752 1679 1779 Cti
1705 1763 1756 1779 non
1779 1753 1921 1779 intervenit

1080 1798 1205 1824 coercitio
1232 1798 1340 1830 (contra
1363 1796 1550 1828 desertorem).
1582 1794 1611 1821 fr.
1634 1798 1656 1821 1.
1681 1796 1763 1830 312.
1789 1795 1821 1822 ad
1839 1795 1866 1822 S.
1888 1794 1918 1822 C.

1080 1840 1161 1877 Turp.
1182 1841 1222 1866 48.
1245 1841 1284 1866 16.

1115 1883 1311 1910 Co'e’rrare.
1350 1883 1531 1908 Cir-sumite
1562 1881 1732 1918 (stipatum).
1781 1880 1823 1907 III.
1853 1882 1919 1908 Cn.

1078 1926 1240 1952 Praefectum
1259 1925 1374 1961 Vigilum
1393 1934 1441 1961 por
1460 1929 1541 1950 totam
1562 1929 1665 1950 noctem
1684 1924 1793 1960 vigilare
1814 1923 1918 1955 debere,

1078 1974 1103 1995 et
1123 1972 1242 1995 co'errare
1262 1968 1417 1999 calceatum,
1443 1977 1500 1993 cum
1519 1966 1602 1993 hamis
1623 1972 1670 1993 etc.
1702 1967 1732 1993 fr.
1752 1969 1776 1993 3.
1796 1968 1818 2001 3.
1837 1969 1861 1993 3.
1887 1966 1917 1993 cf.

1079 2012 1121 2038 Pr.
1143 2012 1174 2038 tle
1194 2012 1237 2037 off.
1258 2010 1310 2037 l’rt'.
1332 2010 1405 2046 Vigg.
1426 2012 1448 2036 1.
1470 2012 1509 2036 15.

1114 2055 1261 2082 Coetus.
1300 2055 1330 2087 ξ.
1351 2056 1385 2080 l·
1416 2055 1541 2083 Coitio,
1562 2054 1794 2088 Congregalio.
1823 2052 1840 2078 Ι.
1857 2053 1918 2087 Sy·

1078 2097 1242 2125 Conventus.
1262 2096 1446 2133 CongregatiO.
1475 2095 1525 2122 Τ11.
1541 2095 1571 2122 C.
1587 2095 1630 2121 Vl.
1645 2097 1668 2122 9.
1684 2107 1704 2122 c.
1719 2098 1742 2122 2.
1762 2096 1794 2123 de
1808 2096 1917 2131 Quaest.

1077 2185 1143 2211 Gn.
1175 2182 1301 2215 Coetum,
1321 2192 1491 2210 concursum.
1512 2181 1626 2213 turbam,
1646 2181 1811 2211 seditionem.
1831 2183 1917 2208 incen-

1077 2226 1148 2252 dium
1168 2226 1259 2252 facere.
1296 2224 1368 2251 Paul.
1395 2224 1427 2251 V.
1453 2226 1494 2250 26.
1519 2225 1540 2258 3.
1560 2226 1583 2250 3.
1609 2224 1639 2251 l'r.
1659 2227 1682 2251 5.
1702 2236 1741 2262 pr.
1768 2225 1799 2251 ad
1820 2225 1848 2251 L.
1869 2224 1914 2250 lul.

1077 2269 1109 2296 (le
1129 2270 1154 2295 vi
1174 2268 1236 2305 pub.
1256 2269 1298 2294 48.
1318 2269 1341 2294 6.
1366 2268 1397 2294 sr.
1416 2269 1440 2293 4.
1459 2278 1498 2304 pr.
1524 2267 1556 2293 ad
1575 2266 1604 2293 L.
1625 2267 1672 2294 Iul.
1692 2268 1724 2294 de
1743 2269 1769 2294 vi
1788 2269 1854 2305 priv.
1874 2268 1914 2292 48.

1077 2314 1099 2338 7.
1130 2312 1160 2338 sr.
1182 2313 1204 2337 l.
1224 2312 1288 2345 3.1.
1313 2311 1345 2337 ad
1364 2310 1393 2336 L.
1414 2310 1460 2336 Iul.
1481 2311 1538 2336 mai.
1559 2311 1600 2336 48.
1620 2312 1644 2336 4.
1682 2310 1810 2337 Turbam.
1830 2309 1915 2335 multi-

1075 2354 1174 2381 tudinis
1194 2354 1328 2380 hominum
1348 2363 1406 2379 esse
1426 2353 1600 2379 turbationem
1621 2358 1646 2379 et
1665 2358 1774 2379 coetum.
1800 2352 1828 2378 l'r.
1848 2357 1871 2378 4.
1892 2352 1913 2386 3.

1075 2399 1099 2424 3.
1120 2399 1144 2423 vi
1164 2397 1225 2423 bon.
1245 2402 1310 2433 rapt.
1331 2398 1371 2422 47.
1391 2397 1415 2422 8.
1454 2395 1533 2431 Quod
1554 2406 1605 2422 non
1625 2397 1650 2422 in
1671 2401 1759 2425 coetu.
1780 2405 1826 2421 nec
1845 2395 1914 2421 voci-

1076 2441 1202 2467 feratione
1223 2439 1325 2470 dicitur.
1345 2439 1491 2465 convicium
1512 2449 1563 2465 non
1582 2440 1689 2476 proprie
1703 2439 1804 2464 dieitur.
1826 2437 1855 2463 l'r.
1872 2439 1912 2463 15.

1076 2484 1174 2517 3311.
1196 2492 1235 2519 sq.
1257 2482 1288 2508 de
1308 2483 1383 2508 iniur.
1409 2484 1450 2508 47.
1472 2484 1512 2508 10.
1558 2482 1585 2508 In
1610 2482 1679 2507 omni
1705 2481 1789 2506 curiae
1813 2485 1913 2506 senato-

1074 2528 1127 2552 riae.
1147 2531 1214 2555 actu,
1235 2526 1372 2557 sententia,
1393 2530 1477 2551 coetu.
1489 2532 1492 2535 '
1505 2524 1554 2551 Th.
1569 2524 1599 2551 C.
1614 2524 1656 2550 VI.
1671 2525 1694 2549 6.
1710 2533 1729 2548 e.
1746 2525 1767 2549 1.
1788 2522 1820 2549 (19
1834 2522 1912 2549 Coss.

1052 2567 1053 2579 ¹
1074 2569 1211 2595 Solemnes
1237 2568 1393 2594 festivitates
1418 2572 1443 2593 et
1469 2572 1572 2597 coctus.
1598 2566 1639 2592 vel
1659 2565 1844 2595 salutationes,
1870 2566 1912 2592 vel

1074 2611 1205 2648 quaelibet
1225 2610 1273 2636 alia
1294 2611 1393 2639 officia.
1414 2610 1586 2646 frequentare.
1613 2609 1648 2634 lb.
1669 2608 1712 2634 Yl.
1737 2610 1761 2635 8.
1787 2619 1807 2635 c.
1829 2611 1851 2635 1.
1881 2609 1913 2635 de

1073 2654 1163 2691 Praep.
1184 2653 1211 2679 S.
1233 2654 1315 2680 cubic.
1353 2653 1381 2679 In
1402 2657 1476 2679 coctu
1496 2651 1601 2689 publico
1622 2651 1803 2678 demonstrari.
1829 2652 1866 2678 lb.
1881 2651 1910 2678 II.

1074 2699 1112 2723 17.
1143 2707 1163 2723 c.
1184 2698 1206 2722 1.
1231 2697 1252 2730 3
1280 2698 1302 2722 1.
1328 2696 1360 2722 de
1384 2696 1407 2722 h.
1429 2706 1470 2731 qu.
1497 2704 1553 2720 ven.
1579 2698 1627 2720 aet.
1676 2694 1716 2720 Ab
1741 2693 1912 2721 honestorum

1072 2744 1155 2767 coetu.
1180 2739 1390 2775 iudiciorumque
1409 2741 1552 2773 conspectu
1572 2738 1709 2773 segregari.
1734 2737 1770 2763 lh.
1785 2737 1814 2763 II.
1831 2739 1870 2763 10.
1889 2747 1909 2764 c.

1070 2785 1093 2809 4.
1115 2781 1217 2815 (ch.)
1238 2782 1269 2808 de
1282 2781 1379 2819 postul.
1400 2796 1431 2799 -
1452 2780 1482 2812 ξ.
1504 2781 1538 2805 2.
1561 2781 1758 2814 Collegium,
1779 2782 1909 2814 Corpus.

1070 2825 1087 2851 Ι.
1105 2826 1165 2859 Sy.
1194 2824 1352 2851 Concilium.
1384 2823 1420 2849 lb.
1441 2821 1482 2848 III.
1504 2823 1543 2848 17.
1564 2832 1584 2848 c.
1604 2823 1628 2848 3.
1649 2832 1687 2859 pr.
1708 2822 1740 2849 (19
1752 2828 1799 2849 tut.
1815 2827 1839 2849 et
1855 2832 1906 2848 cur.
