2197 3121
248 192 311 223 374

250 279 306 305 tur,
331 273 405 310 quasi
431 272 520 298 hastae
544 271 616 301 loco.
647 271 722 307 signo
746 269 860 307 quodam
883 270 948 296 iusti
976 268 1094 295 dominii.

287 360 433 386 Festum.
454 356 585 390 (Adiciet.)
606 358 779 388 Festinus,
799 357 968 383 Feriatus.
988 354 1019 380 ΙΙ.
1028 355 1096 388 01).

251 402 338 433 Festi,
360 418 389 422 —
412 400 572 427 Communes
593 398 694 432 (dies.)
719 398 768 425 Th.
794 399 825 425 C.
845 397 904 425 XV.
928 400 952 424 4.
978 407 999 424 c.
1022 399 1044 423 l.
1064 396 1097 423 (18

252 447 326 480 imag.
347 444 411 481 Imp.
449 443 491 469 111.
512 444 578 470 (711.
606 441 635 470 Iu
655 442 799 479 municipio
819 450 924 477 semper
943 441 1003 476 agit,
1018 455 1051 459 —
1065 450 1096 466 eo
1119 446 1120 469 ἢ

251 490 278 515 iu
298 488 370 516 soro.
390 486 507 517 balineo,
528 484 688 523 spectaculis
708 486 803 512 utitur.
822 484 858 510 ibi
879 483 961 510 festos
981 482 1038 509 dies
1058 493 1098 509 cc·
1119 494 1120 505 π

253 530 346 557 lebrat.
367 530 396 556 t'r.
416 531 457 555 27.
478 529 500 562 5.
523 531 544 555 l.
565 528 597 555 ad
616 529 712 554 munic.
739 529 780 554 50.
802 529 824 553 1.
861 526 930 553 Inire
949 525 1016 552 festa
1036 535 1097 552 con—

251 575 328 600 vivia.
349 573 399 599 Th.
420 571 451 598 C.
470 570 542 598 XVI.
564 572 604 597 10.
625 581 647 597 c.
669 572 709 596 17.
730 570 762 596 de
782 579 873 607 pagan.

288 617 417 646 Fetus.
439 624 460 641 s.
480 615 633 641 Foetus.
653 614 684 646 §-
698 615 732 640 1.
754 615 854 640 Actus
871 613 1040 646 pariendi.
1054 611 1096 638 111.

253 660 318 687 (7η.
339 657 441 689 Mulier,
461 672 493 676 —
513 666 570 683 cum
591 655 623 682 V.
643 656 748 685 liberiS,
770 665 836 692 quos
857 665 909 681 uno
929 654 1002 681 foetu
1021 656 1098 681 enixa

253 707 300 729 est.
330 701 360 727 l'r.
385 702 408 727 7.
434 710 475 737 pr.
499 700 532 726 de
555 700 610 726 reb.
637 699 698 725 dub.
722 700 764 725 34.
791 700 815 724 5.
861 697 995 734 Sacrilega
1018 699 1099 724 vitem

252 745 318 772 falce
338 743 484 775 succidere,
503 748 545 769 aut
566 743 689 769 feracium
710 751 840 768 ramorum
859 740 946 767 foetus
966 739 1098 766 hebetare.

253 787 303 814 Th.
325 786 355 814 C.
375 786 445 812 xssl.
467 788 506 812 11.
527 796 548 812 c.
570 788 591 812 1.
612 785 644 811 de
664 786 787 811 censitor.
806 798 840 804 —
860 785 891 818 §.
906 785 942 811 2.
962 786 1098 815 Partus,

252 838 318 858 tam
344 830 538 856 animalium
564 838 657 863 quam
682 829 860 859 hominum,
889 833 918 853 et
942 832 1007 854 tam
1030 828 1099 852 edi-

252 881 303 901 tus
331 882 423 908 quam
447 874 647 898 nasciturus.
685 870 704 896 l.
730 871 792 904 Sy.
823 869 918 896 Partus
938 869 1098 907 (pecorum.)

252 916 284 943 fr.
303 918 345 942 25.
365 916 387 950 5.
407 916 448 940 20.
469 914 501 940 de
525 914 614 941 hered.
640 918 692 950 pet.
712 915 736 939 5.
755 914 779 939 3.
800 913 830 939 fr.
850 915 892 940 39.
912 912 946 939 de
965 922 1037 939 usur.
1056 914 1099 938 22.

254 961 277 986 l.
315 958 357 985 111.
382 959 447 985 Cn.
476 956 539 983 Sine.
559 957 655 993 quibus
676 956 762 982 foetus
782 957 921 987 sustineri,
947 960 974 981 et.
992 954 1024 982 ad
1043 964 1101 992 par-

253 1007 308 1029 tum
334 1010 418 1037 usque
443 1000 554 1037 produci
581 1010 633 1026 non
658 1000 754 1037 possit.
774 998 804 1025 fr.
829 1001 852 1025 l.
880 999 902 1032 5.
926 1000 966 1025 19.
987 998 1020 1025 de
1039 1008 1101 1024 vcn-

253 1051 293 1072 tre
316 1046 342 1071 in
367 1053 438 1081 poss.
463 1045 505 1070 37.
530 1045 554 1069 9.
592 1043 619 1069 [n
644 1041 775 1080 pecudum
801 1041 888 1068 fructu
914 1042 991 1067 etiam
1012 1040 1099 1067 foetus

254 1093 302 1119 est,
323 1088 392 1113 sicut
411 1086 459 1117 lac,
480 1091 505 1113 et
524 1085 603 1123 pilus,
624 1090 649 1111 et
669 1085 735 1111 lana.
756 1084 786 1111 fr.
800 1086 842 1111 28.
863 1095 902 1121 pr.
922 1083 955 1110 de
975 1094 1046 1110 usur.
1057 1086 1100 1110 22.

255 1132 277 1157 l.
297 1129 328 1156 fr.
347 1130 389 1155 48.
408 1129 430 1163 5.
450 1131 474 1156 2.
495 1129 528 1156 de
546 1130 578 1155 A.
598 1128 629 1155 li.
648 1129 683 1155 D.
710 1130 751 1154 41.
772 1130 794 1154 l.
832 1128 867 1154 Et
886 1132 976 1164 partus
996 1127 1102 1153 ancilla-

253 1183 318 1205 rum,
340 1178 365 1199 et
385 1172 470 1199 foetus
489 1181 624 1209 pecorum,
645 1176 670 1198 et
690 1171 799 1202 fructus,
820 1175 846 1197 et.
864 1171 949 1196 omnis
970 1180 1055 1197 causa.
1070 1169 1101 1196 fr.

255 1218 295 1243 12.
314 1226 354 1253 pr.
375 1215 427 1251 Qu.
447 1219 508 1241 met.
529 1225 550 1240 c.
571 1216 594 1240 4.
614 1217 638 1241 2.
658 1214 690 1241 fr.
715 1216 739 1240 4.
764 1214 786 1248 5.
806 1215 831 1240 5.
851 1213 884 1239 de
904 1223 994 1250 usurp.
1014 1215 1057 1239 41.
1075 1215 1100 1240 3.

253 1259 326 1286 Paul.
346 1258 376 1285 ll.
396 1261 421 1285 5.
441 1258 463 1292 5.
483 1260 507 1283 2.
527 1257 557 1283 ΙΙ.
580 1259 620 1284 17.
643 1258 665 1291 5.
686 1258 709 1283 7.
747 1256 845 1283 Foctus
865 1257 1055 1289 iumentorum,
1076 1262 1102 1283 et

254 1303 341 1329 omnia
367 1311 433 1337 quae
457 1300 588 1327 fructuum
613 1301 718 1326 nomine
742 1300 919 1326 continentur.
943 1309 965 1326 c.
986 1302 1009 1326 1.
1033 1300 1056 1333 5.
1076 1302 1100 1327 9.

255 1345 287 1372 de
306 1344 337 1371 R.
358 1344 390 1371 L‘.
411 1344 442 1370 A.
462 1345 485 1369 5.
507 1345 547 1369 13.
585 1342 655 1369 Caro
680 1342 766 1369 foetus
790 1342 930 1369 demortui.
955 1342 986 1369 fr.
1011 1344 1052 1370 70.
1079 1343 1101 1377 5.

256 1390 280 1414 2.
301 1387 334 1414 de
354 1387 437 1413 ususr.
458 1388 482 1413 7.
504 1388 527 1413 1.

290 1431 440 1458 Fibula.
481 1430 681 1456 Ornamenti
695 1438 811 1463 genus,
832 1438 893 1463 quo
912 1435 1016 1456 vestes
1036 1432 1103 1457 sub-

254 1480 437 1500 nectuntur.
475 1472 519 1499 111.
537 1474 603 1500 Gn.
624 1471 727 1498 fibulis
747 1481 854 1508 quoque
872 1472 899 1497 in
918 1471 1102 1508 chlamydibus

255 1516 297 1543 his
316 1520 436 1547 utantur,
457 1525 523 1552 quae
542 1515 602 1541 solo
627 1524 689 1541 auro
714 1519 740 1541 et
765 1519 820 1541 arte
839 1515 972 1551 pretiosae
991 1521 1061 1543 sunt.
1081 1527 1102 1543 c.

256 1561 279 1586 l.
299 1559 365 1585 nulli
384 1558 425 1585 lic.
446 1559 473 1585 in
492 1557 558 1584 sren.
579 1559 619 1584 11.
640 1559 681 1584 ll.
706 1557 739 1584 cf.
766 1557 797 1583 fr.
821 1559 863 1584 25.
890 1557 912 1591 5.
932 1559 957 1584 2.
983 1557 1016 1585 de
1040 1569 1102 1586 auro

255 1612 306 1639 arg.
326 1603 368 1628 34.
387 1604 411 1627 2.

292 1644 487 1672 Ficticius.
524 1643 654 1677 (Adiect.)
694 1644 739 1668 :ld
762 1644 872 1670 instar
891 1645 1038 1670 alteriue
1057 1646 1105 1670 rei
1125 1645 1127 1651 ’

255 1689 471 1724 efformatus.
508 1686 551 1713 111.
579 1687 646 1714 Cn.
677 1684 788 1712 Heredis
812 1685 873 1712 loco
897 1687 1103 1713 constituuntur.

257 1747 287 1750 —
308 1730 425 1766 Ideoque
444 1745 476 1748 —
496 1729 602 1755 ficticiis
627 1728 775 1755 actionibus
800 1739 867 1766 opus
887 1734 941 1762 est,
960 1731 987 1756 in
1007 1730 1104 1766 quibus

256 1772 367 1799 heredes
387 1782 446 1799 csse
465 1772 608 1809 finguntur.
628 1771 689 1808 le.
708 1771 830 1798 XXVIII.
851 1773 892 1798 12.

292 1827 452 1854 Fictilis.
484 1826 614 1860 (Adieet.)
645 1827 671 1852 E
689 1832 780 1853 terra
793 1828 922 1862 fictus,
943 1829 966 1853 A
981 1828 1104 1863 figulo

252 1872 459 1907 fabricatus.
497 1869 528 1896 11.
549 1871 617 1903 Op.
637 1868 742 1905 Lignea,
762 1868 862 1901 Vitrea,
881 1869 966 1896 Aerea
986 1875 1035 1896 etc.
1050 1871 1106 1905 (su-

258 1912 369 1950 pellex.)
390 1912 419 1938 fr.
439 1914 462 1938 “3.
483 1912 521 1945 55.
540 1914 564 1938 3.
585 1922 624 1948 sq.
645 1912 676 1938 tr.
696 1914 719 1938 7.
739 1912 760 1946 5.
783 1914 805 1938 l.
826 1912 858 1939 de
877 1913 972 1950 supell.
993 1913 1043 1949 leg.
1062 1915 1104 1940 33.

260 1958 300 1982 10.
337 1955 380 1981 111.
401 1956 467 1982 (711.
490 1954 583 1981 Licere
603 1954 717 1980 fistulam
737 1964 824 1987 suam,
848 1955 890 1981 vel
916 1956 1037 1983 fictilem.
1062 1956 1105 1983 vel

259 1997 401 2025 cuiuslibet
426 1998 547 2033 generis,
576 1998 602 2023 in
631 1997 688 2023 rivo
716 2007 823 2034 ponere.
850 1997 880 2024 sr.
906 2000 946 2025 15.
972 1999 1005 2025 de
1029 1999 1056 2025 S.
1076 1999 1104 2026 P.

260 2041 291 2068 R.
312 2043 336 2067 8.
355 2042 380 2067 3.

295 2091 430 2118 motio.
468 2092 676 2118 l’raesumtio
690 2092 842 2127 ficticia.
874 2093 1105 2119 Accommoda-

260 2136 306 2161 tin
326 2136 374 2160 rei
398 2136 437 2160 ad
458 2136 636 2167 exemplum
660 2136 812 2160 alterius.
850 2134 892 2160 111.
925 2136 991 2162 (711.
1028 2134 1057 2161 Iu
1077 2146 1104 2161 ea

262 2177 352 2208 forma,
373 2187 439 2213 quac
458 2176 599 2214 publicano
619 2178 785 2213 proponitur,
806 2176 866 2203 talis
886 2177 958 2203 fictio
979 2182 1026 2204 est.
1047 2177 1104 2204 Gai.

259 2218 304 2246 IV.
324 2221 365 2245 32.
386 2219 417 2245 cl'.
436 2221 477 2245 534.
516 2218 594 2245 Nulla
610 2219 721 2245 formula
734 2219 766 2245 ad
780 2219 956 2247 condictionis
972 2221 1105 2248 fictionem

263 2263 425 2299 exprimitur.
446 2261 482 2287 ll).
504 2261 546 2289 IV.
566 2264 608 2289 33.
645 2261 724 2298 Legis
744 2262 832 2289 Iuniae
851 2262 932 2295 lator,
953 2274 1011 2290 cum
1031 2264 1106 2290 intel-

262 2305 353 2341 ligeret
373 2303 496 2335 futurum,
517 2310 543 2331 ut
564 2316 591 2331 ra
611 2305 719 2331 fictione
738 2315 781 2331 rcs
796 2304 950 2332 Latinorum
970 2306 1106 2333 defuncto-

262 2358 319 2375 rum
339 2347 371 2373 ad
389 2352 517 2384 patronos
541 2349 674 2384 pertinere
699 2347 851 2375 desinerent
875 2354 923 2376 etc.
943 2350 980 2376 11..
1001 2350 1043 2376 111.
1063 2352 1104 2376 56.

263 2391 295 2417 cf.
316 2390 346 2417 sr.
367 2392 389 2416 1.
409 2390 431 2424 5.
454 2392 476 2415 l.
497 2389 528 2415 :ul
549 2389 577 2415 L.
598 2390 667 2417 Falc.
687 2392 729 2417 35.
749 2392 773 2417 2.
812 2390 896 2418 Fietio
922 2392 987 2429 legis
1008 2393 1107 2420 Corne-

263 2433 313 2459 liae
333 2434 377 2466 (et
396 2431 567 2459 hereditatem
592 2437 615 2457 ct
640 2433 762 2460 heredem
786 2433 873 2468 facit.)
899 2434 928 2462 fr.
950 2438 990 2462 18.
1011 2447 1050 2474 pr.
1071 2436 1105 2463 ib.

262 2478 307 2502 35.
326 2478 351 2502 2.

301 2527 490 2554 Ficlifius.
528 2525 561 2553 cs.
581 2536 604 2552 v.
626 2525 758 2553 Ficticius.

301 2577 427 2603 Picus.
466 2579 571 2604 Genua
594 2579 800 2604 notissimum
820 2581 997 2615 fructuum
1017 2582 1108 2606 arbo-

266 2620 311 2644 ris.
349 2618 390 2645 111.
412 2621 478 2647 Cn.
498 2619 550 2646 Cui
568 2618 654 2646 dulcia
672 2619 755 2655 legata
769 2627 866 2654 essent,
886 2638 918 2641 —
939 2623 1024 2649 onmia
1044 2622 1108 2649 hacc
1129 2622 1131 2629 ‘

269 2670 327 2687 csse
348 2661 442 2696 legata:
463 2662 584 2694 mulsum,
603 2672 719 2700 passum,
739 2679 771 2683 —
791 2664 852 2690 item
867 2674 939 2697 uvas,
958 2666 1034 2697 ficos.
1054 2664 1109 2702 pal·
1129 2676 1130 2698 ;

269 2713 332 2734 maS,
353 2705 458 2731 caricas.
480 2705 510 2731 fr.
532 2706 570 2732 16.
599 2706 620 2740 5.
643 2708 664 2732 l.
685 2705 717 2732 de
741 2707 794 2733 trit.
818 2707 888 2733 vino.
913 2710 954 2734 33.
979 2710 1003 2734 6.
1025 2708 1056 2735 cf.
1077 2707 1107 2735 sr.
1129 2703 1131 2722 ἶ

267 2748 327 2772 205.
348 2745 379 2772 (lc
401 2746 430 2772 V.
451 2748 478 2773 S.
497 2750 538 2774 50.
561 2750 600 2774 16.

304 2796 541 2825 Fide-dicere.
574 2801 776 2826 Fideiubere.
796 2799 814 2825 1.
830 2800 891 2834 Sy·
912 2799 1002 2826 l='i‹l‹·m
1022 2801 1109 2827 (licere
1129 2797 1131 2812 ¹

1129 2729 1131 2740 ›
1153 2716 1223 2742 berc.
1244 2714 1274 2740 fr.
1294 2718 1318 2740 δ.
1344 2715 1366 2748 5.
1386 2717 1409 2740 5.
1430 2714 1462 2740 ‹h-
1483 2719 1605 2741 transact.
1629 2717 1653 2740 2.

271 2840 332 2875 (pro
353 2838 425 2871 alio.)
446 2839 487 2865 Cf.
508 2850 530 2866 v.
551 2840 714 2868 Fideiubere.
752 2842 793 2868 III.
813 2843 879 2870 Cn.
907 2842 936 2868 Si
956 2844 1041 2869 minor
1059 2853 1110 2870 ma-

995 185 1074 216 FES
1099 204 1138 210 —
1164 185 1246 216 FID.

1143 269 1225 294 iorem
1246 266 1378 299 fidedicat,
1403 283 1436 287 —
1455 277 1534 304 quem
1557 267 1693 299 fidedixit,
1717 270 1801 296 teneri
1824 274 1922 307 potest.
1949 270 1987 296 In·

1144 316 1210 348 terp.
1232 309 1263 336 ad
1283 309 1356 336 Paul.
1376 309 1394 336 I.
1414 312 1437 337 9.
1457 311 1479 344 5
1499 312 1522 338 5.

1178 353 1585 381 Fideicommissarius.
1638 353 1765 387 (Subst.)
1812 357 1988 383 Successor

1143 399 1259 423 mortis
1282 406 1394 427 causa,
1422 405 1478 430 per
1499 398 1797 433 fideicommissum
1824 401 1986 425 constitu-

1142 447 1201 467 tus.
1238 439 1256 466 I.
1277 440 1338 473 Sy.
1363 438 1402 471 Is,
1427 439 1469 465 cui
1492 444 1599 475 rogatus
1625 449 1682 466 sum
1701 441 1843 466 restituere
1862 440 1988 477 (legatum

1142 482 1264 515 usumsr.)
1293 482 1324 509 l'r.
1348 484 1390 508 29.
1419 482 1441 515 5.
1465 484 1491 510 2.
1537 482 1589 518 Qu.
1613 482 1683 509 mod.
1708 482 1792 509 ususf.
1821 485 1845 510 7.
1869 485 1890 509 4.
1931 484 1985 520 Qui

1142 525 1374 552 fideicommissum
1399 526 1508 562 accepit.
1538 524 1570 551 l'r.
1597 527 1635 552 11.
1665 525 1702 559 55.
1732 527 1754 552 l.
1779 535 1820 562 sq.
1846 525 1879 552 ad
1903 525 1931 553 S.
1956 526 1988 553 C.

1143 568 1224 595 Treb.
1247 570 1289 595 36.
1319 570 1340 594 1.
1377 567 1420 594 Ill.
1442 569 1508 595 Gn.
1533 567 1587 603 Qui
1607 584 1639 588 —
1660 569 1685 595 in
1710 568 1828 595 fraudem
1854 568 1989 601 heredum,

1143 611 1185 638 vel
1208 611 1404 647 legatariorum,
1429 610 1748 641 fideicommissariorum,
1775 617 1818 638 aut
1838 611 1990 638 libertatum

1144 656 1214 687 (nou
1243 654 1344 691 profert
1372 653 1474 680 tabulas
1503 655 1679 686 testamenti.)
1708 654 1781 681 Paul,
1802 654 1845 681 IV.
1871 656 1894 680 7.
1923 655 1944 688 5.
1964 657 1989 682 3.

1143 696 1200 723 lloc
1225 701 1250 723 et
1273 697 1298 722 iu
1319 696 1440 729 lipom,
1464 702 1490 723 et
1515 698 1541 723 in
1568 697 1821 724 fideicommissariis
1841 697 1938 734 quibus
1958 707 1990 724 ex

1144 739 1313 766 Trebelliano
1332 741 1482 766 restituitur
1500 739 1645 771 hereditas,
1666 742 1831 777 caeterisque
1849 741 1991 778 praetoriis

1144 782 1345 809 successoribus
1370 782 1538 809 observatum
1563 787 1611 809 est.
1638 782 1668 809 fr.
1691 786 1715 810 2.
1743 784 1764 817 5.
1791 786 1830 810 19.
1855 793 1904 820 pro
1930 788 1990 810 emt.

1144 828 1186 852 41.
1205 827 1229 852 4.
1267 825 1347 862 Apud
1366 825 1640 852 fideicommissarium
1666 826 1693 852 in
1713 836 1790 853 causa
1809 826 1926 864 depositi
1946 827 1991 858 sit.

1146 868 1231 895 donec
1250 868 1283 894 de
1302 868 1521 901 fideicommisso,
1545 868 1616 905 quod
1636 870 1659 895 ei
1679 868 1802 902 debetur,
1827 874 1939 896 constet.
1960 869 1989 896 fr.

1143 913 1186 938 27.
1206 911 1238 937 de
1259 911 1313 938 reb.
1335 916 1402 938 auct.
1422 911 1475 938 iud.
1495 913 1537 938 42.
1558 914 1582 938 5.

1180 955 1589 982 Fideicommissarius.
1633 954 1774 988 (Adiect.)
1816 957 1864 982 Aa
1883 957 1991 992 fidei-

1145 999 1347 1024 commissum
1365 1000 1540 1032 pertinens.
1582 1000 1770 1025 Precativis
1790 1000 1895 1025 verbis
1913 1009 1929 1025 (ι
1949 1005 1992 1025 te—

1145 1047 1274 1067 statore
1301 1042 1517 1067 constitutus.
1570 1040 1589 1067 I.
1615 1041 1677 1075 Sy.
1711 1040 1765 1076 Qui
1795 1040 1829 1067 (lc
1857 1040 1991 1068 fideicom-

1145 1084 1235 1109 missis
1259 1084 1301 1109 ius
1325 1082 1402 1114 dicit,
1427 1093 1448 1110 s.
1473 1085 1623 1119 cognoscit,
1648 1087 1706 1116 (sc.
1727 1083 1862 1117 Praetor.)
1883 1084 1940 1111 Gai.
1961 1084 1992 1111 Π.

1145 1128 1204 1153 278.
1226 1126 1286 1163 le.
1306 1124 1391 1152 XXV.
1414 1127 1454 1152 12.
1479 1126 1509 1153 fr.
1529 1128 1553 1153 2.
1578 1127 1600 1160 5.
1620 1128 1660 1153 32.
1683 1126 1716 1152 de
1736 1126 1769 1152 Ο.
1789 1126 1808 1152 1.
1830 1128 1852 1153 l.
1872 1129 1896 1153 2.
1916 1127 1947 1154 fr.
1967 1129 1992 1154 4.

1147 1169 1228 1205 Quib.
1248 1169 1280 1196 ad
1300 1169 1387 1196 libert.
1408 1169 1492 1206 procl.
1516 1171 1558 1195 40.
1581 1170 1619 1195 13.
1657 1168 1887 1201 Fideicommissa,
1908 1169 1994 1197 Fidei-

1147 1213 1326 1239 commissaria
1347 1212 1496 1250 (epistola.)
1516 1211 1546 1239 fr.
1565 1214 1608 1239 37.
1628 1212 1650 1246 5.
1669 1214 1693 1238 3.
1714 1212 1747 1238 (18
1766 1211 1842 1248 legat.
1862 1212 1904 1239 111.
1925 1214 1993 1247 (32.)

1148 1255 1199 1289 [cs.
1223 1266 1247 1282 v.
1273 1255 1532 1288 Fideicommissus.]
1554 1254 1777 1286 fideicommissi,
1798 1254 1995 1282 fideicommis-

1146 1300 1215 1325 saria
1235 1298 1348 1332 (verba.)
1369 1298 1427 1325 Gai.
1447 1298 1477 1325 Π.
1496 1299 1555 1325 249.
1582 1297 1644 1335 le.
1663 1297 1749 1324 XXV.
1769 1300 1794 1324 2.
1814 1298 1845 1325 fr.
1866 1300 1906 1325 12.
1926 1298 1949 1333 5.
1970 1301 1992 1326 l.

1147 1341 1180 1368 de
1199 1342 1289 1368 iniust.
1309 1346 1378 1378 rupt.
1398 1343 1440 1368 28.
1460 1343 1484 1368 3.
1522 1341 1553 1368 11.
1575 1343 1643 1375 Op.
1668 1340 1802 1367 Dircctus.
1841 1340 1882 1368 Cf.
1902 1352 1926 1368 v.
1947 1342 1993 1369 Di-

1147 1389 1235 1411 rectus
1248 1384 1378 1417 (Adiect.)
1398 1385 1420 1418 5
1431 1386 1456 1411 3.
1493 1384 1607 1411 Nomine
1626 1383 1775 1421 principali,
1795 1394 1848 1410 non
1861 1384 1994 1412 fideicom-

1146 1428 1277 1459 missario,
1297 1427 1461 1464 (relinquere
1479 1427 1624 1461 hcredem.)
1649 1426 1699 1453 Th.
1725 1426 1756 1453 C.
1775 1426 1848 1454 XVI.
1867 1429 1891 1454 5.
1912 1438 1932 1455 c.
1953 1430 1994 1455 17.

1147 1471 1180 1498 de
1199 1471 1322 1498 haeretic.
1359 1470 1402 1497 111.
1427 1472 1494 1498 Gn.
1532 1470 1599 1506 Cogi
1627 1474 1763 1507 praestare
1780 1469 1995 1498 fideicommissa-

1147 1516 1212 1541 riam
1231 1515 1380 1541 libertatem
1399 1518 1426 1540 et
1443 1513 1624 1540 hereditatem.
1645 1513 1676 1539 fr.
1697 1514 1737 1540 16.
1757 1513 1841 1547 513.
1861 1513 1894 1540 ad
1913 1513 1940 1540 S.
1961 1513 1992 1541 C.

1149 1557 1229 1584 Treb.
1248 1558 1290 1584 36.
1312 1559 1334 1583 l.
1373 1556 1458 1583 Servo
1481 1556 1568 1583 alieno
1592 1555 1690 1582 herede
1713 1557 1849 1589 instituto,
1868 1572 1901 1576 —-
1922 1561 1947 1583 et
1965 1556 1995 1583 li-

1148 1601 1276 1627 bertatem
1295 1599 1567 1626 fideicommissariam
1590 1599 1646 1625 dari
1669 1609 1751 1636 posse
1771 1604 1882 1625 constat.
1902 1599 1932 1626 fr.
1953 1601 1994 1626 14.

1149 1644 1170 1677 5'.
1193 1645 1215 1669 1.
1236 1643 1268 1669 dv.
1288 1642 1364 1678 legat.
1385 1642 1416 1669 ll.
1437 1644 1504 1675 (31.)
1525 1642 1559 1668 ct'.
1578 1641 1608 1669 fr.
1624 1644 1646 1668 l.
1666 1643 1687 1676 5.
1700 1644 1722 1668 7.
1744 1643 1766 1668 si
1785 1643 1808 1668 is
1828 1652 1871 1679 qu.
1893 1647 1993 1669 testam.

1149 1686 1194 1712 lib.
1219 1687 1260 1712 47.
1285 1687 1309 1711 4.
1347 1685 1526 1711 Hereditatem
1550 1685 1820 1712 fideicommissariam
1844 1684 1996 1722 relinquere

1150 1732 1176 1762 (a
1196 1728 1312 1765 legitimo
1332 1727 1450 1759 herede.)
1476 1727 1506 1754 l'r.
1530 1729 1568 1754 13.
1590 1728 1610 1762 5.
1634 1730 1655 1754 l.
1677 1728 1710 1755 (lc
1728 1730 1785 1754 iure
1805 1728 1888 1754 codic.
1908 1730 1950 1755 29.
1971 1731 1995 1755 7.

1150 1771 1405 1798 Fideicommissaria
1426 1770 1616 1803 (hereditatis)
1636 1772 1779 1798 restitutio.
1806 1771 1836 1797 fr.
1860 1772 1903 1797 30.
1927 1771 1994 1805 5.1.

1150 1814 1181 1841 ad
1202 1814 1228 1841 S.
1250 1814 1281 1840 C.
1306 1813 1423 1840 Trebell.
1446 1815 1488 1839 36.
1514 1816 1537 1839 l.
1575 1813 1714 1845 codicilli,
1734 1819 1760 1840 et
1779 1814 1996 1841 fideicommissa-

1150 1859 1204 1884 riac
1223 1857 1352 1895 epistolae
1376 1858 1433 1884 iure
1457 1858 1580 1894 scriptae.
1601 1867 1622 1883 c.
1644 1858 1667 1883 7.
1705 1858 1757 1892 Qu.
1776 1862 1880 1883 testam.
1900 1856 1948 1884 fac.
1968 1867 1994 1894 p.

1149 1902 1173 1927 6.
1191 1903 1234 1927 22.

1186 1943 1552 1971 Fideieommissum.
1596 1942 1723 1976 (Subst.)
1763 1944 1853 1976 Quod
1879 1952 1993 1977 preca-

1150 1989 1235 2014 tivis
1259 1988 1365 2013 verbis
1390 1988 1544 2013 relictum
1567 1992 1614 2012 eat
1636 1995 1654 2013 a
1677 1992 1850 2012 testatore.
1888 1985 1906 2011 1.
1930 1986 1993 2019 Sy.

1151 2029 1232 2065 Quod
1251 2039 1305 2055 non
1324 2028 1448 2055 civilibus
1467 2029 1568 2060 verbis,
1593 2028 1641 2055 sed
1660 2029 1808 2064 praecative
1827 2027 1994 2064 relinquitur.

1151 2072 1212 2109 Vll».
1231 2071 1318 2098 XXV.
1340 2074 1362 2098 1.
1382 2071 1414 2098 cf.
1433 2071 1530 2098 XXIV.
1552 2073 1575 2097 1.
1612 2070 1643 2097 11.
1664 2072 1732 2104 01)-
1754 2070 1872 2097 Directo.
1892 2086 1925 2090 —
1945 2070 1995 2097 Per

1150 2115 1391 2141 fideicommissum.
1412 2114 1454 2140 Cl'.
1474 2124 1498 2140 v.
1518 2114 1634 2140 Directe.
1653 2113 1675 2146 5.
1694 2116 1718 2139 2.
1756 2112 1798 2139 111.
1812 2114 1877 2141 Gn.
1896 2113 1994 2149 Legata

1151 2163 1177 2185 et
1195 2158 1412 2189 fideicommissa,
1433 2157 1481 2183 sed
1500 2162 1526 2183 et
1546 2157 1695 2187 libertates,
1721 2160 1747 2181 et
1766 2155 1871 2182 heredis
1891 2158 1995 2183 institu-

1150 2203 1195 2228 tio.
1216 2201 1246 2228 fr.
1268 2203 1308 2227 12.
1329 2201 1350 2235 5.
1373 2203 1395 2227 l.
1416 2200 1448 2227 de.
1468 2201 1557 2226 iniust.
1578 2204 1647 2237 rupt.
1666 2200 1708 2225 28.
1727 2201 1752 2225 3.
1784 2197 1846 2236 le.
1866 2198 1950 2226 XVII.
1969 2202 1995 2226 3.

1149 2244 1209 2271 Iure
1228 2244 1314 2281 legati,
1335 2243 1376 2270 vel
1397 2244 1609 2272 fideicommissi.
1633 2242 1674 2269 vel
1698 2241 1847 2279 implendae
1867 2243 1995 2269 conditio-

1150 2289 1192 2314 nis
1213 2297 1298 2319 causa,
1319 2288 1456 2324 (capere.)
1477 2286 1507 2312 l'r.
1531 2287 1572 2312 91.
1598 2284 1630 2311 ad
1653 2283 1682 2311 L.
1708 2284 1777 2311 Falc.
1802 2288 1844 2312 35.
1864 2288 1888 2312 2.
1927 2286 1995 2313 Cum

1152 2331 1258 2368 quidam
1277 2331 1316 2356 sic
1330 2329 1371 2356 vel
1386 2330 1586 2360 institutionem,
1606 2326 1648 2354 vcl
1663 2327 1784 2363 legatum,
1805 2327 1846 2355 vel
1861 2328 1995 2355 fideicom-

1151 2375 1275 2406 missum,
1294 2372 1337 2399 vel
1361 2373 1521 2404 libertatem,
1544 2370 1587 2397 vel
1612 2370 1719 2397 tutelam
1745 2372 1907 2408 scripsisset.
1928 2382 1949 2398 c.
1969 2373 1993 2398 4.

1151 2427 1190 2454 pr.
1210 2418 1231 2451 5.
1255 2419 1276 2443 l.
1296 2416 1329 2443 (18
1343 2415 1374 2442 V.
1394 2415 1422 2442 S.
1442 2416 1465 2442 6.
1484 2416 1527 2441 38.
1564 2413 1694 2440 Heredem
1713 2418 1832 2440 nostrum
1851 2414 1994 2451 obligatum

1153 2459 1325 2496 relinquimus
1346 2458 1378 2485 de
1397 2457 1602 2485 fideicommissa
1623 2456 1796 2483 restituendo.
1817 2456 1874 2483 Gai.
1889 2457 1919 2484 11.
1933 2458 1992 2483 277.

1152 2502 1184 2529 cs.
1206 2504 1264 2529 154.
1290 2502 1320 2528 fr.
1341 2503 1381 2528 76.
1406 2500 1437 2527 ad
1457 2500 1484 2526 S.
1505 2499 1536 2526 C.
1557 2499 1636 2526 Treb.
1662 2501 1703 2526 36.
1729 2501 1752 2526 l.
1789 2499 1889 2526 Servus
1908 2500 1939 2526 ab
1959 2499 1994 2526 al-

1129 2566 1130 2575 ,
1152 2550 1208 2571 tero
1229 2555 1262 2571 ex
1280 2544 1422 2571 heredibus
1442 2543 1598 2573 libertatem.
1619 2542 1650 2568 ab
1664 2542 1746 2569 altero
1760 2542 1993 2569 fideicommissum

1129 2581 1131 2619 f
1153 2587 1306 2614 hereditatis
1326 2587 1434 2623 accepit.
1454 2585 1484 2612 l'r.
1505 2588 1547 2611 52.
1571 2586 1636 2619 5.1.
1657 2585 1690 2612 ad
1709 2585 1736 2612 S.
1758 2585 1788 2612 C.
1810 2585 1888 2612 Treb.
1907 2586 1948 2611 36.
1970 2586 1991 2610 1.

1153 2630 1292 2657 Codicillis
1312 2645 1344 2649 ——
1364 2628 1526 2665 adscriptum
1550 2628 1790 2655 fideicommissum.
1813 2628 1885 2655 Paul.
1904 2627 1947 2654 IV.
1970 2628 1991 2653 1.

1153 2674 1174 2707 5.
1197 2675 1236 2699 10.
1273 2671 1323 2698 Per
1342 2671 1575 2698 fideiconunissmn
1599 2671 1761 2708 relinquere,
1785 2681 1808 2698 v.
1833 2671 1935 2697 restitui
1955 2671 1991 2696 iu-

1677 2716 1715 2740 15.
1740 2714 1770 2740 sr.
1789 2715 1829 2740 26.
1855 2713 1888 2739 de
1906 2711 1937 2738 N.
1958 2712 1989 2738 G.

1153 2760 1177 2785 3.
1197 2760 1221 2784 5.
1258 2757 1424 2793 Legatarius,
1449 2769 1461 2783 a
1487 2767 1538 2794 quo
1563 2757 1648 2784 fidoic.
1673 2756 1761 2783 datum
1786 2761 1832 2782 est.
1859 2754 1888 2781 fr.
1908 2757 1931 2781 8.
1952 2765 1990 2792 pr.

1129 2815 1131 2842 ἐ
1154 2801 1186 2828 dc
1207 2800 1282 2837 legat.
1303 2800 1344 2827 lll.
1365 2802 1431 2833 (32.)
1474 2801 1514 2827 Ex
1535 2810 1610 2826 causa
1630 2799 1825 2826 fideicommissi
1844 2798 1991 2829 restituere,

1153 2853 1178 2870 v.
1198 2844 1387 2870 manumittere.
1408 2843 1479 2870 Paul.
1500 2842 1543 2869 IV.
1562 2845 1586 2869 2.
1607 2843 1672 2876 5.1.
1693 2841 1722 2868 fr.
1736 2843 1759 2868 9.
1779 2840 1811 2866 de
1829 2841 1855 2866 iu
1874 2841 1915 2866 ius
1934 2850 1989 2867 voc.
