2197 3121
266 174 331 205 298

267 266 307 294 pr.
331 255 373 283 ΙΠ.
389 256 455 283 Gn.
480 254 593 281 Vnicum
611 253 774 291 praesidium
796 253 823 279 in
842 261 972 290 supernae
992 250 1112 278 divinita-

267 301 303 326 tis
322 299 418 325 favore.
456 297 523 324 Νῦν.
549 297 653 323 Valent.
678 295 720 323 111.
746 295 779 322 de
803 297 884 333 episc.
909 295 994 322 ordin.
1019 293 1049 320 II.
1070 295 1110 320 17.

268 353 290 369 e.
311 344 333 369 1.
353 352 392 379 pr.
430 342 564 368 Divinitas
590 345 616 366 te
639 344 736 366 servet.
762 338 799 365 lb.
824 338 857 365 de
876 337 1000 365 homicid.
1020 336 1050 363 Π.
1069 338 1111 363 20,

268 396 289 412 c.
312 388 333 412 1.
352 386 374 419 5.
394 386 419 411 4.
456 384 611 411 Divinitatis
625 382 724 409 auxilio
743 383 883 415 (resisto-re
903 381 1020 413 debere.)
1041 379 1112 407 Con-

268 428 329 455 sult.
349 433 400 455 vet.
421 427 500 454 [cti.
522 437 543 453 c,
563 428 587 453 6.
606 426 629 460 5.
650 427 674 452 l.
695 442 725 445 —
745 425 777 458 ᾖ.
801 426 836 452 2.
859 426 994 451 Titulus
1014 425 1111 450 Prin-

267 473 351 506 cipis
372 473 402 498 R.
426 470 443 497 l.
458 472 520 504 Sy.
540 469 723 498 mansuetudo.
744 469 888 495 serenitas,
908 466 1032 493 Maiestas
1053 468 1113 499 (no-

268 514 350 545 stra.)
375 524 395 540 c.
418 515 457 540 17.
483 513 515 539 de
534 512 566 539 R.
586 513 620 540 m.
642 515 681 539 12.
701 514 743 538 36.
782 511 824 538 III.
853 511 918 538 011.
943 509 1058 536 Nostrae
1076 508 1113 535 di-

267 558 385 583 vinitatis
410 566 536 593 purpura.
563 566 585 583 c.
604 558 629 583 2.
653 556 686 583 de
710 556 777 584 nriv.
801 553 915 580 scholar.
941 555 981 579 12.
1004 554 1046 579 30.
1084 551 1113 578 In

267 610 318 637 qua
338 601 387 633 (sc.
408 599 472 625 urbe
491 599 574 635 regia)
594 609 644 625 nos
668 599 805 625 divinitate
825 597 918 634 popria
938 595 1071 632 degentes.
1091 606 1112 622 c.
1136 611 1137 630 3

267 645 291 670 6.
312 653 351 680 pr.
371 642 404 669 de
424 642 448 668 h.
470 652 513 679 qu.
533 642 565 668 ad
585 642 648 668 eccl.
672 644 693 668 1.
717 643 756 667 12.

301 685 510 713 Divissssus.
550 685 666 719 (Advb.)
703 685 735 718 ξ.
755 686 790 711 l.
811 684 969 710 caelitus.
989 680 1032 708 Ill.
1048 682 1113 708 Gn.

267 728 303 755 Vt
317 739 365 766 pro
379 728 489 755 arbitrio
504 738 552 755 suo
566 738 648 766 pravo
663 727 813 759 excludant,
833 735 899 763 quae
913 724 1040 751 divinitus
1055 734 1115 750 con-

268 782 342 799 cessa
362 776 432 798 suut.
471 771 542 798 Coll.
563 771 616 798 LL.
637 771 670 798 m.
690 770 750 797 XV.
769 772 793 796 3.
819 785 851 789 —
875 769 906 802 ξ.
926 769 961 794 2.
983 769 1115 795 lubente
1135 763 1137 811 l

268 817 481 849 Imperatore.
525 814 567 841 Ill,
597 815 664 842 Cn.
695 813 895 851 Comperimus,
923 811 976 837 div.
1008 810 1137 848 quidem}

266 858 370 896 pridem
394 858 477 884 tuisse
501 857 669 894 dispositum.
701 867 723 883 c.
749 859 789 883 13.
819 855 851 882 dc
874 864 951 892 prox.
976 854 1004 881 S.
1033 855 1112 880 scrin.

270 903 308 928 12.
330 902 370 928 19.

300 944 476 972 Divinus.
503 943 642 976 (Adiect.)
666 943 697 977 §.
718 943 753 969 l.
780 944 828 968 Aa
845 943 933 968 deum
953 947 1111 975 spectans.

267 987 309 1014 III.
330 988 396 1015 Gn.
416 987 573 1013 Divinarum
592 991 671 1023 atque
690 985 861 1012 humanarum
880 994 967 1010 rerum
987 984 1113 1017 (notitia.)

267 1029 298 1057 fr.
319 1032 361 1058 10,
381 1030 402 1063 5.
422 1032 447 1055 2.
473 1029 506 1056 de
529 1029 548 1056 Ι.
573 1035 600 1056 et
623 1029 641 1056 Ι,
663 1031 686 1055 1.
707 1030 730 1055 1.
767 1027 860 1054 Divini
880 1031 906 1053 et
925 1026 1029 1053 humani
1049 1028 1113 1053 iuris

268 1072 504 1106 (communicatio.)
530 1071 560 1099 fr.
583 1075 604 1098 1.
629 1072 663 1099 de
681 1071 713 1098 R.
734 1070 766 1097 N.
785 1073 828 1097 23.
847 1072 872 1096 2.
909 1069 961 1096 Vel
979 1069 1113 1096 hominum
1135 1098 1136 1105 ἵ

267 1161 291 1186 2.
311 1159 376 1193 5.1.
396 1158 429 1185 de
447 1157 580 1185 intcrdict.
599 1159 641 1184 43.
663 1160 685 1184 I.
722 1157 838 1194 Legibus
864 1161 890 1183 et
907 1156 1004 1183 divinis
1024 1160 1049 1182 et
1068 1156 1114 1182 im-

268 1201 413 1240 perialibus
433 1202 547 1235 (vetitae
566 1201 716 1233 haereses.)
737 1200 787 1227 Th.
807 1199 839 1227 C.
858 1199 930 1226 XVI.
950 1201 974 1226 5.
994 1209 1016 1226 c.
1036 1201 1060 1225 5.
1081 1198 1113 1225 de

268 1245 366 1272 haeret.
386 1244 430 1271 Ad
443 1243 542 1270 cultum
557 1243 662 1270 divinae
675 1244 838 1271 reverentiae
851 1243 972 1270 transire.
1003 1242 1040 1269 Ib.
1054 1241 1112 1269 XII.

269 1290 292 1315 1.
313 1298 334 1315 c.
354 1289 396 1315 49.
416 1288 482 1322 5.1.
503 1286 535 1313 de
560 1286 694 1314 decurion.
732 1286 862 1323 Perquam
882 1285 967 1312 timidi
986 1290 1058 1312 metu
1077 1285 1114 1311 (11-

269 1332 324 1358 vini
343 1331 465 1357 numinis.
486 1330 516 1356 fr.
534 1331 560 1356 8.
580 1340 619 1367 pr.
643 1330 676 1357 de
700 1329 776 1357 cond.
802 1331 864 1356 inst.
883 1331 926 1356 28.
947 1331 970 1355 7.
1006 1327 1056 1354 Vis
1076 1327 1114 1354 di-

267 1375 336 1401 vina.
356 1373 387 1400 fr.
407 1375 448 1399 24.
469 1373 490 1407 5.
509 1375 534 1399 4.
555 1372 587 1399 dc
606 1372 691 1399 damn.
712 1373 757 1400 int.
777 1374 819 1400 39.
838 1375 863 1399 2.
884 1372 929 1407 (cs.
950 1382 974 1398 v.
993 1371 1064 1405 Vis.)
1079 1386 1112 1391 —

269 1418 300 1451 ξ.
319 1419 355 1444 2.
375 1419 423 1444 Aa
439 1418 627 1450 Principem
643 1418 826 1450 pertinens,
847 1417 982 1451 eiusque
1000 1416 1112 1442 conin-

266 1470 344 1496 gem.
367 1459 385 1486 I.
400 1461 462 1494 Sy.
486 1458 591 1491 Nostra,
612 1459 710 1485 Divina
729 1458 869 1492 (domus.)
889 1458 940 1486 Th.
960 1458 991 1485 C.
1011 1457 1067 1484 XII.
1089 1459 1112 1483 1.

268 1514 289 1530 c.
310 1505 368 1529 114.
405 1503 589 1529 Serenissima.
603 1502 700 1528 Divina
719 1502 874 1538 (Augusta.)
894 1512 915 1528 c.
929 1504 953 1528 3.
967 1501 1001 1528 de
1020 1500 1111 1538 quadr.

267 1556 382 1584 praescr.
403 1547 425 1572 7.
444 1547 486 1572 37.
524 1545 567 1571 IH.
582 1546 648 1573 Gn.
668 1544 760 1571 Honor
779 1544 873 1571 domus
893 1544 1005 1571 divinae.
1025 1544 1056 1571 fr.
1072 1545 1111 1570 12.

268 1589 300 1615 ad
319 1588 347 1615 S.
368 1588 399 1615 C.
416 1587 498 1625 Turp.
519 1589 560 1614 48.
583 1589 623 1614 16.
660 1588 823 1614 Beneficium
842 1588 1020 1625 ImperatoriS,
1040 1587 1112 1624 quod

267 1644 281 1659 a
299 1632 387 1659 divina
406 1631 509 1658 scilicet
528 1632 585 1658 eius
605 1630 766 1668 indulgentia
784 1631 971 1668 proficiscitur.
991 1630 1021 1656 fr.
1036 1632 1060 1656 3.
1079 1629 1112 1656 de

267 1680 351 1702 coust.
379 1674 466 1701 Princ.
491 1676 513 1700 l.
534 1676 558 1700 4.
601 1673 675 1700 Sacri
695 1675 748 1700 oris
767 1674 893 1705 imitator.
918 1678 944 1700 et
963 1673 1112 1700 divinorum

266 1718 387 1745 vultuum
406 1718 547 1755 adpetitor.
568 1717 619 1743 Th.
634 1716 665 1744 C.
680 1716 724 1743 IX.
744 1717 786 1742 38.
807 1727 828 1742 c.
842 1718 866 1743 6.
881 1715 913 1743 dc
926 1715 1025 1752 indulg.
1040 1716 1112 1742 crim.

266 1762 359 1789 Manus
378 1761 475 1788 divina.
512 1760 594 1787 Gesta
618 1761 644 1786 in
670 1759 731 1786 Sen.
758 1759 791 1786 de
816 1769 867 1786 rec.
893 1758 943 1785 Th.
969 1758 1000 1786 C.
1020 1758 1112 1793 (ch.

288 1827 293 1831 .
312 1805 350 1838 4.)

268 1815 284 1842 P
302 1848 459 1875 Divisio.
497 1848 528 1881 ξ.
553 1848 588 1874 1.
622 1847 872 1873 Determinatio.
910 1845 954 1872 III.
976 1846 1042 1873 Gn·
1062 1844 1114 1871 Me-

269 1890 379 1923 cbanici,
401 1896 426 1917 et
444 1895 601 1927 geometrae,
622 1894 648 1915 et
661 1888 806 1920 architecti,
826 1889 871 1925 qui
891 1887 1037 1915 divisiones
1056 1898 1114 1926 par-

270 1935 334 1961 tium
352 1934 467 1959 omnium
486 1934 682 1968 incisionesque
701 1936 815 1958 servant.
836 1931 886 1958 Th.
907 1931 938 1958 C.
958 1931 1026 1958 thl.
1047 1932 1070 1957 4.
1092 1941 1113 1957 c.

268 1978 293 2003 3.
313 1976 346 2003 dc
366 1986 454 2003 exeuS.
475 1976 542 2002 artis.
568 1991 598 1994 —
624 1976 655 2008 δ.
673 1976 708 2001 2.
733 1977 895 2002 Partitio.
919 1974 938 2001 I.
959 1976 1021 2009 Sy.
1044 1972 1115 2000 Con-
1135 1969 1136 2001 l

269 2019 379 2046 tributio
399 2020 485 2052 (anni,
504 2029 528 2045 v.
549 2018 675 2055 temporis
695 2018 758 2051 etc.)
783 2018 814 2044 fr.
834 2019 858 2043 5.
878 2017 908 2044 fr.
929 2019 952 2044 7.
972 2027 1011 2054 pr.
1031 2017 1069 2051 55.
1092 2018 1113 2043 l.

270 2064 293 2089 4.
313 2062 362 2089 sol.
382 2063 494 2089 matrim.
519 2063 561 2087 24.
579 2064 604 2088 3.
630 2060 660 2087 fr.
679 2063 721 2087 20.
746 2061 767 2095 5.
789 2063 812 2087 5.
837 2060 870 2087 de
889 2061 1007 2087 statulib.
1027 2062 1069 2086 40.
1089 2061 1113 2086 7.
1135 2056 1138 2068 '

270 2105 312 2132 III.
337 2107 402 2133 Gn.
432 2105 473 2131 De
492 2106 548 2131 iure
572 2114 744 2142 personarum
769 2103 873 2130 divisio.
913 2104 970 2130 Gai.
990 2103 1008 2130 I.
1028 2105 1052 2130 9.
1071 2104 1113 2129 48.

275 2150 333 2174 142.
371 2148 564 2185 (Jbligationcs,
585 2157 693 2183 quarum
713 2157 812 2173 summa
827 2146 923 2173 divisio
937 2148 962 2173 in
977 2147 1042 2174 duas
1057 2156 1116 2184 spc-

271 2193 324 2218 cies
344 2191 490 2218 deducitur.
518 2191 555 2217 lb.
575 2190 617 2216 111.
638 2193 679 2216 88.
717 2190 746 2216 Si
767 2206 799 2209 —
819 2191 949 2216 communi
969 2189 1115 2216 dividundo

270 2234 396 2262 iudicium
416 2240 513 2270 agatur.
535 2239 559 2260 et
579 2233 675 2260 divisio
696 2238 746 2259 tam
763 2232 880 2259 difficilis
900 2234 934 2259 sit
954 2238 1002 2259 etc.
1023 2232 1053 2258 fr.
1073 2234 1114 2258 55.
1138 2231 1139 2238 ¹

271 2278 331 2304 fam.
353 2278 448 2304 ercisc.
471 2279 509 2303 lo.
529 2280 553 2303 2.
595 2276 695 2303 Iudicio
715 2276 854 2302 divisionis
874 2276 906 2302 de
925 2276 1055 2302 communi
1074 2274 1117 2301 ha—

270 2320 342 2347 bere.
363 2319 393 2346 sr.
416 2321 455 2345 77.
476 2330 515 2356 pr.
536 2320 568 2345 de
588 2319 664 2355 legat.
680 2319 709 2345 ll.
730 2320 798 2353 (31.)
821 2319 901 2354 Quod
921 2318 1059 2345 divisionis
1079 2327 1117 2344 ar-

271 2364 351 2390 bitrio
374 2363 480 2389 suflicit.
520 2362 604 2388 Yatic.
630 2363 651 2396 5.
676 2364 735 2388 256.
759 2362 790 2388 fr.
813 2363 855 2389 33.
881 2361 938 2388 sam.
959 2372 1010 2388 erc.
1032 2363 1071 2387 10.
1091 2363 1118 2387 2.
1138 2382 1139 2398 3

271 2406 342 2433 Inter
352 2405 470 2443 pupillos
483 2411 606 2443 paternae
623 2406 776 2432 hereditatis
791 2405 886 2431 divisio
900 2405 967 2431 sacta
981 2409 1029 2431 est.
1044 2414 1116 2441 prae-

1085 168 1173 199 DIV.

1156 250 1196 276 sio
1216 255 1265 276 etc.
1285 249 1316 276 sr.
1338 251 1361 276 l.
1380 249 1402 283 5.
1421 251 1446 275 2.
1467 249 1500 275 de
1518 259 1588 275 mun.
1608 254 1633 275 et
1652 248 1713 275 hon.
1734 251 1774 276 50.
1795 251 1818 276 4.
1857 249 1926 276 Cum
1946 250 2002 286 qui-

1157 292 1216 319 dam
1234 292 1424 319 decurionibus
1444 292 1591 319 divisiones
1616 291 1672 319 dai-i
1696 292 1826 319 voluisset
1846 292 1888 319 die
1907 292 2002 319 natalis

1156 337 1206 362 sui.
1228 335 1257 362 fr.
1277 337 1320 361 23.
1341 335 1373 361 de.
1393 345 1451 362 ann.
1471 335 1548 371 legat.
1568 336 1610 361 33.
1633 337 1655 361 1.

1191 379 1356 406 Invisus.
1382 378 1514 411 (Partic.)
1539 380 1574 405 111
1593 385 1706 412 partes
1726 380 1929 412 auium-tus,
1950 380 2001 405 Se-

1156 429 1306 457 paratus.
1343 421 1372 447 II.
1389 423 1457 455 Op.
1477 420 1516 447 Ne
1535 421 1601 448 alter
1619 422 1676 447 sine
1690 421 1773 447 altero
1794 421 1857 457 quid
1876 426 1954 457 gerat.
1968 437 2001 441 -

1158 466 1260 492 Divisis
1281 465 1376 491 officiis
1396 464 1550 501 praepositi.
1576 464 1606 490 t'r.
1629 466 1650 491 1,
1675 464 1713 498 55
1735 466 1774 490 13.
1795 474 1834 500 sq.
1862 463 1895 490 de
1915 474 2000 490 exerc.

1134 511 1137 538 ἶ
1157 514 1206 535 act.
1228 510 1268 535 14.
1290 510 1311 535 1.
1351 507 1478 533 Iunctum.
1510 523 1542 526 —
1567 507 1698 534 Divisum.
1725 507 1755 534 fr.
1774 508 1798 533 8.
1824 507 1846 540 5.
1866 509 1890 532 2.
1916 505 1948 532 de
1967 506 2002 533 le·

1135 552 1137 562 '
1158 556 1207 588 gat.
1228 551 1246 578 1.
1268 552 1335 584 (30.)
1356 550 1485 577 Solidum.
1507 566 1537 570 -
1558 550 1689 577 Divisum.
1710 550 1739 577 fr.
1759 552 1800 576 85.
1820 560 1860 587 pr.
1875 549 1908 575 de
1921 548 1953 575 V.
1968 548 2002 575 Ο.

1159 597 1200 621 45.
1216 596 1238 621 l.
1278 593 1551 621 Divisa.-Indivisa
1572 594 1666 630 (pars.)
1687 593 1717 620 fr.
1737 596 1760 619 5.
1781 592 1813 619 de
1832 592 1915 619 usutr.
1935 594 1958 618 7.
1979 594 2001 618 l.

1135 633 1137 666 l
1158 637 1210 664 Pro
1229 637 1354 669 indiviso.
1375 653 1407 656 —
1426 636 1478 662 Pro
1492 635 1578 662 diviso
1599 637 1756 669 (commune.
1776 646 1800 662 v.
1817 635 1951 667 alienum.)
1971 634 2002 661 fr.

1158 683 1182 707 5.
1203 682 1286 715 §.16.
1309 680 1342 707 de
1361 680 1415 706 reb.
1437 689 1489 705 eor.
1510 689 1553 715 qu.
1573 689 1594 705 s.
1612 684 1666 718 tut.
1685 682 1727 706 27.
1748 682 1771 706 9,
1797 678 1827 705 fr.
1848 681 1889 705 43.
1910 688 1949 716 pr.
1970 677 2003 704 de

1158 724 1189 751 Α.
1209 734 1234 751 V.
1254 724 1286 750 A.
1306 723 1335 750 P.
1354 725 1396 749 41.
1415 725 1440 749 ⁶2.
1461 722 1491 748 fr.
1510 724 1553 748 25.
1578 722 1600 755 5.
1623 724 1645 748 l.
1664 722 1697 749 de
1717 722 1748 749 V.
1769 721 1795 749 S.
1816 723 1858 748 50.
1880 723 1920 748 16.
1959 720 2001 747 III.

1159 769 1225 795 Cn.
1261 767 1354 793 Divisa
1379 775 1432 791 non
1456 765 1554 797 videri,
1579 765 1626 791 sed
1646 766 1760 792 omnium
1781 766 1927 791 communia
1946 774 2003 802 per-

1158 811 1295 837 mansisse.
1321 809 1351 836 sr.
1370 810 1412 835 31.
1438 818 1530 835 comni.
1557 807 1608 834 div.
1635 810 1674 834 10.
1694 809 1718 834 3.
1756 807 1872 835 Possunt
1892 809 1947 834 iura
1966 808 2003 834 in-

1135 847 1137 862 l
1158 853 1262 879 terdum
1282 857 1308 878 et
1326 857 1446 889 separata
1466 862 1479 877 a
1498 851 1580 877 fundo
1600 861 1668 878 esse.
1688 861 1736 877 nec
1747 861 1869 878 mensura
1883 856 1927 877 aut
1941 856 2004 877 tem-

1158 896 1268 934 poribus
1287 895 1380 922 divisa.
1401 895 1431 921 fr.
1454 896 1493 921 19.
1514 894 1535 928 5.
1548 896 1574 921 4.
1595 895 1629 921 ib.
1652 897 1691 920 10.
1704 896 1728 921 3.
1750 894 1779 920 fr.
1793 897 1817 921 5,
1837 905 1875 932 pr.
1891 894 1924 921 de
1937 904 2003 931 aqna

1159 944 1231 976 quot.
1250 940 1292 965 43.
1312 940 1354 964 20.
1392 938 1434 965 De
1452 937 1502 969 his,
1523 948 1590 974 quae
1609 938 1693 964 divisa
1708 948 1738 963 eo
1753 937 1851 964 iudicio
1865 947 1918 964 non
1932 942 2002 969 sunt,

1158 999 1191 1002 —
1215 982 1314 1009 arbiter
1338 981 1497 1019 postulatus.
1523 980 1595 1007 Paul.
1622 981 1639 1007 1.
1668 982 1706 1007 18.
1731 981 1752 1015 5.
1780 983 1801 1007 l.
1843 980 1895 1007 Pro
1915 980 2003 1007 diviso

1158 1025 1291 1063 possideri
1310 1035 1363 1050 non
1382 1034 1471 1061 posse.
1493 1024 1522 1050 fr.
1542 1025 1567 1050 8.
1587 1023 1620 1050 de
1638 1024 1669 1050 R.
1684 1023 1716 1050 V.
1736 1026 1759 1051 G.
1782 1025 1804 1050 l.
1840 1023 2004 1060 Regionibus

1158 1068 1251 1095 divisis
1271 1068 1417 1094 communis
1437 1066 1566 1100 (insula.)
1591 1066 1622 1094 fr.
1641 1069 1683 1093 29.
1709 1067 1742 1093 de
1761 1067 1792 1093 Α.
1812 1066 1843 1093 R.
1863 1066 1897 1093 D.
1917 1068 1959 1092 41.
1981 1068 2003 1092 1.

1157 1111 1320 1148 Regionibus
1344 1111 1447 1137 divisus
1472 1111 1558 1143 (inter
1584 1112 1691 1139 socios)
1716 1109 1821 1136 fundus.
1841 1110 1872 1136 sr.
1892 1111 1916 1136 6.
1936 1110 1959 1143 5.
1980 1110 2002 1135 l.

1158 1154 1287 1191 Quemad.
1307 1155 1397 1180 servit.
1418 1154 1442 1179 S.
1462 1154 1486 1179 6.
1507 1152 1537 1179 fr.
1550 1154 1592 1179 31.
1612 1152 1645 1179 de
1658 1163 1708 1179 usu
1727 1158 1753 1179 et
1766 1152 1834 1179 usuf.
1849 1152 1897 1189 leg.
1911 1154 1953 1179 33.
1967 1154 1991 1178 2.

1192 1198 1374 1226 Βίνίῐίαθ.
1405 1198 1494 1231 Opes.
1520 1195 1563 1222 111.
1585 1197 1650 1224 011.
1675 1195 1841 1232 paupertatis
1861 1195 1948 1232 detegi
1966 1196 2004 1222 vi-

1157 1241 1266 1272 litatem,
1286 1245 1312 1267 et
1331 1240 1445 1267 invidiae
1464 1249 1600 1276 exponere
1619 1238 1732 1265 divitias.
1759 1248 1780 1264 c.
1800 1240 1824 1265 2.
1844 1249 1884 1276 pr.
1905 1240 1957 1274 Qu.
1978 1243 2003 1265 et

1158 1284 1230 1321 quib.
1251 1294 1294 1321 qu.
1314 1294 1384 1321 pars.
1406 1285 1446 1309 10.
1465 1284 1508 1309 34.

1191 1327 1421 1355 niver-tium.
1460 1326 1649 1352 Discidium
1669 1326 1883 1351 matrimonii.
1908 1324 2003 1359 [δῇ.

1157 1370 1315 1408 Repudium.
1341 1369 1403 1406 le.
1423 1368 1494 1396 XIV.
1517 1370 1538 1394 l.
1563 1368 1593 1394 fr.
1617 1369 1642 1393 3.
1667 1367 1700 1393 de
1718 1367 1815 1394 divort.
1835 1369 1877 1394 24.
1896 1369 1921 1394 2.
1959 1367 2002 1394 III.

1158 1415 1224 1442 (311.
1249 1413 1278 1440 Si
1303 1413 1446 1439 divortium
1470 1416 1511 1438 est
1529 1411 1704 1442 matrimonii,
1730 1415 1756 1437 et
1779 1411 1830 1437 hoc
1849 1412 1907 1437 sine.
1926 1410 2004 1448 culpa

1156 1457 1274 1484 mulieris
1294 1456 1390 1483 sactum
1409 1460 1458 1481 est.
1495 1454 1538 1481 Fr.
1555 1453 1630 1480 Pauli
1649 1453 1728 1480 I.Cti.
1749 1464 1788 1491 ap.
1809 1453 1951 1480 Boethium
1971 1453 2004 1480 ad

1158 1501 1214 1528 Cic.
1234 1500 1302 1538 Top.
1323 1510 1344 1526 c.
1364 1501 1388 1526 4.
1413 1498 1445 1525 ct‘.
1465 1497 1528 1535 le.
1552 1496 1597 1524 1⁷1.
1624 1499 1664 1523 10.
1701 1497 1854 1524 Divortium
1879 1498 1949 1523 inter
1967 1498 2004 1523 vi-

1157 1555 1213 1571 rum
1237 1549 1263 1570 et
1285 1553 1395 1570 uxorem
1419 1542 1477 1568 fieri
1502 1541 1607 1568 dicitnr.
1632 1540 1663 1567 fr.
1690 1542 1747 1567 101.
1774 1541 1844 1574 5.1.
1870 1539 1903 1566 de.
1921 1539 1953 1566 V.
1973 1539 2002 1567 S.

1157 1590 1198 1614 50.
1220 1588 1259 1613 16.
1297 1586 1372 1613 Filiis
1392 1587 1448 1612 suis
1468 1584 1499 1611 ab
1520 1594 1602 1610 uxore
1622 1583 1737 1610 divortio
1756 1582 2004 1620 separata—fidei-

1134 1633 1135 1641 *
1157 1631 1327 1657 commissum
1346 1628 1477 1656 relictum.
1497 1627 1527 1654 fr.
1545 1629 1588 1653 22.
1608 1637 1648 1664 pr.
1669 1626 1701 1653 ad
1720 1626 1748 1652 S.
1769 1626 1800 1653 C.
1821 1624 1901 1652 Treb.
1921 1627 1963 1652 36.
1980 1627 2003 1652 1.

1134 1674 1136 1691 ἶ
1157 1674 1187 1700 Si
1206 1673 1349 1700 divortium
1369 1671 1475 1708 quidem
1494 1674 1614 1696 secutum
1628 1670 1671 1701 sit,
1690 1674 1870 1696 verumtamen
1889 1670 1946 1695 iure
1959 1668 2005 1696 du—

1135 1724 1136 1738 *
1157 1721 1197 1743 rat
1216 1716 1417 1743 matrimonium.
1437 1713 1469 1740 fr.
1491 1715 1513 1739 1.
1534 1712 1557 1747 ξ.
1578 1714 1601 1739 1.
1622 1712 1691 1738 unde
1702 1711 1734 1739 V.
1750 1717 1775 1738 et
1788 1711 1821 1738 U.
1841 1714 1883 1739 38.
1905 1714 1945 1739 ll.
1974 1712 2004 1739 Si

1157 1761 1198 1786 vir
1216 1760 1294 1786 uxori
1311 1768 1367 1785 rem
1386 1756 1533 1788 donaverit,
1553 1761 1577 1782 et
1598 1755 1740 1782 divortium
1763 1756 1952 1782 intercesserit.
1971 1755 2003 1782 fr.

1135 1816 1137 1826 >
1160 1805 1181 1830 l.
1201 1803 1223 1837 5.
1242 1805 1267 1829 2.
1287 1811 1336 1839 pro
1356 1800 1443 1827 donat.
1463 1801 1505 1826 41.
1525 1800 1549 1826 6.
1592 1798 1648 1825 Sub
1669 1799 1728 1835 ipso
1749 1797 1857 1824 divortii
1876 1802 2003 1836 tempore,

1135 1828 1137 1873 l
1158 1856 1211 1873 non
1231 1856 1262 1872 ex
1282 1844 1440 1880 cogitatione
1459 1841 1618 1879 quandoque
1630 1841 1713 1868 futuri
1728 1841 1844 1867 divortii.
1864 1840 1894 1868 fr.
1910 1843 1950 1868 l2.
1970 1841 2003 1868 de

1135 1878 1136 1924 l
1158 1889 1219 1916 don.
1238 1889 1285 1915 int.
1305 1887 1337 1914 V.
1357 1888 1398 1913 24.
1420 1888 1442 1912 l.
1480 1884 1587 1917 Verum.
1602 1901 1634 1904 —
1648 1884 1806 1911 Simulatum
1825 1884 2002 1918 (divortium.)

1135 1928 1136 1967 l
1159 1933 1189 1959 fr.
1209 1933 1250 1958 64.
1270 1931 1305 1957 ib.
1324 1933 1366 1957 24.
1389 1932 1411 1956 1.
1437 1928 1469 1955 cf.
1494 1928 1523 1954 t'r.
1543 1929 1568 1954 3.
1589 1927 1622 1954 de
1646 1927 1742 1954 divort.
1762 1929 1804 1954 24.
1824 1930 1849 1953 2.
1885 1927 2002 1954 Divortii

1159 1985 1250 2002 causa.
1273 1985 1298 2001 v.
1322 1972 1435 2000 consilio
1460 1971 1590 2005 (donare,
1615 1980 1640 1997 v.
1660 1980 1703 1997 res
1721 1980 1828 1996 movere
1847 1970 1914 2003 etc.)
1939 1969 2001 2007 le.

1135 2010 1137 2055 l
1158 2018 1217 2045 VII.
1239 2020 1261 2044 l.
1282 2027 1321 2053 sq.
1343 2016 1374 2043 fr.
1393 2017 1435 2042 60.
1455 2015 1477 2049 5.
1499 2016 1521 2040 l.
1541 2014 1571 2040 fr.
1591 2014 1632 2040 64.
1653 2013 1686 2039 de
1705 2013 1765 2039 don.
1785 2013 1831 2039 int.
1851 2012 1883 2039 V.
1902 2014 1945 2039 24.
1967 2015 1989 2039 l.

1194 2059 1436 2088 Βίυῐιιιιῐίιιε.
1457 2059 1609 2084 Actorum
1631 2057 1822 2083 diurnorum
1837 2063 1999 2091 exceptor.

1159 2103 1201 2130 III.
1227 2105 1293 2131 (Vn.
1321 2099 1564 2128 Subscribendarii.
1592 2098 1730 2130 tabularii,
1759 2098 1900 2131 diui-narii,
1929 2099 2001 2136 logo-

1137 2151 1138 2179 }
1159 2146 1260 2184 graphi,
1279 2144 1424 2172 censuales.
1445 2142 1495 2169 Th.
1521 2142 1552 2169 C.
1579 2141 1646 2167 VIII.
1671 2143 1694 2168 4.
1720 2152 1741 2168 c.
1762 2144 1785 2169 8.
1810 2143 1831 2176 5.
1860 2144 1881 2168 l.
1903 2141 1936 2169 dc
1960 2152 2002 2169 eo-

1160 2189 1254 2216 hortal.

1194 2233 1376 2260 lliurnus.
1414 2228 1544 2263 (Adiect.)
1582 2228 1613 2261 §.
1638 2228 1673 2253 1.
1702 2229 1749 2253 Ad
1771 2233 1893 2262 tempus
1917 2230 2002 2255 lucie

1138 2282 1139 2308 t
1160 2282 1319 2311 spectans.
1356 2273 1375 2300 1.
1402 2274 1463 2307 Sy.
1492 2271 1609 2298 Interdiu
1628 2269 1810 2307 deprehensns
1831 2270 1906 2305 (sur.)
1924 2270 1956 2297 fr.
1976 2272 2000 2297 4.

1138 2323 1139 2364 t
1161 2320 1182 2353 5
1203 2321 1226 2345 1.
1246 2318 1278 2344 ad
1297 2317 1326 2344 L.
1347 2316 1416 2353 Aqu.
1435 2318 1459 2342 9.
1478 2317 1502 2341 2.
1523 2314 1553 2341 fr.
1573 2315 1613 2340 54.
1634 2314 1656 2347 5.
1678 2315 1701 2339 2.
1728 2313 1760 2339 de
1780 2313 1840 2340 furt.
1860 2315 1901 2340 47.
1921 2315 1945 2340 2.
1969 2314 2000 2340 I'r.

1163 2364 1184 2388 1.
1205 2372 1244 2398 sq.
1266 2360 1298 2387 de
1318 2360 1366 2387 sur.
1385 2359 1454 2385 baln.
1474 2360 1515 2384 47.
1537 2359 1576 2383 17.
1614 2356 1642 2383 ll.
1669 2358 1736 2390 01).
1767 2356 1918 2383 Nocturnus
1938 2356 2001 2390 (fur,

1138 2411 1139 2418 ¹
1160 2415 1184 2431 v.
1205 2403 1353 2437 effractor.)
1381 2401 1451 2429 Coll.
1470 2399 1523 2428 LL.
1544 2399 1576 2426 Μ.
1598 2399 1652 2425 111.
1678 2402 1702 2426 2.
1723 2409 1781 2436 sqq.
1807 2399 1837 2426 fr.
1861 2402 1885 2426 2.
1911 2399 1944 2426 de
1967 2399 2002 2426 ef-

272 2454 347 2476 sente
366 2448 504 2480 Praetore,
528 2448 576 2474 sed
600 2458 652 2474 non
676 2448 829 2484 adsignante
854 2449 1028 2474 instrumento
1052 2447 1116 2473 divi·
1137 2455 1139 2479 j
1161 2448 1265 2475 fractor.
1279 2448 1320 2473 47.
1336 2447 1376 2472 18.
1412 2444 1538 2475 Diurmoe,
1558 2458 1590 2462 —
1610 2442 1760 2469 Nocturnae
1779 2443 1908 2479 (operae.)
1927 2441 2000 2469 Paul.

273 2494 364 2520 sionis.
390 2491 420 2518 fr.
445 2494 487 2518 20.
514 2491 547 2518 de
571 2495 668 2517 auctor.
694 2496 720 2516 et
739 2501 811 2517 cons.
836 2493 878 2517 26.
904 2494 927 2517 ὅ.
953 2490 984 2517 cf.
1004 2489 1076 2516 Paul.
1097 2489 1115 2515 1.
1137 2482 1139 2519 i
1161 2490 1190 2517 ll.
1213 2492 1252 2517 18.
1273 2490 1295 2524 5.
1317 2491 1339 2515 l.
1360 2487 1389 2514 fr.
1408 2489 1433 2513 2.
1457 2485 1490 2512 de
1509 2496 1566 2512 ann.
1588 2486 1663 2522 legat.
1682 2487 1724 2513 33.
1746 2487 1768 2512 l.
1789 2485 1819 2512 fr.
1839 2487 1863 2512 3.
1883 2486 1904 2520 5.
1926 2487 1947 2512 l.
1968 2484 2001 2512 de

275 2537 313 2561 18.
334 2536 356 2570 5.
375 2537 399 2561 2.
420 2535 450 2561 fr.
470 2536 513 2561 30.
533 2533 591 2560 sam.
612 2534 703 2560 ercisc.
726 2535 764 2559 10,
784 2537 809 2560 2.
851 2533 1029 2561 Hereditatem
1049 2534 1117 2559 inter
1137 2534 1139 2559 ἰ
1161 2543 1233 2571 oper.
1252 2532 1340 2559 libert.
1359 2532 1401 2557 38.
1422 2531 1444 2555 1.
1481 2528 1591 2561 Diurna,
1608 2545 1639 2548 —
1654 2529 1788 2555 Nocturna
1808 2528 1909 2562 (hora.)
1929 2528 1960 2555 fr.
1974 2530 1999 2555 2.

276 2588 304 2604 se
324 2578 484 2609 diviserunt,
508 2582 533 2603 et
558 2582 683 2603 caverunt
702 2576 765 2602 sibi:
790 2577 878 2603 ..nihil
903 2587 931 2603 sc
951 2581 1040 2603 contra
1061 2585 1116 2602 eain
1160 2576 1193 2603 dc
1212 2586 1277 2612 aqua
1297 2579 1369 2611 quot.
1389 2574 1429 2599 43.
1449 2573 1490 2598 20.
1511 2571 1541 2598 t'r.
1561 2574 1602 2598 25.
1618 2582 1657 2609 pr.
1678 2572 1710 2599 ad
1728 2571 1759 2598 L.
1778 2571 1826 2598 Iul.
1846 2571 1879 2598 de
1898 2570 1938 2598 ad.
1956 2571 1998 2596 48.

274 2620 430 2647 divisionem
454 2621 603 2647 facturos.“
628 2620 658 2646 t'r.
686 2621 741 2645 122.
767 2620 788 2652 5.
813 2622 836 2645 6.
861 2619 893 2645 de
917 2619 948 2646 V.
969 2619 1001 2645 Ο.
1026 2621 1068 2645 45.
1093 2620 1114 2644 1.
1160 2622 1184 2646 5.
1204 2635 1236 2639 -—
1261 2619 1292 2653 §.
1318 2619 1352 2644 2.
1383 2617 1619 2649 Quotidianus‚
1647 2617 1783 2649 Tempus
1808 2615 1928 2642 XXIV
1946 2615 1999 2640 leo-

274 2662 336 2689 Post
357 2664 514 2690 divisionem
532 2663 662 2690 bonorum
687 2667 711 2688 et
735 2663 803 2688 aeris
825 2661 911 2688 alieni.
937 2662 967 2688 fr.
988 2664 1029 2688 40.
1049 2662 1071 2696 5
1090 2664 1114 2687 2.
1138 2675 1139 2697 χ
1161 2671 1270 2690 rurum
1289 2661 1508 2694 complectens.
1545 2658 1588 2684 III.
1608 2659 1674 2686 Gn.
1695 2658 1821 2684 Officium
1837 2657 1945 2684 diurnae.
1962 2656 1999 2681 vi-

275 2705 307 2732 de
326 2711 392 2742 part.
412 2709 436 2732 2.
459 2709 497 2733 111.
537 2707 593 2733 Fiat
610 2706 708 2732 divisio
723 2706 772 2738 (sc.
787 2706 880 2741 aquae)
900 2715 947 2741 pro
961 2705 1040 2731 modo
1053 2705 1115 2740 agri.
1160 2710 1202 2731 tae
1221 2703 1377 2738 (retinere.)
1401 2700 1474 2728 Paul.
1495 2700 1526 2727 V.
1547 2702 1588 2727 23.
1612 2701 1634 2734 5.
1654 2703 1678 2727 5.
1715 2700 1862 2727 Mercedem
1879 2699 1999 2726 diurnam

275 2749 306 2775 fr.
326 2751 368 2774 25.
391 2748 423 2774 de
443 2749 470 2775 S.
490 2749 517 2776 P.
538 2749 569 2776 R.
590 2750 614 2775 8.
633 2750 658 2775 3.
678 2764 711 2768 —
730 2749 761 2782 ξ.
772 2749 810 2774 3.
829 2749 1000 2782 Erogatio.
1020 2747 1038 2773 1.
1053 2748 1114 2782 Sy.
1159 2751 1301 2785 praestare.
1322 2746 1352 2772 tr.
1372 2747 1413 2771 23.
1433 2745 1454 2778 5.
1474 2746 1499 2770 4.
1519 2744 1552 2770 (le
1565 2743 1650 2770 fideic.
1670 2743 1733 2770 libb.
1747 2744 1789 2770 40.
1803 2745 1826 2769 5.
1863 2741 1998 2777 Quantum

274 2790 445 2817 Distributio.
465 2791 494 2818 fr.
516 2794 571 2818 117.
593 2792 622 2818 t‘r.
644 2794 701 2818 122.
721 2802 759 2829 pr.
786 2790 818 2817 (1(-
838 2790 914 2827 legat.
934 2789 952 2816 I.
973 2790 1040 2823 (30.)
1072 2789 1113 2816 111.
1160 2790 1215 2817 filio
1234 2799 1292 2816 meo
1317 2787 1439 2815 diurnum
1457 2787 1585 2819 sufficiat,
1605 2802 1637 2806 —
1657 2786 1838 2813 aestimabunt.
1863 2783 1893 2810 fr.
1913 2786 1954 2810 47.
1975 2784 1997 2818 5.

276 2835 342 2862 Cn-
362 2833 512 2860 personalia
532 2834 618 2861 civilia
642 2839 704 2861 sunt.
721 2844 841 2861 munera:
860 2848 894 2853 -
913 2842 1031 2860 annonae
1050 2832 1115 2859 divi·
1161 2834 1183 2859 l.
1210 2832 1243 2859 de
1267 2831 1333 2858 adm.
1357 2836 1382 2857 et
1406 2841 1461 2868 per.
1481 2832 1523 2856 26.
1549 2832 1571 2856 7.
1608 2828 1754 2856 Victualem
1773 2827 1945 2854 substantiam
1966 2843 1998 2847 —-
