2197 3121
948 141 1033 172 ΗΑΒ
1059 160 1097 166 -
1123 142 1221 174 HAG.

221 224 243 248 l.
281 221 374 258 Neque
397 221 517 249 laborare
542 221 634 254 habet,
655 226 684 248 ut
707 231 736 248 sc
760 227 949 259 repraesentet.
969 210 1061 250 frsl5.

219 265 240 300 5.
259 266 283 291 3.
304 265 336 291 ad
355 264 384 291 L.
405 265 453 292 Iul.
474 265 507 292 de
531 265 612 291 adult.
637 266 678 291 48.
702 267 726 291 5.
768 265 796 291 In
821 275 880 291 eum
898 265 986 292 locum
1006 276 1064 303 per-

219 307 301 339 ducti.
322 308 347 334 in
368 318 420 344 quo
441 309 544 345 operari
563 307 660 334 habent
681 307 724 341 [al.
745 307 862 342 debent]
884 307 915 335 fr.
936 310 975 335 10.
997 309 1018 342 5.
1040 310 1062 334 1.

219 350 252 377 de
271 360 349 388 poen.
369 353 410 378 48.
437 353 477 378 19.
524 350 567 377 Ad
595 349 665 376 dotis
689 352 874 387 quantitatem,
903 360 989 387 neque
1012 361 1063 377 am·
1084 351 1085 356 ¹

218 393 303 431 plius,
330 394 450 430 (neque)
474 393 582 420 habebit
605 393 728 420 mandare
752 395 878 420 actiones.
898 393 929 420 sr.
950 396 991 420 43.
1011 393 1061 420 sol.

218 437 330 463 matrim.
349 438 391 463 24.
411 439 435 463 3.
456 436 488 463 cf.
509 436 538 463 fr.
558 438 583 462 3.
602 436 624 470 5.
646 438 668 462 1.
689 436 721 463 de
740 437 840 464 censib.
859 438 900 463 50.
922 438 962 462 15.

256 479 417 506 nabilis.
447 478 576 511 (Adiect.)
608 481 726 514 Aptun,
748 481 955 507 Conveniens.
970 478 988 505 1.
1000 480 1062 513 Sy.

218 520 340 548 Idoneus.
368 522 398 549 fr.
417 524 441 548 2.
466 522 502 556 55.
522 524 564 548 34.
584 523 626 548 36.
651 522 683 549 ad
707 522 773 550 S.C.
794 522 866 549 Tert.
886 523 928 548 38.
950 524 990 549 17.
1011 521 1061 548 Th.

219 564 250 591 C.
270 565 327 591 XII.
350 567 371 592 l.
392 576 412 591 c.
432 567 474 591 32.
500 575 520 591 c.
540 566 581 591 35.
608 565 640 592 de
664 566 797 593 decurion.
834 566 877 592 111.
901 567 967 593 Gn.
988 565 1063 600 Quae

218 607 293 634 rudia
313 613 382 640 sunt,
403 608 452 641 (sc.
473 609 623 645 mancipia.)
643 608 805 646 simpliciora
824 619 896 637 esse.
922 613 947 635 et
966 608 999 634 ad
1016 609 1063 634 mi-

218 652 326 677 nisteria
340 652 449 688 aptiora,
463 655 489 677 et
503 649 639 683 dociliora,
654 657 680 678 et
698 652 730 678 ad
743 662 820 678 omne
833 652 1006 678 ministerium
1020 651 1063 677 ha-

218 693 290 720 bilia.
310 693 340 720 fr.
360 695 401 720 37.
422 694 454 720 de
473 693 560 720 Aedil.
579 694 657 721 edict.
671 697 712 721 21.
728 697 751 721 1.
788 694 887 721 Servos
907 694 1014 727 donare,
1035 699 1063 721 ut.

218 737 391 768 manumittat,
412 742 438 763 et
456 736 558 763 habiles
578 737 610 763 ad
635 737 754 764 militiam
778 737 889 764 libertos
908 737 1010 764 habeat.
1030 737 1061 764 fr.

217 780 242 805 6.
262 779 295 806 de
315 785 391 806 castr.
412 790 468 818 pec.
488 782 529 807 49.
552 782 591 807 17.
631 780 659 807 Si
679 780 815 817 indignos,
835 782 851 807 i.
872 792 894 807 e.
914 782 1000 807 minus
1019 781 1061 807 ha-

218 822 295 851 biles.
315 823 347 849 ad
367 823 475 850 tutelam
500 824 614 861 petierit.
639 822 669 850 fr.
693 825 717 849 2.
738 824 760 858 5.
783 825 826 850 34.
851 823 882 850 ad
902 823 968 850 S.C.
989 823 1062 850 Tert.

216 866 258 892 38.
281 867 320 892 17.
358 866 387 893 Si
408 868 467 903 quis
481 866 596 893 cloacam
614 867 641 892 in
661 867 729 892 viam
750 866 882 904 publicam
901 867 1062 898 immitteret,

218 918 304 945 exque
325 920 353 936 ea
373 919 402 936 re
421 911 507 936 minus
527 908 622 935 habilis
647 910 688 935 via
712 920 760 947 per
779 910 894 937 cloacam
913 910 966 937 fiat.
987 909 1017 936 fr.
1036 912 1061 936 2.

216 951 239 985 5.
259 953 301 978 26.
321 962 353 978 ne
373 962 416 989 qu.
435 954 461 979 in
481 952 539 978 loco
560 951 621 988 pub.
642 954 683 979 43.
703 954 727 979 8.

254 996 459 1023 Habiliter.
499 994 613 1028 (Advb.)
652 997 825 1023 Commode.
862 995 905 1022 III.
925 997 991 1023 Cn.
1023 995 1061 1025 Si.

217 1042 246 1064 ut
266 1038 388 1065 habiliter
406 1048 520 1074 gemmae
539 1039 594 1074 geri
613 1039 727 1076 possint⁷
747 1038 865 1065 inclusae
879 1049 941 1066 auro
956 1039 1060 1066 fuerint.

217 1079 247 1106 fr.
267 1083 309 1107 20.
330 1081 362 1108 de
381 1091 443 1107 auro
464 1090 515 1117 arg.
535 1082 577 1107 34.
597 1083 621 1107 2.

253 1124 538 1151 Habitaculum.
561 1126 750 1152 Habitatio.
770 1124 790 1151 1.
809 1126 871 1159 Sy.
891 1125 989 1154 Aedes.
1008 1125 1062 1152 Do-

215 1175 282 1193 mus.
302 1165 368 1193 Nov.
390 1166 439 1193 Th.
461 1166 490 1193 11.
516 1167 548 1193 (18
572 1172 660 1194 metat.
680 1167 699 1194 I.
719 1170 743 1194 5.
773 1178 795 1195 c.
817 1170 839 1194 1.
860 1178 898 1205 pr.
919 1169 956 1203 55.
979 1171 1000 1196 1.
1020 1179 1060 1206 sq.

214 1208 257 1235 111.
279 1210 345 1237 Gn.
377 1210 479 1236 Domus
503 1215 529 1236 et
553 1210 709 1237 habitacula.
735 1210 784 1237 Th.
805 1210 837 1237 C.
856 1211 927 1238 XVI.
951 1214 975 1239 5.
996 1222 1017 1239 c.
1036 1214 1060 1239 3.

215 1251 248 1278 de
267 1251 390 1279 haeretic.
429 1253 482 1288 Qui
501 1263 550 1290 per
570 1252 704 1289 quaslibet
723 1253 800 1280 aedes
821 1254 964 1282 habitaculi
984 1265 1061 1282 causa

215 1296 317 1332 recepti
338 1295 442 1322 suerint.
462 1295 500 1322 lb.
522 1295 577 1322 VII.
597 1297 621 1322 9.
641 1306 662 1323 c.
683 1298 707 1323 4.
728 1296 760 1323 de
779 1297 885 1333 salgam.

250 1339 451 1366 Habitare.
489 1339 520 1372 ξ.
542 1339 576 1365 1.
597 1340 722 1370 Colere.
742 1341 896 1367 Incolere.
933 1340 975 1366 111.
991 1341 1057 1368 Cn.

213 1380 289 1408 Plato
309 1391 367 1408 cum
381 1383 540 1413 institueret,
561 1381 782 1418 quemadmodum
797 1384 890 1409 civitas
904 1383 971 1409 bene.
984 1383 1061 1410 beate

213 1424 325 1452 habitari
344 1426 439 1462 possit.
459 1424 490 1451 sr.
510 1428 534 1451 2.
555 1423 588 1450 de
607 1425 715 1451 nundin.
735 1428 776 1452 50.
798 1428 838 1453 11.
854 1443 883 1446 -
899 1427 930 1460 §0
945 1428 980 1453 2.
1002 1428 1060 1453 Do-

213 1478 238 1495 m
247 1469 340 1495 icitia
360 1470 416 1494 uti.
454 1467 473 1494 1.
498 1469 560 1502 Sy.
591 1467 749 1495 lnhabitare.
770 1468 798 1495 fr.
818 1472 860 1496 32.
881 1469 914 1496 de
934 1469 1016 1496 usufr.
1036 1471 1059 1496 7.

214 1512 236 1537 l.
257 1510 287 1537 11.
300 1513 368 1545 Op.
387 1510 511 1548 Hospitio
534 1512 624 1548 recipi.
644 1511 789 1549 Hospitari.
809 1512 840 1539 fr.
860 1514 884 1539 6.
903 1513 925 1546 5.
945 1514 969 1539 3.
990 1518 1059 1539 naut.

213 1564 288 1591 caup.
308 1556 332 1580 4.
352 1556 376 1581 9.
397 1554 426 1580 sr.
450 1556 471 1580 1.
491 1555 513 1587 5.
534 1555 556 1580 9.
577 1554 610 1580 (18
630 1554 654 1580 11.
676 1564 718 1591 qu.
740 1555 818 1581 ell'ud.
839 1557 863 1582 9.
882 1558 907 1582 3.
935 1555 977 1582 III.
993 1557 1059 1584 Gn.

214 1597 289 1632 Quae
308 1596 365 1623 loca
385 1598 470 1623 servis
485 1596 600 1634 publicis
620 1597 651 1623 ab
667 1597 786 1624 Censore
805 1598 949 1630 habitandi,
969 1599 1058 1626 utendi

214 1649 291 1666 causa
317 1639 448 1666 adtributa
473 1645 543 1666 sunt.
569 1639 633 1666 Tab.
658 1640 761 1667 Heracl.
786 1640 831 1667 lin.
856 1643 880 1668 8.
905 1653 956 1668 aer.
976 1642 1058 1679 Neap.

214 1681 315 1708 Curare.
334 1682 422 1713 debet,
442 1687 470 1709 ut
489 1699 521 1702 —
541 1687 567 1709 et
591 1682 687 1710 colono
707 1683 772 1715 frui,
792 1689 818 1710 et
838 1685 968 1721 inquilino
988 1685 1060 1711 habi-

213 1729 269 1751 tare
288 1724 372 1752 liccat.
396 1726 428 1752 sr.
447 1728 489 1752 25.
515 1726 536 1760 5.
561 1728 582 1753 l.
604 1725 683 1753 locat.
709 1728 749 1752 19.
774 1729 798 1753 2.
841 1727 955 1755 Fructus
975 1729 1059 1765 perci-

213 1777 285 1805 pere.
305 1772 349 1794 aut
367 1768 488 1796 locando.
509 1774 553 1795 aut
572 1770 630 1806 ipse
648 1769 833 1806 percipiendo,
855 1770 1058 1807 habitandoque.

214 1811 245 1837 sr.
267 1812 307 1837 ll.
328 1811 350 1844 5.
372 1813 394 1837 l.
414 1811 447 1837 de
466 1813 568 1848 pignor.
587 1814 629 1838 20.
650 1814 673 1839 1.
698 1812 729 1838 cf.
750 1812 780 1838 sr.
800 1814 840 1839 60.
861 1823 900 1850 pr.
920 1813 998 1840 locat.
1019 1815 1057 1840 19.

212 1855 238 1879 2.
276 1853 409 1886 Habitare,
428 1853 631 1890 aedificiumqne.
653 1854 750 1881 habere
774 1856 818 1888 (in
837 1856 1008 1893 sepulchro.)
1027 1857 1058 1884 sr.

213 1897 238 1922 3.
259 1896 281 1930 5.
301 1897 324 1922 6.
345 1896 376 1922 ct'.
397 1897 420 1930 5.
443 1898 481 1922 11.
503 1896 535 1922 de
554 1896 655 1934 sepulc.
668 1897 731 1924 viol.
746 1899 787 1924 47.
804 1900 842 1925 12.
879 1898 1011 1931 Habitare,
1026 1916 1058 1920 ——

212 1938 256 1965 vel
276 1939 303 1965 in
322 1948 384 1971 suo,
404 1938 446 1965 vel
471 1940 496 1965 in
517 1939 662 1973 conducto,
686 1940 729 1967 vel
752 1942 873 1977 gratuito.
898 1942 928 1969 fr.
950 1945 972 1969 1.
992 1943 1014 1977 5.
1034 1945 1057 1970 9.

213 1981 246 2008 de
270 1981 294 2008 h.
319 1992 363 2018 qu.
389 1981 469 2008 deiec.
494 1984 517 2008 9.
542 1984 566 2009 3.
614 1983 755 2010 Habitandi
780 1994 857 2010 causa
881 1985 1009 2018 (ususfr.‚
1032 1996 1056 2012 v.

212 2034 286 2056 usus,
306 2024 400 2051 domus
421 2025 553 2058 relictus.)
573 2025 603 2052 fr.
625 2028 665 2052 10.
686 2027 708 2060 5.
727 2029 751 2053 2.
773 2026 805 2053 de
825 2038 873 2054 usu
893 2033 919 2054 et
937 2028 1018 2056 habit.
1034 2031 1056 2056 7.

212 2069 236 2093 8.
265 2067 307 2094 Ad
320 2067 490 2094 habitandum
503 2068 691 2100 (commodum.
711 2080 734 2096 v.
749 2070 822 2102 utile,
837 2080 873 2097 sc.
888 2071 1056 2105 aedificium.)

213 2109 243 2136 fr.
264 2112 305 2136 60.
326 2121 365 2148 pr.
387 2110 464 2137 locat.
487 2113 524 2138 19.
545 2114 570 2138 2.
590 2112 622 2138 fr.
645 2113 700 2140 183.
721 2112 754 2139 de
773 2112 804 2139 V.
825 2113 852 2140 S.
872 2116 913 2140 50.
936 2116 975 2141 16.

249 2154 460 2181 nabitatio.
498 2155 529 2188 §0
555 2156 590 2181 l.
631 2156 852 2183 Domicilium.
891 2157 908 2183 I.
929 2159 991 2192 Sy.
1011 2158 1057 2185 Se-

215 2194 271 2220 ch.
291 2195 341 2222 Th.
361 2196 392 2223 C.
413 2196 443 2223 V.
463 2199 487 2224 4.
509 2208 530 2224 c.
549 2200 574 2224 3.
594 2197 698 2231 (ch.)
719 2198 751 2225 (18
764 2199 825 2225 bon.
840 2199 915 2226 milit.
934 2200 977 2227 IH.
990 2202 1055 2228 Cn.

214 2236 308 2264 Larem
326 2238 579 2277 habitationemque,
598 2241 641 2267 vel
660 2241 738 2268 sedes
758 2247 856 2273 certas,
875 2243 901 2269 in
920 2245 1056 2280 provincia

215 2285 293 2316 atque
312 2281 410 2317 oppido
430 2283 568 2310 collocare.
588 2283 625 2310 Ib.
646 2283 689 2310 VI.
709 2286 733 2310 2.
754 2295 776 2311 c.
790 2287 814 2311 2.
833 2286 855 2319 5.
872 2287 899 2312 1.’
914 2286 947 2312 (18
966 2286 1054 2314 Senat.

215 2327 241 2348 et
260 2322 292 2348 de
311 2323 378 2359 gleb.
399 2322 480 2358 -—*§.
501 2328 536 2353 2.
552 2329 773 2363 Aedzficinm,
792 2330 825 2354 in
845 2339 903 2363 quo
922 2331 1055 2357 habita—

214 2372 276 2392 tur.
314 2365 331 2392 I.
359 2367 420 2400 Sy·
444 2367 555 2402 Domus,
574 2370 742 2402 Aedificium,
761 2370 857 2397 Aedes.
896 2371 937 2398 Cf.
958 2382 981 2399 v.
1002 2373 1056 2399 Do·

214 2418 280 2434 mus.
305 2409 326 2442 5.
351 2410 375 2435 2.
400 2408 430 2435 fr.
453 2412 494 2437 25.
519 2412 541 2445 5.
568 2414 590 2439 l.
616 2412 685 2439 locat
715 2415 746 2439 19
774 2416 798 2440 2.
825 2414 855 2441 fr.
874 2416 916 2440 20.
936 2415 958 2448 5.
978 2417 1002 2441 2.
1022 2415 1055 2442 (18

215 2452 289 2477 instr.
310 2450 358 2486 leg.
377 2452 419 2478 33
440 2454 463 2478 7.
500 2453 541 2480 III.
561 2457 628 2483 οη.
646 2455 775 2487 Positum,
795 2458 852 2483 sive
871 2458 897 2483 in
917 2457 1055 2484 habitatio-

214 2494 264 2523 nis.
284 2493 327 2519 vel
347 2494 491 2527 coenaculi,
510 2497 565 2523 sive
584 2499 661 2525 etiam
679 2500 706 2525 in
725 2499 822 2531 horrei,
842 2500 884 2526 vel
898 2502 973 2527 cuius
993 2501 1054 2528 alte-

214 2538 269 2563 rius
289 2536 410 2563 aedificii.
434 2537 465 2564 fr.
484 2540 508 2564 5.
533 2539 554 2572 5.
573 2541 596 2566 9.
621 2541 654 2568 (18
677 2542 702 2568 h.
729 2552 771 2579 qu.
795 2543 873 2570 effud.
893 2545 917 2570 9.
936 2545 961 2570 3.
999 2544 1053 2580 Qui

213 2579 323 2606 fundum
343 2579 494 2612 fruendum,
518 2581 561 2607 vel
584 2581 771 2612 habitationem
795 2586 873 2613 alicui
897 2586 1001 2614 locavit.
1022 2587 1052 2614 fr.
1074 2572 1076 2598 l

212 2624 254 2648 25.
275 2622 296 2655 5.
319 2623 340 2647 l.
361 2622 438 2648 locat.
459 2625 498 2650 19.
518 2625 542 2650 2.
579 2624 609 2650 In
621 2626 727 2654 urbanis
741 2628 948 2656 habitationibus
967 2630 1054 2657 locan-

214 2665 256 2691 dis
276 2670 324 2691 etc.
345 2664 375 2691 fr.
395 2666 419 2691 4.
439 2676 478 2702 pr.
499 2666 531 2693 de
550 2672 617 2704 pact.
637 2669 661 2694 2.
681 2671 721 2696 14.
746 2671 777 2698 cf.
797 2671 827 2699 sr.
847 2675 888 2699 27.
908 2684 947 2710 pr.
968 2673 1001 2700 de
1020 2673 1052 2699 N.

214 2706 246 2734 G.
265 2708 289 2733 3.
310 2710 333 2734 5.
372 2707 401 2734 Si
421 2710 462 2735 cui
481 2709 568 2736 balnei
588 2710 685 2737 usussr-
709 2711 810 2749 legatus
829 2717 877 2747 sit,
898 2721 923 2742 et
943 2721 1054 2743 testator

214 2749 401 2777 habitationem
421 2752 471 2778 hoc
493 2751 591 2779 fecerit.
616 2752 645 2779 fr.
672 2755 712 2780 12.
736 2765 774 2792 pr.
795 2757 846 2793 Qu.
866 2759 935 2785 mod.
955 2759 1051 2786 ususfr.

215 2794 238 2818 7.
258 2795 281 2819 4.
301 2808 334 2813 —
362 2795 394 2828 §.
419 2796 455 2821 2.
479 2797 535 2822 Ius
554 2798 736 2824 habitandi.
773 2799 816 2826 III.
842 2803 909 2829 Cn.
928 2802 992 2829 Sive
1011 2802 1053 2828 ha-

1891 150 1950 180 411

1108 224 1209 256 bitatio,
1229 225 1286 251 sive
1305 226 1466 258 vestiarium,
1486 227 1543 252 sive
1563 225 1596 252 de
1615 226 1732 263 praediis
1746 226 1897 254 alimentum
1918 229 1952 256 lc-

1107 268 1218 303 gabitur.
1239 268 1269 294 sr.
1289 270 1314 295 8.
1334 269 1401 302 5.1.
1422 269 1453 295 cf.
1474 270 1511 303 55.
1534 271 1573 295 12.
1593 279 1652 306 sqq.
1672 269 1704 295 de
1724 274 1846 297 transact.
1866 274 1889 297 2.
1912 274 1951 298 15.

1108 310 1137 337 Si
1157 310 1283 337 habitatio
1303 311 1412 347 legetur,
1433 322 1464 338 an
1484 311 1596 349 perinde
1620 313 1655 338 sit
1674 317 1753 348 atque
1773 314 1796 339 si
1816 324 1879 340 usus
1890 315 1900 340 ’ἔ
1919 314 1951 341 fr.

1109 355 1148 380 10.
1168 364 1209 391 pr.
1229 355 1266 388 55.
1286 356 1310 381 2.
1331 364 1370 391 sq.
1392 354 1424 381 (18
1443 365 1492 381 usu
1517 360 1542 381 et
1567 355 1648 381 habit.
1674 357 1696 382 7.
1716 358 1740 381 ὅ.
1778 356 1857 393 Apud
1883 367 1951 394 quos

1108 396 1318 434 deposuerimus,
1338 402 1382 424 aut
1401 398 1498 434 quibus
1517 398 1779 429 commodaverimus,
1799 404 1842 425 aut
1855 400 1951 436 quibus

1107 441 1244 475 gratuitam
1269 440 1458 467 habitationem
1488 442 1711 468 constituerimus.
1741 441 1797 468 Gai.
1823 442 1865 469 IV.
1893 445 1949 470 153.

1107 482 1249 520 Hospites‚
1274 489 1300 510 et
1326 485 1370 520 qui
1389 484 1527 520 gratuitam
1551 484 1738 510 habitationem
1758 485 1897 522 accipiunt.
1919 486 1949 513 fr.

1110 527 1148 552 15.
1169 526 1190 558 5.
1212 528 1234 552 1.
1255 526 1287 553 de
1307 537 1406 564 precar.
1427 529 1468 552 43.
1488 528 1530 552 26.
1568 526 1596 552 Si
1612 527 1805 554 habitatoribus
1824 528 1951 556 habitatio

1107 568 1165 604 lege
1184 569 1344 596 venditionis
1363 574 1467 606 recepta
1488 574 1536 595 est.
1560 569 1590 596 fr.
1611 573 1652 597 53.
1678 571 1700 604 5.
1720 573 1743 596 2.
1765 571 1796 597 cf.
1816 571 1846 598 fr.
1868 573 1907 598 13.
1927 573 1950 606 5.

1106 613 1148 637 30.
1169 611 1199 638 fr.
1219 614 1261 639 21.
1285 614 1307 646 5.
1332 615 1354 639 6.
1376 612 1408 639 de
1427 612 1458 639 A.
1478 612 1508 638 E.
1529 611 1560 639 V.
1589 614 1628 639 19.
1650 615 1672 639 1.
1710 613 1887 641 Ilabitatiouis
1908 625 1950 642 ex-

1108 655 1203 691 ceptio.
1241 655 1282 682 Cf.
1302 666 1326 683 v.
1346 656 1483 693 Exceptio.
1504 655 1526 689 5.
1545 657 1570 682 3.

1143 699 1360 726 nahitator.
1399 699 1430 732 §-
1454 700 1488 725 l.
1509 700 1630 725 Incola.
1653 698 1670 724 1.
1695 700 1757 733 Sy.
1777 699 1872 736 Populi
1891 710 1950 737 pro-

1106 740 1258 767 vinciarum.
1279 741 1454 768 Habitatores.
1479 752 1501 768 c.
1521 743 1543 768 1.
1566 751 1606 778 pr.
1632 740 1664 767 tle
1689 742 1732 767 off.
1758 741 1810 768 Prf.
1831 743 1872 770 Pr.
1894 744 1949 771 Afr.

1108 785 1130 809 1.
1144 785 1186 810 27.
1206 783 1248 810 III.
1270 786 1335 812 Gn.
1355 784 1509 811 Niccnsium
1528 785 1629 815 civitas.
1649 794 1696 810 seu
1710 784 1871 812 habitatores
1885 789 1949 814 eius.

1107 836 1128 852 c.
1148 827 1172 852 6.
1193 826 1225 853 de
1244 826 1296 853 div.
1317 827 1406 864 praed.
1427 827 1484 854 urb.
1510 829 1550 853 11.
1575 828 1615 854 69.
1657 826 1750 863 Neque
1769 839 1950 865 possessores,

1106 878 1193 905 neque.
1213 869 1375 896 habitatores
1396 870 1513 896 eiusdem
1527 870 1649 896 civitatis.
1685 869 1822 903 primates,
1842 883 1888 898 seu
1909 873 1950 900 ha—

1107 912 1242 938 bitatores.
1262 912 1308 939 Iul.
1330 923 1369 949 ep.
1390 922 1450 939 nov.
1471 923 1491 939 c.
1513 914 1570 939 124.
1591 914 1612 947 5.
1632 915 1691 939 556.
1723 930 1755 933 —
1788 915 1819 948 §.
1839 917 1874 942 2.
1898 918 1948 943 Ιη-

1107 957 1267 989 qnilinns,
1289 958 1337 982 ve!
1354 958 1486 982 colonus
1532 955 1550 982 I.
1570 956 1632 990 Sy.
1658 956 1711 992 Qui
1736 956 1849 989 habitat,
1873 968 1894 985 s.
1914 960 1950 985 in-

1107 997 1215 1024 habitat.
1252 997 1387 1024 Ilabitans.
1409 998 1438 1024 fr.
1460 1000 1500 1024 10.
1521 998 1552 1025 de
1572 998 1600 1024 S.
1619 998 1647 1025 P.
1668 998 1700 1025 V.
1720 1001 1743 1026 8.
1764 1002 1787 1026 2.
1808 1000 1838 1027 fr.
1867 1004 1888 1028 l.
1909 1012 1949 1039 pr.

1107 1041 1146 1074 55.
1165 1042 1189 1067 4.
1209 1044 1231 1068 8.
1253 1041 1276 1067 fr
1304 1043 1327 1067 6.
1343 1040 1368 1075 '5.
1389 1043 1413 1068 2.
1440 1041 1472 1067 de
1496 1041 1521 1067 h.
1546 1051 1588 1077 qu.
1614 1041 1694 1068 deiec.
1719 1044 1743 1069 9.
1762 1045 1786 1070 3.
1812 1043 1842 1070 fr.
1866 1046 1890 1071 9.
1910 1055 1948 1082 pr.

1107 1083 1139 1111 de
1163 1084 1251 1110 donat.
1276 1086 1317 1111 39.
1342 1087 1366 1110 5.
1404 1083 1559 1120 lnquilinus.
1580 1084 1612 1110 fr.
1632 1087 1673 1111 28.
1694 1085 1723 1111 fr.
1742 1088 1784 1112 37.
1811 1086 1840 1113 l'r.
1860 1089 1902 1114 43.
1927 1087 1949 1121 5.

1108 1129 1129 1153 1.
1155 1127 1187 1154 de
1207 1127 1291 1154 damn.
1312 1127 1357 1154 inf.
1377 1129 1418 1154 39.
1438 1129 1462 1153 2.
1482 1126 1525 1152 III.
1538 1127 1604 1154 Cn.
1624 1127 1722 1163 Quanti
1742 1129 1863 1156 (lominus
1878 1141 1950 1167 prae-

1107 1170 1210 1197 diorum
1230 1170 1360 1201 locasset.
1387 1169 1458 1207 quod
1478 1171 1533 1196 eius
1553 1172 1679 1207 temporis
1698 1171 1859 1198 habitatores
1879 1173 1950 1200 habi-

1106 1218 1162 1240 tare
1181 1224 1233 1240 non
1252 1215 1412 1250 potuissent.
1432 1213 1462 1240 sr.
1483 1215 1524 1239 30.
1544 1223 1584 1250 pr.
1605 1213 1637 1239 cf.
1657 1213 1688 1240 fr.
1708 1217 1749 1241 27.
1770 1215 1847 1241 locat.
1870 1218 1909 1243 19.
1924 1219 1948 1242 2.

1106 1256 1135 1283 I'r.
1157 1259 1199 1283 53.
1219 1257 1240 1291 5.
1261 1259 1285 1282 2.
1306 1256 1338 1283 de
1357 1256 1387 1282 A.
1408 1257 1438 1283 E.
1458 1255 1490 1283 V.
1511 1257 1551 1282 19.
1572 1258 1595 1282 1.
1637 1255 1725 1293 Vagus
1745 1262 1771 1283 et
1791 1258 1889 1285 infidus
1907 1259 1950 1286 ha-

1106 1299 1212 1326 bitator.
1233 1299 1300 1326 Nov.
1320 1298 1378 1326 Val.
1398 1299 1440 1326 111.
1461 1299 1494 1326 (18
1513 1299 1600 1325 colon.
1619 1309 1677 1335 vag.
1691 1299 1722 1325 ΙΙ.
1735 1301 1777 1326 31.
1799 1312 1819 1327 c.
1835 1303 1855 1327 1,
1878 1303 1899 1336 5.
1914 1304 1937 1328 1.

1142 1343 1351 1369 nabitudo.
1388 1344 1541 1369 Habitus.
1579 1341 1597 1368 1.
1623 1344 1684 1376 Sy.
1713 1342 1825 1370 Habitus
1845 1345 1949 1382 (corpo-

1106 1386 1164 1418 riS.)
1186 1385 1227 1412 Pr.
1248 1385 1266 1412 Ι.
1288 1385 1339 1420 Qu.
1360 1384 1429 1411 mod.
1448 1390 1498 1412 tut.
1516 1385 1560 1412 fin.
1586 1387 1608 1411 1.
1627 1387 1670 1412 22.
1706 1385 1749 1412 111.
1774 1388 1839 1414 Gn.
1868 1387 1949 1414 Imbe—

1106 1428 1203 1455 cillitas
1224 1428 1397 1460 valetudinis,
1422 1433 1466 1455 aut
1488 1428 1615 1454 habitudo
1636 1430 1769 1465 corporis,
1790 1435 1833 1456 aut
1852 1431 1948 1458 medio-

1106 1473 1185 1498 critas
1206 1472 1381 1508 proceritatis,
1402 1471 1451 1498 Th.
1472 1470 1503 1498 C.
1524 1471 1580 1498 Vll.
1602 1473 1624 1497 1.
1645 1482 1666 1497 c.
1686 1474 1709 1498 5.
1731 1471 1762 1498 de
1781 1472 1812 1499 R.
1833 1473 1866 1499 M.

1142 1516 1318 1542 Habitus.
1357 1514 1476 1547 (Subst.)
1513 1515 1544 1548 §.
1561 1515 1596 1541 1.
1617 1516 1735 1541 Condit
1747 1517 1789 1547 iu,
1809 1518 1946 1543 [adoles.

1105 1558 1147 1584 111.
1172 1560 1238 1586 (7η.
1258 1557 1378 1584 Hominis
1404 1558 1459 1583 eius
1485 1562 1569 1583 status
1589 1562 1615 1583 et
1634 1557 1746 1583 habitus.
1771 1558 1801 1584 fr.
1823 1561 1845 1585 7.
1865 1560 1947 1593 5.11.

1105 1601 1158 1637 Qu.
1179 1612 1211 1627 ex
1236 1611 1257 1627 c.
1287 1602 1313 1626 in
1338 1610 1410 1637 poss
1435 1602 1476 1626 42.
1501 1602 1525 1626 4.
1562 1599 1682 1626 Morbum
1702 1617 1732 1620 -—
1754 1611 1812 1627 esse
1832 1601 1947 1628 habitum

1104 1646 1232 1681 cuiusque
1253 1644 1372 1680 corporis
1394 1648 1483 1669 contra
1503 1648 1629 1669 naturam.
1650 1642 1680 1669 fr.
1697 1645 1718 1669 1.
1735 1644 1756 1677 5.
1771 1645 1792 1670 7.
1814 1643 1846 1670 de
1859 1644 1946 1671 Aedil.

1105 1687 1182 1714 edict.
1202 1688 1243 1712 21.
1265 1688 1288 1712 1.
1326 1686 1419 1712 Donec
1442 1687 1469 1712 in
1493 1685 1586 1711 eodem
1604 1685 1695 1712 habitu
1714 1687 1872 1713 matrimonii
1890 1697 1947 1724 per·

1104 1735 1217 1756 manent.
1238 1729 1267 1755 fr.
1287 1730 1311 1755 8.
1332 1728 1365 1755 de
1384 1727 1460 1754 cond.
1481 1738 1551 1754 caus.
1572 1727 1623 1754 dat.
1641 1730 1680 1754 12.
1695 1731 1718 1754 ⁴.
1758 1729 1866 1756 Fundus
1887 1740 1946 1766 qua-

1103 1772 1165 1799 liter
1183 1782 1212 1798 se
1231 1771 1344 1803 habens,
1370 1781 1427 1797 cum
1452 1772 1477 1797 in
1502 1781 1550 1797 suo
1576 1770 1666 1797 habitu
1686 1781 1829 1808 possessus
1849 1778 1896 1799 est.
1917 1773 1945 1800 fr.

1105 1818 1145 1841 12.
1183 1814 1337 1851 Quemadm.
1358 1815 1448 1840 servit.
1469 1815 1492 1840 8.
1513 1815 1537 1840 6.
1569 1829 1600 1833 —-
1632 1814 1663 1847 ξ.
1684 1815 1719 1840 2-
1741 1817 1873 1848 Species
1892 1826 1945 1842 ex-

1103 1865 1209 1889 terna,
1233 1859 1355 1884 Facies.
1393 1856 1412 1883 I.
1438 1858 1500 1891 Sy.
1531 1856 1673 1883 Habitudo.
1694 1856 1734 1883 Cf.
1756 1857 1780 1884 h.
1800 1868 1823 1884 v.
1844 1858 1945 1888 Forma.

1102 1901 1257 1938 Expressio.
1279 1900 1328 1926 Th.
1349 1900 1379 1926 C.
1399 1900 1444 1926 IX.
1463 1902 1504 1925 22.
1526 1910 1546 1925 c.
1567 1901 1589 1926 1.
1610 1900 1633 1925 si
1653 1910 1695 1936 qu.
1716 1899 1793 1926 solid.
1814 1902 1874 1927 circ.
1902 1901 1944 1928 Ill.

1104 1946 1170 1972 Gn.
1203 1944 1258 1979 Qui
1277 1943 1393 1969 habitum
1417 1942 1603 1980 philosophiae
1622 1942 1739 1969 indebite
1758 1948 1782 1969 et
1802 1944 1946 1971 insolenter

1102 1997 1231 2024 usurpare
1250 1987 1425 2022 cognoscitur.
1447 1985 1496 2012 Th.
1517 1985 1548 2012 C.
1567 1985 1636 2012 XIII.
1656 1987 1680 2012 3.
1706 1996 1726 2012 c,
1748 1988 1771 2012 7.
1796 1986 1828 2012 de
1852 1987 1943 2013 medic.

1103 2035 1128 2057 et
1146 2030 1215 2067 prof.
1254 2029 1307 2065 Qui
1322 2029 1412 2055 habitu
1432 2030 1552 2066 corporis
1566 2028 1732 2065 pubertatem
1747 2029 1871 2055 ostendit.
1887 2029 1943 2056 Gai.

1102 2073 1121 2100 I.
1143 2074 1203 2100 196.
1225 2072 1284 2109 le.
1305 2072 1351 2098 XI.
1370 2074 1411 2098 28.
1441 2087 1473 2091 -
1501 2073 1532 2106 §0
1555 2073 1592 2098 3.
1619 2073 1750 2103 Cultus.
1776 2074 1943 2099 Indumen-

1101 2123 1182 2148 tnm,
1203 2117 1361 2150 corporis.
1398 2115 1416 2141 1.
1442 2116 1504 2150 Sy.
1536 2114 1712 2147 Vestimenta.
1737 2114 1841 2146 Vestis,
1867 2115 1943 2141 Indu-

1101 2163 1196 2185 menta.
1218 2158 1247 2184 sr.
1269 2160 1308 2185 15.
1329 2159 1412 2192 515.
1432 2158 1464 2184 de
1484 2158 1560 2184 iniur.
1580 2159 1622 2184 47.
1643 2159 1682 2183 10.
1704 2157 1752 2184 Th,
1768 2157 1798 2183 C.
1818 2157 1888 2184 le.
1904 2160 1942 2184 10.

1102 2212 1122 2228 c.
1144 2203 1166 2227 l.
1186 2211 1226 2238 pr.
1246 2201 1268 2234 5.
1290 2203 1311 2227 l.
1338 2211 1358 2227 c.
1378 2202 1401 2227 4.
1427 2200 1459 2227 de
1483 2201 1574 2227 habitu
1600 2210 1652 2237 quo
1676 2201 1713 2226 uti
1733 2210 1775 2237 op.
1812 2200 1855 2226 111.
1876 2202 1941 2228 (Fu.

1101 2244 1131 2271 Si
1150 2254 1202 2270 non
1222 2244 1359 2270 matronali
1379 2244 1470 2270 habitu
1490 2243 1583 2270 femina
1603 2243 1690 2269 fuerit.
1711 2244 1741 2270 sr.
1764 2246 1801 2269 15.
1822 2244 1903 2276 515.
1924 2242 1940 2268 l.

1099 2289 1142 2314 47.
1164 2289 1203 2314 10.
1242 2286 1271 2313 Si
1292 2287 1403 2313 barbaro
1423 2286 1514 2313 habitu
1534 2287 1704 2323 processeris.
1725 2285 1852 2312 Paul.111.
1872 2287 1894 2311 4.
1910 2285 1939 2310 B.

1100 2331 1122 2365 5.
1141 2332 1166 2357 2.
1205 2329 1272 2356 Cum
1293 2340 1366 2356 esses
1391 2331 1416 2356 in
1436 2329 1598 2361 sacerdotio,
1623 2334 1649 2355 et
1673 2329 1806 2365 dignitatis
1826 2328 1940 2354 habitum

1100 2379 1126 2400 et
1145 2377 1296 2399 ornamenta
1316 2372 1470 2409 praeferres.
1493 2382 1513 2398 c.
1534 2373 1557 2398 4.
1578 2371 1610 2398 de
1629 2373 1704 2398 iniur.
1726 2374 1748 2398 9.
1768 2371 1808 2396 35.
1847 2370 1940 2396 Cuius-

1100 2426 1204 2452 cunque
1224 2415 1339 2451 religiosi
1360 2416 1495 2446 cons‘ortii,
1515 2415 1557 2441 vel
1571 2415 1684 2445 habitus.
1705 2414 1872 2440 constitutus.
1892 2413 1938 2439 Iul.

1100 2470 1140 2496 ep.
1165 2469 1225 2485 nov.
1251 2469 1271 2484 c.
1300 2460 1356 2484 115.
1382 2458 1403 2492 5.
1428 2459 1488 2484 439.
1514 2458 1545 2484 cf.
1571 2458 1608 2491 55.
1633 2458 1690 2483 481.
1716 2457 1773 2481 494.
1817 2455 1938 2482 Habitum

1099 2503 1150 2529 sibi
1169 2502 1304 2528 vindicare
1323 2500 1467 2527 militarem.
1489 2500 1538 2528 Th.
1560 2500 1589 2527 C.
1610 2499 1626 2527 1.
1647 2499 1662 2525 Ι.
1684 2509 1704 2524 c.
1726 2500 1748 2525 1.
1769 2508 1808 2535 pr.

1133 2547 1343 2573 Hactenus.
1380 2544 1502 2577 (Advb.)
1539 2545 1585 2570 Eo
1609 2551 1721 2575 usque,
1746 2543 1783 2567 111
1803 2548 1936 2568 tantum.

1097 2588 1116 2615 I.
1137 2590 1199 2622 Sy.
1218 2588 1343 2618 Eatenus,
1362 2587 1410 2613 Eo.
1448 2586 1489 2613 Cf.
1509 2596 1533 2612 v.
1553 2586 1677 2615 Eatenus,
1696 2594 1720 2610 v.
1737 2584 1784 2610 Eo.
1805 2584 1826 2617 5.
1846 2586 1869 2610 6.
1898 2584 1938 2610 Ne

1098 2631 1174 2658 ultra.
1211 2630 1271 2656 Nou
1291 2629 1411 2667 amplius.
1431 2629 1461 2656 fr.
1483 2631 1504 2654 l.
1525 2629 1546 2661 5.
1568 2629 1606 2653 17.
1627 2627 1660 2653 ad
1679 2626 1744 2653 S.C.
1759 2626 1838 2653 Trel».
1858 2629 1935 2653 3021.

1097 2674 1140 2700 III.
1165 2675 1231 2701 οη.
1262 2673 1296 2699 Et
1319 2678 1384 2710 puto
1409 2682 1461 2698 non
1485 2671 1586 2697 admitti
1608 2670 1866 2703 (substitutionem.)
1886 2671 1935 2696 nisi

1096 2716 1164 2743 sorte
1183 2716 1215 2743 ad
1234 2721 1351 2753 quartam
1371 2715 1466 2743 solam,
1486 2728 1517 2732 —
1538 2717 1563 2739 et
1582 2712 1708 2739 hactenus
1729 2717 1756 2738 ut
1776 2717 1823 2739 etc.
1843 2712 1873 2738 fr.
1893 2714 1933 2738 22.

1097 2760 1118 2793 5.
1140 2761 1163 2785 l.
1184 2758 1215 2786 de
1235 2759 1323 2796 adopt.
1345 2760 1366 2784 1.
1387 2760 1409 2783 7.
1455 2756 1489 2781 Et
1513 2755 1639 2782 hactenus
1659 2756 1709 2782 erit
1727 2755 1886 2785 audiendus
1911 2756 1932 2780 sl

1098 2802 1168 2829 dicat
1188 2807 1238 2829 etc.
1259 2803 1290 2828 sr.
1309 2803 1350 2827 25.
1371 2800 1403 2826 de
1418 2809 1522 2836 procur.
1535 2800 1559 2825 3.
1574 2801 1598 2825 3.
1635 2798 1708 2825 Hact.
1723 2799 1780 2833 lege
1793 2797 1930 2824 XllTabh.

1432 2843 1489 2868 52³*
