2197 3121
248 188 312 218 821

250 275 276 295 et
300 279 376 307 poen.
415 268 458 295 111.
480 269 546 296 Cn.
575 266 692 294 Resutnti
721 265 834 298 iudicio,
862 265 960 304 proditi
985 266 1100 292 crimine.

250 313 286 339 tb.
308 312 377 339 XVI.
398 314 420 338 5.
443 322 462 337 c.
480 314 503 337 9.
524 311 544 344 ξ.
565 312 585 336 1.
607 310 639 336 de
658 309 756 336 haeret.
795 309 855 336 Non
874 308 1007 336 refutandi
1027 318 1102 346 spem

225 421 237 431 ,
252 409 303 425 rer.
326 415 355 419 —
377 399 407 431 ξ.
428 398 463 423 2.
483 398 646 427 Reiicere,
667 398 836 422 Recusare.
874 395 892 422 1.
912 396 974 429 Sy.
993 394 1103 421 Rescin-

252 441 323 468 dere..
344 440 390 467 Iul.
405 450 445 476 ep.
460 449 520 466 nov.
541 449 562 465 c.
576 442 601 465 2.
621 439 644 473 ξ.
658 440 682 465 6.
703 449 724 465 c.
739 440 761 465 7.
782 439 804 472 ξ.
824 440 865 465 42,
887 448 907 465 c.
930 439 987 464 107.
1007 438 1028 472 §.
1043 439 1102 464 375.
1124 432 1126 464 ἦ
1149 442 1218 464 suut.
1249 437 1344 464 const.
1370 436 1419 464 Th.
1439 437 1470 464 11.
1495 437 1528 464 de
1552 438 1601 466 Th.
1627 439 1659 466 C.
1684 444 1751 466 auct.
1775 440 1797 473 §.
1817 441 1841 466 6.
1867 439 1908 467 Cl'.
1933 440 1997 467 lust.

1125 505 1126 521 3
1149 485 1233 507 const.
1257 481 1364 507 Summa
1383 481 1448 517 reip.
1473 480 1515 507 De
1534 481 1596 508 lust.
1618 482 1685 509 Cod.
1706 483 1823 510 confirm.
1843 482 1866 516 §.
1885 484 1910 509 4.
1930 482 1998 516 (Iob.

251 528 370 565 provinc.
397 524 464 551 Nov.
487 524 544 551 Val.
565 524 608 551 III.
634 524 666 551 de
689 529 757 562 pret.
780 523 858 550 solid.
878 523 908 550 11.
928 525 953 550 3.
979 533 999 550 c.
1024 525 1043 550 1.
1063 533 1103 560 pr.
1125 528 1126 539 ¹

252 570 372 597 HLGu.
393 568 478 594 Xenia
500 584 530 588 —
551 567 639 594 oblata
659 577 712 593 non
732 567 853 593 refutare.
874 566 923 593 Th.
938 565 969 593 C.
983 566 1000 593 1.
1014 566 1031 593 l.
1046 576 1067 593 c.
1081 568 1103 593 1.
1124 554 1127 605 Ξ

254 613 391 649 Rescripta
416 616 507 638 contra
527 612 569 637 ius
589 610 676 637 elicita
695 625 729 629 —
748 610 865 636 refutari.
891 619 912 636 c.
933 611 956 636 7.
981 609 1014 636 de
1033 619 1103 646 pree.
1125 629 1126 632 .

253 484 402 521 Respuere,
432 482 571 509 Recusare.
602 481 652 509 Th.
680 481 710 508 C.
735 481 781 508 XI.
803 483 842 507 11.
869 491 890 507 c.
912 482 935 507 l.
959 490 992 506 ne
1017 479 1102 507 damn.

256 656 319 692 Imp.
341 655 385 681 off.
407 656 428 680 1.
450 656 490 680 19.

289 697 503 725 Refufatio.
546 698 693 723 Libellus
718 697 957 732 refutato-rius.
999 694 1017 721 1.
1041 696 1103 730 Sy.

222 798 233 800 r
255 785 284 811 11.
298 786 366 818 Op.
386 783 509 809 Intentio.
530 782 566 808 lb.
587 792 607 808 c.
631 784 670 808 11.
691 792 730 819 pr.
752 781 769 807 l.

290 826 570 855 Refutatorius.
590 825 720 858 (Adiect.)
746 826 795 850 Ad
813 825 1030 860 refellendum
1051 827 1104 851 ad-

253 871 439 897 nersarinm
463 874 679 902 comparatus.
718 866 736 893 I.
758 869 820 901 Sy.
845 866 956 899 Preces,
982 877 1003 894 s.
1022 867 1127 894 Line-i

254 924 306 945 rae,
326 912 501 939 refutatoriae.
526 910 624 937 Libelli
637 910 794 937 refutatorii.
814 909 986 937 Resutatoria.
1007 910 1044 937 lb.
1057 910 1103 937 XI.

253 959 295 983 30.
315 967 336 983 c.
358 958 380 982 1.
401 966 422 981 c.
444 956 484 981 ll.
504 964 543 991 pr.
564 964 585 980 c.
609 955 646 979 14.
668 964 689 980 c.
712 955 751 980 16.
772 963 793 980 c.
813 954 856 980 24.
876 964 897 980 c.
916 955 958 980 29.

290 998 460 1033 Regalis.
480 996 610 1029 (Adiect.)
630 999 767 1032 Regius,
788 998 989 1031 Imperialis.
1010 996 1028 1022 1.
1040 997 1103 1031 Sy.

256 1041 409 1079 imperialis.
434 1050 456 1066 e.
478 1041 517 1065 12.
538 1049 576 1076 pr.
602 1040 624 1072 §.
646 1041 667 1066 1.
693 1039 725 1066 de
744 1038 797 1066 LI..
820 1041 841 1066 1.
863 1041 902 1066 14.
928 1050 949 1066 c.
971 1041 1010 1065 14.
1037 1040 1058 1073 ξ.
1079 1042 1102 1064 2.
1126 1030 1127 1056 ἕ

255 1085 288 1111 de
308 1084 408 1111 adsess
431 1085 453 1109 l.
473 1084 514 1109 51.
552 1082 583 1108 11.
600 1084 667 1116 Op.
688 1081 792 1108 Privata
811 1082 924 1109 fortuna.
950 1098 982 1102 —
1006 1081 1104 1118 Regale
1126 1105 1127 1109 .

256 1127 367 1154 culmen.
388 1137 409 1153 c.
429 1128 453 1153 3.
480 1125 512 1152 de
538 1125 628 1162 quadr.
649 1135 764 1162 praescr.
786 1127 809 1152 7.
829 1127 871 1152 37.
909 1125 952 1152 111.
968 1126 1033 1153 Cn-
1054 1124 1105 1151 110-

256 1180 305 1197 nor
323 1169 449 1206 regalium
469 1168 624 1195 trabearum.
650 1167 700 1194 Th.
721 1167 752 1194 C.
773 1167 841 1195 VIII.
865 1171 902 1195 11.
922 1179 944 1195 c.
965 1169 989 1194 4.
1009 1178 1042 1194 ue
1062 1177 1104 1204 qu.

256 1213 318 1251 pub.
338 1212 398 1239 laet.
436 1211 584 1238 penetralia
605 1211 699 1247 regalis
720 1210 800 1237 aulae.
826 1211 863 1238 lb.
882 1211 952 1238 XIII.
971 1212 995 1237 3.
1020 1220 1041 1237 c.
1063 1212 1104 1236 12.

257 1257 290 1283 de
309 1255 403 1282 medie.
424 1260 449 1281 et
469 1254 536 1292 prof.

294 1298 464 1333 Regalis.
485 1297 613 1331 (Subst.)
641 1299 704 1330 Qui
722 1304 769 1324 est
787 1299 967 1331 prosapiae
986 1299 1106 1332 regiae.

258 1342 301 1368 III.
322 1343 389 1370 Gn.
410 1340 447 1367 Vt
467 1350 551 1376 neque
571 1340 716 1376 regalibus,
741 1351 826 1377 neque
846 1340 939 1376 legatis
959 1341 1022 1373 (sua
1042 1339 1108 1366 mili-

259 1391 298 1411 tes
318 1386 432 1411 iumenta
453 1383 645 1420 suppeditent.)
665 1383 701 1409 lb.
722 1382 777 1409 Vll.
800 1385 822 1409 1.
843 1394 863 1409 c.
884 1385 907 1410 9.
928 1382 960 1409 de
978 1382 1010 1409 R.
1030 1382 1062 1409 M.

295 1429 462 1459 Rege-ns.
483 1429 654 1460 Princeps,
669 1428 897 1460 Praepositus.
926 1425 945 1452 1.
960 1428 1022 1460 Sy.
1035 1425 1108 1452 Prin-

260 1480 331 1507 ceps.
351 1469 419 1496 Nor.
433 1468 556 1495 Anthem.
577 1469 609 1495 de
623 1469 724 1496 mulier.
738 1469 782 1496 Vl.
800 1471 820 1495 1.
842 1479 862 1496 c.
879 1471 900 1495 1.
915 1479 954 1506 pr.
984 1468 1026 1494 111.
1042 1470 1107 1496 Cn.

259 1513 387 1539 OfficIum
412 1513 526 1548 regentis
551 1513 702 1539 exercitum.
727 1512 758 1538 fr.
779 1513 820 1538 12.
840 1522 879 1549 pr.
905 1512 937 1538 de
960 1511 991 1538 R.
1012 1511 1045 1538 Μ.
1065 1514 1107 1538 49.

260 1558 300 1582 16.
338 1555 470 1586 procoss..
491 1559 516 1580 et
534 1554 626 1590 Legati
646 1554 779 1587 Caesaris,
800 1559 826 1581 et.
846 1565 937 1581 omnes
957 1556 1107 1592 provincias

260 1604 390 1635 regentes.
411 1597 441 1624 fr.
462 1599 484 1623 1.
505 1597 535 1624 fr.
555 1600 579 1624 6.
600 1599 621 1632 ξ.
644 1600 668 1625 9.
688 1598 718 1624 sr.
740 1599 780 1624 16.
801 1598 833 1624 de
853 1598 896 1625 ofl‘.
917 1598 1004 1625 Praes.
1027 1600 1048 1624 l.
1068 1599 1107 1625 18.

260 1641 331 1668 Coll.
351 1640 404 1667 LL.
425 1640 457 1667 M.
477 1639 548 1666 XIV.
569 1642 592 1667 3.

296 1686 461 1718 Begere·
498 1684 529 1716 §.
541 1684 575 1710 l.
599 1685 774 1719 Dii-igere,
795 1685 959 1719 Desinite.
987 1683 1030 1710 111.
1042 1685 1108 1711 Cn.

261 1727 365 1754 Finium
390 1725 567 1762 regundorum
591 1726 719 1759 (formula
740 1727 806 1759 etc.)
831 1726 873 1753 Cf.
893 1737 916 1753 v.
938 1726 1018 1753 Finis.
1042 1727 1064 1761 §.
1084 1729 1108 1753 3.

262 1787 293 1791 —-
313 1770 345 1804 ξ.
364 1771 400 1796 2.
422 1771 533 1804 Agere.
571 1769 614 1796 111.
632 1771 697 1797 Cn.
718 1769 818 1796 Servus
839 1769 985 1796 conductus
1005 1769 1037 1796 ad
1056 1780 1110 1796 mu-

262 1814 316 1840 lum
335 1812 486 1849 regendum.
507 1812 593 1839 11:27.
614 1813 635 1846 ξ.
650 1814 691 1840 34.
713 1813 744 1839 ad
758 1812 786 1840 L.
802 1813 870 1849 Aqu.
891 1814 913 1839 9.
928 1815 952 1839 2.
974 1830 1004 1833 -
1025 1813 1056 1846 §.
1071 1815 1108 1840 3.

264 1858 446 1888 Mozhrari,
473 1857 665 1882 Gubernare.
704 1855 722 1882 1.
742 1857 804 1890 Sy.
824 1855 991 1882 Gubernarc.
1020 1855 1108 1882 Tueri.

263 1898 314 1926 Th.
335 1898 366 1925 C.
386 1898 429 1924 Vl.
456 1900 498 1924 29.
524 1908 545 1924 c.
564 1900 588 1924 2.
614 1899 636 1932 ξ.
659 1901 680 1924 1.
705 1909 726 1925 c.
746 1901 770 1925 4.
795 1898 828 1924 de
852 1900 948 1925 curios.
984 1898 1018 1931 Ii.
1043 1908 1110 1935 quos

264 1943 391 1978 regimuS,
414 1940 541 1967 Subiecti.
567 1940 633 1967 Nov.
654 1940 711 1967 val.
731 1941 774 1968 111.
796 1941 828 1968 de
849 1942 946 1978 iudulg.
967 1941 1059 1978 reliqu.
1080 1941 1109 1968 11.

266 1987 288 2011 l.
308 1995 329 2012 c.
351 1986 374 2010 l.
394 1994 433 2020 pr.
471 1983 513 2010 111.
535 1986 601 2011 Cn.
621 1984 747 2011 Sororem
768 1989 851 2016 tuam,
874 1995 923 2022 pro
942 1989 985 2010 tua
1005 1986 1110 2021 pietate,

265 2034 292 2055 et.
310 2037 400 2063 regere.
422 2031 447 2052 et
466 2027 534 2052 tucri
553 2027 628 2053 velis.
653 2027 682 2053 fr.
702 2029 744 2054 30.
765 2037 803 2064 pr.
825 2027 856 2054 de
877 2027 952 2054 adim.
973 2022 1110 2064 legat-34.

265 2073 289 2097 4.
328 2069 512 2097 Adl'ectionem
533 2069 667 2096 amicalem
687 2072 808 2106 promisit
831 2071 857 2096 in
876 2070 1014 2097 monendis
1034 2087 1066 2091 ——
1086 2076 1112 2097 et

266 2115 292 2140 in
312 2112 434 2149 regendis
455 2111 567 2138 consilio
593 2114 645 2145 (sc.
666 2113 908 2149 procuratoribus.)
932 2113 961 2140 [Γ.
985 2116 1023 2141 10,
1047 2115 1068 2149 §.
1088 2116 1111 2141 7.

266 2156 353 2183 mand.
376 2157 414 2181 17.
436 2157 458 2181 1.
498 2154 532 2181 Vt
551 2156 582 2187 is,
603 2157 647 2192 qui
668 2156 799 2192 perfectae
819 2158 910 2182 aetatis
930 2167 982 2183 non
1001 2158 1050 2189 sit,
1076 2156 1112 2183 al-

267 2200 349 2226 terius
374 2197 454 2224 tutela
479 2203 590 2234 regatur.
620 2198 677 2224 Gai.
702 2198 720 2224 1.
743 2200 798 2225 189.
826 2209 866 2235 sq.
891 2199 921 2226 fr.
943 2202 964 2225 l.
991 2200 1012 2233 §.
1031 2201 1055 2226 3.
1081 2199 1113 2226 de

267 2243 360 2268 minor.
380 2242 404 2266 4.
424 2243 447 2267 4.
471 2240 502 2267 sr.
524 2243 562 2267 12.
588 2242 626 2275 ἐξ.
649 2243 670 2267 1.
691 2251 731 2277 sq.
755 2241 787 2268 de
812 2247 858 2268 tut.
882 2247 907 2268 et.
927 2252 979 2268 cur.
999 2242 1051 2269 dat.
1070 2244 1112 2269 26.

267 2287 291 2311 5,
330 2284 410 2310 Liber
429 2294 442 2309 a
462 2284 622 2313 rationibus.
643 2294 707 2320 quas
727 2284 845 2320 regebat.
866 2286 999 2317 (iuventus
1019 2287 1113 2318 actor.)

269 2327 318 2354 Th.
340 2326 371 2353 C.
392 2326 421 2352 II.
441 2328 482 2352 32.
503 2337 524 2352 c.
548 2329 568 2353 l.
588 2327 620 2353 de
640 2327 725 2364 pecul.
763 2328 864 2354 Omnes
884 2327 990 2364 populi,
1016 2329 1059 2364 qui
1079 2328 1114 2354 le-

269 2370 345 2406 gibus
370 2374 396 2395 et
419 2369 537 2395 moribus
563 2376 695 2405 reguntur.
722 2371 751 2397 sr.
772 2373 795 2397 9.
821 2371 853 2397 de
873 2370 890 2397 1.
911 2377 936 2397 et
955 2370 973 2397 1.
997 2372 1017 2397 l.
1039 2373 1061 2397 1.
1081 2371 1113 2397 cf.

270 2413 300 2439 fr.
319 2415 344 2438 2.
365 2412 386 2446 ξ
409 2414 447 2438 13.
467 2411 500 2438 de
519 2412 552 2438 Ο.
572 2412 590 2438 1.
614 2415 634 2439 1.
653 2416 677 2440 2.
716 2413 817 2449 Regere
841 2418 867 2440 et
890 2413 1034 2449 gubernare
1057 2424 1115 2450 pro-

270 2456 379 2481 vincias.
404 2454 454 2481 Th.
481 2454 511 2481 C.
536 2454 578 2481 vl.
603 2457 640 2482 19.
667 2466 687 2482 c.
710 2459 730 2483 l.
757 2457 788 2483 de
813 2456 953 2483 Consular.
977 2461 1003 2483 et
1026 2456 1114 2483 Praes.

271 2498 301 2524 fr.
323 2499 362 2524 13.
383 2498 405 2530 ξ.
427 2499 448 2523 1.
469 2497 501 2523 de
522 2498 612 2524 iurisd.
631 2501 654 2524 2.
677 2500 698 2524 1.
719 2499 773 2531 (Cf.
795 2510 818 2526 v.
839 2499 944 2526 Gerere.
964 2500 986 2533 §.
1004 2500 1042 2533 3.)
1066 2499 1115 2526 Re-

271 2550 334 2576 gens
354 2541 522 2577 provinciam.
544 2541 584 2567 Cf.
606 2551 629 2567 v.
649 2540 761 2577 Regeus.

307 2584 516 2617 Begerere.
555 2586 678 2611 Iterum
707 2595 888 2619 congerere.
924 2585 967 2612 111.
993 2586 1059 2613 Cn·
1086 2586 1114 2612 Si

273 2635 371 2651 summa
392 2631 459 2652 terra
479 2626 582 2652 sublata
603 2637 634 2653 ex
655 2625 735 2652 fundo
754 2637 821 2658 meo,
842 2633 867 2653 et
887 2627 935 2654 alia
955 2633 1057 2664 regesta
1077 2638 1115 2654 es-

274 2673 320 2693 set.
343 2668 372 2694 fr.
391 2670 433 2695 24.
454 2669 474 2702 §.
494 2672 517 2696 2.
539 2670 590 2705 Qu.
611 2669 679 2695 mod.
701 2668 796 2695 ususfr.
817 2671 840 2696 7.
861 2674 884 2696 4.

310 2711 489 2743 Rege-sta.
527 2712 568 2739 Cf.
589 2722 612 2738 v.
633 2712 771 2747 ltrgesius.
791 2712 813 2746 ξ.
833 2714 856 2738 2.

310 2753 509 2785 negemus.
529 2754 650 2787 (I'artic.)
671 2756 748 2788 §.l-
773 2756 1042 2790 Transscriptns,
1063 2758 1114 2783 ln-

274 2801 381 2822 sertua
401 2799 486 2822 acris
504 2800 655 2831 publicis.
695 2797 736 2824 111.
750 2799 815 2825 Gn.
836 2798 967 2835 Acceptae
980 2799 1062 2826 semel
1075 2809 1114 2825 se-

275 2838 413 2869 euritates,
438 2843 464 2863 et
483 2845 600 2873 regestae
619 2840 772 2877 polypticis.
797 2840 847 2867 Th.
868 2840 898 2867 C.
918 2841 962 2867 XI.
983 2843 1024 2869 26.
1049 2853 1069 2869 c.
1089 2844 1113 2868 2.

999 184 1086 214 REF
1102 201 1140 207 -—
1154 182 1255 214 REG.

1148 265 1180 292 de
1201 265 1346 292 discussor.
1384 264 1497 302 Regesta
1518 266 1554 293 Vl
1573 266 1610 294 ld.
1631 266 1708 294 Febr.
1730 267 1768 294 lb.
1787 267 1832 295 XI.
1851 270 1893 296 28.
1913 279 1935 296 c.
1956 271 1996 296 14.

1124 315 1125 338 1
1148 308 1181 335 de
1200 308 1300 345 indulg.
1320 307 1401 335 debit.
1426 324 1458 328 —
1483 310 1514 343 §.
1533 311 1569 337 2.
1594 313 1781 346 Regulum,
1805 313 1822 338 ι’.
1842 322 1862 338 e.
1886 313 1996 344 Liber,

251 355 356 385 habere,
377 365 442 392 quae
462 358 534 389 gesta
555 358 625 380 sunt.
649 352 686 379 lb.
707 352 753 379 XI.
773 354 815 379 36.
836 363 857 380 c.
880 355 900 379 l.
925 352 976 388 Qu.
997 351 1056 389 adp.
1078 362 1101 377 n.
1124 362 1125 365 ¹

1148 353 1204 386 qui
1231 353 1397 386 descripta
1426 355 1573 380 continet
1606 355 1828 381 instrumenta
1853 357 1996 389 publica.

1148 394 1272 422 111th.
1293 394 1368 430 Quae
1388 395 1413 421 in
1433 397 1543 431 regestis
1563 396 1729 423 diversorum
1748 396 1897 424 officiorum
1917 398 1997 424 relata

1149 523 1241 560 Lydus
1261 523 1293 550 de
1312 524 1466 560 magistratt.
1487 524 1518 550 11.
1538 526 1579 551 30.
1600 525 1643 552 III.
1662 526 1719 558 20.)

1186 567 1386 601 Regimen.
1426 569 1637 595 Gubernatio.
1674 568 1694 595 I.
1715 569 1777 603 Sy.
1800 567 1997 606 Praepositum.

1149 609 1191 636 Cf.
1211 609 1236 636 h.
1256 620 1280 636 v.
1299 609 1343 636 Ius
1363 609 1506 646 (gerendae
1525 611 1699 647 provinciae.)
1719 621 1740 637 c.
1757 613 1796 638 14.
1817 611 1850 638 de
1870 611 1998 638 cohortal.

1125 658 1127 685 ζ.
1150 655 1190 679 12.
1215 653 1257 679 58.
1293 652 1336 679 111.
1363 654 1429 680 Cn.
1453 652 1579 688 Regimen
1603 658 1681 690 atque
1705 654 1897 681 administratio
1921 655 1999 692 (pro-

1125 687 1127 714 ¹.
1148 696 1314 729 vinciarum.)
1335 695 1502 722 Th.C.X11.
1523 698 1545 722 l.
1567 707 1588 723 c.
1603 698 1659 724 159.
1680 697 1713 724 de
1733 697 1868 724 decurion.
1901 697 1999 724 Totius

253 741 425 768 Refutatorin.
446 739 496 766 Th.
512 738 542 766 C.
562 739 607 765 XI.
627 741 668 765 30.
690 749 711 765 c.
728 740 767 764 ll.
788 748 827 775 pr.
848 737 881 764 de
900 737 960 775 adp.
981 743 1006 765 et
1025 748 1103 776 poen.
1125 734 1127 744 ⁵

1148 739 1239 766 mundi
1269 740 1392 775 regimen.
1423 738 1490 765 Nov.
1514 738 1637 766 Anthem.
1667 739 1700 767 de
1729 740 1790 767 bon.
1819 750 1875 767 vac.
1900 739 1945 767 VI.
1973 741 1998 767 3.

1150 793 1170 809 c.
1193 784 1215 809 1.
1236 792 1275 820 pr.

1185 825 1468 860 Regimentum.
1505 824 1585 852 Idem.
1621 825 1640 852 1.
1661 827 1723 861 Sy.
1743 826 1849 853 Summa
1868 830 1997 863 potestas.

1150 868 1180 895 fr.
1202 871 1223 895 l.
1245 879 1282 905 pr.
1303 868 1335 894 de
1355 868 1398 894 off.
1419 867 1470 894 Prf.
1492 868 1532 894 Pr.
1554 870 1576 895 1.
1599 870 1639 895 11.

1186 912 1350 947 Regina.
1388 913 1609 946 Imperatoris
1634 922 1722 938 uxor.
1754 913 1915 947 Augusta.
1953 911 1997 938 111.

1150 956 1216 982 Cn.
1236 954 1416 986 Donationes,
1440 964 1504 991 quas
1524 954 1557 981 D.
1578 955 1642 992 Imp.
1663 956 1690 981 in
1709 955 1855 992 piissimam
1874 955 1999 991 reginam,

1149 1008 1223 1024 suam
1247 999 1397 1034 coniugem,
1418 1013 1449 1017 —
1470 997 1619 1025 contulerit.
1645 1008 1666 1024 c.
1690 998 1732 1024 26.
1758 996 1790 1024 de
1814 997 1874 1024 don.
1900 998 1946 1024 int.
1966 996 1998 1024 V.

1149 1042 1173 1066 5.
1197 1042 1237 1066 16.

1186 1083 1321 1117 Regio.
1361 1083 1391 1116 §-
1409 1084 1444 1109 1.
1470 1085 1551 1110 Pars
1574 1084 1649 1114 soli,
1674 1085 1774 1110 cereis
1792 1085 1927 1119 finibus
1950 1086 1998 1110 de-

1150 1128 1288 1160 scripta.
1320 1125 1339 1152 I.
1354 1127 1416 1160 Sy.
1437 1125 1517 1152 Certa
1535 1125 1601 1156 loca,
1620 1125 1712 1152 Partes
1731 1126 1830 1159 finitae,
1851 1126 1947 1153 Certae
1960 1136 2000 1153 re-

1150 1169 1242 1205 giones
1263 1168 1380 1202 (fundi.)
1405 1168 1435 1196 fr.
1456 1170 1480 1196 8.
1505 1168 1537 1195 de
1561 1168 1592 1194 R.
1611 1167 1644 1195 V.
1664 1170 1688 1195 6.
1710 1170 1731 1195 1.
1757 1169 1787 1195 fr.
1806 1171 1848 1195 213.
1873 1170 1897 1204 ξ.
1917 1171 1942 1196 3.
1967 1168 2001 1196 de

1151 1212 1180 1238 S.
1199 1210 1227 1238 P.
1247 1211 1278 1238 R.
1298 1212 1323 1238 8.
1342 1213 1367 1238 3.
1393 1211 1423 1238 fr.
1445 1213 1484 1238 19.
1509 1221 1547 1249 pr.
1571 1221 1663 1238 comm.
1683 1211 1736 1238 div.
1758 1214 1798 1238 10.
1817 1214 1841 1238 3.
1878 1212 1910 1239 11.
1932 1213 2000 1246 ⁰1².

1151 1254 1202 1281 Pro
1227 1256 1334 1291 regione
1360 1255 1487 1291 cuiusque
1511 1253 1625 1292 praedii,
1651 1269 1680 1274 —
1707 1254 1759 1281 Pro
1779 1254 1893 1281 indiviso
1914 1256 2001 1286 (com-

1151 1298 1255 1331 mune.)
1280 1297 1310 1324 fr.
1332 1299 1372 1324 19.
1392 1308 1430 1334 pr.
1451 1297 1467 1324 l.
1490 1299 1529 1324 10.
1548 1298 1573 1324 3.
1599 1296 1628 1323 sr.
1649 1297 1673 1323 8.
1698 1296 1729 1323 fr.
1748 1299 1790 1324 29.
1810 1297 1843 1324 de
1861 1297 1893 1324 A.
1913 1296 1944 1324 R.
1965 1297 1999 1324 D.

1151 1342 1193 1367 41.
1215 1342 1237 1367 1.
1274 1340 1316 1367 III.
1336 1342 1403 1368 Cn.
1428 1340 1597 1378 Opportunis
1621 1339 1688 1366 Iocis
1713 1340 1869 1373 (constituit
1888 1339 1936 1366 Vll
1959 1350 2000 1367 co—

1152 1384 1272 1417 hortes,)
1302 1388 1329 1410 ut
1354 1383 1430 1410 binas
1458 1384 1580 1420 regiones
1609 1382 1683 1410 urbis
1707 1392 1879 1420 unaquaeque
1903 1383 2000 1410 cohors

1154 1432 1263 1454 tueatur.
1288 1426 1318 1453 fr.
1338 1428 1362 1454 3.
1383 1437 1422 1464 pr.
1445 1426 1477 1453 de
1497 1427 1539 1453 off.
1560 1426 1612 1453 Prf.
1634 1425 1709 1462 Vigg.
1732 1427 1753 1452 1.
1775 1428 1814 1452 15.
1850 1426 1872 1452 E
1893 1427 2001 1463 regione

1153 1471 1282 1507 cuiusque
1301 1470 1406 1502 finium,
1426 1480 1450 1496 v.
1471 1471 1527 1496 eius
1547 1468 1630 1501 fundi,
1650 1468 1780 1501 (alicuius
1801 1469 1887 1502 esse.)
1906 1469 1937 1496 fr.
1959 1471 2000 1496 19.

1153 1523 1192 1551 pr.
1216 1512 1234 1539 1.
1258 1515 1295 1539 10.
1315 1514 1339 1539 3.
1364 1513 1395 1540 fr.
1417 1514 1459 1540 26.
1484 1513 1506 1547 §.
1529 1513 1551 1539 1.
1577 1511 1609 1538 de
1635 1521 1689 1538 exc.
1714 1512 1752 1538 rei
1776 1511 1827 1538 iud.
1852 1514 1894 1539 44.
1917 1515 1942 1539 2.
1967 1511 1999 1539 cf.

1153 1557 1182 1583 t'r.
1198 1559 1223 1582 2.
1244 1556 1265 1590 §.
1282 1558 1305 1582 l.
1325 1556 1369 1582 fin.
1390 1555 1497 1592 regund.
1519 1557 1559 1582 10.
1576 1557 1597 1581 l.
1635 1554 1799 1590 Regionibus
1819 1554 1901 1581 dividi
1919 1565 2001 1593 posse

1153 1600 1287 1635 (agrum.)
1314 1599 1344 1626 fr.
1366 1601 1389 1626 7.
1409 1609 1449 1636 pr.
1473 1599 1495 1633 ξ.
1517 1600 1539 1625 l.
1565 1608 1657 1625 comm.
1679 1597 1731 1624 div.
1752 1599 1792 1624 10.
1810 1599 1835 1624 3.
1855 1609 1877 1625 c.
1897 1600 1921 1625 3.
1941 1598 2000 1625 eod.

1153 1645 1177 1669 3.
1196 1644 1238 1668 37.
1260 1658 1290 1662 -·—
1318 1643 1348 1676 ξ.
1369 1643 1406 1670 2.
1429 1643 1672 1673 Territurium,
1692 1642 1845 1676 singulae
1864 1643 2002 1668 civitati

1153 1692 1248 1712 extra
1277 1695 1382 1712 muros
1410 1686 1624 1719 adscriptum.
1660 1683 1679 1710 l.
1700 1684 1763 1718 Sy.
1792 1683 1870 1711 Fines
1900 1684 2001 1722 oppidi.

1154 1729 1232 1765 Ager,
1252 1728 1435 1755 Territorium.
1455 1727 1486 1754 fr.
1505 1728 1529 1753 3.
1550 1726 1582 1753 de
1602 1731 1650 1753 tut.
1670 1731 1696 1753 et
1715 1737 1769 1754 cur.
1787 1728 1829 1754 26.
1849 1730 1872 1754 5.
1893 1727 1922 1754 fr.
1942 1728 2001 1754 239.

1154 1772 1175 1805 ξ.
1194 1774 1219 1798 2,
1239 1771 1272 1798 de
1291 1770 1322 1797 V.
1343 1771 1371 1797 S.
1391 1772 1432 1796 50.
1453 1771 1492 1796 16.
1515 1769 1583 1796 Nov.
1604 1769 1653 1796 Th.
1673 1769 1704 1797 II.
1725 1770 1756 1803 (1.
1775 1772 1817 1798 26.
1838 1781 1859 1796 c.
1880 1772 1902 1797 l.
1923 1770 1944 1804 §.
1963 1770 2001 1803 5.)

1154 1814 1196 1840 111.
1216 1815 1282 1842 Gn.
1306 1814 1370 1849 Agri
1396 1813 1486 1850 plaga,
1506 1823 1573 1849 quae
1598 1818 1638 1839 est
1657 1814 1683 1839 in
1703 1815 1810 1850 regione
1828 1812 1881 1840 illa.
1918 1813 2001 1849 Regio

1155 1857 1303 1889 Rau-cunas,
1323 1867 1346 1883 v.
1367 1856 1487 1893 Niphana
1507 1860 1556 1882 ete.
1577 1855 1607 1882 fr.
1629 1858 1672 1882 35.
1693 1857 1714 1890 §.
1733 1858 1758 1882 2.
1778 1856 1808 1884 fr.
1827 1858 1868 1882 41.
1889 1856 1910 1890 ξ.
1926 1857 1950 1882 9.
1969 1854 2002 1882 de

1155 1900 1231 1936 legat.
1251 1899 1294 1925 111.
1315 1900 1391 1933 (32.)
1418 1915 1449 1919 —
1475 1897 1505 1933 ξ.
1526 1900 1563 1925 3.
1592 1901 1802 1926 Vniversz'tas
1822 1901 2002 1926 vicinorum

1155 1944 1360 1977 oppidorum,
1382 1952 1583 1977 agrorumve.
1620 1941 1664 1969 111.
1679 1943 1745 1969 Gn.
1765 1941 1816 1968 Per
1834 1941 1951 1978 singulas
1967 1941 2001 1967 ci-

1154 1987 1264 2017 vitates,
1288 1986 1470 2021 regionesque.
1496 1984 1526 2011 fr.
1545 1987 1570 2011 3.
1595 1984 1628 2011 de
1655 1995 1685 2012 eo
1710 1995 1753 2022 qu.
1780 1996 1801 2012 c.
1826 1985 1894 2012 loco.
1917 1985 1957 2010 13.
1976 1985 2000 2009 4.

1156 2028 1206 2055 Th.
1227 2028 1257 2055 C.
1277 2027 1348 2054 XIV.
1370 2030 1409 2054 10.
1431 2038 1452 2054 c.
1473 2029 1496 2053 4.
1521 2027 1554 2054 de
1578 2027 1637 2054 hab.
1663 2038 1714 2065 quo
1740 2029 1778 2055 uti
1802 2038 1844 2065 op.
1864 2026 1949 2058 Vrbs,
1975 2030 2001 2052 ct

1156 2082 1206 2108 qua
1232 2071 1280 2098 alia
1300 2071 1437 2097 solitarum
1457 2072 1602 2107 regionum.
1627 2070 1657 2097 sr.
1679 2073 1701 2097 1.
1726 2072 1748 2105 §.
1770 2072 1809 2097 13.
1833 2070 1865 2097 de
1884 2069 1927 2096 off.
1947 2068 2000 2095 Pri.

1156 2114 1202 2141 Vr.
1224 2116 1245 2141 l.
1262 2116 1301 2140 12.
1339 2114 1560 2152 Splendid1ssima
1583 2114 1727 2150 Tyriorum
1747 2113 1857 2141 colonia.
1877 2128 1909 2132 -
1928 2112 2002 2138 nobi-

1156 2157 1190 2184 lis
1210 2157 1361 2194 regionibus
1381 2162 1430 2183 etc.
1454 2157 1484 2183 fr.
1507 2159 1528 2183 1.
1549 2167 1587 2195 pr.
1611 2157 1644 2183 dc
1663 2157 1760 2184 censib.
1780 2158 1821 2182 50.
1842 2157 1882 2181 15.
1920 2154 2002 2190 Quod

1157 2200 1338 2237 frequentatur
1358 2201 1383 2226 in
1403 2210 1431 2226 ea
1452 2201 1564 2237 regione.
1602 2200 1660 2227 Mos
1681 2199 1802 2235 regionis.
1823 2197 1853 2224 fr.
1876 2199 1915 2224 10.
1935 2198 1958 2231 §.
1975 2199 2000 2224 3.

1157 2243 1242 2270 mand.
1266 2246 1304 2270 17.
1326 2244 1347 2268 1.
1369 2242 1398 2268 fr.
1421 2245 1442 2269 1.
1462 2253 1500 2280 pr.
1521 2243 1553 2270 de
1574 2253 1644 2270 usur,
1663 2244 1741 2268 22.1.
1765 2257 1791 2260 -
1815 2242 1846 2274 ᾗ.
1860 2242 1898 2267 4.
1922 2242 2000 2268 Tra-

1157 2293 1241 2318 ctus,
1271 2288 1457 2313 Provincia.
1496 2286 1514 2312 l.
1538 2288 1600 2321 Sy.
1624 2285 1771 2311 Dioeeosis.
1801 2283 1848 2310 Iul.
1874 2294 1915 2321 ep.
1939 2293 1999 2310 nov.

1158 2339 1179 2355 c.
1202 2331 1241 2355 15.
1267 2329 1288 2362 ξ
1309 2330 1349 2354 52.
1374 2339 1395 2355 c.
1416 2330 1457 2355 61.
1482 2330 1502 2363 ξ.
1523 2330 1581 2355 216.
1618 2327 1764 2354 Provincia.
1795 2325 1844 2352 Th.
1865 2326 1896 2353 C.
1920 2326 1939 2353 1.
1960 2328 2000 2353 10.

1159 2383 1179 2399 c.
1195 2374 1217 2398 l.
1238 2382 1276 2408 sq.
1297 2371 1401 2405 (ch.)
1422 2371 1454 2398 de
1474 2372 1517 2398 off.
1537 2381 1600 2397 com.
1621 2370 1648 2396 S.
1670 2369 1747 2405 largg.
1768 2369 1798 2395 11.
1818 2371 1841 2395 4.
1861 2371 1920 2396 c.1.
1940 2370 1962 2403 §.
1978 2371 2000 2396 1.

1159 2415 1191 2441 de
1211 2414 1322 2441 deuunc.
1342 2425 1366 2440 v.
1387 2414 1448 2440 edit.
1469 2423 1547 2440 rescr.
1568 2412 1609 2439 Cf.
1630 2412 1659 2438 fr.
1676 2415 1716 2438 51.
1737 2412 1769 2439 de
1788 2412 1855 2438 adm.
1876 2417 1901 2438 et
1919 2413 2000 2449 peric.

1158 2459 1200 2484 26.
1215 2460 1237 2483 7.
1263 2457 1326 2483 Pars
1346 2456 1561 2490 (suburbicaria.)
1582 2455 1631 2482 Th.
1653 2455 1683 2482 C.
1703 2455 1748 2482 XI.
1771 2458 1792 2482 1.
1813 2466 1833 2482 c.
1853 2457 1876 2482 9.
1897 2454 1929 2482 de
1943 2465 2000 2481 ann.

1160 2505 1185 2526 et
1208 2501 1269 2527 trib.
1293 2500 1338 2526 XI.
1361 2501 1399 2525 16.
1425 2509 1446 2525 c.
1467 2501 1506 2524 12.
1527 2497 1559 2524 de
1579 2503 1644 2524 extr.
1665 2509 1686 2524 s.
1707 2498 1778 2525 sord.
1816 2498 1859 2524 111.
1879 2499 1945 2526 Gn.
1965 2496 2002 2524 Vt

1160 2548 1229 2569 certa
1248 2544 1362 2579 regione,
1382 2547 1407 2568 et
1427 2545 1498 2567 certo
1517 2543 1579 2567 mari
1600 2542 1754 2577 negotietur.
1776 2540 1805 2567 fr.
1823 2543 1845 2567 l.
1865 2541 1886 2575 §.
1908 2542 1949 2567 12.
1968 2539 2001 2567 de

1160 2596 1243 2612 exerc.
1263 2590 1311 2612 act.
1334 2587 1371 2611 14.
1393 2586 1415 2610 l.
1444 2583 1552 2610 Latinae
1571 2586 1700 2619 regiones.
1721 2584 1777 2610 Gai.
1793 2583 1810 2610 I.
1828 2585 1883 2610 131.
1912 2583 2001 2609 ltaliae

1160 2629 1288 2664 regiones.
1325 2627 1402 2663 Ηυξ,
1428 2637 1494 2663 quae
1513 2632 1574 2653 sunt
1593 2628 1642 2654 sub
1663 2626 1791 2654 iuridicis.
1812 2626 1862 2653 Th.
1882 2626 1913 2653 C.
1932 2624 1999 2652 VIII.

1159 2673 1182 2697 5.
1203 2682 1224 2697 c.
1244 2674 1286 2697 28.
1311 2670 1343 2696 de
1368 2679 1446 2695 cursu
1471 2669 1531 2707 pub.
1556 2669 1640 2696 Vatic.
1660 2671 1697 2704 §§.
1716 2672 1776 2696 2:32.
1795 2672 1854 2696 241.
1891 2668 1941 2695 Per
1961 2677 2000 2694 re-

1159 2715 1251 2750 giones
1271 2729 1302 2733 —
1323 2713 1460 2739 constituti
1486 2718 1633 2744 curatores,
1659 2722 1726 2739 unus
1746 2712 1813 2739 sorte
1833 2712 1869 2738 rei
1887 2709 1999 2741 Italicae,

1159 2756 1225 2782 alius
1251 2757 1276 2782 in
1300 2757 1442 2792 provincia.
1468 2755 1498 2782 fr.
1517 2758 1542 2782 2.
1567 2756 1588 2789 §.
1608 2758 1631 2782 2.
1657 2754 1689 2781 de.
1711 2765 1764 2781 cur.
1784 2755 1844 2781 bon.
1863 2755 1903 2779 42.
1923 2753 1946 2778 7.
1966 2751 1998 2778 cf.

1159 2799 1189 2825 sr.
1213 2801 1234 2825 1.
1254 2799 1276 2832 §.
1295 2802 1319 2824 2.
1340 2799 1391 2833 Qu.
1413 2798 1479 2825 falso
1500 2803 1547 2825 tut.
1567 2803 1633 2825 auct.
1652 2799 1694 2824 27.
1714 2799 1737 2824 6.
1759 2797 1787 2824 fr.
1807 2799 1831 2824 3.
1851 2797 1872 2830 §.
1893 2797 1915 2821 7.
1934 2794 2000 2821 iudi-

1160 2846 1208 2868 cat.
1228 2841 1305 2868 solvi.
1326 2843 1366 2868 46.
1388 2843 1410 2868 7.
1448 2841 1498 2868 Per
1517 2851 1618 2868 omnem
1637 2840 1748 2873 ltaliam,
1777 2846 1830 2868 tum
1853 2839 1930 2864 etiam
1952 2847 2000 2875 per

1959 2891 1999 2907 ur-
