2197 3121
942 151 1033 183 GVL
1058 170 1100 175 —-
1123 152 1219 183 ΗΑΒ.

207 238 377 265 architectus.
399 236 587 274 gubernatores
608 239 655 262 etc.
675 233 707 261 fr.
721 235 745 261 6.
765 234 797 261 (18
816 235 873 261 iure
891 235 998 261 immun.
1011 235 1053 261 50.
1075 235 1076 239 ’

206 283 230 309 6.
268 281 373 317 Quodsi
393 280 502 306 absente
521 279 628 306 domino
653 277 679 304 id
703 288 716 303 a
736 279 874 314 magistro,
899 277 942 304 vel
961 277 1054 314 guber·
1074 269 1076 276 λ

206 329 311 352 natore.
332 329 374 350 aut
394 328 512 360 proreta,
532 326 643 348 nautave
668 320 756 357 aliquo
784 321 879 347 factum
897 321 940 347 sit.
960 320 991 347 fr.
1013 322 1052 347 ll.
1073 350 1075 363 Ι

206 367 229 401 5.
248 369 273 393 2.
294 366 326 393 (18
344 367 477 404 publiean.
496 367 537 392 39.
551 366 575 391 4.
612 363 666 390 Aut
686 364 712 390 iu
732 363 941 400 gubernatorem,
962 368 1006 390 aut
1025 364 1051 389 in
1073 367 1075 380 ’

207 409 368 442 ducatorem,
383 410 525 442 (actionem
539 407 710 444 competere.)
725 406 767 433 Cf.
781 417 805 433 v.
820 406 946 432 Ducator.
968 406 1052 442 Agro-

207 463 265 479 rum
284 453 480 490 gubernatores.
505 449 572 477 Nov.
593 449 650 476 Val.
671 449 713 476 Ill.
738 449 772 476 de
791 450 868 476 tiron.
888 448 918 475 II.
939 449 963 475 6.
985 458 1005 475 c.
1026 451 1050 475 2.

208 496 246 530 §5
268 498 289 522 1.
310 506 350 533 sq.
371 495 401 522 cf.
422 505 443 521 c.
465 496 487 520 l.
510 493 592 528 551.
613 502 652 529 sq.

244 539 355 566 Gula.
392 539 527 564 Fauces.
552 535 594 562 III.
610 537 675 564 Cn.
696 535 781 567 Servi,
803 544 882 571 quem
901 539 995 561 tonsor
1014 544 1052 561 ra-

208 580 296 613 debat,
315 580 373 617 gula
392 580 510 618 praecisa
529 578 632 605 adiecto
653 577 769 605 cultello.
797 577 827 604 fr.
849 578 889 603 11.
909 588 948 614 pr.
969 577 1002 604 ad
1021 576 1050 604 L.

208 623 277 660 Aqu.
297 624 320 650 9.
340 625 363 649 2.

244 667 418 693 Gulosus.
456 664 594 698 (Adiect.)
636 665 756 696 Vorax,
780 669 809 690 et
837 665 1051 690 delicatioris

208 711 274 735 cibi
293 710 477 743 adpetitum
497 710 621 735 habens.
658 706 700 733 HI.
727 707 793 734 Cn.
812 705 952 732 Aleatores
972 711 998 732 et
1016 707 1052 732 vi-

208 752 297 778 narios
325 752 395 785 (non
421 751 552 777 contineri
575 749 693 783 edicto,)
714 765 746 769 —
765 749 986 786 quemadmodum
1004 758 1053 775 nec

208 794 325 831 gulosos,
345 804 394 821 nec
413 795 574 831 impostores
588 798 636 820 etc.
651 792 681 819 fr.
696 793 720 818 4.
740 792 762 826 5.
776 794 800 819 2.
821 792 854 819 de
872 791 959 819 Aedil.
974 791 1052 818 edict.

207 839 250 864 21.
272 839 294 863 l.

244 881 397 908 Gustus.
436 880 645 916 Degustatio.
681 877 725 904 ΠΙ.
752 878 817 905 Gn.
837 877 897 904 Alia
916 887 994 904 causa
1013 882 1054 904 est

208 923 374 959 degustandi,
394 923 442 949 alia
462 921 600 952 metiendi;
620 925 712 957 gustus
728 922 797 947 enim
816 920 849 947 ad
867 920 918 947 hoc
937 921 1052 958 proficit,

208 966 255 999 (ut
279 966 429 1003 improbare
452 965 555 998 liceat.)
583 963 615 991 fr.
643 965 685 990 34.
715 964 736 998 5.
765 965 788 990 5.
818 963 852 990 de
880 969 963 991 contr.
993 968 1052 990 emt.

210 1010 250 1035 18.
272 1011 294 1035 1.

245 1053 483 1079 Gutturosus.
497 1049 626 1084 (Adiect.)
648 1051 711 1083 Qui
730 1051 824 1076 habet
841 1056 961 1085 guttur
977 1059 1053 1084 pro·

209 1100 242 1120 tu
250 1096 368 1121 bernus.
388 1094 431 1120 ΙΙΙ.
447 1095 513 1122 On.
534 1092 563 1119 Si
584 1093 644 1130 quis
663 1097 755 1119 natura
775 1097 929 1129 gutturosus
948 1093 991 1124 sit,
1010 1097 1054 1118 aut

209 1136 301 1163 oculos
321 1138 466 1163 eminentes
486 1136 594 1169 habeat,
614 1137 708 1170 (sanus
726 1135 853 1167 videtur.)
872 1135 904 1162 fr.
926 1137 966 1161 12.
986 1135 1008 1169 5.
1028 1137 1052 1161 2.

209 1178 242 1206 (18
260 1179 346 1206 Α8(111.
367 1179 445 1206 edict.
465 1181 508 1206 21.
530 1181 553 1205 1.

244 1223 462 1256 Gymnicus.
500 1220 631 1255 (Adieet.)
669 1224 910 1257 Gymnasticus.
931 1220 1053 1249 Iltcn.

208 1264 332 1301 Gymnici
361 1266 452 1302 agonis
481 1264 640 1302 spectacula.
678 1264 729 1292 Th.
750 1264 781 1292 C.
801 1263 860 1291 XV.
886 1266 909 1291 7.
933 1275 954 1291 c.
977 1266 1001 1291 3.
1021 1264 1054 1291 de

207 1317 321 1335 scaemc.

243 1352 501 1385 Gynaeceum.
559 1352 720 1378 Textriuu
748 1352 973 1385 imperialium
1006 1361 1054 1377 ve-

208 1396 315 1421 stium.
352 1394 370 1421 1.
388 1396 450 1428 Sy.
471 1393 628 1421 Textrinum
647 1394 802 1427 (nostrum.)
822 1393 860 1420 Ib.
878 1394 911 1420 X.
931 1395 973 1420 20.
994 1404 1015 1420 c.
1028 1395 1053 1420 3.

209 1447 230 1463 c.
250 1438 274 1463 9.
295 1436 327 1463 de.
346 1437 463 1473 murileg.
492 1437 534 1463 III.
558 1439 624 1465 Gn.
643 1437 803 1463 Procurator
821 1437 990 1474 praepositus
1010 1446 1054 1473 gy-

207 1489 314 1512 naeceo,
334 1479 480 1506 tabularius
506 1485 554 1506 etc.
580 1480 617 1506 lb.
637 1479 681 1507 IX.
701 1481 743 1506 27.
764 1490 785 1506 c.
805 1481 828 1505 7.
848 1479 880 1506 ad
899 1479 928 1506 L.
948 1479 996 1506 Iul.
1016 1490 1055 1506 re-

208 1527 262 1560 pet.
300 1522 406 1559 Aliquis
427 1533 459 1549 ex
472 1522 577 1549 familiis
591 1524 714 1560 gynaecei
742 1522 780 1549 lb.
794 1523 827 1549 X.
839 1524 882 1549 20.
897 1533 917 1549 c.
934 1524 956 1549 7.
977 1522 1054 1549 Com-

208 1565 322 1602 pedibus
345 1567 451 1592 vinctus
476 1565 508 1592 ad
536 1567 661 1602 gynaecei
685 1565 852 1601 Carthaginis
880 1566 1054 1592 ministerium

209 1608 359 1645 deputetur.
378 1609 416 1635 Ib.
436 1608 480 1635 lV.
500 1610 524 1635 6.
549 1619 570 1635 c.
595 1610 619 1635 3.
644 1608 677 1635 de
696 1613 780 1634 natur.
804 1608 841 1634 sil.
860 1608 905 1635 XI.
927 1610 949 1634 1.
971 1618 992 1635 c.
1011 1610 1053 1634 24.

211 1650 244 1677 de
263 1662 356 1678 annon.
378 1657 403 1678 et
423 1651 513 1678 tribut.

246 1694 535 1727 Gynaeeiarius.
550 1694 680 1727 (Adiect.)
700 1696 749 1721 Ad
763 1704 963 1729 gynaeceum
983 1704 1054 1729 per-

210 1738 325 1763 tinens.
362 1737 381 1763 I.
396 1738 457 1772 Sy.
477 1736 611 1773 Gynaecei
631 1738 823 1774 (mancipium.)
843 1736 893 1763 Th,
914 1736 944 1763 C.
964 1738 998 1763 X.
1012 1739 1053 1763 20.

211 1790 232 1805 c.
252 1780 277 1805 2.
297 1789 336 1815 sq.
357 1789 379 1805 c.
399 1781 421 1805 7.
443 1790 463 1806 c.
483 1782 507 1806 9.
527 1779 560 1805 de
579 1779 695 1816 murileg.
728 1779 770 1806 III.
797 1781 863 1807 (7²1.
884 1779 991 1816 Corpus
1010 1789 1055 1815 gy-

210 1823 409 1853 naeciariorum,
428 1822 471 1848 vel
489 1822 679 1851 linteariorum.
699 1827 747 1849 etc.
768 1822 805 1848 lb.
820 1822 836 1848 l.
850 1822 866 1848 l.
882 1832 902 1848 c.
919 1823 958 1848 16.
978 1821 1054 1848 Prae-

210 1866 292 1902 positi
312 1864 496 1891 thesaurorum
516 1870 593 1901 atque
616 1865 785 1902 baphiorum.
806 1869 991 1902 procuratores
1010 1875 1054 1901 gy-

211 1908 400 1934 naeciariorum
420 1918 449 1933 ac
467 1909 672 1934 monetariorum
691 1912 740 1934 etc.
759 1907 796 1934 lb.
816 1907 860 1934 XI.
880 1908 922 1934 28.
943 1918 963 1934 c.
977 1909 1000 1934 3.
1021 1907 1054 1934 de

211 1950 311 1987 indulg.
332 1950 414 1976 debit.

247 1993 474 2027 Gynaeeius.
511 1992 590 2019 Idem.
627 1992 671 2019 111.
691 1994 757 2020 Gn.
776 1992 872 2030 Bnphii
892 1998 917 2020 et
936 1994 1054 2030 gynaecii

212 2036 256 2069 [al.
277 2036 455 2073 gynaeciarii]
476 2046 496 2062 c.
516 2038 540 2062 2.
561 2035 594 2062 (18
613 2035 731 2071 murileg.
754 2037 793 2061 11.
815 2038 837 2062 7.

213 2146 422 2192 flabella.
462 2166 617 2191 Senticae
633 2175 741 2200 genus.
779 2164 822 2191 111.
851 2165 917 2193 Gn.
949 2164 1078 2192 Tei-reri*

214 2211 313 2233 tantum
336 2207 423 2234 solent
448 2207 501 2241 (sc.
530 2207 708 2244 impuberes.)
733 2212 759 2233 et
782 2207 883 2234 habena
906 2207 949 2234 vel
973 2207 1055 2234 ferula

218 2249 298 2275 caedi.
319 2249 349 2275 fr.
370 2252 391 2276 1.
412 2251 432 2284 5.
452 2251 494 2276 33
515 2250 546 2276 de
566 2251 593 2277 S.
615 2249 645 2277 C.
667 2249 749 2276 silan.
769 2252 811 2277 ⁶29.
831 2253 855 2276 5.

252 2293 417 2319 Habere·
453 2294 485 2326 ξ.
505 2294 540 2320 l·
570 2295 701 2324 Tenere,
722 2294 889 2325 Retinere,
911 2296 1054 2320 Servare.

217 2334 234 2360 1.
246 2335 307 2368 Sy.
328 2333 516 2368 Constitutum,
536 2336 713 2367 Destinatum,
733 2335 854 2362 Paratum
873 2346 939 2363 esse.
959 2336 1056 2362 Haberi

217 2377 329 2412 (gratia.
354 2385 375 2402 5.
399 2377 425 2402 ἰη
448 2377 525 2411 hoc.)
550 2379 579 2405 fr.
600 2381 641 2405 55.
662 2389 700 2416 pr.
721 2379 759 2412 55.
778 2381 802 2404 2.
823 2389 863 2415 sq.
885 2381 907 2405 7.
928 2378 960 2405 (18
978 2378 1055 2415 legat.

216 2419 258 2445 111.
279 2419 346 2451 (32.)
366 2418 397 2444 sr.
416 2420 457 2446 30.
476 2430 516 2456 pr.
539 2422 562 2455 ᾗ.
582 2424 605 2448 5.
630 2422 660 2448 fr.
680 2423 739 2448 203.
760 2421 792 2448 de
812 2421 842 2448 V.
864 2421 891 2448 S.
911 2423 952 2447 50.
975 2423 1013 2448 16.
1034 2432 1056 2455 c,

219 2463 240 2487 1.
262 2471 302 2497 sq.
329 2460 387 2487 eod.
413 2462 437 2487 6.
460 2463 502 2488 38.
545 2464 655 2491 Tenere.
680 2464 711 2491 fr.
736 2466 757 2491 l.
782 2465 803 2498 5.
823 2466 865 2491 33.
889 2464 921 2491 de
940 2465 968 2491 vi
987 2469 1013 2491 et
1030 2465 1056 2490 vi
1077 2493 1079 2502 Ι

217 2514 280 2530 arm.
306 2505 347 2530 43.
368 2505 408 2530 16.
433 2504 463 2532 fr.
484 2505 525 2530 38.
548 2507 570 2539 5.
589 2508 616 2533 9.
638 2507 671 2533 (18
694 2506 725 2533 V.
746 2507 779 2534 Ο,
804 2509 844 2534 45.
871 2509 893 2533 l.
931 2507 973 2533 ΙΙΙ.
993 2508 1055 2535 Cn.

217 2546 322 2574 Habere
341 2556 381 2572 me.
400 2557 413 2572 a
433 2547 509 2573 vobis
529 2548 596 2580 (auri
615 2550 719 2586 pondus
739 2551 800 2583 etc.)
821 2550 851 2577 sr.
870 2551 912 2577 26.
933 2551 954 2584 5.
968 2552 993 2576 2.
1014 2549 1057 2576 de-

217 2600 275 2627 pos.
297 2590 335 2615 16.
355 2590 379 2615 3.
409 2589 483 2624 Quas
503 2592 553 2623 ksc.
572 2592 626 2624 res)
645 2598 773 2630 perpetuo
794 2595 853 2630 quis
872 2594 909 2620 ibi
927 2593 1056 2625 habuerit,

219 2638 297 2669 atque
316 2633 351 2657 ita
371 2631 494 2668 deposuit
513 2637 541 2659 ut
560 2638 687 2669 perpetuo
706 2635 822 2662 haberet.
841 2636 872 2663 fr.
885 2638 927 2662 35.
947 2637 969 2670 5
983 2637 1007 2662 3.
1025 2635 1057 2662 de

219 2674 309 2701 hered.
335 2675 395 2700 inst.
420 2676 461 2700 28.
486 2677 509 2701 5.
551 2675 703 2702 Perdidisse
726 2678 779 2711 (sc.
803 2680 949 2712 rationes)
969 2680 1058 2705 autin

219 2717 364 2753 longinquo
388 2717 497 2749 habere,
521 2718 604 2745 veluti
632 2723 704 2744 trans
727 2730 804 2748 mare.
833 2722 864 2748 fr.
888 2723 912 2748 6.
941 2721 962 2755 5.
982 2723 1006 2748 9.
1026 2721 1059 2748 (18

222 2759 315 2787 8(18ῃ(1.
335 2762 360 2786 2.
382 2761 420 2786 13.
459 2760 527 2796 Qui,
553 2771 611 2787 eum
635 2761 729 2788 habeat
753 2765 802 2794 (sc.
822 2765 938 2796 tabulas)
957 2769 983 2791 et
1000 2775 1060 2802 pro-

223 2802 291 2829 ferre
310 2804 410 2839 possit.
430 2813 473 2829 eas
492 2803 605 2840 proferri
624 2814 676 2831 non
698 2810 777 2831 curat.
796 2806 868 2833 Paul.
888 2807 931 2833 IV.
952 2810 976 2833 7.
996 2808 1018 2841 5.
1035 2811 1060 2835 4.

1877 157 1940 187 409

1099 234 1153 270 Qui
1172 244 1303 261 venenum
1323 235 1433 262 necandi
1457 235 1571 262 hominis
1596 244 1673 262 causa
1692 236 1796 267 fecerit,
1816 236 1858 263 vel
1878 247 1939 264 ven-

1098 277 1203 309 diderit,
1222 277 1266 304 vel
1285 277 1413 304 habuerit.
1434 278 1465 305 sr.
1484 281 1508 305 3.
1529 289 1568 316 pr.
1589 279 1610 313 ξ.
1632 280 1654 305 l.
1675 278 1706 305 cf.
1726 278 1756 306 fr.
1778 281 1800 305 1.
1820 280 1842 313 5.
1865 281 1886 306 1.
1907 280 1939 306 ad

1096 320 1126 347 L.
1147 320 1228 347 Corn.
1254 320 1286 347 de
1311 321 1386 347 sicar.
1412 322 1453 347 48.
1474 322 1498 348 8,
1524 321 1597 348 Paul.
1617 320 1649 348 V.
1668 322 1710 348 23.
1730 322 1752 355 5.
1773 324 1795 349 1.
1833 322 1870 349 Vt
1888 322 1939 350 sru-

1097 368 1155 390 ctus
1174 364 1200 390 in
1219 364 1300 390 vicini
1323 363 1386 390 villa
1410 369 1549 400 cogantur,
1574 365 1711 401 coactique
1734 364 1886 392 habeantur.
1907 366 1937 392 fr.

1096 407 1119 432 3.
1140 406 1162 440 5.
1184 408 1206 432 l.
1227 405 1259 433 de
1278 405 1306 433 S.
1326 405 1354 432 P.
1374 405 1405 432 R.
1425 408 1450 433 8.
1469 408 1493 433 3.
1531 407 1585 443 Qui
1605 408 1687 434 civem
1700 406 1732 434 R.
1752 424 1785 427 -
1805 408 1938 441 celaverit,

1095 449 1218 481 vinxerit,
1237 450 1408 485 vinctumque
1422 448 1550 478 habuerit.
1569 449 1719 476 vendiderit
1731 455 1781 477 etc.
1801 450 1871 478 Coll.
1885 451 1938 478 LL.

1095 491 1128 518 M.
1148 492 1218 518 XIV.
1238 494 1262 518 3.
1301 492 1330 519 Si
1350 491 1441 518 durius
1464 492 1568 518 habitos
1590 494 1638 523 (sc.
1666 494 1781 527 servos,)
1802 504 1879 530 quam
1899 505 1939 521 ae-

1097 545 1176 571 quum
1205 540 1258 567 est,
1278 551 1311 555 --
1331 535 1496 571 cognoveris.
1521 534 1551 561 fr.
1572 537 1596 561 2.
1623 535 1656 562 (18
1682 535 1707 562 h.
1732 547 1774 573 qu.
1800 538 1849 563 sui.
1871 539 1893 563 l.
1914 539 1938 563 6.

1096 576 1155 604 Nisi
1174 577 1241 604 forte
1260 577 1412 614 diligentius
1432 587 1490 603 eum
1509 578 1557 611 (sc.
1571 579 1688 611 servum)
1708 579 1846 606 habiturus
1859 585 1938 611 esset.

1096 620 1126 647 fr.
1146 623 1170 647 5.
1190 621 1212 655 5.
1231 622 1255 647 3.
1276 620 1308 647 de
1329 620 1405 647 cond.
1426 630 1495 647 caus.
1515 620 1567 647 dat.
1589 623 1628 647 12.
1643 623 1666 647 4.
1705 622 1758 657 Qui
1778 622 1940 659 negligenter

1096 665 1169 700 ignes
1189 663 1259 701 apud
1277 673 1306 690 se
1326 663 1472 690 habuerint.
1498 679 1530 683 —
1554 663 1589 690 Vt
1608 665 1774 691 innocentem
1793 666 1878 701 ignem
1896 665 1939 692 ha-

1096 707 1183 734 beant.
1202 707 1233 734 fr.
1254 709 1277 734 4.
1299 707 1330 733 cf.
1350 707 1381 733 fr.
1401 708 1425 733 3.
1446 706 1484 740 55.
1505 708 1527 733 l.
1542 708 1566 733 4.
1587 706 1620 732 (18
1639 707 1683 733 oli.
1698 706 1750 734 Prf.
1765 707 1837 744 Vigg.
1860 710 1882 734 1.
1898 710 1938 734 15.

1097 750 1128 776 fr.
1147 752 1170 777 9.
1190 751 1212 784 5.
1232 751 1257 777 3.
1276 750 1353 777 locat.
1376 751 1415 776 19.
1435 752 1459 776 2.
1480 748 1550 776 Coll.
1565 748 1617 775 LL.
1637 749 1670 776 Μ.
1690 750 1747 776 XII.
1769 753 1792 777 7.
1828 751 1871 777 Ius
1891 751 1940 778 tibi

1098 803 1150 819 non
1170 803 1244 825 esse,
1268 794 1396 830 parietem
1419 792 1493 819 illum
1516 792 1551 818 ita
1576 791 1680 819 habere.
1706 792 1736 819 fr.
1762 795 1803 820 14.
1827 794 1896 827 51.
1917 795 1940 821 si

1097 837 1188 862 servit.
1208 837 1232 862 8.
1252 838 1274 862 5.
1297 835 1328 862 cf.
1348 835 1379 862 fr.
1401 837 1441 862 19.
1461 835 1484 869 5.
1505 837 1528 861 l.
1547 834 1578 861 fr.
1597 837 1639 861 20.
1658 846 1698 873 pr.
1718 835 1751 862 de
1770 836 1797 862 S.
1816 835 1844 862 P.
1867 836 1896 863 V.
1915 838 1939 863 8.

1096 881 1113 905 2
1158 879 1234 914 Quae
1254 879 1432 911 (ministeria)
1458 879 1484 904 in
1506 888 1582 905 usum
1602 878 1784 915 quotidianum
1803 878 1939 906 habentur.

1098 921 1128 948 fr.
1150 923 1173 947 7.
1193 920 1226 947 de
1245 922 1314 958 pign.
1333 923 1375 947 20.
1397 923 1419 947 1.
1457 921 1661 958 Quadrupedes,
1681 931 1747 958 quae
1764 938 1796 941 —
1816 924 1941 959 gregatim

1098 964 1236 991 habentur.
1255 964 1287 990 fr.
1305 966 1330 990 2.
1350 964 1371 998 5.
1390 965 1415 990 2.
1436 963 1468 990 ad
1486 963 1515 990 L.
1535 964 1604 1001 Aqu.
1624 966 1647 991 9.
1667 967 1690 991 2.
1711 964 1743 991 cf,
1764 964 1794 991 fr.
1814 967 1855 991 40.
1875 965 1939 999 51.

1098 1007 1128 1034 fr.
1147 1009 1189 1033 41.
1209 1017 1249 1044 sq.
1269 1006 1301 1033 de
1322 1006 1408 1033 Aedil,
1428 1006 1506 1033 edict.
1524 1009 1567 1033 21.
1589 1009 1610 1034 l.
1631 1023 1663 1027 -
1683 1008 1713 1041 ξ.
1730 1009 1765 1034 l.
1776 1009 1820 1034 A.
1840 1010 1940 1035 Pleno

1099 1053 1169 1077 iure
1185 1052 1362 1084 possidere.
1400 1049 1418 1075 I.
1439 1050 1500 1084 Sy.
1520 1050 1604 1076 Meum
1624 1060 1684 1077 esse
1703 1050 1838 1083 (usumsr.)
1856 1050 1886 1077 fr.
1900 1052 1940 1077 ll.

1098 1094 1120 1127 5.
1139 1095 1163 1119 2.
1184 1093 1216 1119 (18
1235 1094 1341 1119 iureiur.
1367 1094 1407 1118 12.
1431 1094 1455 1118 2.
1494 1092 1543 1119 Rei
1569 1092 1690 1119 dominus
1715 1104 1782 1120 esse.
1805 1093 1835 1120 sr.
1855 1094 1897 1120 38.
1917 1094 1939 1128 ξ.

1098 1137 1121 1163 9.
1142 1135 1174 1162 (18
1193 1135 1225 1162 V.
1246 1135 1279 1162 Ο.
1299 1138 1340 1162 45.
1361 1137 1384 1162 1.
1410 1134 1441 1162 cs.
1466 1134 1497 1162 fr.
1524 1137 1546 1162 1.
1571 1136 1592 1169 5.
1616 1137 1657 1162 33.
1683 1136 1715 1162 de
1738 1137 1764 1162 vi
1789 1141 1814 1162 et
1833 1137 1858 1163 vi
1878 1147 1939 1164 arm.

1098 1180 1139 1205 43.
1160 1180 1200 1205 16.
1220 1178 1250 1205 fr.
1272 1179 1329 1205 188.
1350 1188 1389 1216 pr.
1410 1178 1443 1205 (18
1462 1177 1494 1205 V.
1515 1178 1542 1205 S.
1562 1180 1603 1205 50.
1620 1180 1658 1205 16.
1695 1178 1837 1205 Possidere
1856 1180 1941 1217 (prae-

1099 1222 1162 1255 dia.)
1194 1221 1251 1248 Gai.
1276 1221 1305 1248 11.
1331 1223 1371 1248 72.
1396 1220 1426 1247 fr.
1447 1223 1470 1247 7.
1495 1221 1516 1255 5.
1535 1223 1560 1248 3.
1581 1221 1613 1248 (18
1632 1222 1663 1248 Α.
1683 1221 1714 1248 R.
1734 1222 1767 1248 D.
1788 1224 1828 1248 41.
1850 1225 1872 1249 l.
1908 1222 1940 1249 ΙΙ.

1100 1267 1167 1299 ΟΡ.
1186 1264 1324 1302 Accipere,
1344 1269 1373 1291 ut
1392 1264 1493 1290 habeat.
1514 1280 1546 1284 —-
1566 1264 1629 1291 Ace.
1650 1264 1720 1301 quod
1740 1266 1789 1291 erit
1807 1266 1940 1292 restitutu-

1099 1318 1153 1339 rus,
1173 1318 1193 1334 5.
1214 1307 1246 1334 ad
1265 1307 1344 1334 alium
1364 1307 1548 1334 translaturus.
1574 1307 1597 1334 fr
1626 1310 1647 1334 l.
1672 1308 1693 1341 5.
1715 1309 1736 1334 1.
1757 1309 1779 1334 si
1799 1318 1841 1344 qu.
1862 1308 1940 1344 aliqu.

1098 1356 1158 1378 test.
1177 1352 1218 1378 29.
1239 1352 1262 1377 6.
1282 1350 1312 1377 fr.
1334 1352 1374 1377 71.
1394 1361 1434 1388 pr.
1454 1350 1487 1377 de
1500 1350 1532 1377 V.
1547 1350 1573 1378 S.
1588 1353 1629 1377 50.
1644 1351 1683 1377 16.
1720 1350 1823 1382 Emere,
1843 1355 1871 1377 ut
1884 1352 1942 1388 ipse

1099 1394 1213 1421 haberet.
1250 1394 1316 1423 Em..
1336 1398 1365 1420 ut
1383 1393 1517 1421 venderet.
1537 1393 1567 1420 sr.
1581 1395 1640 1420 203.
1660 1393 1694 1420 ib.
1709 1395 1749 1419 50.
1765 1395 1804 1420 16.
1824 1393 1866 1420 111.
1876 1395 1942 1421 Cn.

1099 1437 1233 1474 Quodque
1253 1447 1340 1463 earum
1363 1447 1451 1463 rerum
1474 1438 1507 1463 iis
1527 1436 1606 1463 Coss.
1630 1438 1648 1463 ii
1670 1436 1831 1468 habuerunt,
1851 1446 1942 1474 posse-

1099 1480 1203 1508 derunt.
1223 1481 1264 1507 usi
1284 1480 1395 1506 fructive
1419 1484 1487 1506 sunt.
1525 1479 1639 1506 Plebisc.
1664 1479 1696 1506 de
1720 1479 1941 1507 Thermensib.1.

1101 1525 1139 1550 18.
1160 1534 1199 1560 sq.
1220 1523 1251 1550 cf.
1266 1522 1307 1549 Fr.
1328 1522 1393 1559 legis
1407 1522 1528 1549 Thoriae.
1566 1522 1680 1558 Quodve.
1700 1527 1728 1549 tu
1747 1533 1833 1549 meum
1851 1523 1942 1555 habes,

1099 1572 1182 1598 teneS,
1202 1565 1334 1603 possides
1353 1566 1384 1592 sr.
1406 1567 1445 1592 18.
1470 1566 1492 1599 5.
1514 1567 1535 1592 l.
1560 1565 1593 1592 de
1617 1565 1735 1602 acceptil.
1756 1566 1795 1591 46.
1816 1567 1839 1591 4.
1876 1565 1942 1592 Rem

1098 1609 1256 1647 peculiarem
1276 1614 1366 1635 tencre
1385 1613 1512 1645 possunt;
1531 1608 1635 1639 habere,
1655 1608 1793 1646 possidere
1814 1618 1867 1634 non
1882 1618 1942 1645 pos-

1099 1658 1168 1679 sunt.
1194 1652 1223 1679 i'r.
1247 1653 1288 1678 49.
1314 1652 1383 1685 5.1.
1410 1651 1442 1678 (18
1466 1652 1497 1678 A.
1522 1661 1545 1677 v.
1572 1651 1602 1677 Α.
1628 1651 1655 1677 P.
1674 1653 1716 1678 41.
1735 1654 1759 1677 2.
1797 1651 1858 1686 Quo
1877 1653 1942 1681 iure,

1099 1706 1203 1733 quaque
1223 1694 1374 1722 conditione
1398 1704 1426 1720 ea
1445 1693 1551 1731 praedia
1574 1693 1603 1720 L.
1625 1693 1689 1720 Titii
1709 1694 1787 1720 hodie
1807 1699 1882 1727 sunt,
1907 1695 1942 1721 ita

1098 1740 1216 1769 veniunt,
1235 1738 1270 1764 ita
1290 1736 1464 1763 habebuntur.
1485 1736 1569 1762 fr.81.
1590 1737 1648 1770 51.
1669 1736 1702 1763 de
1722 1742 1804 1764 contr.
1825 1743 1884 1764 emt.
1901 1739 1941 1765 18.

1100 1783 1122 1807 l.
1159 1780 1242 1807 Heres
1262 1789 1335 1806 meus
1356 1779 1462 1805 damnas
1484 1783 1540 1805 esto
1566 1780 1667 1805 sinere.
1691 1779 1720 1806 L.
1742 1779 1841 1806 Titium
1861 1780 1942 1806 homi-

1098 1834 1157 1851 nem
1177 1823 1298 1850 Stichum
1317 1832 1428 1854 sumere,
1449 1822 1553 1858 sibique
1572 1822 1675 1848 habere.
1696 1822 1752 1849 Gai.
1766 1822 1796 1849 II.
1810 1824 1868 1849 209.
1882 1825 1940 1850 214.

1099 1877 1138 1904 sq.
1158 1866 1219 1904 le.
1238 1865 1335 1892 XXIV.
1355 1867 1379 1892 3.
1400 1865 1432 1892 sr.
1452 1867 1493 1891 20.
1515 1864 1547 1891 (18
1567 1870 1619 1902 opt.
1640 1864 1688 1901 leg.
1710 1867 1751 1891 33.
1772 1867 1794 1892 5.
1833 1865 1941 1901 Quoini-

1098 1920 1148 1936 nus
1168 1909 1207 1936 illi
1227 1919 1282 1935 eam
1307 1908 1426 1935 arborem
1451 1907 1581 1939 adimere,
1606 1907 1710 1944 sibique
1734 1908 1833 1934 habere
1856 1908 1940 1939 liceat,

1099 1954 1165 1986 (vim
1184 1952 1240 1979 [ieri
1260 1952 1346 1984 vetol)
1366 1951 1397 1977 fr.
1417 1952 1440 1977 1.
1460 1961 1498 1988 pr.
1520 1950 1541 1984 5.
1562 1952 1585 1977 7.
1605 1950 1637 1977 de
1657 1951 1742 1977 arbor.
1763 1951 1833 1977 caed.
1849 1953 1888 1977 43.
1899 1953 1939 1977 27.

1098 1995 1136 2022 Ita
1156 1995 1226 2025 dare,
1246 1999 1274 2021 ut
1294 2004 1351 2020 eum
1369 1993 1467 2020 habere
1490 1993 1575 2020 liceat.
1601 1993 1631 2020 fr.
1656 1995 1696 2019 45.
1722 1995 1743 2028 5.
1767 1996 1786 2020 1.
1814 1994 1845 2020 de
1864 1994 1939 2030 legat.

1099 2038 1117 2065 1.
1138 2038 1205 2071 (30.)
1225 2037 1256 2063 es.
1277 2036 1307 2064 fr.
1321 2039 1362 2064 29.
1383 2037 1403 2071 5.
1418 2038 1442 2063 3.
1463 2036 1496 2063 (18
1514 2036 1590 2073 legat.
1604 2036 1647 2063 111.
1668 2037 1735 2070 (32.)
1773 2036 1808 2063 Vt
1827 2037 1941 2067 ..habere

1100 2081 1198 2108 licere“
1218 2081 1312 2107 emtori
1332 2084 1461 2106 caveatur.
1481 2079 1511 2106 fr.
1533 2081 1572 2106 11.
1595 2080 1632 2114 55.
1652 2081 1675 2105 8.
1698 2081 1736 2105 17.
1757 2079 1788 2106 de
1808 2080 1839 2105 A.
1859 2079 1888 2106 E.
1909 2079 1940 2106 V

1102 2126 1140 2151 19.
1162 2125 1184 2150 l.
1205 2123 1234 2150 sr.
1253 2124 1295 2150 38.
1316 2122 1348 2149 de
1367 2122 1399 2149 V.
1420 2122 1452 2149 O.
1471 2125 1512 2149 45.
1534 2124 1555 2148 1.
1593 2122 1707 2158 Quoties
1732 2132 1774 2148 res
1794 2124 1829 2149 ita
1849 2124 1941 2149 amitti-

1100 2172 1151 2195 tur.
1172 2171 1199 2193 ut
1219 2176 1274 2192 eam
1293 2167 1386 2192 emtori
1410 2165 1507 2192 habere
1531 2175 1584 2192 non
1608 2165 1698 2197 liceat,
1723 2171 1834 2202 propter
1857 2167 1940 2203 ipsam

1101 2210 1264 2236 evictionem.
1285 2208 1315 2235 fr.
1334 2210 1375 2234 21.
1396 2209 1460 2242 5.1.
1481 2208 1510 2235 fr,
1531 2210 1572 2235 34.
1592 2208 1613 2242 5.
1636 2209 1658 2233 1.
1679 2207 1709 2234 fr.
1729 2209 1770 2234 57.
1792 2219 1829 2245 pr.
1844 2208 1876 2235 de
1890 2209 1940 2234 evi-

1101 2253 1180 2279 etion.
1204 2253 1246 2278 21.

1100 2297 1135 2322 ita
1155 2305 1210 2322 rem
1230 2296 1390 2331 corruperit,
1411 2305 1444 2320 ne
1464 2294 1553 2320 haberi
1573 2294 1667 2331 possit.
1692 2293 1721 2320 fr.
1740 2295 1764 2319 9.
1789 2304 1827 2330 pr.
1848 2293 1879 2319 ad
1899 2303 1940 2319 ex-

1100 2338 1153 2365 hib.
1174 2340 1213 2364 10.
1234 2340 1257 2364 4.
1295 2337 1337 2368 ld,
1362 2337 1434 2373 quod
1458 2336 1599 2373 aliquando
1623 2336 1774 2367 habuimus,
1799 2336 1940 2372 recipimus

1100 2382 1160 2418 (per
1179 2381 1389 2417 usucapionem.)
1409 2380 1466 2406 Gai.
1482 2379 1512 2406 Il.
1532 2381 1572 2406 59.
1589 2379 1620 2406 cf.
1635 2379 1665 2406 fr.
1680 2382 1703 2405 4.
1724 2379 1745 2412 5.
1759 2380 1782 2405 9.
1803 2378 1834 2404 de
1849 2388 1939 2416 usurp.

1100 2426 1141 2450 41.
1160 2425 1183 2450 3.
1221 2424 1295 2450 Bona
1314 2428 1452 2449 teneantur
1471 2422 1609 2450 debitoris.
1632 2432 1697 2459 quae
1717 2431 1785 2447 nunc
1804 2420 1894 2448 habet.
1915 2426 1941 2448 et

1101 2477 1167 2504 quae
1187 2471 1279 2504 postea
1298 2465 1460 2502 adquisierit.
1484 2466 1515 2492 fr.
1541 2468 1580 2492 15.
1605 2466 1626 2498 5.
1649 2467 1669 2491 l.
1694 2463 1724 2489 cf.
1751 2463 1780 2489 sr-
1800 2464 1823 2489 6.
1849 2464 1878 2490 fr.
1898 2466 1929 2490 34

1101 2510 1122 2543 5.
1141 2512 1166 2536 2.
1187 2509 1219 2536 (18
1238 2510 1340 2546 pignor.
1358 2511 1398 2535 20,
1426 2511 1448 2535 1.
1472 2508 1513 2535 Fr.
1539 2508 1609 2535 del.
1635 2507 1662 2533 F.
1690 2507 1711 2539 5.
1731 2508 1754 2532 5.
1787 2522 1818 2525 -
1850 2507 1880 2540 ξ.
1904 2508 1939 2534 2.

1101 2554 1310 2583 Praeditum,
1336 2553 1537 2579 [astructum
1561 2560 1632 2576 esse.
1677 2548 1696 2574 Ι.
1720 2549 1782 2582 Sy.
1811 2548 1940 2575 Obtiucre

1271 2254 1293 2278 2.
1332 2251 1361 2278 Si
1386 2252 1445 2288 quis
1470 2252 1601 2277 homiuem
1621 2266 1653 2269 —-
1673 2250 1813 2283 occiderit,
1834 2267 1864 2270 ——
1885 2252 1940 2276 siv«.-

1078 2581 1080 2614 ’ἶ
1101 2595 1167 2627 (vim
1186 2593 1273 2630 legis.)
1293 2593 1322 2620 sr.
1341 2596 1382 2621 38.
1403 2594 1435 2621 de
1454 2594 1531 2630 legib.
1556 2595 1578 2618 1.
1598 2594 1622 2618 3.
1647 2591 1677 2617 fr.
1703 2593 1725 2617 l.
1745 2601 1783 2628 pr.
1804 2591 1836 2617 de
1856 2598 1938 2618 coust.

1102 2636 1144 2664 Pr.
1166 2639 1187 2664 l.
1208 2638 1231 2663 4.
1252 2636 1309 2663 Gai.
1330 2637 1347 2664 I.
1367 2640 1390 2664 5.
1405 2639 1429 2664 7.
1465 2637 1532 2663 Esse
1551 2633 1621 2672 apud
1639 2633 1752 2670 aliquem
1771 2635 1939 2667 (iurisdictio-

1102 2690 1170 2711 nem,
1189 2689 1214 2706 v.
1234 2679 1299 2716 legis
1319 2679 1468 2712 actionem.)
1496 2677 1568 2704 Paul.
1588 2676 1617 2703 ΙΙ.
1636 2678 1677 2702 25.
1699 2677 1719 2710 5
1740 2678 1763 2703 4.
1783 2676 1813 2703 sr.
1832 2679 1856 2703 2.
1876 2677 1896 2711 ξ.
1918 2680 1938 2704 l.

1079 2747 1081 2753 ,
1103 2722 1134 2749 fr.
1153 2724 1177 2749 3.
1199 2722 1231 2749 de
1254 2723 1296 2749 off.
1320 2722 1395 2749 Proe.
1421 2726 1446 2747 et
1468 2720 1530 2756 Leg.
1556 2721 1577 2746 l.
1604 2721 1642 2745 16.
1681 2719 1853 2757 Competere..
1877 2720 1939 2746 Dari

1081 2790 1082 2796 ,
1105 2766 1257 2799 (actionem,
1277 2776 1300 2791 v.
1321 2767 1382 2798 ius.)
1407 2765 1463 2791 Gai.
1483 2763 1524 2789 111,
1550 2764 1590 2789 46.
1610 2764 1651 2789 49.
1676 2762 1737 2800 VLp.
1757 2762 1775 2789 l.
1794 2765 1834 2789 21.
1855 2762 1897 2788 YI.
1917 2764 1938 2787 6.

1105 2818 1144 2845 sq.
1165 2808 1258 2835 XVIII.
1281 2810 1302 2833 1.
1322 2808 1350 2834 fr.
1371 2809 1411 2833 41.
1436 2806 1468 2833 de
1491 2811 1558 2843 pact.
1583 2807 1606 2832 2.
1627 2807 1667 2832 14.
1692 2805 1721 2832 fr.
1746 2808 1768 2831 5.
1789 2815 1845 2841 squ.
1866 2804 1898 2830 (le
1915 2803 1929 2829 d

1466 2851 1499 2875 52
