2197 3121
1013 164 1105 196 CAP.

196 250 236 275 15.
257 250 280 275 l.
299 248 331 275 fr.
352 250 374 275 1.
394 249 415 282 5.
437 249 478 274 42.
499 247 590 285 depos.
615 247 655 273 16.
675 247 699 273 3.
737 245 830 273 Vtrum
852 247 878 272 in
898 247 1036 272 contracti-

195 291 245 318 bus
265 292 349 329 captis
369 291 503 318 dumtaxat
521 290 705 321 subveniatur,
731 299 762 315 an
787 290 863 315 etiam
882 289 1035 325 delinquen-

195 334 288 361 tibus?
308 334 337 361 sr.
358 336 382 361 9.
402 335 424 368 5.
443 336 467 360 2.
487 333 519 359 (10
538 334 630 359 minor.
651 334 674 358 4.
688 334 713 358 4.
734 332 765 358 cl'.
785 332 816 359 fr.
830 334 871 358 21.
885 342 925 369 pr.
946 342 979 359 ex
992 342 1033 368 qu.

196 387 217 404 c.
237 378 326 403 maior.
346 378 370 403 4.
389 378 413 402 6.
450 375 522 402 Iusto
542 385 630 402 errore
649 380 675 401 te
694 374 808 405 ductum,
828 374 871 401 vel
890 374 980 402 fraude
993 374 1036 401 ad-

194 421 305 446 versarii
325 424 436 457 captum,
457 435 489 438 —
508 419 650 455 pepigisse.
671 428 692 443 c.
705 420 729 444 2.
750 417 782 444 de
800 417 832 443 A.
852 418 881 444 E.
902 417 934 444 V.
954 419 978 444 4.
993 419 1033 444 49.

195 462 226 489 cs.
248 473 268 489 c.
289 465 312 489 5.
338 462 371 489 de
389 461 407 488 I.
428 461 445 487 I.
465 460 497 487 R.
517 462 578 487 min.
604 462 628 488 2.
648 463 689 487 22.
727 460 841 487 Cessare
859 461 886 486 in
905 461 1034 497 integrum

194 507 401 537 restitutionem,
430 513 515 540 neque
539 505 607 530 enim
631 504 722 530 aetatis
746 503 848 529 lubrico
873 508 964 540 captus
993 509 1033 529 est

195 553 244 574 etc.
264 548 294 574 fr.
316 550 355 574 11.
376 548 397 581 5
417 550 440 574 5.
461 547 493 574 (10
512 548 604 573 minor.
624 548 648 572 4.
669 548 691 573 4.

229 591 451 624 capessere·
481 592 616 624 Capere,
637 591 792 616 adserere
810 590 880 615 sibi.
909 588 952 615 111.
968 590 1032 616 Gn.

193 632 288 669 Sitque
307 633 427 659 omnibus
448 643 529 669 aequa
549 632 664 659 conditio
684 630 852 668 capessendi,
873 631 943 668 quod
963 633 1034 668 quis-

193 685 244 712 que
263 680 400 702 mereatur.
430 675 479 702 Th.
505 675 535 702 C.
556 675 624 702 Vlss.
645 676 684 701 16.
706 684 726 700 c.
746 676 769 700 l.
789 673 822 700 (10
841 674 935 700 infirm.
954 684 1031 711 poen.

193 718 312 745 caelibat.
349 718 378 745 Si
398 735 431 738 —
451 718 482 745 ad
507 717 697 756 capessendum
722 716 848 743 honorem
872 727 961 743 errore
980 716 1033 754 lap-

192 771 238 787 sus
262 762 394 798 processit
418 761 471 795 (sc.
496 761 615 794 servus).
648 771 668 786 c.
689 762 713 786 2.
738 761 761 786 si
785 770 854 786 serv.
878 765 921 786 aut
945 759 1031 786 libert.

193 805 233 830 10.
253 805 294 830 32.

227 847 406 880 Capillus.
448 849 544 874 Pizus
568 848 692 880 rapitis
715 847 861 877 humaui,
893 847 940 872 vel
963 846 1032 872 aui-

190 891 332 915 malium.
376 889 418 915 111.
443 891 508 917 sn.
540 889 652 915 Barbam
677 888 828 919 demittere,
853 888 895 915 vel
921 887 1031 925 capillos

191 932 353 958 submittere.
386 932 415 958 fr.
437 933 475 958 15.
496 932 516 965 5.
536 933 578 958 27.
608 931 639 958 ct'.
659 931 689 958 sr.
709 933 750 958 39.
776 931 808 958 (10
827 932 903 957 iniur.
928 933 970 957 47.
991 933 1030 956 lo.

189 974 300 1012 Species
320 976 482 1011 pertinentes
501 974 533 1000 ad
552 974 675 1011 vectigal:
696 990 728 994 —·
745 974 830 1012 pelles
844 974 1030 1010 Babylonicum

188 1017 274 1055 pelles
298 1017 448 1049 Parthicae,
477 1033 510 1037 ——
538 1017 620 1044 Indici
644 1017 749 1049 leones,
775 1033 807 1037 -—
827 1016 916 1054 capilli
939 1016 1029 1043 ludici.

190 1060 220 1086 fr.
244 1061 282 1086 16.
302 1061 324 1094 5.
345 1062 367 1086 7.
387 1059 420 1086 de
439 1060 571 1097 publican.
591 1062 632 1087 39.
653 1062 676 1087 4.

226 1103 354 1136 Capio.
391 1103 422 1136 §.
443 1105 477 1130 1.
511 1105 706 1138 Adquisitiu
731 1102 885 1136 (dominii).
922 1102 940 1129 1.
968 1104 1029 1138 Sy.

189 1144 331 1182 VsucapiO.
368 1145 457 1182 Longa
476 1147 648 1183 possessione
670 1146 703 1179 (s.
724 1156 771 1183 per
790 1145 896 1182 longum
913 1148 1029 1184 tempus)

189 1189 272 1225 capio.
302 1187 333 1214 fr.
354 1190 395 1215 48.
415 1190 437 1223 5.
459 1191 480 1215 l.
505 1189 537 1215 (10
556 1189 587 1215 A.
607 1188 638 1215 R.
659 1189 692 1215 D.
718 1191 759 1215 4l.
781 1191 803 1215 1.
834 1189 863 1215 l'r.
882 1190 924 1216 36.
945 1189 978 1216 de
996 1190 1028 1216 A.

188 1241 213 1258 v.
228 1231 260 1257 A.
274 1230 302 1257 P.
323 1232 363 1257 41.
378 1234 402 1258 2.
422 1232 452 1258 fr.
465 1234 506 1258 2l.
528 1231 559 1258 de
579 1242 668 1269 usurp.
688 1234 729 1258 41.
749 1234 773 1258 3.
801 1231 844 1258 111.
856 1233 921 1259 (7η.
940 1233 1030 1259 Domi-

187 1275 224 1300 nii
244 1275 327 1311 capiO.
348 1274 378 1300 fr.
400 1276 439 1301 18.
459 1275 480 1309 5.
503 1277 524 1301 l.
545 1275 577 1301 dc
597 1274 681 1301 damn.
701 1275 745 1301 inf.
765 1277 807 1302 39.
827 1277 851 1301 2.
880 1291 912 1294 —
942 1276 972 1309 §0
993 1277 1028 1302 2.

188 1319 323 1351 Cannio,
353 1319 520 1349 Adsertio.
553 1319 750 1345 Vindicatio.
793 1318 811 1344 I.
838 1319 899 1353 Sy.
932 1319 1028 1356 Captio

187 1360 360 1397 (pignorum).
390 1360 446 1387 Gai.
467 1359 510 1386 lV.
530 1362 570 1386 26.
590 1362 631 1387 28.
646 1370 704 1397 sqq.
741 1361 784 1387 III.
800 1363 864 1389 Gn.
885 1361 914 1388 Si
933 1372 1027 1394 rerum.

187 1413 253 1439 quae
276 1404 394 1440 pignoris
419 1404 474 1429 iure
501 1408 590 1440 captae
614 1408 688 1433 sunt.
716 1405 896 1431 controversia
915 1405 974 1437 ssat,
995 1421 1026 1424 —

186 1447 226 1472 sic
246 1447 342 1477 evenit,
362 1451 390 1472 ut
410 1446 530 1473 omnibus
550 1447 658 1482 integris
679 1451 777 1473 tantum
802 1449 905 1484 capioni
928 1459 971 1475 res
990 1449 1027 1475 iu-

187 1488 272 1516 dicata
290 1489 420 1526 proficiat.
450 1489 479 1516 fr.
501 1491 541 1516 15.
561 1490 582 1523 5.
603 1491 626 1516 4.
654 1489 686 1516 (10
705 1500 733 1516 re
751 1489 804 1516 iud.
824 1492 865 1516 42.
887 1493 909 1517 1.
946 1491 1027 1518 Delfi<

185 1536 270 1558 torem
289 1532 321 1559 ad
340 1531 461 1559 solvendi
481 1533 663 1558 necessitatem
683 1533 792 1570 capione
810 1534 949 1570 pignorum
967 1545 1026 1561 con-

185 1576 277 1601 veniri.
308 1575 357 1601 Th.
373 1574 404 1601 C.
418 1575 463 1601 XI.
484 1577 506 1602 7.
522 1586 543 1602 0.
558 1577 580 1602 7.
601 1575 633 1602 (10
653 1577 780 1602 exartion.
806 1576 837 1602 cf.
856 1576 901 1603 XI.
921 1579 944 1603 9.
966 1587 987 1603 c.
1001 1581 1025 1603 2.
1046 1599 1048 1606 .

186 1618 218 1645 (10
237 1618 345 1645 distrah.
364 1619 434 1655 pign.
1046 1609 1048 1625 ¹

182 1661 183 1664 ’
222 1661 448 1694 Capistrum.
496 1662 630 1695 Capitis
663 1663 839 1695 vinculum,
871 1665 1025 1689 iumentis

186 1706 368 1736 aptandum.
410 1703 451 1729 111.
476 1705 541 1731 Cn.
576 1703 605 1730 Si
629 1703 707 1731 homo
732 1707 845 1732 vestitus
869 1705 1024 1743 deponatur,

187 1761 218 1765 —
238 1755 285 1772 nec
305 1747 327 1772 si
346 1756 429 1782 equus
443 1756 501 1772 cum
514 1747 637 1783 capistro.
658 1747 688 1774 fr.
702 1750 723 1774 l.
738 1749 759 1782 5
773 1751 796 1775 5.
817 1749 908 1786 depos.
929 1751 968 1775 16.
981 1751 1005 1775 3.

223 1789 383 1821 capital.
421 1791 579 1821 Facinus,
601 1800 704 1823 poena
723 1794 847 1825 eapitis
867 1794 1022 1818 luendum.

186 1830 228 1856 111.
253 1832 318 1858 Cn.
346 1831 404 1856 Alia
424 1841 528 1867 quoque
547 1831 603 1868 lege
627 1834 724 1868 agraria
750 1849 782 1852 —
807 1839 925 1865 cavetur,
950 1839 977 1860 ut
1002 1835 1023 1859 si

184 1883 277 1899 servus
297 1883 406 1899 servave
430 1890 462 1893 —
487 1874 549 1900 (1010
573 1875 640 1901 1111110
666 1875 770 1904 fecerit,
795 1877 817 1901 ei
837 1877 932 1912 capital
956 1886 1021 1903 esse.

184 1916 213 1942 sr.
234 1918 257 1942 3.
278 1917 299 1950 5.
321 1918 343 1942 l.
364 1916 395 1942 (1(-
416 1921 487 1942 term.
508 1922 569 1943 mot.
589 1919 630 1943 47.
644 1920 686 1944 21.
719 1918 757 1944 Ac
777 1919 799 1944 si
819 1920 877 1955 quis
897 1919 1022 1945 adversus

184 1958 298 1985 edictum
317 1969 402 1985 meum
421 1959 524 1986 feccrit.
545 1976 577 1979 ——
597 1960 691 1997 capital
711 1963 768 1987 erit.
800 1962 830 1987 I'r.
850 1963 873 1988 4.
898 1963 919 1996 5.
940 1964 964 1988 2,
990 1962 1023 1988 ad

183 2000 213 2027 L.
234 2001 296 2028 Cor.
316 2001 348 2028 de
368 2003 442 2028 sicar.
463 2004 504 2028 48.
523 2005 547 2028 8.
585 2004 613 2028 Si
634 2005 692 2039 quis
712 2004 915 2030 commilitonem
934 2005 1022 2031 vulne-

183 2045 262 2074 ravit,
282 2060 314 2063 —
334 2045 356 2070 si
376 2044 462 2080 gladio
482 2045 576 2082 capital
597 2045 716 2073 admittit.
745 2046 774 2073 fr.
795 2049 818 2073 6.
843 2049 864 2082 5.
885 2049 908 2074 6.
934 2048 966 2074 de
991 2048 1020 2074 R.

183 2087 216 2113 Μ.
236 2089 276 2113 49.
298 2088 338 2113 16.
1042 2106 1044 2118 <

220 2130 414 2163 Capitalis.
445 2129 573 2164 (Adiect.)
612 2132 642 2164 §-
663 2133 697 2158 1.
728 2134 844 2167 Capiti
866 2135 1020 2165 hominis,

185 2173 201 2197 i.
219 2183 239 2199 e.
264 2174 351 2199 vitae
373 2175 455 2205 eius,
480 2177 528 2200 vel
550 2177 716 2208 libertati,
742 2179 788 2202 vel
812 2179 948 2203 civitati
971 2184 1020 2204 at-

186 2224 244 2249 que
273 2218 536 2248 existimationi,
912 2219 929 2246 I.
958 2221 1019 2254 Sy·

187 2256 314 2293 Capitalia
334 2258 435 2284 iudicia.
473 2259 630 2286 ludiciorum
650 2271 761 2297 poenae.
781 2272 828 2298 per
848 2272 912 2298 quas
932 2264 1020 2289 eximi-

184 2305 227 2325 tur
247 2305 323 2336 caput
341 2301 373 2327 de
393 2303 506 2328 civitate.
544 2303 650 2331 Iudicia.
671 2314 702 2330 ex
722 2305 817 2340 quibus
837 2316 921 2342 poena
939 2317 1018 2338 mors.

184 2348 228 2369 aut
248 2343 369 2370 exsilium
388 2349 435 2371 est.
465 2345 494 2371 l'r.
514 2347 538 2371 2.
563 2346 595 2372 (10
614 2347 686 2384 publ.
706 2347 759 2373 iud.
784 2349 825 2374 48.
848 2351 868 2374 l.
893 2349 924 2375 cs.
945 2349 974 2375 sr.
994 2353 1018 2376 2.

184 2396 223 2422 pr.
244 2385 275 2411 ‹le
295 2396 371 2423 poen.
390 2389 431 2414 48.
453 2390 492 2414 19.
512 2388 542 2414 fr.
559 2390 598 2414 13.
618 2389 650 2415 (10
670 2389 699 2415 B.
721 2389 748 2416 P.
768 2392 808 2416 37.
825 2392 846 2416 l.
884 2391 1018 2422 Vltimum.

185 2429 305 2465 Capitale
325 2429 525 2466 (supplicium).
552 2442 573 2458 0.
593 2434 616 2458 5.
641 2432 673 2459 de
693 2433 716 2459 h.
737 2444 778 2470 qu.
800 2433 831 2459 ad
851 2434 913 2460 eccl.
935 2437 956 2461 l.
978 2437 1017 2462 12.

186 2482 207 2497 c.
228 2473 250 2497 4.
272 2472 322 2507 Qu.
343 2482 385 2497 res
404 2482 461 2500 ven.
481 2475 497 2499 4
524 2476 565 2501 40.
586 2486 607 2501 c.
627 2477 668 2501 30.
689 2476 720 2502 de
740 2487 798 2513 app.
819 2481 844 2503 ct
863 2478 974 2504 consult.
995 2480 1017 2505 7.

184 2516 225 2540 62.
263 2514 293 2540 11.
314 2516 381 2548 Op.
409 2514 567 2549 Pecuniaria.
588 2528 608 2544 S.
629 2517 777 2545 Nummaria
798 2520 903 2552 (causa,
923 2531 946 2546 v.
967 2531 1017 2549 res,

183 2567 207 2583 v.
228 2558 346 2593 quaestio
367 2558 436 2591 vm).
466 2558 521 2586 Gai.
541 2560 582 2586 III.
605 2563 661 2587 1⁸9.
681 2561 724 2588 IV.
746 2564 803 2589 111.
833 2562 904 2589 Paul.
924 2562 956 2589 V.
978 2565 1016 2590 16.

184 2601 206 2634 5.
227 2602 250 2626 5.
271 2600 300 2626 fr.
316 2602 355 2626 12.
370 2601 391 2634 5.
406 2603 429 2627 4.
450 2601 481 2627 (10
501 2609 610 2630 accusat.
631 2606 672 2630 48.
686 2607 710 2630 2.
729 2605 759 2632 sr.
779 2608 802 2631 2.
823 2605 855 2632 de
874 2605 946 2642 publ.
965 2606 1016 2632 iud.

183 2644 224 2669 48.
247 2645 268 2668 1.
288 2642 318 2669 fr.
340 2645 378 2670 IS.
399 2645 420 2678 5.
440 2647 463 2670 2.
484 2644 516 2671 ad
536 2645 562 2671 S.
583 2646 613 2673 C.
634 2646 734 2684 Turpil.
755 2650 850 2675 4616.
872 2649 901 2675 1“ι“.
917 2651 941 2674 2.
956 2650 977 2682 5.
992 2651 1016 2675 2.

184 2685 216 2712 de
235 2687 290 2712 iure
308 2686 375 2712 fisci.
394 2688 435 2713 49.
450 2689 490 2713 14.
522 2687 641 2724 Capitale
660 2691 764 2717 crimen.
784 2708 816 2711 —
835 2692 894 2718 Alia
913 2692 1017 2729 publica

184 2729 304 2760 crimina.
330 2739 396 2765 quae
419 2731 551 2766 sanguinis
574 2741 684 2768 poenam
707 2744 759 2760 nou
777 2736 905 2771 ingerunt.
934 2745 954 2761 c.
976 2737 1015 2762 18.

184 2770 216 2797 (10
236 2776 358 2798 transaet.
377 2774 401 2798 2.
422 2774 444 2799 6.
482 2773 523 2800 111.
539 2775 603 2802 Gn.
634 2774 762 2812 Capitalia
782 2782 808 2804 et
825 2779 953 2805 atrociora
967 2789 1017 2805 ma-

569 2220 705 2244 exitium
737 2229 867 2252 parans.

183 2813 275 2841 leficia.
295 2814 326 2841 fr.
340 2816 363 2841 8.
378 2825 416 2852 pr.
437 2815 469 2842 de
488 2818 633 2853 quaestion.
653 2819 694 2844 48.
710 2821 749 2846 18.
787 2819 932 2857 Capit-alem
951 2821 1016 2848 frau-

1858 172 1920 203 113

1080 247 1138 274 dem
1163 247 1309 275 admisisse.
1346 249 1411 276 Rem
1437 250 1574 287 capitalem
1599 250 1692 277 fecisse
1716 251 1806 278 videri.
1839 252 1868 279 fr.
1897 255 1918 280 l.

1079 291 1100 324 5.
1121 293 1143 317 l.
1164 291 1194 317 fr.
1214 293 1256 317 23.
1277 291 1298 325 5.
1318 294 1342 318 2.
1368 292 1400 319 de
1420 293 1484 319 Aed.
1506 293 1582 320 edict.
1606 296 1647 320 21.
1674 296 1695 320 l.
1729 294 1778 321 Th.
1799 296 1829 322 C.
1851 296 1919 323 VIII.

1079 336 1101 360 5.
1123 344 1144 360 c.
1165 335 1205 360 14.
1225 344 1264 370 pr.
1286 333 1318 360 de
1337 345 1415 361 cursu
1434 336 1496 372 pub.
1533 335 1657 363 Liberum
1677 337 1812 364 arbitrium
1832 339 1918 371 habet,

1079 376 1120 402 vel
1147 376 1252 414 capitali
1277 378 1384 404 crimine
1410 388 1481 404 reum
1505 378 1589 405 facere.
1613 389 1684 409 eum,
1711 382 1755 416 qui
1779 381 1917 414 occiderit,

1080 419 1122 445 vel
1141 419 1189 446 hac
1208 419 1266 456 lege
1285 420 1334 453 (sc.
1354 420 1472 457 Aquilia)
1493 421 1614 448 damnum
1632 425 1765 459 persequi.
1798 423 1855 451 Gai.
1875 425 1916 452 111.

1078 463 1136 488 213.
1181 462 1268 498 Quive
1296 462 1391 489 falsum
1420 465 1598 491 testimonium
1622 465 1646 491 d.
1670 475 1702 492 m.
1727 466 1836 495 dim-it.
1865 478 1917 504 quo

1079 506 1138 540 quis
1161 505 1270 542 publico
1299 505 1396 532 iudicio
1421 507 1457 532 rvi
1487 508 1605 544 capitalis
1634 508 1806 536 damnaretur.
1838 510 1868 537 fr.
1894 514 1916 538 l.

1077 547 1099 580 5.
1121 549 1142 573 1.
1172 547 1204 574 ad
1227 547 1256 574 L.
1277 548 1339 575 Cor.
1364 547 1396 574 (10
1416 550 1491 576 sicar.
1520 552 1561 577 4⁸.
1586 554 1609 577 8.
1658 551 1733 578 Ordo
1753 553 1917 582 ‚exercendo-

1077 600 1134 616 rum
1153 590 1320 627 publicorum
1345 591 1495 628 capitalium
1519 594 1545 618 in
1570 604 1618 620 usu
1644 605 1702 620 esse
1726 595 1812 622 desiit.
1841 596 1872 623 fr.
1892 600 1915 624 8.

1078 632 1110 659 (10
1128 632 1201 670 publ.
1221 634 1273 660 iud.
1294 636 1373 661 4s.1.
1412 634 1583 670 Quaestores,
1604 638 1647 672 qui
1668 638 1823 674 capitalibus
1837 639 1916 666 rebus

1078 682 1239 712 praeessent.
1274 676 1420 705 Triumviri
1441 678 1574 715 capitales.
1606 680 1636 705 l'r.
1655 682 1679 706 2.
1704 681 1741 714 55.
1761 683 1801 708 23.
1821 684 1863 709 30.
1884 683 1916 709 de

1077 718 1110 744 0.
1124 718 1142 745 Ι.
1164 721 1186 745 l.
1200 721 1223 745 2.
1261 718 1408 756 Capitale-m
1428 721 1454 746 in
1475 731 1630 758 quemquam
1650 733 1769 759 promere
1788 734 1916 753 severam-

1077 771 1127 797 que
1147 763 1310 789 sententiam.
1340 762 1388 789 Th.
1404 762 1435 790 C.
1449 763 1493 802 LX.
1514 766 1554 790 40.
1576 775 1596 791 0.
1619 767 1640 791 1.
1661 765 1693 791 de
1711 777 1787 803 poen.
1816 768 1915 802 Noxae,

1077 814 1142 840 quae
1155 804 1287 841 publicam
1307 807 1494 832 exercitionem
1514 806 1557 840 [al.
1572 809 1780 843 exsecutionem]
1801 816 1825 836 et
1845 822 1916 838 coer-

1076 848 1199 873 citionem
1224 848 1361 885 capitalem
1385 848 1490 875 habent.
1523 850 1554 876 sr.
1573 852 1632 876 200.
1658 851 1690 877 de
1710 851 1740 878 V.
1761 852 1788 879 S.
1813 855 1853 880 50.
1874 856 1913 881 16.

1076 889 1105 916 Si
1125 891 1168 926 qui
1188 906 1220 909 —
1244 890 1410 918 latrocinium
1436 892 1558 924 fecerint,
1583 893 1688 920 aliudve
1712 895 1782 931 quod
1806 896 1914 930 facinus,

1076 937 1103 958 ut
1123 932 1260 969 capitalem
1278 944 1389 970 poenam
1409 936 1536 961 meruisse
1556 936 1709 968 videantur,
1729 941 1914 967 commiserint.

1075 974 1104 1001 fr.
1124 977 1165 1001 27.
1186 976 1207 1009 5.
1228 979 1251 1002 2.
1273 976 1305 1002 de
1325 987 1402 1013 poen.
1422 980 1463 1004 48.
1484 980 1524 1005 19.
1562 979 1709 1016 Capitalem
1728 991 1851 1017 poenam.
1872 983 1915 1009 (10-

1074 1020 1283 1055 portationemve
1303 1021 1441 1046 sustinere.
1473 1031 1493 1047 0.
1516 1023 1555 1048 10.
1576 1022 1608 1048 (10
1628 1023 1688 1049 bon.
1708 1034 1809 1060 proscr.
1829 1027 1852 1052 9.
1871 1028 1913 1053 49.

1075 1061 1106 1088 cf.
1127 1061 1157 1088 fr.
1179 1064 1201 1088 1.
1222 1062 1242 1095 5.
1265 1064 1286 1088 l.
1313 1062 1345 1088 (10,
1364 1064 1460 1099 requir.
1480 1074 1504 1090 v.
1524 1064 1623 1091 absent.
1644 1065 1729 1093 damn.
1753 1068 1794 1093 48.
1816 1070 1855 1094 17.
1881 1085 1913 1088 —

1075 1104 1105 1137 θ’.
1117 1106 1152 1131 2.
1173 1106 1410 1133 Interueciuns.
1443 1107 1539 1133 Valde
1556 1111 1774 1141 perniciosus.
1803 1110 1912 1145 11⁰1»-

1075 1147 1218 1184 CapitaleS‚
1238 1147 1280 1174 vel
1299 1149 1469 1184 gravissimae
1483 1150 1640 1177 inimicitiae.
1661 1168 1692 1171 —
1711 1152 1790 1179 Levis
1804 1154 1911 1181 offensa.

1074 1190 1103 1216 sr.
1123 1192 1147 1216 3.
1167 1191 1249 1224 5.11.
1270 1190 1302 1216 (10
1321 1191 1397 1218 adim.
1417 1191 1493 1228 legat.
1512 1194 1554 1218 34.
1573 1195 1597 1219 4.
1636 1194 1677 1220 III.
1697 1196 1762 1222 (Ἶι.
1795 1196 1823 1222 Si
1843 1197 1913 1224 vale-

1074 1233 1172 1260 tudinis
1191 1233 1329 1263 adversae.
1349 1233 1391 1260 vel
1410 1235 1560 1272 capitalium
1579 1237 1784 1270 inimicitiarum.
1810 1250 1856 1266 seu
1877 1240 1911 1267 ob

1073 1276 1148 1303 aliam
1167 1278 1262 1303 iustam
1281 1287 1402 1309 causam,
1428 1280 1612 1305 excusationes
1632 1280 1741 1317 adleget.
1770 1281 1800 1308 sr.
1820 1285 1861 1309 2‘3.
1880 1284 1911 1310 sr.

1072 1322 1113 1346 25.
1133 1320 1218 1346 mand.
1240 1321 1279 1346 17.
1301 1322 1323 1346 1.
1353 1320 1383 1346 fr.
1405 1322 1444 1348 15.
1465 1322 1497 1348 de
1516 1332 1567 1349 rec.
1589 1332 1631 1358 qu.
1652 1323 1704 1349 arb.
1730 1326 1753 1350 4.
1773 1327 1797 1351 8.
1827 1325 1911 1353 Inimi-

1072 1363 1147 1389 citiae
1167 1363 1301 1400 capitales,
1323 1373 1387 1400 quas
1408 1366 1466 1400 quis
1481 1375 1538 1391 eum
1553 1371 1626 1402 patre
1638 1366 1799 1403 pupillorum
1812 1368 1910 1396 hahuit.

1071 1405 1143 1432 Paul.
1162 1405 1193 1432 II.
1212 1408 1254 1432 27.
1274 1407 1339 1440 5.1.
1377 1406 1448 1434 Metu
1472 1409 1564 1434 mortis
1590 1408 1631 1435 vel
1656 1411 1771 1437 cruciatu
1791 1414 1910 1449 corporis

1072 1453 1216 1476 extortum.
1236 1448 1278 1475 vel
1298 1450 1423 1486 capitales
1442 1452 1525 1478 minas
1544 1450 1764 1489 pertimescendo.
1793 1465 1814 1481 0,
1836 1457 1857 1481 7.
1878 1456 1910 1482 de

1071 1490 1095 1517 h.
1116 1501 1158 1527 qu.
1179 1493 1212 1517 vi.
1237 1494 1261 1518 2.
1281 1494 1322 1518 20.

1107 1535 1346 1568 capitaliter.
1386 1536 1507 1571 (Advb.)
1555 1541 1615 1565 Sub
1646 1542 1772 1573 eapitis
1800 1552 1907 1575 poena.

1071 1577 1113 1603 III.
1137 1579 1202 1605 Cn.
1236 1577 1301 1615 Cap.
1327 1589 1356 1605 se
1379 1579 1474 1605 secisse
1499 1586 1647 1617 cognoscat.
1680 1582 1729 1608 Th.
1749 1582 1779 1609 C.
1798 1583 1842 1610 IX.
1866 1587 1907 1611 21.

1046 1630 1047 1646 1
1070 1630 1091 1646 0.
1111 1621 1134 1646 6.
1155 1620 1187 1647 de
1206 1620 1263 1647 sals.
1284 1627 1379 1648 monet.
1418 1622 1482 1660 Cap.
1503 1626 1631 1661 expietur.
1651 1635 1671 1651 S.
1691 1625 1846 1653 vindicetur.
1870 1627 1907 1654 lb.

1069 1662 1111 1689 111.
1132 1665 1172 1690 14.
1198 1674 1218 1690 0.
1240 1666 1262 1691 l.
1287 1664 1319 1691 de
1338 1670 1411 1702 nupt.
1431 1666 1519 1702 gentil.
1548 1667 1603 1694 VII.
1626 1670 1663 1693 18.
1693 1679 1713 1694 c.
1738 1671 1761 1695 4.
1785 1670 1807 1703 5.
1827 1671 1850 1695 4.
1875 1670 1908 1696 de

1068 1705 1196 1732 desertor.

1105 1750 1306 1782 capitatio.
1343 1751 1374 1783 ξ.
1394 1752 1428 1777 l.
1458 1753 1594 1785 Census,
1620 1763 1656 1780 ac
1678 1756 1837 1781 tributum
1856 1766 1907 1783 ca-

1067 1794 1166 1825 pitis,
1187 1798 1249 1818 tam
1269 1794 1402 1819 humani
1425 1804 1520 1827 qnam
1540 1798 1704 1823 animalis.
1742 1796 1759 1823 Ι.
1776 1798 1838 1831 Sy.
1857 1797 1906 1825 Ca-

1068 1839 1123 1870 put.
1144 1844 1164 1860 S.
1185 1834 1315 1871 capitum.
1347 1835 1383 1861 lb.
1405 1836 1459 1863 VII.
1482 1839 1520 1863 153.
1541 1848 1561 1864 c.
1582 1840 1606 1865 6.
1628 1849 1649 1865 c.
1665 1841 1687 1865 7.
1702 1840 1722 1873 5.
1736 1841 1760 1866 3.
1781 1840 1813 1866 de
1828 1842 1904 1868 tiron.

1070 1876 1136 1902 t'lll.
1158 1879 1179 1903 l.
1205 1888 1225 1903 0.
1245 1880 1269 1904 3.
1295 1888 1315 1904 c.
1338 1881 1377 1905 10.
1402 1879 1434 1906 (10
1459 1890 1585 1907 numerar.
1623 1881 1727 1909 Census
1752 1884 1857 1920 capiti8‚
1882 1894 1903 1911 s.

1044 1923 1046 1951 fl
1067 1930 1114 1956 pro
1134 1921 1225 1956 capite.
1246 1920 1282 1946 Ib.
1302 1920 1318 1947 l.
1340 1921 1355 1948 l.
1376 1932 1396 1948 e.
1412 1924 1434 1948 7.
1449 1933 1488 1959 sq.
1510 1923 1541 1949 de
1556 1925 1631 1950 tiron.
1660 1925 1770 1952 Exactio
1790 1927 1902 1964 (plebis.

1067 1972 1087 1988 s.
1108 1962 1230 1999 plebeia).
1261 1963 1298 1990 lb.
1317 1964 1386 1990 XIII.
1408 1967 1446 1991 10.
1468 1976 1488 1991 0,
1503 1968 1526 1992 4,
1547 1977 1567 1992 0.
1582 1969 1606 1993 6.
1626 1967 1658 1994 de
1678 1979 1758 1995 censu
1777 1980 1798 1996 s.
1818 1970 1902 1997 adscr.

1066 2006 1219 2042 Descriptio
1235 2006 1359 2040 (terrena,
1373 2009 1429 2034 sive
1442 2010 1604 2043 animarum).
1634 2010 1765 2047 Capitatio
1780 2012 1902 2045 (humana

1066 2054 1143 2085 atque
1163 2049 1331 2083 animalium).
1368 2050 1405 2077 lb.
1425 2051 1469 2077 XI.
1489 2054 1530 2078 20.
1551 2063 1571 2078 0.
1592 2054 1615 2079 6.
1634 2064 1673 2090 pr.
1699 2054 1731 2080 (10
1751 2055 1837 2082 collat.
1857 2056 1902 2082 do·

1067 2097 1117 2119 nat.
1156 2092 1198 2119 111.
1222 2094 1288 2120 Cn.
1316 2093 1409 2130 Neque
1431 2094 1462 2120 ab
1483 2105 1597 2125 annona.
1622 2106 1706 2133 neque
1730 2097 1761 2123 ab
1781 2099 1901 2134 angariis,

1066 2146 1150 2172 neque
1170 2146 1182 2161 a
1201 2136 1307 2168 veredo,
1327 2147 1411 2173 neque
1431 2138 1461 2163 ah
1480 2138 1586 2175 hospite
1605 2140 1764 2176 recipiendo.
1784 2151 1868 2177 neque
1887 2152 1900 2167 a

1066 2189 1143 2209 nave,
1173 2188 1258 2215 neque
1281 2181 1437 2216 capitatione
1462 2197 1493 2200 —-
1518 2183 1636 2208 excusari
1655 2188 1775 2219 possunt.
1808 2184 1838 2210 fr.
1859 2185 1897 2210 IS.

1064 2222 1086 2254 5.
1106 2223 1147 2247 29.
1168 2221 1200 2247 (10
1219 2232 1288 2248 mun.
1309 2227 1334 2248 et
1353 2223 1413 2249 hon.
1433 2226 1474 2250 50.
1494 2226 1518 2250 4.

1064 2265 1104 2290 nis
1124 2269 1258 2300 augmenta
1278 2275 1329 2291 non
1348 2267 1468 2302 patiatur.
1489 2278 1510 2293 0.
1529 2269 1552 2293 2.
1573 2267 1605 2294 de
1624 2268 1695 2295 I'und.
1715 2271 1752 2295 rei
1770 2271 1835 2306 priv.
1857 2271 1896 2295 ll.

1063 2308 1104 2333 65.
1141 2306 1191 2333 Th.
1216 2307 1246 2334 C.
1272 2307 1303 2334 V.
1329 2310 1369 2334 14.
1393 2319 1414 2335 c.
1434 2311 1457 2335 4.
1487 2309 1591 2343 (ch.)
1641 2311 1680 2338 Ne
1707 2312 1820 2341 seilicet,
1854 2311 1897 2337 de-

1063 2351 1207 2387 scriptione
1226 2350 1300 2382 facta.
1319 2361 1367 2387 pro
1388 2353 1544 2389 capitatione
1557 2359 1598 2380 aut
1612 2355 1742 2390 iugatione
1756 2354 1896 2390 quidquam

1063 2394 1168 2426 iisdem.
1192 2393 1274 2420 veluti
1297 2393 1405 2430 legitimi
1425 2397 1552 2428 muneris,
1577 2399 1742 2434 exprimatur.
1770 2397 1806 2423 Ib.
1828 2397 1894 2424 Wll.

1064 2439 1102 2463 ll.
1124 2447 1144 2463 0.
1166 2439 1189 2463 l.
1214 2447 1246 2463 ne
1271 2447 1312 2473 qu.
1332 2438 1394 2474 pub.
1414 2438 1494 2465 laetit.
1523 2438 1554 2465 cf.
1578 2440 1623 2466 XI.
1648 2442 1670 2466 7.
1697 2450 1716 2465 0.
1739 2441 1776 2465 ll.
1801 2440 1833 2466 (10
1852 2450 1894 2467 ex-

1062 2481 1155 2506 action.
1174 2479 1218 2506 XI.
1241 2482 1280 2506 12.
1301 2482 1359 2507 0.1.
1380 2480 1413 2507 de.
1432 2483 1538 2508 immun.
1559 2493 1630 2509 conc.
1668 2482 1721 2507 Nec.
1741 2483 1894 2519 cuiusquam

1062 2522 1168 2549 alterius
1188 2524 1244 2559 iuga
1269 2528 1311 2549 aut
1335 2524 1418 2560 capita
1437 2524 1592 2551 Senatorum
1616 2524 1736 2551 censibus
1756 2525 1894 2561 adgregen-

1062 2570 1111 2591 tur.
1145 2565 1183 2592 lh.
1207 2565 1251 2591 XI.
1275 2568 1316 2592 2-3.
1343 2576 1366 2592 c.
1387 2568 1408 2592 l.
1435 2567 1466 2593 de
1489 2573 1630 2604 protostas
1676 2566 1778 2604 Proprii
1798 2578 1893 2595 census

1560 2224 1735 2261 Capitationis
1759 2232 1802 2252 aut
1825 2237 1898 2253 cano-

1039 2620 1040 2640 1
1062 2613 1139 2645 caput
1168 2613 1289 2640 excuset,
1318 2619 1347 2634 ac
1374 2625 1406 2628 —
1436 2611 1551 2636 uxoriam
1577 2619 1682 2645 quoque
1709 2612 1891 2647 capitationem

1062 2652 1155 2677 merito
1174 2651 1292 2678 laborum
1311 2657 1425 2689 praestet
1444 2654 1589 2678 immunem.
1620 2652 1657 2678 Il).
1682 2652 1737 2679 VII.
1762 2656 1801 2680 13.
1826 2665 1846 2681 c.
1866 2656 1889 2681 6.

1061 2704 1100 2731 pr.
1121 2705 1141 2720 c.
1162 2696 1184 2720 7.
1205 2695 1226 2728 5.
1246 2697 1270 2721 3.
1290 2695 1322 2722 de
1343 2697 1418 2721 tirou.
1443 2711 1474 2714 -
1502 2696 1532 2727 §.
1556 2696 1590 2721 2.
1622 2697 1769 2729 Annona,
1790 2708 1810 2723 v.
1830 2700 1889 2724 Pa-

1059 2740 1179 2769 hulam,
1199 2740 1397 2764 animalibus
1413 2739 1554 2771 puhlicis
1572 2739 1889 2774 erogandum.1.Sy·

1060 2779 1190 2817 Capitum.
1227 2780 1268 2807 Cf.
1287 2780 1312 2806 h.
1333 2791 1355 2806 v.
1398 2779 1439 2805 III.
1460 2780 1525 2806 011.
1556 2779 1611 2807 Nec
1633 2782 1706 2818 prius
1732 2782 1764 2808 de.
1786 2782 1888 2809 horreis

1059 2824 1162 2860 species
1183 2823 1355 2860 proferantur.
1376 2827 1401 2848 et
1419 2824 1528 2849 maxime
1548 2825 1724 2861 capitationis,
1745 2835 1819 2861 quam
1839 2830 1886 2851 etc.

1416 2866 1447 2891 15
