2197 3121
275 205 340 236 328

277 291 425 323 erogasset.
449 285 549 322 aliquid
573 290 658 311 tamen
682 283 715 310 ad
737 284 838 310 victum
861 282 1043 320 quotidianum
1062 292 1119 309 ero-

277 334 372 366 gasset.
394 328 424 355 sr.
444 330 486 355 25.
507 329 590 362 §.16.
611 327 643 354 de
662 326 752 353 hered.
771 331 825 364 pet.
845 328 868 352 5.
883 328 907 353 3.
927 325 959 352 cl'.
979 325 1008 352 fr.
1023 327 1065 351 20.
1079 336 1118 363 pr.

278 373 308 399 lr.
327 374 368 398 21.
389 371 421 398 de
440 373 466 398 in
485 381 539 398 rem
558 380 644 397 verso.
660 372 700 396 15.
713 371 738 397 3.
777 369 840 396 Sive
860 368 924 406 quid
943 370 969 395 in
989 368 1119 395 fructibus

276 414 455 453 percipiendis
476 414 605 450 erogavit.
625 414 682 439 sive
701 414 727 439 in
747 412 843 439 familia
863 411 954 438 alenda
975 416 1024 438 etc.
1045 410 1075 438 fr.
1095 412 1119 438 9.

275 458 298 491 5.
317 460 341 484 3.
363 457 395 484 de
416 457 468 483 reb.
489 461 556 483 auct.
581 455 634 483 iud.
659 458 700 483 42.
725 458 749 482 5.
787 455 817 482 Si
836 455 963 492 piscatori
982 459 1120 491 erogaturo

276 502 303 528 in
323 500 473 538 adparatum
492 499 634 536 plurimum
653 500 780 537 pecuniae
799 498 925 525 dederim.
946 496 976 524 fr.
990 499 1014 524 2.
1035 508 1074 535 pr.
1089 491 1121 524 de

277 550 347 571 naut.
368 544 435 570 soen.
454 544 496 568 22.
514 544 540 568 2.
577 541 686 569 Sumtus
707 542 804 578 erogati
819 542 844 567 in
859 541 1075 574 (exstructione.)
1089 540 1120 567 fr.

276 589 318 614 29.
339 587 360 621 5
379 589 403 612 2.
425 585 456 612 de
475 586 577 622 pignor.
591 587 633 612 20.
650 587 671 612 l.
709 585 738 612 Si
758 584 854 611 odores
874 588 899 610 et
919 589 1050 620 unguenta
1068 594 1122 610 ser-

276 640 325 657 vus
346 630 444 660 emerit,
465 633 490 654 et
509 627 542 655 ad
561 628 638 655 funus
659 629 811 664 erogaverit.
836 627 866 653 fr.
889 628 928 653 15.
954 627 977 660 5.
996 628 1021 653 3.
1041 626 1074 653 de
1094 627 1121 652 in

277 683 331 700 rem
350 682 436 698 verso.
457 673 497 698 15.
516 672 541 698 3.
582 671 611 698 Si
635 670 734 697 idcirco
754 669 866 707 amplius
887 674 1021 705 erogatum
1041 674 1121 701 esset,

276 715 349 752 quod
368 720 417 741 etc.
436 714 467 741 fr.
485 715 528 740 39.
547 724 587 751 pr.
606 713 665 740 fam.
687 714 777 740 ercisc.
795 714 834 738 lO.
848 715 872 739 2.
910 712 940 739 Si
960 713 1045 739 minus
1066 722 1122 739 ero-

276 758 375 795 gaverit
395 758 486 794 (quam
498 757 523 783 X
537 759 651 789 aureos.)
671 756 701 783 fr.
715 757 756 782 88.
777 756 799 790 5.
815 757 838 782 1.
861 755 893 782 de
906 755 983 792 legat.
996 755 1027 782 II.
1042 756 1109 789 (31.)

311 800 506 835 Erogatio.
543 800 574 833 §-
598 801 632 826 l.
653 800 877 830 Distributio,
897 801 1083 834 Elargitio.
1103 798 1121 825 1.

276 845 339 879 Sy.
358 843 494 870 Insumtio.
519 842 570 869 Th.
590 842 621 869 C.
641 841 685 869 Vl.
704 844 746 869 24.
767 852 789 868 c.
805 843 830 868 2.
850 852 890 879 sq.
911 841 943 868 de
963 841 1075 868 domest.
1097 846 1122 868 et

276 891 389 924 protect.
426 886 468 913 111.
490 887 556 914 Cn.
587 885 650 912 Sive
674 895 732 912 cum
758 890 861 917 sumtu,
880 886 938 912 sive
957 886 1015 911 sine
1035 895 1123 921 eroga-

277 931 350 957 tione
377 930 548 965 (contingens
577 928 663 955 honor
688 928 883 965 municipalis.)
907 928 938 955 fr.
966 930 1006 955 14.
1030 938 1070 965 pr.
1091 927 1123 954 de

276 983 346 1000 mun.
374 977 400 998 et
423 972 484 998 hon.
509 973 550 998 50.
574 974 599 998 4.
625 970 656 997 cf.
680 970 711 997 fr.
735 973 777 997 58.
802 970 835 998 de
859 970 949 997 hered.
974 976 1027 1009 pet.
1054 973 1078 997 5.
1097 972 1121 997 3.

276 1016 429 1051 Erogationi
452 1014 582 1052 proficere
608 1015 775 1041 annonariae.
808 1013 858 1041 Th.
879 1013 910 1040 C.
930 1013 986 1040 VH.
1011 1017 1035 1040 4.
1057 1024 1078 1040 c.
1097 1015 1121 1040 2.

277 1059 310 1086 de
329 1058 398 1095 erog.
422 1057 475 1084 mil.
500 1067 595 1084 aunon.
632 1058 756 1094 Erogatio
780 1067 829 1095 per
852 1062 1023 1094 susceptores
1046 1056 1121 1083 sacta.

276 1101 314 1128 Ib.
333 1101 350 1128 l.
364 1101 381 1128 1.
402 1111 423 1128 c.
442 1102 485 1127 24.
500 1100 532 1127 cf.
553 1111 574 1127 c.
588 1102 630 1127 32.
660 1100 738 1127 XXV
749 1100 859 1127 millium
882 1099 994 1132 sollium⁷
1010 1105 1035 1126 et
1045 1099 1122 1126 XXV

276 1144 403 1171 librarum
426 1145 526 1180 argenti
550 1145 666 1180 erogatio
691 1149 856 1180 sumtusque.
888 1143 926 1169 Ib.
946 1142 991 1170 VI.
1011 1145 1035 1169 4.
1056 1153 1077 1169 c.
1098 1144 1122 1169 5.

276 1187 310 1214 de.
328 1186 413 1213 Praet.
434 1192 460 1213 et
479 1187 532 1222 Qu.
552 1203 585 1207 —
605 1187 635 1220 §-
655 1188 690 1213 2.
723 1187 890 1221 Depensio.
930 1185 948 1212 1.
970 1187 1032 1220 Sy.
1052 1184 1123 1212 Alie-

275 1235 380 1262 natum,
404 1229 447 1256 vel
471 1230 641 1257 deminutum.
666 1229 696 1256 fr.
716 1231 758 1256 54.
785 1229 817 1256 ad
836 1228 864 1255 S.
885 1228 916 1255 C.
937 1228 1017 1255 Treb.
1036 1230 1078 1255 36.
1099 1230 1122 1254 1.

276 1273 368 1311 Magna
387 1274 503 1309 erogatio
523 1272 597 1299 facta.
635 1272 808 1299 Immoderata
831 1271 945 1298 luxuria.
970 1272 1001 1299 t'r.
1020 1273 1062 1298 40.
1081 1282 1121 1309 pr.

277 1316 310 1344 de
334 1316 418 1343 damn.
443 1315 489 1342 inf.
513 1317 555 1342 39.
579 1318 604 1342 2.
642 1315 684 1342 111.
707 1316 772 1343 Gn.
802 1315 878 1351 Quae
897 1320 995 1342 certam
1014 1314 1123 1341 formam

277 1359 436 1396 erogationis
456 1369 564 1387 annuae.
585 1369 637 1385 non
664 1360 789 1385 incertam
812 1357 980 1384 liberalitatis
1004 1357 1123 1384 volunta-

277 1407 329 1429 tem
348 1401 503 1429 hahuerunt.
528 1402 558 1428 fr.
586 1404 626 1428 10.
650 1402 672 1436 5.
694 1403 716 1428 l.
741 1401 774 1428 de
797 1411 856 1427 ann.
882 1400 958 1437 legat.
983 1402 1024 1428 33.
1046 1403 1070 1427 1.
1090 1416 1122 1420 —

277 1446 308 1479 ξ.
329 1446 365 1471 3.
387 1447 542 1479 Impensa.
580 1445 599 1471 1.
615 1446 676 1479 Sy.
697 1444 816 1477 Sumtus,
835 1444 980 1482 Impeusae.
1000 1444 1031 1471 fr.
1044 1445 1069 1470 3.
1083 1454 1122 1481 pr.

276 1489 299 1523 5.
320 1489 343 1514 1.
367 1487 400 1514 de
423 1489 534 1524 impens.
560 1488 586 1514 in
610 1498 652 1514 res
677 1487 730 1514 dot.
754 1489 796 1514 25.
820 1488 842 1514 l.
866 1487 898 1514 fr.
922 1490 964 1514 54.
991 1487 1023 1514 ad
1042 1486 1069 1513 S.
1091 1486 1122 1513 C.

277 1530 356 1558 Treb.
376 1531 417 1557 36.
439 1532 462 1556 1.
499 1530 542 1557 III.
567 1531 634 1558 Gn.
671 1529 778 1557 Sufficit
800 1531 880 1567 igitur
904 1532 961 1557 sine
985 1529 1047 1557 dolo
1068 1540 1124 1556 ero-

277 1584 361 1611 gasse,
383 1574 484 1600 etiamsi
504 1573 570 1599 nihil
593 1572 693 1610 profuit
718 1574 835 1609 erogatio
861 1575 917 1600 eins
941 1574 980 1600 rei
999 1572 1122 1599 debitori.

277 1617 308 1644 l'r.
327 1619 351 1644 9.
372 1617 394 1650 5.
413 1619 438 1643 2.
459 1616 492 1643 de
510 1616 565 1643 reb.
586 1621 652 1642 auct.
672 1615 725 1642 iud.
745 1618 787 1642 42.
807 1618 831 1642 5.
857 1616 889 1642 cf.
909 1616 940 1642 fr.
959 1617 983 1642 3.
1004 1616 1026 1650 5
1048 1618 1070 1642 1.
1091 1615 1123 1642 de

277 1661 339 1698 imp.
364 1661 390 1686 in
415 1670 457 1686 res
481 1659 535 1686 dot.
559 1660 602 1686 25.
628 1661 650 1686 1.
688 1658 779 1685 Finem
804 1659 964 1695 erogationis
984 1658 1046 1685 fecit
1066 1659 1123 1692 (vo-

277 1703 364 1730 luntas
384 1703 541 1736 testatoris.)
562 1701 592 1728 sr.
611 1703 655 1728 31.
675 1702 697 1735 5.
717 1703 740 1728 4.
761 1701 794 1728 de
813 1700 846 1728 N.
866 1701 898 1728 G.
917 1703 941 1728 3.
962 1703 986 1728 5.

311 1747 512 1781 Erogator.
551 1746 774 1772 Distributor.
812 1744 855 1771 Ill.
880 1746 946 1772 Gn.
965 1744 1043 1771 Militi
1063 1744 1124 1771 dan-

278 1789 324 1816 das
343 1790 469 1826 pecunias
494 1788 525 1815 ab
551 1792 687 1824 erogatore
710 1787 843 1824 Principis
868 1787 932 1814 dari.
953 1798 975 1814 c.
995 1789 1035 1814 16.
1056 1788 1122 1821 5.1.

279 1832 310 1858 cl'.
330 1843 370 1869 pr.
389 1833 427 1866 55.
447 1834 471 1858 2.
492 1841 550 1868 sqq.
571 1830 604 1857 de
624 1841 693 1867 erog.
714 1830 767 1857 mil.
788 1840 882 1857 annon.
904 1833 944 1857 12.
964 1832 1006 1858 38.

313 1876 420 1901 Eros.
459 1875 578 1901 Nomen
603 1876 696 1900 servi.
735 1873 777 1900 111.
799 1875 865 1901 Gn.
896 1873 926 1900 Si
949 1874 985 1905 is.
1010 1875 1055 1910 qui
1078 1873 1124 1900 ho-

278 1919 373 1945 miuem
393 1917 513 1943 Stichum
537 1922 628 1953 petere
655 1916 772 1948 deberet,
792 1917 899 1943 Erotem
920 1918 1033 1954 petierit.
1066 1916 1124 1943 Gai.

279 1960 323 1987 IV.
343 1963 384 1987 55.
405 1960 436 1986 cs.
457 1961 498 1986 59.
536 1959 565 1985 Si
584 1959 675 1996 plures
700 1961 753 1985 sint
773 1959 892 1986 eiusdem
911 1960 1024 1986 nominis
1045 1960 1123 1991 servi,

279 2009 343 2041 puta
362 2003 451 2041 plures
470 2002 575 2029 Erotes.
595 2002 626 2028 fr.
646 2004 670 2028 5.
691 2003 712 2036 5.
733 2004 756 2028 5.
777 2002 809 2029 de
828 2002 860 2029 R.
881 2002 912 2029 V.
932 2004 956 2029 6.
978 2005 1000 2029 l.

314 2048 471 2074 Errare.
491 2046 522 2079 §0
540 2046 574 2071 1.
599 2047 740 2081 l'agari,
762 2044 1123 2079 Circumerrure.1.Sy.

280 2090 418 2116 Aberrare.
439 2088 480 2115 Cl'.
502 2088 525 2114 h.
545 2098 569 2114 v.
607 2088 650 2114 ΙΙΙ.
670 2090 736 2116 Cn.
761 2088 856 2115 Errare
875 2093 901 2115 et.
919 2087 1008 2125 sugere
1027 2089 1125 2115 iumen-

281 2138 335 2159 tum
355 2142 443 2170 posse.
464 2131 494 2158 fr.
514 2132 557 2157 64.
577 2131 598 2165 5.
613 2133 638 2157 2.
659 2131 690 2157 de
704 2131 791 2158 Aedil.
812 2131 889 2158 edict.
902 2133 944 2157 21.
961 2133 982 2157 1.
1003 2131 1034 2157 cfv
1051 2130 1123 2157 Paul.

280 2175 312 2203 Υ.
334 2177 374 2201 le.
393 2176 414 2209 5.
440 2176 464 2200 4.
484 2190 516 2193 —-
535 2175 567 2208 ς.
593 2175 628 2201 2.
661 2176 684 2200 Α
711 2185 781 2201 tero
806 2177 996 2211 deflectere,
1020 2176 1122 2201 Falli.

281 2218 300 2245 1.
321 2220 382 2252 Sy.
402 2217 532 2253 Ignorare.
552 2217 583 2243 l'r.
602 2219 626 2243 3.
647 2227 687 2254 pr.
707 2216 738 2244 sr.
758 2219 781 2243 9.
802 2217 839 2251 55.
863 2219 884 2243 l.
899 2227 958 2254 sqq.
979 2217 1011 2244 de
1030 2218 1078 2244 iur.
1099 2222 1125 2243 et

282 2261 343 2288 sacti
362 2261 413 2296 ign.
431 2262 474 2286 22.
493 2262 518 2286 6.
555 2259 586 2286 II.
608 2262 675 2294 ΟΡ.
701 2260 786 2287 Scire.
807 2259 838 2286 fr.
860 2262 882 2286 1.
907 2260 945 2294 55.
967 2261 989 2285 l.
1010 2269 1068 2296 sqq.
1090 2259 1123 2286 ib.

281 2306 323 2330 22.
343 2304 366 2329 6.
387 2302 418 2329 cl'.
439 2302 468 2329 l'r.
488 2305 529 2329 25.
558 2303 580 2336 5.
600 2304 624 2329 6.
651 2303 683 2329 de
702 2302 795 2330 hered.
813 2307 866 2340 pet.
886 2305 910 2329 5.
929 2305 954 2329 3.
992 2302 1034 2329 ΙΙΙ.
1058 2304 1123 2330 Cn.

283 2346 340 2373 Nec
358 2345 447 2372 stultis
467 2345 551 2372 videri
571 2347 698 2378 succurri.
719 2346 767 2372 sed
786 2346 943 2372 errantibus.
965 2345 995 2372 fr.
1015 2346 1039 2372 9.
1059 2346 1080 2379 5.
1101 2347 1124 2371 5.

284 2389 316 2415 de
335 2389 383 2415 iur.
404 2393 429 2414 et
448 2388 509 2414 tacti
527 2389 578 2423 ign.
598 2391 639 2414 22.
660 2391 683 2415 6.
723 2389 776 2425 Qui
790 2390 816 2415 in
831 2399 858 2415 re
878 2389 983 2421 erravit,
1005 2388 1065 2415 dum
1079 2398 1125 2425 pu-

285 2436 322 2458 tat
340 2436 388 2457 etc.
409 2430 438 2457 fr.
460 2433 500 2458 71.
525 2431 546 2464 5.
566 2432 590 2457 8.
616 2431 648 2458 de
672 2432 703 2458 Α.
724 2442 747 2458 v.
769 2432 802 2458 Ο.
822 2431 852 2458 Η.
877 2434 920 2458 29.
943 2434 968 2458 2.
994 2431 1025 2458 cf.
1050 2431 1081 2458 fr.
1100 2433 1124 2457 3.

284 2475 307 2509 5.
329 2475 352 2500 1.
373 2473 404 2500 dc
423 2475 450 2500 in
468 2484 522 2501 rem
541 2483 627 2500 verso.
649 2476 688 2500 15.
708 2476 731 2501 3.
769 2475 849 2501 Erras
870 2480 897 2502 tu
912 2491 957 2507 —,
972 2475 1125 2501 existimans

286 2523 335 2544 etc.
356 2528 377 2543 c.
399 2518 440 2543 16.
460 2516 492 2543 ad
510 2516 540 2543 L.
560 2516 607 2543 lut.
628 2516 660 2542 de
679 2516 759 2543 adult.
779 2520 803 2544 9.
817 2520 841 2544 9,
879 2518 908 2545 Si
928 2519 988 2554 quis
1008 2518 1075 2544 circa
1090 2518 1126 2543 in-

286 2561 457 2597 scriptionem
481 2560 617 2591 vrraverit.
643 2559 793 2593 (emendare
820 2571 873 2587 non
896 2560 1075 2598 prohibetur.)
1094 2559 1125 2586 fr.

285 2604 327 2628 35.
348 2602 405 2629 eod.
424 2605 466 2628 48.
485 2604 509 2628 5.
530 2602 561 2628 ci'.
581 2601 611 2628 fr.
633 2603 672 2629 14.
692 2603 714 2636 5.
733 2605 757 2628 2.
777 2602 810 2629 de
828 2603 873 2630 lib.
893 2609 919 2630 et
938 2603 1025 2641 posth.
1045 2604 1086 2629 28.
1100 2604 1124 2629 2.

287 2645 317 2671 Si
337 2646 395 2681 quis
414 2646 441 2671 in
460 2644 636 2682 adpellationc
660 2646 793 2672 erraverit..
818 2644 847 2671 l'r.
869 2648 891 2672 1.
915 2648 937 2681 5.
961 2649 985 2673 3.
1010 2646 1042 2672 de
1066 2656 1124 2683 app.

288 2692 315 2714 et
332 2687 405 2713 relat.
425 2689 466 2713 49.
489 2690 510 2714 l.
547 2688 575 2714 In
595 2688 662 2713 sacto
686 2689 780 2724 magis.
806 2697 882 2724 quam
902 2690 927 2715 in
947 2691 1011 2720 iure,
1031 2699 1125 2715 errare.
1148 2701 1149 2708 ι

288 2730 319 2757 fr.
341 2731 362 2755 l.
383 2730 404 2763 5.
423 2732 447 2755 2.
467 2730 499 2756 de
519 2731 566 2756 iur.
587 2735 612 2756 ct
631 2729 692 2757 facti
710 2731 760 2767 ign.
784 2732 826 2756 22.
847 2732 870 2756 6.
908 2731 937 2757 Si
957 2731 1010 2758 dati
1030 2732 1127 2758 suerint

288 2773 375 2799 minus
395 2771 495 2799 idonei.
519 2772 644 2799 Praetor»
669 2778 779 2799 errante.
798 2772 829 2799 sr.
848 2775 872 2799 2.
893 2774 914 2807 5.
934 2776 975 2800 36.
996 2774 1027 2800 ad
1047 2774 1074 2801 S.
1095 2774 1125 2801 C.

289 2814 401 2842 Tertull.
421 2816 463 2841 38.
484 2817 523 2841 17.
560 2815 609 2842 Vt.
630 2815 672 2842 vel
693 2817 737 2852 qui
756 2816 889 2843 minimum
909 2821 1035 2843 errasset.
1055 2817 1126 2843 litem

289 2857 419 2895 perderet.
440 2856 496 2883 Gai.
518 2857 559 2883 [V.
580 2860 620 2884 30.

1002 199 1093 231 ERO
1119 217 1158 224 -
1183 199 1283 230 ERV.

1202 282 1313 308 Erro.
1355 282 1590 316 l'agabundus,
1619 283 1785 309 Emansor.
1823 283 1841 310 l.
1864 285 1926 319 Sy.
1957 284 2011 320 Qui

1165 324 1317 361 frequenter
1336 324 1394 350 sine
1413 334 1491 351 causa
1510 330 1625 361 vagatur.
1649 324 1680 351 fr.
1701 327 1741 352 17.
1766 326 1850 359 5.14.
1870 326 1902 354 de
1920 326 2008 354 Aedil.

1166 367 1244 394 edict.
1263 369 1306 394 21.
1328 369 1350 393 l.
1389 366 1431 393 III.
1449 368 1514 395 Cn.
1532 367 1631 394 Levius
1651 367 1776 394 delictum
1790 371 1949 396 emansionis
1968 370 2011 396 ha-

1165 411 1255 442 betur.
1282 415 1309 437 ut
1334 411 1437 436 crrouis
1456 411 1483 436 in
1502 411 1600 437 servis:
1621 410 1781 437 desertionis
1800 413 1916 447 gravius.
1936 418 1963 439 ut
1983 414 2011 439 in

1165 454 1290 490 fugitivis.
1311 452 1341 480 fr.
1362 455 1385 479 4.
1406 453 1428 487 5.
1450 454 1490 479 14.
1510 452 1542 479 de
1560 453 1592 480 R.
1607 453 1640 480 M.
1659 455 1700 480 49.
1722 454 1762 480 16.
1800 453 1868 481 Cum
1887 456 1947 491 quis
1965 456 2011 482 sti-

1165 497 1284 534 pulatur:
1304 497 1460 533 ..fugitivum
1485 506 1538 522 uon
1561 506 1634 528 essc.
1659 507 1778 523 erronem
1802 507 1855 523 non
1875 499 1965 528 esse“;
1985 502 2011 524 et

1166 545 1280 572 caetera.
1305 550 1371 577 quae
1391 549 1423 566 ex
1442 537 1529 565 edicto
1548 539 1682 566 Aedilium
1707 539 1837 566 curulium
1855 541 2011 577 promittun-

1166 588 1215 610 tur.
1237 583 1266 609 fr.
1286 584 1328 609 32.
1348 593 1388 620 pr.
1409 582 1442 609 de
1461 583 1584 608 eviction.
1604 584 1646 608 21.
1665 585 1689 609 2.
1710 582 1740 610 sr.
1763 585 1784 609 1.
1807 583 1872 617 5.1.
1893 583 1923 610 sr.
1944 585 1968 610 4.
1987 584 2010 617 5.

1165 628 1189 652 3.
1210 625 1242 652 de
1262 625 1348 652 Aedil.
1369 625 1445 652 edict.
1465 627 1508 651 21.
1529 627 1552 651 1.
1589 625 1643 661 Qui
1663 635 1740 652 servo
1760 625 1911 663 persuadet.
1931 642 1963 646 —
1983 631 2012 653 ut

1166 669 1282 705 fugeret,
1302 685 1334 689 ——
1354 674 1397 696 aut
1422 673 1521 695 amator
1545 669 1700 699 exsisteret,
1724 668 1766 695 vel
1786 679 1853 701 erro,
1873 668 1916 695 vel
1934 668 2011 695 malis

1167 712 1267 739 artibus
1288 717 1359 739 esset
1377 711 1483 738 deditus
1503 716 1552 737 ete.
1572 711 1602 738 fr.
1618 713 1640 738 l.
1655 712 1677 745 5.
1691 714 1714 738 5.
1735 711 1768 738 de
1786 722 1864 739 servo
1886 722 1953 739 corr.
1969 713 2009 739 ll.

1165 757 1190 782 3.
1210 755 1240 782 t'r.
1260 757 1302 782 25.
1322 756 1344 790 5.
1364 756 1387 782 6.
1407 754 1440 781 de
1459 754 1525 781 Aed.
1547 754 1624 781 edict.
1643 756 1685 781 21.
1706 757 1730 782 1.

1202 800 1334 825 Error.
1371 798 1402 832 §.
1422 799 1456 824 l.
1483 799 1753 825 Circumerraeio.
1789 798 1834 825 III.
1857 799 1923 826 Gn.
1960 797 2012 825 Per

1168 852 1270 868 omnem
1290 842 1418 868 orientem
1433 857 1465 860 —
1481 841 1526 877 qui
1551 842 1605 867 auri
1625 840 1758 867 metallum
1777 851 1843 877 vago
1863 851 1952 868 errore
1971 850 2011 867 sc-

1167 890 1277 912 etantur.
1298 883 1347 910 Th.
1363 882 1395 909 C.
1408 883 1441 909 X.
1462 885 1502 909 19.
1523 893 1544 909 c.
1564 885 1585 909 7.
1607 883 1639 909 de
1658 883 1842 918 metall.—§.
1857 885 1892 910 2.
1914 885 2011 919 Igno-

1167 929 1291 954 rantia.
1312 926 1330 953 I.
1350 928 1414 961 Sy.
1434 925 1590 962 Ignorantia.
1616 925 1673 953 Gai.
1694 926 1712 953 Ι.
1731 928 1773 953 67.
1793 937 1852 964 sqq.
1872 926 1934 964 le.
1954 926 2010 953 Ul.

1167 972 1191 997 4.
1211 970 1242 996 l'r.
1263 972 1288 996 2.
1307 969 1338 996 fr.
1359 971 1382 996 4.
1404 979 1462 1006 sqq.
1487 968 1517 996 sr.
1537 970 1561 996 8.
1581 979 1620 1006 sq.
1645 969 1678 996 de
1697 970 1745 996 iur.
1769 975 1795 996 et
1818 970 1877 997 fact.
1898 971 1949 1006 ign.
1968 971 2010 996 22.

1167 1014 1192 1040 6.
1229 1012 1260 1039 Π.
1273 1014 1340 1047 Op.
1361 1011 1502 1039 Consulto.
1522 1028 1554 1031 —
1573 1011 1624 1038 Per
1643 1023 1766 1039 errorem.
1786 1012 1817 1039 fr.
1837 1014 1879 1040 53.
1899 1012 1932 1039 de
1945 1012 1977 1039 R.
1992 1012 2010 1038 1.

1167 1058 1209 1082 50.
1230 1057 1272 1082 17.
1309 1055 1405 1087 Dolus.
1424 1055 1516 1082 Fraus.
1536 1054 1567 1082 fr.
1588 1056 1627 1081 18.
1647 1056 1713 1090 5.1.
1733 1055 1766 1082 de
1785 1060 1869 1082 contr.
1890 1060 1950 1082 emt.
1971 1056 2011 1082 18.

1171 1101 1192 1125 l.
1212 1098 1243 1126 fr.
1265 1100 1305 1125 16.
1325 1099 1347 1132 5.
1369 1101 1409 1125 10.
1430 1098 1463 1125 de
1481 1097 1613 1136 publican.
1632 1100 1674 1125 39.
1693 1100 1718 1125 4.
1756 1098 1798 1125 ΙΙΙ.
1819 1100 1886 1127 Gn.
1910 1098 1940 1125 Si
1959 1108 2013 1125 nou

1145 1155 1146 1164 ι
1168 1152 1215 1179 per
1239 1151 1367 1174 errorem,
1394 1147 1438 1168 aut
1461 1142 1632 1179 imperitiam,
1657 1141 1784 1179 deceptus
1809 1141 1895 1168 suerit.
1919 1141 1950 1168 fr.
1968 1143 2011 1168 20.

1168 1185 1202 1212 de
1220 1195 1286 1221 aqua
1306 1189 1332 1211 et
1350 1195 1409 1221 aqu.
1429 1184 1466 1222 pl.
1490 1186 1532 1211 39.
1556 1185 1581 1211 3.
1605 1184 1637 1211 cf.
1662 1184 1692 1211 fr.
1719 1187 1759 1211 15.
1779 1184 1812 1211 de
1831 1184 1923 1211 iurisd.
1942 1186 1968 1210 2.
1989 1185 2012 1211 1.

1167 1227 1278 1255 Multum
1297 1228 1421 1259 interest.
1446 1237 1535 1254 errore
1553 1228 1746 1254 matrimonium
1765 1227 1858 1254 illicite
1877 1226 2013 1254 contraha-

1168 1276 1218 1303 tur,
1239 1282 1270 1297 an
1290 1272 1453 1297 contumacia
1473 1271 1537 1297 iuris
1558 1276 1607 1297 etc.
1627 1270 1657 1297 fr.
1677 1272 1719 1298 38.
1739 1271 1805 1305 5.1.
1826 1270 1858 1296 ad
1871 1269 1900 1297 L.
1914 1269 1962 1296 Iul.
1980 1269 2013 1296 de

1167 1314 1247 1341 adult.
1267 1316 1308 1341 48.
1328 1315 1352 1340 5.
1389 1312 1419 1339 Si
1438 1323 1486 1350 per
1499 1323 1621 1346 errorem,
1641 1319 1685 1340 aut
1698 1314 1819 1340 iniuriam
1836 1313 1932 1340 iudicis
1946 1314 2012 1347 (non

1168 1357 1286 1384 debitum
1307 1361 1465 1383 consecutus
1489 1356 1589 1390 fuerit.)
1613 1356 1644 1383 fr.
1663 1358 1705 1384 46.
1725 1356 1747 1390 5.
1767 1359 1792 1383 4.
1811 1357 1844 1384 de
1862 1366 1967 1394 procur.
1986 1358 2011 1383 3.

1167 1402 1191 1428 3.
1229 1400 1334 1437 Quodsi
1353 1409 1401 1437 per
1420 1408 1536 1426 errorem
1555 1410 1584 1426 se
1603 1399 1738 1433 detulerit,
1757 1399 1824 1426 nihil
1837 1400 1861 1426 ei
1874 1399 1958 1426 officit
1976 1400 2013 1426 in-

1169 1443 1334 1471 considerata
1360 1442 1504 1478 diligentia.
1530 1442 1572 1469 Fr.
1597 1442 1630 1470 de
1654 1442 1672 1469 I.
1697 1442 1726 1469 F.
1750 1444 1772 1477 5.
1791 1445 1816 1469 2.
1853 1442 1883 1469 Si
1902 1442 2013 1469 Latinus

1168 1498 1216 1525 per
1235 1497 1350 1514 errorem
1369 1487 1546 1523 peregrinam.
1571 1487 1646 1523 quasi
1668 1485 1788 1513 Latinam
1811 1490 1856 1513 aut
1879 1487 1962 1513 civem
1980 1484 2012 1511 R.

1168 1546 1200 1550 —
1220 1540 1330 1557 uxorem
1349 1529 1463 1556 duxerit.
1488 1528 1545 1555 Gai.
1566 1528 1584 1555 1.
1605 1531 1646 1556 70.
1671 1529 1703 1556 cs.
1723 1530 1767 1556 68.
1803 1528 1913 1556 Praetor
1930 1528 2013 1555 homi-

1168 1573 1246 1600 nibus
1265 1573 1308 1600 vel
1327 1572 1410 1610 lapsis
1429 1571 1473 1599 vel
1487 1573 1695 1610 circumscriptis
1711 1572 1843 1605 subvenit,
1862 1573 1919 1598 sive
1931 1576 2012 1599 metu.

1168 1617 1224 1643 sive
1244 1615 1400 1643 calliditate.
1420 1616 1477 1642 sive
1497 1620 1593 1648 aetate,
1613 1617 1670 1642 sive
1689 1616 1808 1642 absentia
1825 1614 1967 1642 inciderint
1985 1615 2013 1640 in

1169 1660 1331 1696 captionem3
1351 1660 1408 1685 sive
1426 1668 1474 1696 per
1493 1663 1578 1685 status
1597 1660 1776 1691 mutationem,
1795 1662 1839 1685 aut
1857 1659 1956 1684 iustum
1975 1666 2013 1683 er-

1168 1712 1262 1728 rorem.
1287 1701 1317 1728 fr.
1339 1703 1361 1728 l.
1382 1711 1422 1738 sq.
1443 1701 1475 1728 de
1498 1701 1516 1727 I.
1536 1701 1555 1728 1.
1579 1701 1611 1728 R.
1631 1705 1655 1728 4.
1677 1704 1699 1729 1.
1720 1701 1752 1729 cf.
1771 1700 1844 1728 Paul.
1863 1700 1882 1727 1.
1903 1702 1926 1727 Τ.
1946 1700 1968 1734 5.
1986 1701 2012 1726 2.

1167 1745 1273 1771 Erroris
1285 1745 1388 1781 proprii
1401 1745 1493 1770 veniae
1506 1745 1670 1781 petitionem,
1689 1745 1733 1772 vel
1746 1744 1890 1771 adversarii
1903 1744 2012 1770 circum-

1168 1788 1302 1814 ventionis
1322 1787 1513 1824 adlegationem
1532 1788 1657 1814 continet.
1677 1787 1708 1814 fr.
1729 1789 1769 1814 17.
1789 1787 1821 1814 de
1840 1788 1934 1814 minor.
1948 1787 1972 1812 4.
1987 1787 2011 1812 4.

1167 1830 1233 1857 Rem
1253 1829 1376 1862 alienam.
1401 1830 1489 1867 aliquo
1514 1841 1603 1857 errore
1622 1831 1763 1868 deceptus,
1787 1836 1919 1867 tamquam
1939 1839 2013 1856 suam

1168 1872 1283 1900 vendere
1301 1872 1369 1900 sorte
1388 1878 1432 1900 aut
1451 1873 1557 1900 donare.
1581 1873 1612 1900 fr.
1631 1875 1673 1900 36.
1698 1884 1737 1911 pr.
1764 1873 1796 1900 de
1816 1883 1906 1910 usurp.
1925 1874 1967 1899 41.
1985 1873 2010 1898 3.

1167 1917 1290 1943 Errorem
1310 1916 1438 1953 adlegare.
1457 1916 1487 1943 fr.
1506 1918 1548 1943 38.
1569 1917 1591 1951 5.
1611 1918 1634 1943 7.
1654 1916 1687 1943 ad
1704 1915 1734 1943 L.
1754 1916 1802 1943 lul.
1822 1915 1854 1942 de
1874 1915 1952 1942 adult.
1968 1916 2011 1941 48.

1169 1962 1192 1987 5.
1230 1960 1336 1986 Erroris
1357 1970 1461 1987 causam
1480 1960 1600 1997 probare.
1621 1959 1678 1986 Gai.
1698 1959 1716 1986 Ι.
1736 1960 1778 1986 67.
1797 1969 1856 1995 sqq.
1876 1957 1938 1995 le.
1954 1956 2010 1984 ΥΠ.

1168 2005 1192 2030 4.
1229 2003 1327 2035 Iustus.
1347 2013 1371 2029 v.
1392 2002 1551 2035 Probabilis,
1571 2013 1591 2030 s.
1607 2002 1777 2034 Tolerabilis,
1797 2011 1877 2028 error.
1898 2000 1970 2026 Paul.
1991 2000 2009 2026 Ι.

1169 2048 1191 2073 Τ.
1221 2046 1242 2080 5.
1262 2048 1287 2073 2.
1316 2045 1346 2072 fr.
1366 2048 1407 2072 44.
1428 2056 1467 2083 pr.
1487 2045 1520 2072 de
1544 2055 1634 2082 usurp.
1658 2046 1699 2071 41.
1718 2046 1742 2071 3.
1771 2044 1801 2070 fr.
1821 2045 1845 2070 5.
1873 2043 1896 2077 5.
1919 2044 1941 2069 l.
1961 2053 2010 2080 pro

1168 2099 1225 2115 suo.
1244 2091 1286 2115 41.
1307 2090 1347 2114 10.
1388 2088 1454 2115 Labi
1475 2098 1571 2115 errore.
1596 2087 1626 2114 fr.
1646 2089 1687 2113 57.
1707 2086 1792 2113 mand.
1813 2088 1853 2113 17.
1875 2088 1897 2112 1.
1917 2086 1949 2112 fr.
1970 2087 2009 2112 19.

1169 2132 1200 2158 de
1220 2141 1269 2158 usu
1289 2136 1313 2157 et
1333 2131 1400 2158 usus.
1421 2131 1470 2167 leg.
1489 2132 1531 2157 33.
1550 2133 1574 2157 2.
1612 2130 1730 2161 Ductus,
1753 2140 1777 2156 v.
1797 2129 1947 2167 Deceptus.
1973 2139 2010 2155 er-

1168 2184 1227 2201 rore
1247 2173 1374 2207 (vendere
1394 2176 1456 2206 etc.)
1476 2173 1506 2200 fr.
1528 2175 1549 2200 1.
1571 2173 1603 2200 de
1622 2173 1696 2200 distr.
1716 2174 1786 2210 pign.
1805 2174 1847 2198 20.
1868 2175 1892 2198 5.
1917 2172 1947 2198 fr.
1967 2174 2009 2199 36.

1168 2228 1208 2255 pr.
1228 2217 1260 2243 de
1279 2226 1370 2253 usurp.
1390 2218 1431 2242 41.
1451 2218 1475 2243 3.
1505 2233 1536 2236 —
1565 2217 1596 2250 ς.
1617 2217 1654 2243 3.
1675 2218 1813 2243 Furtum
1832 2225 2009 2242 erroneum.

1168 2259 1288 2287 111.Cn.
1308 2258 1413 2285 Veritas
1432 2269 1520 2286 rerum
1543 2259 1677 2286 erroribus
1701 2263 1833 2295 gestorum
1859 2257 1903 2292 [al.
1927 2263 2011 2294 gesta-

1169 2303 1237 2337 rum]
1258 2312 1311 2328 non
1330 2303 1445 2329 vitiatur.
1465 2302 1495 2329 sr.
1515 2304 1538 2328 G.
1559 2303 1624 2336 5.1.
1645 2301 1677 2328 de
1697 2302 1740 2328 oss.
1756 2301 1844 2328 l'raes.
1859 2303 1881 2328 1.
1898 2302 1938 2327 18.
1962 2301 2010 2328 Er-

1170 2346 1237 2372 roris
1260 2345 1399 2372 fideiussio
1427 2344 1498 2371 nulla
1522 2348 1569 2371 est.
1598 2344 1628 2370 fr.
1649 2346 1690 2370 37.
1720 2344 1752 2370 de
1776 2344 1894 2371 tideiuss.
1919 2345 1960 2370 46.
1986 2346 2009 2371 l.

1170 2388 1273 2415 Calculi
1297 2389 1395 2415 erroris
1419 2388 1576 2414 retractatio
1602 2386 1632 2413 fr.
1657 2389 1681 2414 S.
1706 2397 1745 2424 pr.
1770 2387 1803 2414 de
1822 2387 1889 2414 adm.
1908 2397 1957 2414 rer.
1978 2386 2010 2413 ad

1170 2433 1218 2459 civ.
1239 2433 1279 2458 50.
1300 2432 1324 2457 8.
1349 2431 1380 2458 cf.
1406 2431 1436 2457 sr.
1458 2433 1480 2456 l.
1500 2431 1521 2464 5.
1544 2431 1565 2455 l.
1604 2430 1655 2465 Qu.
1676 2435 1742 2456 sent.
1768 2431 1825 2457 sine
1845 2440 1903 2467 app.
1923 2431 1965 2457 49.
1984 2431 2008 2456 8.

1170 2491 1202 2495 -
1227 2476 1257 2508 ξ.
1289 2476 1328 2501 4.
1361 2476 1500 2501 Pravum
1529 2475 1718 2505 consilinm,
1746 2483 1764 2499 s.
1791 2479 2008 2507 praeceptum.

1170 2518 1187 2545 1.
1205 2519 1266 2552 Sy.
1286 2517 1368 2544 Prava
1387 2517 1485 2553 opinio.
1507 2515 1556 2542 Th.
1578 2515 1608 2542 C.
1622 2515 1692 2542 XVI.
1713 2517 1736 2542 5.
1758 2526 1778 2542 c.
1798 2517 1839 2542 41.
1860 2515 1892 2542 de
1911 2515 2006 2542 haeret.

1167 2560 1212 2587 lll.
1233 2562 1299 2588 011.
1319 2560 1450 2591 Haeresis,
1475 2560 1531 2585 sive
1556 2569 1636 2585 error.
1661 2558 1698 2585 lb.
1718 2558 1735 2585 l.
1754 2558 1771 2585 l.
1793 2569 1814 2585 c.
1836 2560 1875 2585 19.
1912 2557 2008 2585 lilathe-

1169 2604 1264 2636 matici,
1284 2619 1316 2623 -
1337 2602 1473 2629 codicibus
1493 2603 1590 2628 erroris
1604 2603 1705 2639 proprii
1719 2617 1751 2621 —
1766 2601 1888 2628 incendio
1904 2610 2007 2627 concre-

1147 2657 1149 2670 ι
1169 2647 1255 2673 matis.
1275 2645 1311 2672 lb.
1331 2645 1375 2671 IX.
1397 2646 1436 2670 16.
1457 2654 1478 2670 c.
1500 2646 1540 2671 12.
1561 2644 1591 2671 cf.
1612 2656 1634 2671 c.
1654 2647 1677 2671 8,
1698 2644 1731 2671 de
1750 2644 1859 2671 malefic.

1204 2690 1456 2716 Erubesce-re.
1506 2690 1630 2714 Rubore
1657 2694 1685 2714 et
1714 2688 1909 2714 verecundia
1937 2687 2006 2721 suf-

1148 2733 1273 2768 isuadi.
1312 2730 1354 2756 111.
1376 2731 1442 2758 Cn.
1467 2730 1520 2766 Qui
1541 2730 1705 2756 commodum
1725 2729 1795 2756 dotis
1814 2728 1944 2755 vindictae
1963 2727 2008 2754 do-

1170 2783 1227 2801 mus
1247 2784 1309 2800 suae
1328 2783 1490 2810 praeponere
1516 2783 1569 2799 non
1592 2772 1704 2799 erubuit.
1727 2772 1757 2799 fr.
1778 2774 1817 2798 11.
1841 2771 1862 2805 5.
1882 2772 1906 2797 3.
1926 2770 1958 2797 ad
1976 2771 2006 2798 L.

1170 2816 1216 2843 lul.
1238 2815 1270 2842 de
1289 2815 1369 2842 adult.
1390 2817 1430 2842 48.
1444 2818 1468 2842 5.
1506 2815 1542 2842 Vt
1561 2825 1613 2842 non
1633 2815 1731 2842 diutius
1751 2813 1887 2841 erubescat
1906 2813 1949 2840 lex
1962 2824 2007 2851 po-

1171 2860 1227 2886 sita.
1249 2869 1269 2885 c.
1289 2860 1330 2885 33.
1351 2859 1373 2892 5.
1395 2861 1416 2885 1.
1438 2858 1470 2885 de
1489 2858 1561 2885 inoff.
1582 2863 1685 2884 testam.
1709 2859 1732 2883 3.
1756 2857 1797 2882 28.
1821 2856 1852 2883 cf.
1878 2867 1898 2883 c.
1923 2859 1964 2883 22.
1984 2858 2005 2891 5

1982 2904 1997 2926 4
