2197 3121
271 184 329 214 154

269 266 462 292 existimatione
482 264 592 291 alicuius
612 265 792 299 cognoscitur,
817 268 860 289 aut
886 263 918 289 de
938 262 1043 300 capitali
1064 263 1112 289 cri-

269 310 338 336 mine
357 310 498 345 quaeritur.
520 308 550 334 l‘r.
570 310 593 334 5.
615 318 654 345 pr.
675 307 707 333 de
727 311 793 332 extr.
814 316 887 342 cogn.
913 308 953 332 50.
977 307 1016 332 13.
1053 304 1113 331 Plu-

269 353 361 378 rimum
382 361 487 388 quoque
507 352 532 377 in
553 349 708 377 excutienda
727 350 839 376 veritate
858 360 911 376 vox
931 351 1002 387 ipsa,
1027 354 1053 375 et
1072 358 1113 375 co·
1134 363 1135 370 π

269 396 394 431 gnitionis
422 394 529 420 subtilis
558 393 707 429 diligentia,
736 392 828 419 adfert.
859 393 889 419 fr.
916 395 955 419 10.
984 393 1006 426 3.
1026 394 1050 418 5.
1080 391 1113 418 de

269 439 416 474 quaestion.
448 439 489 463 48.
513 439 551 463 18.
599 436 739 463 Translata
763 441 804 462 est
828 437 942 472 cognitio
967 436 1022 468 (sc.
1046 434 1112 472 legis

270 481 376 513 Fabiae)
396 482 422 507 in
442 480 594 507 Praefectos
614 479 669 511 Vin,
691 481 806 516 itemque
824 479 957 506 praesidis
977 478 1019 505 Pr.
1039 483 1113 505 extra

269 523 388 550 ordinem
414 525 507 550 meruit
533 522 795 549 animadversionem.
827 522 896 549 Coll.
915 521 968 548 LL.
988 521 1021 548 Μ.
1041 521 1112 548 XIV.

267 569 292 592 2.
312 576 352 603 sq.
391 566 565 593 stellionatus
586 566 718 592 accusatio
738 565 771 591 ad
784 565 917 592 Praesidis
937 566 1113 601 cognitionem

268 614 378 646 spectat.
410 610 439 636 l'r.
458 611 482 635 3.
504 619 542 646 pr.
567 608 710 635 stellionat.
734 610 776 634 47.
795 610 837 635 20.
875 607 1035 645 Cognitione
1053 607 1113 635 falsi

268 652 407 690 pendente.
445 652 515 678 Ante
535 657 656 678 eventum
677 652 843 688 cognitionis
875 651 905 678 fr.
927 653 967 678 17.
987 652 1008 686 3.
1027 654 1052 678 2.
1081 651 1113 678 de

269 695 293 722 d.
314 706 346 722 m.
367 705 423 721 exc.
443 696 485 722 44.
506 697 529 722 4.

304 739 592 773 Cognitionnlis.
622 738 763 771 (Adiect.)
801 738 832 771 §.
856 739 890 764 1.
921 739 967 764 Ad
993 748 1113 765 causae

268 784 490 816 cognitionem
515 783 696 816 pertinens.
734 780 752 806 1.
777 782 838 815 Sy.
869 780 898 806 In
917 781 1112 817 cognitionibus

268 825 414 857 recitanda,
435 824 630 861 Cognitionalia
650 825 856 856 (instrumenta,
876 834 900 850 v.
920 825 1018 860 gesta).
1047 835 1068 851 c.
1088 827 1112 851 4.

267 878 306 905 pr.
327 867 550 907 defnsmnsian.
573 870 612 894 12.
632 869 674 893 26.
695 877 716 893 c.
730 868 755 893 3.
769 867 791 901 3
802 870 826 894 ⁸2.
847 867 879 894 de
897 868 985 905 privil.
999 868 1112 895 scholar.

1133 266 1135 287 l
1157 261 1316 289 henduntur.
1346 261 1418 288 Paul.
1438 261 1470 289 V.
1489 264 1513 289 9.
1534 263 1556 297 3.
1569 265 1594 289 2.

271 913 308 937 12.
327 913 370 937 30.
408 911 450 937 111.
474 913 540 939 sn.
565 911 641 946 Quae
661 912 710 942 (sc.
731 911 861 943 actiones)
881 911 907 937 in
927 911 1052 938 iudicium
1071 911 1114 938 de·
1134 915 1135 919 ’

268 954 361 981 (luctae
380 959 450 980 sunt.
471 959 495 980 et
515 953 699 990 cognitionalia
713 959 871 990 acceperunt
884 956 1033 981 certamina.
1054 965 1074 981 c.
1090 957 1112 981 l.

268 998 290 1031 3.
312 999 334 1024 l.
355 997 387 1023 de
407 1007 464 1023 ann.
485 1007 541 1023 exc.
562 998 585 1023 7.
605 998 647 1023 40.
667 1007 688 1023 c.
708 998 732 1023 3.
752 997 818 1030 3.1.
839 997 871 1023 de
890 998 978 1035 privil.
999 997 1112 1024 scholar.

271 1042 310 1066 12.
329 1042 371 1066 30.
409 1040 565 1076 Priusquam
585 1041 649 1067 inre.
670 1040 838 1076 cognitionali
858 1042 997 1073 sententia.
1017 1057 1049 1061 —-
1068 1051 1113 1078 pe-

269 1085 332 1110 titor
351 1085 525 1110 certissimam
543 1084 681 1110 victoriam
701 1082 779 1109 fuerit
804 1089 971 1111 consecutus.
1009 1084 1059 1111 Th.
1080 1083 1111 1111 C.

268 1127 300 1153 X.
323 1129 362 1152 10.
384 1137 404 1153 c.
424 1128 466 1153 32.
487 1127 508 1160 3.
527 1128 552 1152 2.
578 1125 610 1152 de
630 1126 704 1162 petit.
725 1131 751 1151 et
770 1126 840 1152 ultro
861 1127 912 1154 dat.
950 1127 1050 1154 Contra
1070 1137 1112 1153 co-

268 1170 426 1205 gnitionales
446 1170 518 1196 sedis
538 1169 735 1202 (Przwtorianae
755 1170 946 1206 praefecturae)
967 1172 1111 1197 sententias

267 1213 430 1244 (offerendae
448 1214 564 1250 preces).
596 1211 663 1238 Nov.
684 1211 734 1238 Th.
748 1212 778 1239 ll.
799 1217 889 1239 contra
908 1219 975 1240 sent.
995 1213 1078 1240 Praes.
1092 1213 1110 1240 I.

269 1258 308 1283 13.
328 1267 349 1283 c.
371 1258 392 1282 1.
413 1257 434 1290 3
453 1259 478 1283 2.
508 1272 539 1276 —-
572 1255 603 1288 ᾗ.
629 1257 664 1282 2.
694 1257 741 1281 Ad
764 1257 1022 1291 recognitionem
1041 1267 1111 1291 per-

267 1302 423 1335 agendam
443 1306 601 1334 spectans.
639 1297 682 1324 111.
700 1299 767 1326 Cn.
792 1298 928 1335 Sacrilegii
947 1309 1031 1336 poena
1051 1310 1111 1326 con·
1133 1300 1134 1303 ’

1132 1345 1134 1358 ³
1155 1345 1217 1365 tus.
1253 1337 1296 1364 III.
1321 1340 1386 1366 CIL
1415 1338 1523 1375 Cogniti
1542 1348 1572 1364 ac
1591 1339 1695 1375 probati
1715 1340 1773 1366 viri.
1808 1339 1858 1366 Th.
1879 1340 1910 1367 C.
1929 1340 2000 1367 XIII.

268 1343 372 1379 stringit
396 1347 448 1368 tam
473 1341 647 1377 cognition-'tle
671 1341 801 1368 officium.
826 1352 903 1378 quam
928 1347 977 1369 etc.
1016 1342 1110 1370 Const.

268 1385 400 1412 Valentia.
420 1385 452 1411 ad
472 1386 682 1412 constitutionar.
703 1384 797 1417 (xvcim
818 1395 843 1422 p.
863 1386 906 1417 ὅ.)

303 1429 631 1463 Cognitionaliter.
670 1427 792 1460 (Advh.)

267 1474 356 1499 tione
376 1474 623 1498 interveniente.
661 1471 703 1497 111.
721 1472 787 1498 Cn.
807 1471 840 1497 Et
859 1471 902 1498 vel
921 1472 1023 1498 amicali
1042 1483 1111 1499 com-

267 1516 400 1552 positione
420 1514 551 1550 litigantes
571 1515 683 1540 transire
703 1514 810 1546 faciant.
834 1514 876 1541 vel
901 1525 974 1541 more
994 1528 1111 1551 παραση-

266 1559 394 1592 perviam.-
418 1567 463 1583 eos
484 1557 602 1585 audiant.
627 1557 670 1584 vel
691 1557 909 1594 cognitionaliter.
936 1558 1029 1585 Iuliani
1049 1560 1110 1596 epit.
1133 1573 1134 1582 π

268 1611 328 1627 nov.
349 1610 370 1626 c.
391 1602 432 1626 69.
452 1601 473 1634 3
493 1602 553 1626 248.
592 1601 655 1627 Sive
675 1611 707 1627 ex
725 1605 801 1637 parte
820 1611 882 1633 una,
907 1602 963 1628 sive
986 1603 1112 1638 cognitio-

268 1643 373 1674 naliter.
400 1652 494 1669 causae
518 1642 704 1680 adpellationis
729 1644 847 1681 imponat
875 1645 928 1677 (sc.
949 1644 1045 1678 iudex)
1069 1656 1112 1672 ex-

267 1686 378 1712 ordium.
408 1696 429 1712 c.
449 1688 473 1712 5.
498 1685 520 1719 3.
541 1687 564 1712 4.
591 1685 624 1713 de
642 1691 721 1723 temp.
748 1691 773 1712 et
792 1697 876 1723 repar.
919 1686 948 1713 Si
968 1688 1111 1725 imperialis

267 1731 389 1756 maiestas
409 1739 512 1756 causam
533 1739 607 1765 cogn.
628 1730 822 1757 examinaverit.
845 1740 865 1755 c.
887 1731 927 1756 12.
947 1740 986 1767 pr.
1007 1730 1039 1757 de
1058 1730 1111 1758 LL.

270 1774 290 1799 1.
312 1774 351 1798 14.

303 1815 494 1850 cognitor.
524 1816 554 1848 §-
576 1817 610 1842 1.
642 1818 686 1847 Is,
706 1817 762 1850 qui
779 1818 1002 1850 cognitionem
1020 1827 1111 1843 exer-

267 1865 329 1889 cet,
355 1860 463 1888 Index.
508 1858 526 1884 1.
547 1860 609 1893 Sy.
639 1859 692 1894 Qui
717 1858 749 1884 (le
773 1858 878 1885 iudiciis
902 1859 1017 1896 publicis
1038 1865 1110 1887 extra

268 1901 388 1927 ordinem
409 1902 551 1935 cognoscit.
582 1901 610 1927 l'r.
632 1903 670 1928 15.
696 1902 717 1935 3.
740 1903 762 1927 1.
788 1901 819 1927 ad
839 1901 866 1928 S.
887 1902 918 1929 C.
939 1902 1042 1940 Turpil.
1068 1905 1109 1930 48.

271 1946 308 1970 16.
346 1943 436 1970 ludex.
467 1943 516 1970 Th.
531 1944 562 1970 C.
580 1943 621 1970 III.
643 1946 682 1970 19.
703 1954 724 1970 c.
744 1946 767 1970 4.
788 1955 826 1981 pr.
847 1945 879 1971 tle
898 1946 964 1972 adm.
985 1951 1010 1972 et
1029 1948 1109 1983 peric.
1131 1955 1133 1965 s

268 1988 311 2014 Xl.
331 1990 373 2014 31.
395 1998 415 2014 c.
431 1990 454 2014 4.
475 1997 496 2013 c.
511 1989 534 2013 9.
555 1987 587 2013 tle
601 1997 683 2024 repar.
699 1997 757 2024 app.
790 1987 920 2019 iudicans,
940 1989 1109 2026 DisceptanS.

269 2031 305 2058 lb.
325 2031 355 2057 11.
378 2033 399 2057 1.
427 2041 448 2057 c.
468 2033 492 2057 4.
517 2030 549 2056 (le
569 2030 660 2056 iurisd.
685 2029 752 2056 YHI.
775 2032 814 2056 13.
839 2041 860 2057 c.
882 2033 903 2057 1.
925 2041 962 2068 pr.
989 2042 1009 2058 c.
1030 2034 1053 2059 6.
1078 2032 1110 2059 de

268 2084 354 2100 revoc.
375 2074 462 2100 donat.
500 2073 541 2099 Ill.
563 2074 629 2100 (¹11.
656 2072 827 2109 Negotiorum
847 2075 1004 2109 cognitores,
1024 2086 1052 2101 ac
1066 2077 1110 2102 tri-

269 2116 401 2143 bunalium
425 2116 568 2154 praesides.
598 2116 664 2143 Nov.
684 2116 806 2143 Marcion.
830 2116 862 2142 (le
886 2118 995 2144 matrim.
1020 2117 1108 2144 Sonat.

269 2158 310 2185 111.
331 2160 354 2185 4.
375 2170 396 2185 e.
419 2162 439 2186 1.
461 2170 499 2196 pr.
538 2160 637 2185 Omnes
658 2160 806 2195 cognitores
827 2164 852 2185 et
872 2159 981 2187 iudice&
1006 2160 1056 2187 Tb.
1077 2160 1108 2187 C.

268 2202 313 2228 lx.
333 2204 374 2228 27.
395 2213 416 2228 c.
436 2205 459 2229 5.
479 2202 511 2229 ad
531 2202 559 2228 L.
581 2202 627 2228 lul.
647 2207 728 2239 repet.
767 2201 864 2229 Vicat-ii
884 2207 962 2239 atque
983 2203 1109 2230 ordinarii

269 2245 427 2281 cognitores.
465 2245 501 2271 Il».
526 2246 557 2271 Χ.
585 2247 622 2271 10.
648 2256 668 2271 c.
689 2248 730 2271 20.
761 2245 793 2271 tle
818 2246 892 2283 petit.
918 2251 943 2272 et
967 2246 1036 2273 ultro
1056 2247 1108 2274 dat.

268 2287 339 2315 XVI.
362 2289 400 2313 11.
422 2298 442 2314 c.
466 2291 486 2315 1.
506 2288 538 2314 (le
559 2288 630 2324 relig.
668 2287 717 2314 Vel
738 2288 768 2315 atl
789 2298 851 2315 nos.
875 2288 917 2314 vel
943 2289 974 2315 atl
995 2291 1111 2326 cognito-

270 2341 323 2358 rem
343 2330 370 2357 S.
390 2330 521 2358 auditorii.
540 2331 693 2357 solemniter
711 2342 788 2357 causa
802 2333 926 2358 mittatur.
958 2332 1054 2359 1b.Xl.
1068 2335 1110 2360 30.

270 2385 292 2401 c.
311 2375 352 2400 44.
377 2373 409 2400 de
434 2383 493 2410 app.
521 2378 545 2399 et
569 2383 645 2410 poen.
693 2373 834 2401 Praesente
858 2376 1000 2401 annonario
1024 2377 1112 2412 cogni-

271 2422 339 2445 tore.
360 2432 392 2436 -—
412 2417 552 2452 inquirere.
582 2416 617 2442 lb.
638 2416 706 2442 Xlll.
731 2419 754 2443 5.
782 2427 802 2443 c.
820 2420 861 2444 38.
883 2428 921 2454 pr.
947 2418 978 2444 tle
998 2419 1109 2445 navicul.

271 2460 401 2495 Quisquis
427 2458 540 2485 iutlirum
567 2459 684 2493 cognitor
710 2459 845 2486 resederit.
874 2460 910 2487 lb.
930 2461 963 2487 X.
985 2463 1006 2488 l.
1027 2473 1047 2488 c.
1070 2464 1109 2488 13.

271 2501 302 2527 tlt·
322 2503 378 2528 iure
398 2502 463 2528 lisci.
500 2502 540 2528 Ex
559 2502 687 2527 sententia
708 2504 850 2536 cognitoris
871 2504 961 2530 arbitri
976 2504 1109 2531 adtributi.

273 2543 308 2570 lb.
329 2544 358 2570 11.
382 2546 402 2571 l.
423 2555 444 2571 c.
468 2546 505 2571 10.
526 2544 558 2570 (le
578 2544 668 2570 iurisd.
688 2560 719 2563 —
740 2546 770 2578 ᾗ.
788 2547 823 2572 2.
850 2547 1012 2582 Defensor
1030 2549 1110 2574 alie-

272 2596 330 2612 nae
349 2589 436 2619 litis.
460 2589 561 2614 certis
580 2588 683 2613 verbis
702 2597 809 2613 corani
829 2591 1020 2616 adversario
1040 2592 1110 2616 enb-

271 2630 419 2656 stitutus.

272 2673 313 2696 ⁸2.
334 2681 373 2707 sq.
397 2674 452 2699 101.
482 2672 564 2699 Vatie.
585 2673 622 2706 33.
641 2674 699 2698 317.
721 2682 760 2708 sq.
798 2672 861 2699 Suo.
882 2684 904 2700 v.
926 2674 1045 2712 l'roprio.
1066 2686 1110 2702 no-

273 2714 350 2745 mine,
375 2730 405 2734 —
430 2714 481 2741 Per
503 2717 677 2750 cognitorem.
697 2716 814 2751 (agere).
849 2716 904 2742 Gai.
926 2717 969 2744 IV.
989 2720 1030 2745 96.
1050 2728 1108 2755 sqq.

275 2758 330 2782 102.
369 2756 412 2782 111.
433 2758 498 2784 θη.
526 2758 590 2784 Tam
610 2758 715 2787 (lantes.
741 2769 816 2795 quam
842 2760 1013 2795 accipientes.
1038 2761 1110 2787 here-

273 2798 321 2825 dPS
340 2809 445 2835 (111011119
464 2811 566 2828 cortun.
590 2806 788 2837 11ΓοΓ111ῚΙ101Ψ8,
815 2803 1030 2838 Pogiliiorllillqtlt‘
1054 2814 1110 2840 Pt'l'-
1131 2798 1132 2803 ¹

840 1430 968 1455 Causae
997 1431 1110 1464 cogni·
1132 1449 1134 1454 ,

465 2630 495 2656 H.
517 2632 584 2664 ΟΡ.
612 2629 777 2656 Procurator.
807 2631 863 2657 Gai.
884 2631 913 2657 11.
937 2633 979 2658 39.
1004 2632 1048 2659 IV.
1067 2635 1108 2659 55.
1130 2638 1132 2646 ¹

1084 178 1188 211 (lOG.

1632 263 1775 290 Debitores
1795 266 1936 291 convenire
1950 275 2002 291 nou

1157 310 1259 342 potest.
1287 315 1372 341 neque
1397 304 1457 331 lites
1480 307 1608 342 pecuniae
1632 308 1774 343 prosequi.
1799 309 1822 334 si
1846 318 1899 334 non
1922 309 2002 334 sitin

1158 357 1211 373 rein
1236 357 1310 374 suam
1336 348 1456 383 cognItor
1479 348 1570 376 datus.
1595 354 1639 375 aut
1664 351 1798 376 nominum
1823 350 2002 387 delegationes

1157 391 1363 418 intervenerunt.
1393 390 1478 417 Vatic.
1498 392 1519 425 3
1536 395 1595 419 260.
1616 392 1647 419 cl'.
1668 393 1689 427 3.
1703 394 1763 420 317.
1802 393 1930 429 cognitor
1949 404 2002 420 eer-

1157 435 1191 460 tis
1210 433 1299 460 verbis
1319 434 1346 460 in
1365 433 1438 460 litem
1458 444 1544 461 coram
1564 435 1723 462 adversario.
1744 446 1765 462 S.
1786 438 1866 463 certis
1886 441 1912 462 et
1927 438 2002 473 quasi

1157 476 1321 503 solemnibus
1340 476 1430 503 verbis
1449 477 1476 503 in
1495 476 1583 504 locum
1601 478 1714 512 domini,
1735 479 1913 506 substituitur.
1944 478 2001 506 Gai.

1156 519 1200 546 IV.
1220 521 1262 546 83.
1281 521 1323 547 97.
1361 520 1417 546 Sub
1438 519 1590 548 conditione
1608 523 1730 558 cognitor
1749 532 1802 549 non
1821 527 1893 549 recte
1917 521 2002 554 datur,

1157 573 1210 589 non
1228 564 1309 599 magis
1330 573 1407 599 quam
1426 564 1597 600 mancipatur.
1622 563 1706 592 Vatic.
1727 565 1748 599 3.
1763 567 1822 593 329.
1844 565 1875 592 cl'.
1890 565 1928 600 33.
1941 567 2001 592 318.

1157 616 1197 643 sq.
1233 606 1276 632 Ad
1295 606 1489 633 defendendum
1509 607 1644 643 cognitore
1664 609 1819 635 constituto.
1844 608 1881 636 lb.
1902 609 1923 643 3.
1941 610 2000 635 317.

1158 649 1187 676 Si
1207 650 1339 686 cognitor,
1364 649 1406 676 vel
1432 651 1580 687 praesentis
1598 656 1768 687 procurator.
1794 662 1858 678 usus
1878 651 1957 678 fuerit.
1975 652 2002 678 in

1158 691 1255 719 iudicio
1279 694 1450 730 prosperiore
1473 692 1585 719 fortuna.
1620 693 1670 720 Th.
1695 694 1726 721 C.
1751 694 1781 721 ll.
1811 697 1850 721 12.
1877 706 1898 721 c.
1919 697 1942 721 7.
1961 704 2001 732 pr.

1157 735 1190 761 de
1210 736 1337 771 cognitor.
1361 736 1392 762 cf.
1414 735 1498 763 Vatic.
1518 736 1539 769 3.
1558 738 1619 763 317.

1193 778 1446 813 cognitorius.
1476 778 1606 811 (Adiect.)
1645 781 1692 806 Ad
1709 783 1913 816 cognitorem
1932 791 2002 815 spe-

1157 828 1256 849 ctans.
1294 821 1312 848 l.
1333 823 1395 856 Sy.
1424 821 1551 848 Officium
1575 823 1728 858 cognitoris.
1770 823 1859 861 Opera
1884 825 2002 860 coguito-

1157 865 1202 891 ria.
1232 864 1290 891 Gai.
1309 864 1354 891 IV.
1374 866 1415 891 83.
1444 864 1517 891 Paul.
1536 864 1555 891 I.
1574 868 1598 892 2.
1619 867 1657 900 33.
1679 868 1701 892 l.
1722 876 1780 902 sqq.
1818 866 1847 893 11,
1864 869 1931 901 011.
1951 867 2003 894 Co-

1157 909 1280 943 gnitoriO.
1302 924 1334 927 —
1355 907 1554 940 Procuratorio,
1574 910 1686 939 tutorio.
1707 911 1850 942 curatorio.
1871 911 2001 943 (nomine,

1134 949 1135 956 ¹
1157 961 1233 987 agere
1254 951 1316 983 ete.)
1347 950 1403 977 Gai.
1418 950 1448 977 ΙΙ.
1463 952 1504 978 39.
1519 953 1579 978 252.
1593 951 1637 978 IV.
1652 954 1694 978 82.
1731 951 1774 978 111.
1790 954 1855 980 Cn.
1879 953 2002 980 Edictum

1158 994 1347 1029 cognitorium,
1372 993 1444 1030 quod
1467 995 1584 1031 pertinet
1607 994 1640 1021 ad
1666 1005 1713 1021 eos
1738 996 1782 1032 qui
1802 995 1897 1023 dantur
1916 998 2002 1033 cogni-

1134 1043 1135 1052 *
1157 1041 1238 1063 tores.
1266 1035 1351 1063 Vane.
1371 1037 1392 1071 3.
1406 1039 1466 1063 323.
1486 1037 1518 1063 cf.
1537 1038 1559 1071 3.
1573 1039 1632 1064 322.
1662 1038 1718 1064 Gai.
1733 1038 1777 1065 IV.
1795 1041 1852 1065 124.
1889 1040 1930 1066 Ex
1944 1049 2002 1077 per—

1156 1090 1221 1106 sona
1245 1079 1382 1106 dilatoriae
1406 1081 1591 1117 exceptiones,
1622 1097 1655 1100 —
1685 1081 1776 1118 quales
1801 1087 1863 1108 sunt
1886 1084 2002 1119 coguito-

1156 1124 1217 1149 riae..
1245 1123 1283 1149 Id.
1304 1122 1320 1150 l.
1340 1123 1357 1150 1.

1193 1166 1412 1200 Cognitura.
1452 1167 1569 1193 Munus
1588 1169 1784 1202 cognitor-ise.
1822 1168 1840 1194 Ι.
1853 1169 1915 1203 Sy.
1935 1168 2002 1195 Offi-

1156 1210 1225 1235 cium
1244 1210 1397 1246 cognitoris.

1155 1251 1228 1278 Paul.
1248 1251 1266 1278 I.
1287 1255 1311 1279 2.
1331 1253 1352 1286 3.
1371 1254 1396 1278 2.

1191 1295 1383 1329 cognitus.
1411 1295 1540 1329 (Partic.)
1578 1296 1609 1329 §.
1630 1297 1664 1322 1.
1695 1298 1916 1331 Exploratus,
1940 1299 2002 1324 No-

1435 1210 1526 1246 Opera
1546 1210 1698 1246 cognitoria.
1734 1211 1792 1237 Gai.
1812 1210 1855 1238 lv.
1880 1213 1922 1238 83.
1945 1213 2001 1238 12-1.

1157 1383 1196 1408 11.
1223 1392 1244 1408 c.
1265 1382 1288 1408 6.
1314 1381 1346 1407 de
1366 1383 1490 1408 censitor.
1534 1382 1609 1417 Quae
1633 1387 1726 1419 stupro
1753 1382 1799 1409 tibi
1824 1384 1926 1419 cognita
1953 1388 2001 1409 est.

1156 1435 1177 1451 c.
1197 1426 1239 1451 ⁴22.
1263 1424 1295 1450 ad
1314 1423 1344 1451 L.
1365 1424 1411 1451 lul.
1437 1425 1470 1451 de
1489 1424 1569 1451 adult.
1589 1426 1613 1451 9.
1633 1427 1657 1452 9.
1688 1425 1719 1452 fr.
1740 1428 1780 1452 1-1.
1808 1425 1840 1452 de
1864 1426 1889 1452 h.
1910 1436 1952 1462 qu.
1973 1431 2003 1453 ut

1156 1468 1253 1504 indign.
1278 1469 1319 1494 34.
1344 1470 1368 1494 9.
1407 1484 1440 1487 -
1477 1468 1507 1501 §-
1532 1469 1568 1494 2.
1604 1469 1797 1500 (inacessas.
1830 1471 2001 1496 Probatus.

1156 1511 1198 1537 111.
1218 1513 1283 1539 Cn.
1312 1510 1426 1548 Nuptiae
1446 1511 1503 1547 lege
1523 1512 1651 1547 cognitae.
1678 1510 1753 1538 onr
1771 1511 1874 1548 legibus
1889 1513 2000 1549 cognita.

1156 1554 1249 1580 Iuliani
1269 1555 1330 1591 epit.
1351 1564 1411 1580 nov.
1432 1565 1453 1581 c.
1473 1556 1515 1580 83.
1539 1554 1561 1588 3.
1581 1556 1641 1581 320.
1668 1554 1700 1581 cf.
1721 1565 1742 1581 c.
1761 1557 1802 1581 34.
1823 1555 1939 1589 33118.
1959 1566 1999 1592 sq.

1158 1599 1215 1623 124.
1253 1597 1356 1624 Causae
1376 1597 1479 1633 legibus
1499 1598 1626 1633 cognitae.
1655 1597 1691 1625 lb.
1713 1608 1734 1624 c.
1753 1599 1795 1624 36.
1816 1598 1853 1632 33.
1869 1600 1926 1625 137.
1942 1600 2000 1625 156.

1157 1640 1187 1667 fr.
1209 1643 1231 1667 1.
1251 1641 1273 1674 3.
1292 1643 1316 1667 2.
1337 1641 1368 1667 sr.
1387 1643 1411 1667 2.
1432 1640 1465 1667 de
1484 1640 1509 1667 h.
1530 1651 1572 1677 qu.
1592 1642 1640 1667 sui.
1664 1643 1685 1667 1.
1705 1642 1728 1667 6.
1759 1657 1791 1660 —
1820 1642 1850 1674 ξ.
1871 1642 1909 1668 3.
1933 1644 2000 1670 Ε.ι·-

1156 1686 1261 1710 amine
1287 1685 1446 1710 instituto
1467 1694 1655 1718 perpensas.
1695 1685 1893 1718 Cognitione
1920 1687 2000 1711 cele·

1155 1730 1249 1754 brata
1269 1729 1441 1753 discussas.
1469 1726 1499 1753 11.
1521 1728 1588 1760 01).
1609 1726 1663 1753 Sed
1677 1726 1740 1753 baec
1752 1737 1837 1763 neque.
1848 1728 1947 1763 passim
1957 1727 2000 1754 ad-

1133 1800 1134 1806 ἵ
1156 1769 1282 1796 mittenda
1301 1774 1372 1801 sunt,
1392 1779 1478 1806 neque
1497 1769 1623 1796 destricte.
1642 1769 1804 1805 deneganda,
1825 1769 1873 1796 sed
1892 1781 1905 1797 a
1924 1769 2001 1797 Prae-

1133 1811 1134 1845 }
1156 1818 1213 1840 toro
1232 1823 1308 1839 causa
1329 1813 1431 1849 cognita
1451 1812 1628 1850 temperanda.
1657 1813 1687 1838 l'r.
1710 1814 1749 1839 13.
1769 1812 1801 1838 cl'.
1821 1812 1852 1839 fr.
1871 1815 1913 1840 43.
1933 1814 1955 1848 3.
1974 1815 1999 1840 6.

1133 1855 1134 1862 ¹
1156 1856 1189 1882 dc
1207 1866 1280 1893 proc.
1308 1858 1332 1882 3.
1346 1858 1371 1882 3.
1391 1856 1421 1882 l'r.
1436 1858 1459 1882 9.
1480 1856 1501 1889 3
1521 1858 1545 1882 4.
1566 1855 1598 1882 de
1617 1866 1669 1882 rec.
1690 1865 1732 1892 qu.
1752 1855 1806 1882 arb.
1826 1857 1850 1882 4.
1868 1859 1893 1883 8.
1931 1856 1999 1883 Cum

1155 1910 1208 1925 non
1234 1909 1312 1926 causa
1335 1900 1437 1935 cognita
1461 1898 1560 1925 dictum
1581 1903 1635 1930 est,
1661 1914 1693 1918 —
1717 1898 1765 1924 sed
1785 1898 1817 1925 ad
1837 1899 1998 1936 postulatum

1155 1943 1259 1980 patroni
1279 1941 1482 1968 interlocutione
1502 1941 1597 1967 iudicis
1618 1951 1776 1978 responsum
1795 1942 1837 1968 sit.
1863 1952 1884 1968 c.
1906 1943 1945 1968 17.
1965 1952 1997 1969 ex

1156 1996 1198 2022 qu.
1219 1996 1240 2012 c.
1261 1985 1347 2012 inl'am.
1372 1988 1396 2011 2.
1420 1987 1458 2011 12.
1495 1983 1538 2010 111.
1560 1986 1626 2012 Gn.
1658 1985 1698 2010 Ex
1723 1986 1851 2020 cuiusque
1874 1994 1996 2021 persona,

1155 2028 1319 2055 conditione.
1343 2033 1439 2055 aetate.
1464 2028 1566 2063 cognita
1591 2036 1668 2053 causa
1694 2037 1707 2052 a
1731 2026 1818 2053 iudice
1837 2028 1997 2054 constituen-

1155 2071 1216 2098 dum
1236 2072 1293 2097 erit.
1313 2071 1343 2097 l'r.
1357 2073 1381 2096 5.
1401 2071 1462 2104 3.1.
1481 2070 1514 2096 (le
1533 2069 1558 2095 h.
1579 2079 1621 2105 qu.
1643 2074 1669 2095 ut
1684 2069 1780 2105 indign.
1800 2071 1841 2096 34.
1857 2071 1880 2096 9.
1910 2070 1997 2097 Causa

1155 2115 1257 2150 cognita
1277 2113 1411 2147 adrogatio
1435 2113 1608 2149 permittitur.
1634 2117 1659 2138 et
1682 2113 1829 2149 exquiritur
1853 2123 1930 2140 eausa
1954 2113 1997 2141 atl-

1131 2170 1132 2175 ¹
1154 2157 1309 2193 rogationi&
1330 2166 1361 2182 an
1382 2156 1491 2182 honesta
1511 2156 1545 2181 sit
1567 2156 1741 2193 expediatque
1760 2156 1871 2192 pupillO.
1892 2157 1914 2190 3.
1933 2158 1958 2183 3.
1978 2156 1995 2183 1.

1154 2200 1186 2227 (le
1206 2199 1294 2236 adopt.
1317 2201 1338 2225 l.
1361 2201 1399 2225 11.
1437 2200 1566 2234 Quamvis
1586 2199 1690 2225 adiiciat
1710 2198 1831 2227 Praetor,
1858 2210 1935 2226 causa
1955 2210 1997 2227 co·

1154 2244 1223 2279 gnita
1244 2252 1272 2269 se,
1291 2242 1402 2279 poenale
1426 2241 1550 2268 iudicium
1576 2241 1696 2268 daturum
1721 2247 1769 2268 etc.
1803 2242 1832 2268 fr.
1854 2244 1893 2269 ll.
1918 2243 1950 2270 de
1969 2245 1995 2271 iu

1155 2288 1195 2313 ius
1215 2296 1272 2312 voc.
1297 2288 1321 2312 2.
1341 2287 1365 2311 4.
1386 2285 1418 2311 cl'.
1446 2285 1475 2311 [ι’.
1495 2287 1537 2311 28.
1561 2285 1583 2319 3.
1603 2286 1626 2311 4.
1652 2284 1684 2311 de
1704 2284 1782 2311 indic.
1807 2287 1830 2311 5.
1852 2288 1874 2312 l.
1903 2286 1933 2313 l'r.
1952 2289 1994 2313 22.

1154 2331 1176 2364 3.
1198 2332 1220 2356 1.
1241 2329 1273 2356 de.
1293 2339 1320 2355 re
1339 2328 1391 2355 iud.
1411 2331 1452 2354 42.
1474 2330 1496 2354 1.

1155 2378 1206 2399 tem
1226 2373 1370 2409 suscipere,
1391 2381 1467 2398 causa
1487 2371 1589 2405 cognita
1608 2371 1754 2398 audiendus
1774 2377 1821 2398 est.
1850 2372 1880 2399 fr.
1900 2374 1942 2398 64.
1962 2372 1994 2399 de

1155 2426 1226 2453 proc.
1255 2418 1278 2442 3.
1302 2417 1326 2442 3.
1373 2415 1402 2441 Si
1427 2419 1527 2441 tutores
1551 2413 1593 2439 vel
1619 2420 1753 2441 curatores
1782 2415 1864 2441 velint
1888 2415 1994 2452 praedia

1155 2459 1281 2490 vendere,
1303 2468 1379 2484 causa
1399 2458 1501 2493 cognita
1527 2455 1553 2482 id
1573 2456 1681 2484 Praetor
1700 2458 1741 2484 vel
1762 2457 1870 2484 praeses
1890 2459 1994 2495 permit—

1155 2507 1198 2529 tat.
1228 2502 1257 2528 l'r.
1277 2504 1300 2528 2.
1320 2502 1385 2535 3.1.
1410 2500 1442 2526 de
1461 2500 1504 2526 osl'.
1525 2501 1589 2527 eiu&
1617 2503 1637 2527 1.
1656 2503 1698 2527 21.
1742 2501 1800 2538 lpse
1820 2501 1928 2527 Praetor
1951 2500 1994 2527 dc·-

1154 2545 1197 2571 bet
1218 2555 1294 2571 causa
1314 2545 1415 2580 cognita
1435 2548 1557 2570 statuere.
1590 2544 1619 2570 l'r.
1639 2546 1663 2570 2.
1685 2545 1706 2578 3.
1726 2547 1749 2570 6.
1775 2544 1808 2570 dr
1826 2544 1904 2570 iutlic.
1925 2547 1948 2571 5.
1970 2546 1990 2570 l.

1154 2588 1186 2614 cf.
1210 2587 1240 2614 fr.
1259 2590 1283 2614 2.
1308 2587 1329 2621 3.
1350 2588 1374 2612 8.
1400 2587 1421 2612 si
1442 2596 1484 2623 qu.
1505 2591 1582 2613 cautt.
1607 2590 1631 2613 2.
1654 2588 1692 2613 ll.
1735 2588 1822 2623 Quae.
1847 2597 1924 2613 causa
1950 2596 1992 2613 co·

1153 2632 1231 2667 gnita.
1246 2629 1374 2657 eiusmodi
1387 2629 1550 2666 deprebensa
1563 2635 1632 2656 sunt.
1653 2630 1682 2656 fr.
1693 2632 1734 2656 44.
1755 2630 1787 2656 tle
1800 2631 1892 2656 minor.
1912 2631 1935 2655 4.
1949 2632 1974 2655 4.

1189 2674 1416 2708 Cognolnen·
1462 2674 1578 2700 Nomen
1606 2675 1809 2700 addititiam.
1856 2673 1897 2699 111.
1924 2673 1990 2699 Cn.

1154 2717 1303 2752 Eorumque
1322 2716 1426 2742 nomina
1446 2721 1471 2742 et
1489 2717 1665 2753 praenomina,
1685 2720 1773 2752 patres
1793 2720 1836 2742 aut
1855 2719 1990 2752 patronos,

1154 2760 1248 2791 tribus,
1268 2760 1428 2794 cognomina.
1449 2764 1472 2784 et
1492 2764 1557 2795 quot
1575 2769 1657 2785 anuos
1676 2760 1788 2795 quisque
1801 2768 1889 2784 eorum
1903 2758 1989 2790 habet,

1534 2327 1563 2354 Si
1583 2343 1615 2347 —-
1634 2328 1753 2364 postulet
1772 2338 1820 2355 suo
1841 2330 1946 2356 nomine
1966 2329 1995 2356 li-

1155 2808 1180 2829 et
1199 2803 1324 2828 rationem
1344 2803 1469 2838 pecuniae
1489 2818 1521 2822 ——
1545 2802 1576 2829 ab
1600 2803 1632 2828 iis
1657 2803 1748 2828 iuratis
1773 2802 1892 2837 accipito.
1924 2800 1988 2827 Tab.

274 2851 366 2868 sonae.
392 2842 506 2878 itemque
529 2853 671 2879 sponsores
697 2844 785 2871 eadem
805 2844 975 2881 stipulatione
994 2856 1110 2883 compre-
1131 2845 1132 2857 ¹
1154 2844 1254 2872 Hei-acl.
1276 2844 1319 2871 lin.
1340 2846 1379 2871 72.
1400 2855 1458 2882 sqq.
1478 2855 1528 2872 aer.
1548 2844 1629 2882 Neap.
1651 2844 1682 2871 cl'.
1704 2844 1745 2871 Fr.
1764 2843 1793 2870 L.
1814 2843 1908 2870 Servii.
1929 2854 1950 2870 c.
1965 2846 1988 2870 (5.
