2197 3121
257 177 299 207 42

260 259 353 285 ditatio
373 259 428 284 iure
448 257 619 284 succedentes
639 256 770 282 adn-nire.
799 253 849 281 Th.
864 253 894 280 C.
915 252 959 280 VI.
978 254 1002 278 4.
1023 262 1044 278 c.
1060 253 1099 279 17.

260 302 293 328 d«-
312 302 395 328 Pravt.
420 306 442 327 vt
465 303 516 336 Qu.
555 316 586 319 —
623 300 654 333 §.
676 300 711 325 2.
744 299 932 328 Exsistere,
967 296 1100 325 Venire,

261 347 454 379 Competere.
492 342 509 369 1.
530 344 591 377 Sy.
622 341 712 368 Venit.
737 339 860 367 Advenit.
900 338 1030 365 Veniens.
1050 336 1103 363 Ad-

261 389 369 413 venit-ns
389 386 488 420 (din-s).
510 386 539 412 ΓΡ.
560 388 582 412 9.
603 385 701 418 5517.
722 393 762 419 sq.
782 382 815 409 (1(·
834 382 922 409 hored.
941 383 1002 408 inst.
1021 382 1063 406 25.
1078 381 1101 406 5.

262 430 292 457 fr.
313 433 336 457 5.
357 430 390 456 d·-
409 434 495 455 novat.
515 430 555 454 46.
575 430 599 454 2.
637 425 764 457 Dei-alvi.
785 425 934 452 Perveuire.
963 434 984 450 c.
1004 424 1046 449 30.
1071 421 1103 449 de

262 479 329 511 pact.
349 476 373 499 2.
393 474 418 500 3.

297 517 527 543 Adventare.
565 515 850 547 Adpropinquare.
890 510 932 536 Ill.
954 511 1020 537 Gn.
1052 507 1104 535 Ad-

262 564 385 585 ventante
416 563 532 593 tempore
561 556 752 593 (nuptiarum).
791 553 840 581 Tb.
866 553 896 580 C.
922 552 964 579 ΠΙ.
985 554 1009 578 5.
1038 562 1060 578 c.
1079 552 1103 578 6.

263 603 285 636 5.
305 604 328 628 l.
349 601 380 628 de
399 600 514 637 sponsal.

297 642 571 671 Adventitium.
600 641 729 675 (Adiect.)
767 640 798 673 §.
818 640 852 666 1.
882 640 932 665 Ex
950 640 1019 665 alio
1037 640 1105 664 Ioco

263 690 440 714 advectum.
489 685 507 712 l.
527 686 588 719 Sy.
623 685 803 720 Quaecunque
829 682 983 709 advexerint
1009 682 1106 719 privati
1128 713 1129 719 ἵ

263 730 297 757 ad
316 734 428 767 portum.
466 728 635 755 Adveutitiac
654 728 765 764 species.
790 726 828 752 Ib.
841 724 912 752 XIV.
932 726 974 751 22.
995 734 1016 751 c.
1032 726 1054 750 l.
1074 723 1107 750 de
1128 734 1129 769 1

264 782 361 799 saccar,
393 788 425 791 —
460 772 490 805 ξ.
512 772 547 798 2.
580 773 670 804 Quod
695 771 782 796 citra
811 769 1052 795 necessitatem.
1083 777 1106 793 v.

265 817 350 842 iuris
369 816 543 842 ordinarii
559 815 716 850 sormam,
740 813 900 846 obtingit,
925 820 944 837 ε.
966 812 1107 845 petitur.

264 858 381 892 11οΡ.
400 858 462 884 Suis
482 856 692 884 difficultatibus
712 871 745 874 —
764 855 926 881 A·du1ntitiis
945 852 1108 891 ponderibus

265 902 413 938 (opprimi).
452 900 518 926 Nov.
540 899 719 934 T11.11.Qu
739 902 834 935 sponte
853 907 923 924 mun.
942 896 961 923 I.
980 898 1023 922 22.
1043 906 1064 921 c.
1083 896 1108 921 2.

265 945 287 978 5.
309 946 348 970 15.
386 943 510 993 Propriae
530 942 675 968 facultates.
695 957 728 961 -
747 941 899 967 Adventitia
913 939 1039 966 subsidia.
1071 937 1108 964 11).

266 987 299 1014 de
318 987 368 1013 loc.
388 988 452 1024 reip.
477 986 495 1012 1
515 988 556 1012 22.
577 996 598 1012 c.
619 987 641 1011 l.
660 995 700 1022 pr.
738 984 782 1011 ΙΠ.
802 985 868 1011 Cn.
899 982 955 1009 Nec
974 982 1110 1008 adventitii

267 1040 344 1057 casus
369 1028 544 1066 computandi.
575 1028 605 1055 fr.
631 1029 655 1054 6.
686 1028 739 1063 Qui
764 1032 790 1053 et
814 1037 828 1053 a
852 1036 895 1063 qu.
919 1036 986 1052 man.
1018 1027 1060 1051 40.
1086 1026 1132 1051 9.

266 1073 361 1101 Melius
387 1077 425 1098 est
450 1072 537 1098 favere
562 1072 728 1108 repetitioni.
759 1080 836 1107 quam
858 1069 1002 1096 adventitio
1027 1067 1109 1094 lucro.
1132 1104 1133 1109 1

269 1116 298 1143 Γι·.
319 1118 359 1141 41.
380 1116 402 1149 5.
424 1117 445 1141 1.
471 1114 504 1141 dn
522 1114 553 1140 R.
573 1114 592 1140 1.
615 1116 657 1141 50.
678 1116 718 1140 17.
750 1129 783 1133 —
812 1113 843 1146 ἓ.
864 1113 901 1139 3.
937 1113 1028 1145 Quod
1050 1120 1110 1138 nou
1132 1115 1133 1154 ζ

266 1169 304 1186 ex
324 1160 437 1193 patris
460 1160 508 1184 vel
531 1159 656 1184 domini
676 1157 1036 1191 patri711011to‚velex
1058 1163 1110 1180 ca-

267 1203 391 1228 strensi
408 1211 524 1232 causa,
542 1202 728 1236 profectum
747 1196 1112 1233 est.11.0p.Proseeti-

268 1246 316 1277 tia
340 1254 364 1271 τ.
388 1244 412 1270 A
431 1249 505 1281 patie
528 1243 652 1280 proheta.
678 1259 710 1262 —
738 1242 892 1269 Adreutitia
917 1241 1011 1275 (dos).
1048 1233 1134 1276 111).

268 1287 313 1314 tl.
332 1288 356 1313 3.
377 1297 435 1323 sqq.
465 1287 495 1313 tr.
515 1289 538 1313 5.
563 1288 584 1321 5
607 1289 646 1313 ll.
672 1286 705 1312 de
728 1287 784 1312 iure
809 1285 863 1312 dot.
886 1287 928 1311 23.
947 1286 972 1311 3.
1009 1283 1051 1310 Ex
1069 1282 1112 1308 ad-

268 1332 379 1357 ventitio
399 1330 559 1367 adquisitum
578 1335 631 1362 est.
652 1339 704 1355 nou
727 1338 775 1366 per
797 1334 898 1365 patrem
921 1327 954 1354 ad
978 1336 1036 1353 eum
1054 1335 1112 1363 per-

269 1375 348 1400 venit.
378 1374 408 1400 t'r.
428 1376 469 1400 25.
490 1373 522 1400 de
542 1374 596 1400 reb.
617 1378 684 1399 auct.
704 1371 756 1398 iud.
777 1373 818 1398 42.
839 1373 862 1398 5.
900 1370 964 1397 Sive
983 1380 1015 1396 ex
1034 1379 1113 1406 pecu-

270 1415 315 1446 lio,
335 1417 391 1443 sive
409 1427 441 1443 cx
455 1416 598 1442 adventitio
618 1416 692 1442 lucro
712 1420 760 1442 etc.
781 1414 927 1449 (redemtus
946 1413 1060 1446 servus).
1080 1411 1111 1438 fr.
1132 1418 1135 1446 «ζ

270 1461 294 1486 4.
314 1460 379 1493 5.1.
400 1459 432 1486 de
451 1470 561 1486 manum.
586 1461 627 1486 40.
649 1461 671 1485 1.

305 1504 513 1530 Adventus.
541 1503 658 1536 (Snbst.)
687 1503 717 1535 §-
732 1502 766 1528 1.
797 1502 964 1528 Αοεεεειιε.
990 1499 1032 1525 HJ.
1046 1499 1112 1526 011·

271 1545 364 1582 Vtslue
383 1545 415 1571 ad
434 1546 472 1578 (s.
494 1545 539 1578 ln)
559 1545 609 1571 adv
611 1550 700 1572 entum
719 1545 883 1571 successoris
901 1544 943 1569 ius
962 1542 1063 1574 dicere,
1088 1551 1112 1567 v.

271 1590 357 1615 omnia
377 1598 460 1624 (ψη-ο.
489 1588 639 1626 sr.10.pr,
666 1588 699 1614 de.
722 1588 766 1613 off.
786 1586 862 1613 Pioc.
888 1591 913 1613 et
936 1585 998 1622 Leg.
1029 1587 1051 1611 1.
1072 1586 1112 1610 16.

271 1631 302 1658 Si
321 1632 379 1668 quis
399 1631 513 1658 adventu
532 1641 580 1658 suo
600 1630 703 1657 turbam
723 1631 880 1662 concitavit,
904 1628 948 1655 vel
973 1628 1112 1655 contraxit.
1135 1616 1137 1636 l

272 1674 303 1702 fr.
324 1677 348 1701 4.
374 1675 395 1708 5.
420 1676 444 1700 6.
473 1675 498 1701 vi
524 1674 584 1701 bon.
608 1679 674 1711 rapt.
701 1675 742 1700 47.
765 1677 790 1700 ὅ.
831 1672 888 1699 Sub
911 1676 1049 1710 praetextu
1072 1670 1115 1697 ad—

271 1723 367 1744 ventus
391 1718 550 1750 officiorum.
576 1717 619 1744 vel
643 1717 754 1743 militum
778 1716 897 1750 (iniuriis
920 1725 1016 1742 vexare
1035 1714 1116 1741 homi-

273 1762 342 1794 nes).
363 1760 392 1787 fr.
413 1762 436 1787 6.
458 1761 479 1794 5.
494 1763 518 1787 5.
538 1761 571 1787 de
590 1761 633 1787 off.
648 1760 735 1786 PraeS.
759 1761 779 1786 1.
795 1761 834 1786 18.
854 1775 887 1779 —
910 1760 941 1793 §.
958 1760 994 1786 2.
1015 1760 1116 1785 Even-

274 1811 332 1831 tus.
369 1804 411 1830 ΙΙΙ.
432 1805 494 1831 Cn.
523 1804 592 1830 Ante
611 1804 715 1840 nuptias
735 1801 794 1829 data
814 1803 863 1836 (sc.
885 1802 947 1836 dos)
967 1811 1055 1828 earum
1074 1810 1117 1827 ex-

274 1852 375 1884 spectat
395 1846 542 1873 adventum.
571 1846 643 1873 Paul.
663 1846 693 1872 11.
713 1848 755 1872 21.
774 1846 804 1872 B.
825 1846 847 1880 5.
869 1847 891 1871 1.

308 1889 581 1917 Adversabilis.
618 1891 861 1920 Abhorrendus,
887 1888 1117 1914 Detestabilis.
1139 1903 1140 1906 =

276 1932 318 1959 ΙΠ.
339 1934 404 1960 Cn.
434 1932 576 1964 Vereutoe,
600 1942 633 1958 ne
656 1931 766 1958 alicuius
790 1930 978 1957 calliditatibus
997 1929 1118 1956 adversa-

276 1975 323 2002 bili
343 1975 518 2002 emolumento
538 1976 657 2012 persuasi
677 1979 725 2001 etc.
755 1973 838 2000 Vane.
860 1973 881 2007 5.
901 1975 943 1999 35.

311 2020 540 2046 Adversans.
571 2017 699 2052 (Partic.)
738 2018 946 2044 Contrarium
988 2014 1030 2041 ΙΠ-
1052 2016 1118 2042 Gn.

277 2061 333 2088 Suo
357 2063 433 2093 vitio,
459 2072 510 2088 non
536 2061 655 2087 fortunae
679 2060 784 2087 casibus
808 2059 980 2085 adversantis.
1015 2057 1066 2085 Th.
1087 2058 1117 2084 C.

277 2105 310 2132 X.
333 2107 372 2131 10.
393 2116 414 2131 c.
434 2106 475 2131 30.
497 2105 518 2138 5.
540 2106 561 2131 l.
583 2104 615 2130 de
634 2105 708 2141 petit.
729 2108 755 2129 et
774 2102 843 2129 ultro
863 2102 915 2128 (lat.

313 2148 533 2175 Adversari.
576 2148 774 2184 Refragari,
805 2146 950 2173 obstare.
992 2144 1035 2171 III.
1056 2145 1118 2172 Gn.

279 2191 332 2227 Qui
356 2190 389 2216 (1(-
411 2201 457 2217 sua
482 2190 633 2216 conditione
657 2191 681 2216 ei
700 2206 732 2209 -
752 2190 778 2215 in
802 2188 899 2215 iudicio
923 2187 1119 2214 adversabatur.
1141 2190 1143 2204 ¹

280 2244 302 2261 c.
316 2235 358 2260 21.
380 2233 412 2260 de
431 2235 487 2260 iure
506 2233 585 2260 delib.
605 2235 629 2260 6.
643 2235 684 2259 30.
723 2232 752 2259 Si
773 2231 838 2258 nihil
857 2231 928 2257 aliud
946 2231 995 2257 tibi
1013 2231 1046 2257 de
1065 2232 1121 2257 iure

279 2277 440 2304 adversatur.
472 2276 556 2303 Vatic.
577 2278 597 2310 5.
617 2278 676 2303 279.
713 2275 865 2301 Sententiae
885 2274 945 2301 huic
968 2274 1122 2301 adversatur

280 2320 450 2356 (rescriptum
471 2319 561 2356 lmp.).
591 2320 620 2346 t'r.
641 2320 664 2346 6.
685 2319 706 2353 5.
726 2321 750 2345 4.
775 2318 807 2345 (le,
825 2317 911 2355 pecul.
931 2317 980 2354 leg.
999 2318 1040 2344 33.
1061 2318 1085 2344 8.

314 2363 559 2390 Adversa-ia.
596 2361 638 2388 Cf.
657 2362 842 2388 Adversarius.
869 2362 895 2387 in
915 2360 932 2387 Γ.

315 2405 600 2432 Adversarium.
628 2405 757 2438 (Adit-ct.)
786 2407 962 2442 Insertum,
982 2405 1123 2431 Contra-

282 2450 372 2474 rium.
419 2448 460 2474 IlI.
489 2449 555 2476 Cn.
597 2447 715 2480 Persica,
747 2448 895 2474 adversaria
928 2447 1020 2479 nobis,
1051 2456 1122 2483 gens.

283 2490 353 2517 Coll.
373 2490 425 2518 LL.
449 2490 482 2518 Μ.
507 2490 565 2517 XV.
589 2492 613 2517 3.
650 2491 679 2517 ln
704 2490 879 2517 adversariam
904 2489 951 2524 [al.
971 2489 1122 2523 adversam]
1145 2491 1147 2506 ¹

283 2534 392 2569 figuram
416 2534 604 2561 transformari.
639 2544 660 2561 c.
679 2537 703 2560 2.
728 2535 750 2568 5.
770 2535 794 2560 9.
822 2533 854 2560 de
880 2534 985 2560 iureiur.
1010 2543 1050 2570 pr.
1075 2532 1123 2559 cal.

283 2578 309 2603 2.
329 2578 370 2603 59.

319 2620 583 2648 Adversarius.
620 2621 652 2654 ᾗ.
672 2621 707 2646 1.
738 2621 909 2646 Alteruter
931 2628 1071 2651 reorum,
1100 2628 1123 2645 v.

285 2664 507 2697 litigantium.
550 2663 592 2690 111.
613 2665 679 2692 Cn.
711 2661 797 2689 Litem
816 2661 848 2688 ad
872 2661 951 2688 alium
974 2660 1124 2693 transferre,

286 2710 315 2732 ut
333 2704 473 2731 molestum
493 2705 671 2733 adversarium
683 2715 731 2743 pro
745 2715 774 2732 se
787 2705 916 2731 subiiciat.
936 2704 966 2731 sr.
977 2706 1001 2730 4.
1015 2705 1036 2738 5.
1050 2706 1071 2730 l.
1092 2703 1123 2730 ct'.

286 2747 317 2775 fr.
338 2749 360 2773 l.
380 2757 418 2784 pr.
444 2747 474 2774 t'r.
493 2749 518 2774 3.
543 2748 564 2781 5.
584 2750 607 2774 4.
633 2748 665 2775 do
689 2748 764 2775 alien.
789 2747 840 2775 iud.
861 2752 923 2774 mut.
944 2757 965 2774 c.
985 2748 1008 2773 4.
1029 2749 1052 2774 7.
1095 2746 1125 2773 Si

288 2791 348 2827 quis
367 2791 537 2817 iustrumenta
556 2790 611 2816 litis
630 2801 692 2817 suae
711 2807 744 2811 ——
764 2791 914 2818 adversario
937 2790 1041 2828 prodita
1066 2799 1125 2817 esse

1126 564 1127 581 1
1150 552 1205 578 Gai.
1218 550 1309 578 IV.57.

289 2834 441 2860 convicerit.
474 2832 546 2860 Paul.
572 2832 604 2860 V.
627 2836 668 2860 25.
688 2835 709 2869 5.
729 2836 753 2862 8.
791 2834 898 2862 Factum
921 2835 1016 2871 cuique
1040 2843 1125 2867 suum,

1071 169 1174 200 ADV.

1146 260 1198 277 non
1217 250 1376 277 adversario.
1396 259 1499 277 nocere.
1519 249 1549 276 Γπ.
1563 251 1619 276 155.
1632 259 1670 287 pr.
1692 249 1724 276 de
1743 249 1774 276 R.
1794 249 1811 276 1.
1831 251 1872 276 50.
1894 251 1933 276 17.
1953 265 1985 269 —

1146 295 1177 328 §-
1196 295 1232 320 2.
1254 295 1356 320 Actor
1376 295 1407 319 ιἰι
1427 295 1570 325 iudicio,
1591 295 1748 320 Creditur.
1786 292 1828 319 111.
1843 294 1908 320 Cn.
1933 292 1987 328 Qui

1147 338 1172 363 iu
1192 338 1233 363 ius
1251 341 1361 363 vocatus
1380 335 1459 362 fucrit
1477 336 1508 362 ab
1528 336 1686 363 adversario.
1721 336 1778 362 Gai.
1797 335 1841 362 IV.
1863 337 1919 362 184.
1958 335 1988 362 Si

1147 379 1313 406 adversarius
1325 378 1442 405 intendat
1456 378 1545 415 plures
1557 381 1681 405 actiones
1701 379 1732 406 fr.
1742 381 1784 405 37.
1795 379 1816 413 5.
1830 381 1852 405 1.
1873 378 1904 405 de
1914 388 1987 415 proc.

1147 424 1170 448 3.
1190 424 1214 448 3.
1253 422 1282 448 Si
1302 423 1376 458 quis,
1396 421 1468 458 quod
1487 421 1636 448 adversario
1656 432 1708 448 nou
1728 422 1855 453 debebat,
1879 437 1912 441 —
1931 422 1989 447 siue

1148 466 1256 491 notione
1270 464 1364 491 iudicis
1377 470 1483 491 coactus
1497 469 1536 491 est
1550 465 1619 492 dare.
1637 465 1715 492 11:23.
1725 466 1778 499 5.3.
1795 466 1846 500 Ωιι.
1857 469 1917 490 met.
1929 474 1950 490 c.
1964 465 1988 490 4.

1148 511 1172 534 2.
1186 524 1219 528 -—
1233 509 1264 542 ξ.
1277 510 1314 535 3.
1329 510 1428 540 Reus,
1449 509 1593 534 Debitor.
1611 508 1629 535 1.
1642 510 1703 542 Sy.
1717 508 1750 535 Is.
1763 518 1820 534 cum
1832 517 1883 544 quo
1898 508 1989 544 agitur.

1330 551 1451 578 Debitor.
1472 550 1508 577 ib.
1520 550 1562 577 IV.
1573 552 1614 577 53.
1640 551 1755 578 111οη.
1770 550 1927 576 Actionibus
1942 550 1990 581 uti,

1150 599 1300 631 praesente,
1320 604 1344 620 v.
1365 594 1482 620 absente.
1502 593 1660 621 adversario.
1689 594 1726 621 lb.
1746 594 1790 620 IV.
1809 596 1850 620 29.
1870 592 1991 620 Vexandi

1150 636 1293 664 adversarii
1311 638 1393 674 gratia
1412 637 1541 663 actionem
1555 638 1699 664 instituere.
1725 637 1761 663 lb.
1774 636 1816 663 IV.
1831 637 1887 662 178.
1907 635 1991 672 Quid—

1151 680 1214 717 quid
1226 680 1403 707 advcrsarium
1418 680 1480 706 darc
1493 679 1578 706 facere
1591 685 1718 717 oporteat.
1733 679 1876 706 intendere.
1896 679 1934 706 lb.
1945 677 1990 705 TV.

1150 725 1191 750 54.
1223 723 1260 750 Vt
1272 739 1306 743 —·
1319 733 1349 750 eo
1364 725 1467 750 nomine
1481 723 1647 749 adversarius
1660 722 1720 750 huic
1733 723 1929 750 condemnetur.
1954 721 1992 748 Π).

1128 797 1130 809 ἱ
1150 766 1194 793 IV.
1205 768 1246 793 35.
1268 766 1349 802 Quod
1362 766 1508 793 adversaria
1522 771 1566 793 tua
1580 782 1612 785 —
1626 776 1729 792 causam
1743 776 1815 792 suam
1829 766 1922 792 marito
1936 765 1994 791 sine

1129 832 1130 845 .
1152 815 1272 836 curatore
1290 810 1414 846 agendam
1434 809 1575 836 mandavit.
1600 820 1622 836 c.
1643 811 1683 835 14.
1704 809 1736 835 de
1754 820 1858 846 procur.
1877 811 1902 835 ⁸2.
1922 809 1963 835 13.

1186 854 1409 881 Adversum.
1448 853 1574 886 (Subst.)
1618 855 1817 879 Adversum.
1859 852 1900 878 111.
1927 852 1994 879 Cn·-

1153 895 1266 933 Propter
1285 896 1393 922 adversa
1413 896 1507 923 hiemis
1527 901 1553 922 ct
1571 906 1647 922 casus
1661 895 1792 922 fortuitos.
1820 894 1870 922 Th.
1883 894 1994 922 C.Xl]].

1154 941 1178 965 5.
1198 949 1219 965 c.
1238 940 1280 965 26.
1301 939 1333 965 de
1352 939 1494 966 navicular.

1188 983 1391 1010 Adversus.
1425 982 1559 1017 (Adiect.)
1600 982 1631 1016 §.
1651 982 1686 1008 1.
1725 982 1901 1013 Diversus,
1931 982 1995 1016 Op-

1132 1057 1133 1064 *
1153 1027 1288 1060 positus.
1325 1024 1344 1051 I.
1364 1026 1426 1060 Sy.
1454 1026 1593 1052 Diversus.
1621 1025 1652 1051 Γπ.
1667 1026 1691 1051 4.
1705 1025 1726 1059 5.
1741 1026 1765 1050 4.
1785 1024 1818 1050 de
1837 1024 1862 1050 h.
1883 1034 1926 1060 qu.
1940 1028 1995 1050 not.

1132 1067 1199 1101 1iul'.
1219 1069 1280 1094 3.2.
1300 1083 1333 1087 —
1352 1069 1383 1102 §-
1403 1070 1438 1095 2.
1460 1070 1675 1099 Contrarias,
1698 1067 1997 1095 Sinister.111.0n·

1154 1111 1267 1148 Propter
1286 1110 1421 1138 adversam
1441 1116 1467 1138 et
1486 1111 1654 1148 longinquam
1673 1111 1792 1147 corporis
1811 1109 1997 1136 valetudinem.

1132 1160 1134 1180 ¹.
1156 1164 1177 1181 c.
1196 1155 1221 1180 3.
1243 1153 1276 1179 de
1289 1153 1333 1180 off.
1347 1153 1399 1180 Prt.
1413 1154 1456 1181 Pr.
1478 1156 1499 1182 l.
1514 1156 1556 1181 26.
1595 1153 1675 1190 Quod
1694 1155 1728 1179 sit
1747 1152 1892 1179 catholicae
1910 1157 1998 1180 sectae

1132 1216 1134 1232 ;
1155 1198 1316 1225 contrarium
1338 1196 1538 1234 adversumque.
1577 1196 1627 1223 Th.
1653 1196 1683 1223 C.
1709 1196 1781 1223 XYI.
1805 1198 1828 1222 5.
1853 1206 1874 1222 c.
1893 1197 1935 1222 44.
1965 1195 1999 1222 de

1155 1242 1278 1268 haeretic.
1314 1239 1366 1267 Per
1378 1240 1488 1267 adversa
1502 1240 1689 1267 medicamenta
1702 1239 1798 1266 inferre
1818 1238 1997 1276 (periculum).

1156 1284 1185 1312 fr.
1205 1286 1230 1311 3.
1255 1284 1287 1311 de
1307 1288 1372 1310 extr.
1394 1284 1489 1319 cognit.
1513 1285 1555 1310 50.
1576 1285 1616 1309 13.
1654 1282 1776 1309 Adverso
1800 1286 1920 1320 tempore
1940 1282 1999 1312 (na-

1155 1329 1270 1364 vigatum
1288 1328 1393 1353 mittere
1412 1327 1530 1360 navem).
1566 1326 1596 1353 fr.
1615 1327 1657 1352 36.
1677 1326 1699 1360 5.
1720 1327 1743 1352 l.
1767 1325 1799 1351 de
1822 1324 1854 1352 R.
1874 1324 1905 1352 V.
1930 1326 1954 1351 6.
1974 1326 1999 1351 l.

1132 1392 1134 1394 .
1157 1372 1210 1407 Qui
1230 1370 1365 1397 adversam
1385 1371 1541 1396 sententiam
1560 1370 1663 1396 meruit.
1698 1368 1740 1396 Fr.
1760 1368 1792 1395 de
1812 1368 1829 1395 Ι.
1849 1368 1877 1395 F.
1897 1368 1919 1402 5.
1939 1369 1982 1395 20.

1191 1415 1395 1442 Adversus·
1416 1412 1582 1450 (Praepos.)
1619 1413 1650 1447 §-
1671 1414 1706 1439 1.
1739 1413 1871 1439 Contra.
1903 1410 1922 1438 I.
1937 1412 2000 1446 Sy·

1133 1450 1135 1463 ⁴
1157 1457 1194 1484 In.
1232 1456 1304 1483 Paul.
1324 1455 1356 1483 V.
1378 1457 1418 1482 15.
1438 1457 1476 1490 55.
1495 1458 1519 1483 2.
1540 1466 1579 1492 sq.
1600 1456 1630 1482 fr.
1644 1457 1668 1482 3.
1690 1455 1722 1482 de
1741 1455 1784 1481 off.
1805 1454 1892 1481 Praes.
1915 1456 1938 1481 1.
1958 1455 2000 1481 18.

1157 1501 1188 1528 fr.
1207 1502 1231 1527 3.
1256 1501 1278 1534 5.
1297 1501 1321 1526 5.
1348 1498 1378 1526 fr.
1399 1501 1423 1526 4.
1449 1499 1481 1526 de
1500 1500 1590 1526 testib.
1617 1501 1658 1526 22.
1679 1501 1702 1525 5.
1741 1498 1848 1525 Contra.
1881 1497 1937 1524 Gai.
1957 1496 2000 1523 ΠῙ.

1134 1566 1136 1584 <¹
1158 1546 1199 1571 41.
1219 1543 1263 1570 IV.
1283 1544 1324 1569 46.
1345 1542 1375 1569 fr.
1396 1544 1436 1569 10.
1456 1553 1496 1580 pr.
1516 1543 1581 1577 5.1.
1601 1542 1632 1569 fr.
1648 1544 1687 1568 ll.
1707 1552 1746 1579 pr.
1767 1541 1799 1568 de
1818 1540 1916 1579 postul.
1935 1541 1960 1567 3.
1976 1541 1999 1567 l.

1135 1588 1188 1614 fr.
1208 1589 1232 1613 4.
1256 1587 1278 1621 ξ.
1299 1588 1321 1613 l.
1347 1585 1377 1613 fr.
1398 1588 1455 1613 137.
1481 1586 1502 1620 ξ.
1523 1588 1546 1612 τ.
1571 1585 1605 1612 de
1623 1584 1654 1612 V.
1677 1585 1709 1611 0.
1738 1586 1779 1611 45.
1800 1586 1823 1611 1.
1871 1583 1914 1610 111.
1935 1584 2002 1611 cn.

1158 1631 1198 1663 Ei.
1218 1629 1260 1656 vel
1280 1629 1407 1656 adversus
1426 1639 1485 1655 eum
1504 1629 1558 1663 (ius
1577 1629 1637 1661 dici.
1656 1639 1680 1655 v.
1695 1629 1811 1654 actiones
1830 1626 2001 1664 competere).

1159 1673 1189 1700 fr.
1211 1674 1251 1699 14.
1277 1672 1309 1699 de
1328 1671 1419 1698 iurisd.
1444 1674 1469 1698 2.
1491 1673 1513 1698 l.
1539 1671 1568 1698 sr.
1588 1673 1629 1698 33.
1655 1673 1721 1706 5.1.
1748 1671 1780 1697 de
1803 1680 1908 1708 procur.
1932 1671 1957 1696 3.
1976 1671 2001 1696 3.

1160 1716 1201 1743 Ab
1221 1715 1322 1752 aliquo.
1345 1714 1388 1741 vel
1408 1714 1535 1741 adversus
1556 1725 1614 1741 eum
1635 1714 1718 1748 (adiri
1737 1714 1843 1752 posse).
1871 1713 1901 1740 fr.
1919 1715 1944 1740 2.
1970 1712 2003 1739 de

1161 1759 1204 1786 oss.
1228 1758 1280 1785 Prf.
1301 1757 1346 1784 Vr.
1373 1759 1395 1784 l.
1417 1760 1456 1784 12.
1494 1758 1574 1794 Quod
1599 1758 1676 1785 aliter
1701 1757 1828 1784 adversus
1854 1767 1882 1782 ca
1906 1755 2003 1783 iudica-

1161 1808 1216 1829 tum
1235 1803 1292 1828 erit.
1317 1801 1346 1828 sr.
1366 1802 1390 1827 6.
1411 1800 1443 1827 de.
1462 1800 1542 1828 feriis.
1567 1803 1592 1828 2.
1606 1803 1647 1827 12.
1685 1800 1822 1827 Adversus
1841 1809 1923 1836 remp.
1944 1808 2004 1826 con-

1162 1846 1266 1877 venire.
1286 1855 1311 1871 v.
1331 1844 1416 1871 saccre
1435 1849 1484 1870 ete.
1516 1843 1546 1870 fr.
1568 1845 1590 1870 l.
1610 1844 1632 1878 5.
1654 1845 1676 1870 1.
1697 1844 1727 1870 fr.
1747 1846 1771 1870 4.
1791 1853 1830 1880 pr.
1854 1842 1886 1869 ad
1904 1841 1935 1869 L.
1953 1840 2002 1868 lul.

1162 1890 1219 1915 mai.
1239 1889 1281 1915 48.
1300 1889 1325 1914 4.
1362 1887 1415 1923 Qui
1435 1887 1562 1914 adversus
1583 1898 1611 1913 ea
1631 1887 1729 1914 fecerit.
1758 1886 1789 1913 fr.
1803 1888 1844 1912 24.
1865 1885 1898 1912 de
1916 1886 1943 1911 in
1961 1885 2004 1911 ius

1140 1951 1141 1954 κ
1162 1943 1220 1959 voc.
1238 1934 1263 1958 2.
1282 1932 1306 1957 4.
1327 1930 1357 1957 fr.
1378 1932 1401 1957 l.
1421 1930 1443 1964 5.
1463 1931 1486 1957 6.
1507 1930 1540 1957 de.
1557 1930 1656 1967 postul.
1679 1932 1704 1956 3.
1725 1932 1748 1956 l.
1786 1929 1949 1964 Interrogare
1967 1931 2005 1953 te-

1163 1980 1231 2007 stes.
1256 1984 1280 2001 v.
1301 1973 1495 2000 Tcstimouium
1519 1973 1619 1999 dicere.
1648 1972 1705 1999 adv.
1729 1972 1850 2008 aliquem.
1878 1970 1950 1997 Paul.
1970 1969 2003 1996 V.

1165 2021 1205 2044 15.
1225 2018 1262 2052 55.
1282 2018 1306 2043 3.
1327 2026 1366 2053 sq.
1386 2016 1416 2042 sr.
1431 2018 1454 2042 4.
1475 2015 1508 2042 de
1527 2015 1615 2042 testib.
1634 2017 1676 2041 22.
1690 2017 1714 2041 5.
1750 2014 1787 2041 Vt
1806 2015 1927 2051 patiatur,
1946 2022 2006 2040 eum

1163 2077 1196 2081 —
1216 2059 1356 2095 stillicidia¹
1376 2058 1434 2085 adv.
1460 2069 1517 2084 eum
1541 2057 1645 2084 habere.
1673 2057 1704 2084 fr.
1730 2058 1769 2084 16.
1799 2067 1891 2084 comm.
1915 2055 2004 2094 praed.

1141 2105 1187 2130 ,8.
1206 2105 1230 2130 4.
1262 2118 1296 2122 —-
1325 2103 1356 2136 §-
1377 2103 1412 2128 2.
1444 2103 1556 2133 Circa,
1584 2103 1768 2128 Secundum.
1804 2099 1834 2126 11.
1856 2102 1923 2134 Op.
1951 2099 2007 2126 Aut

1164 2151 1254 2173 contra
1274 2145 1376 2171 tabulas
1396 2145 1554 2175 testamenti.
1574 2149 1618 2170 aut
1637 2143 1764 2170 adversus
1783 2142 1894 2175 tabulas,
1913 2146 1957 2169 aut
1969 2142 2007 2168 in-

1165 2190 1253 2216 testati
1273 2188 1367 2222 (datur
1385 2188 1415 2214 B.
1436 2187 1490 2221 P.).
1524 2186 1585 2224 le.
1604 2186 1725 2213 XXVIII.
1751 2187 1773 2212 l.
1815 2186 1857 2213 111.
1877 2187 1944 2214 Gn·
1971 2185 2008 2212 Et

1165 2234 1234 2259 iuter
1258 2241 1287 2258 se
1310 2233 1438 2260 retinent,
1463 2235 1489 2257 ct
1512 2229 1555 2256 alii
1578 2229 1705 2256 adversus
1725 2239 1770 2255 eos
1797 2229 1851 2263 (sc.
1875 2228 2008 2265 legitimae

1142 2294 1143 2306 ³
1165 2275 1320 2302 hereditatis
1339 2275 1402 2308 ius).
1423 2274 1452 2301 l'r.
1473 2275 1497 2300 4.
1517 2273 1549 2299 de
1567 2274 1623 2299 suis
1643 2277 1667 2299 et
1687 2272 1756 2308 legit.
1775 2274 1817 2298 38.
1839 2272 1878 2298 16.
1910 2271 1947 2298 Vt
1964 2270 2007 2298 ad-

1166 2328 1259 2345 versus
1289 2317 1360 2354 leges
1391 2317 1505 2344 civitatis
1536 2326 1598 2342 suae
1628 2320 1747 2341 testetur.
1789 2314 1850 2352 le.
1877 2314 1937 2341 XX.
1965 2315 2006 2340 14.

1167 2362 1267 2388 Iactura
1287 2361 1414 2387 adversus
1433 2359 1614 2387 substantiam.
1645 2358 1674 2385 sr.
1694 2360 1736 2384 21.
1761 2357 1793 2384 de
1812 2357 1855 2384 off.
1875 2356 1962 2383 Praes.
1983 2358 2006 2383 1.

1169 2406 1209 2432 18.
1250 2404 1311 2431 Non
1339 2403 1401 2441 plus
1425 2412 1501 2440 quam
1526 2402 1603 2428 tertia
1626 2401 1756 2428 bonorum
1780 2401 1856 2427 matri
1880 2399 2007 2426 adversus

1168 2458 1259 2474 omnes
1279 2452 1429 2485 competere
1447 2444 1562 2472 debebit.
1590 2444 1640 2471 Th.
1660 2444 1692 2472 C.
1708 2443 1740 2471 V.
1761 2445 1784 2470 l.
1805 2454 1826 2470 c.
1842 2445 1864 2469 l.
1883 2442 1916 2469 de
1935 2442 2007 2479 legit.

1168 2490 1279 2517 hei-edit.

1202 2533 1426 2561 Advertere.
1472 2532 1748 2557 Animadvertere.
1798 2527 1840 2555 111.
1869 2529 1935 2556 Cn.
1977 2527 2007 2554 Si

1169 2585 1336 2613 quaeramus,
1356 2590 1389 2595 -—
1408 2575 1528 2611 inprimis
1548 2573 1604 2600 adv.
1620 2572 1754 2603 debemus.
1773 2581 1805 2598 an
1824 2575 1873 2597 etc.
1905 2570 1962 2598 Gai.
1975 2569 2006 2597 Π.

1171 2620 1228 2646 114.
1266 2618 1342 2654 Quos
1361 2617 1523 2644 adverterint
1541 2617 1567 2643 in
1587 2621 1701 2652 egestate
1719 2613 1862 2641 miserabili
1881 2614 2008 2645 constitn-

1170 2667 1220 2688 tos.
1256 2661 1305 2688 Th.
1326 2660 1356 2687 C.
1376 2660 1421 2688 XI.
1446 2662 1487 2686 27.
1513 2670 1534 2687 c.
1553 2662 1577 2686 2.
1602 2659 1635 2686 de
1658 2658 1726 2685 alim.
1751 2667 1793 2694 qu.
1819 2658 1889 2694 inop.
1927 2655 2008 2692 Quod

1169 2704 1234 2731 adeo
1258 2704 1378 2731 iubemus
1403 2704 1507 2740 agitari,
1531 2707 1560 2730 ut
1585 2718 1617 2722 —
1640 2700 1794 2728 inclamatus
1817 2699 1935 2726 advertat
1957 2703 2006 2725 etc.

1169 2747 1206 2774 lb.
1226 2746 1257 2774 II.
1277 2748 1318 2773 27.
1340 2757 1360 2773 c.
1381 2748 1404 2773 6.
1425 2747 1447 2773 si
1469 2751 1532 2773 cert.
1552 2750 1606 2783 pet.
1626 2744 1659 2772 de
1678 2743 1741 2770 chir.

1203 2790 1406 2817 Advivere.
1438 2790 1543 2816 Vitam
1562 2790 1693 2815 trahere
1711 2789 1752 2813 ad
1767 2791 1889 2813 eertum
1907 2794 2009 2820 usque

1169 2835 1259 2861 diem.
1295 2832 1314 2859 l.
1334 2833 1396 2868 Sy.
1426 2831 1520 2859 Donec
1538 2832 1612 2859 vivit.
1648 2829 1796 2867 Quamdiu,
1818 2838 1842 2855 v.
1867 2827 1942 2861 dum,
1965 2826 2009 2854 ad-
