2197 3121
953 168 1040 198 ΛΤΒ
1057 185 1098 189 ——
1115 166 1216 198 AVC.

220 254 262 281 III.
283 255 348 282 (7η.
377 253 406 280 Si
430 253 474 289 qui
499 261 578 289 opera
597 250 745 277 mediastini
766 250 894 285 fungitur,
915 265 947 269 —
969 254 1061 285 utputa

220 298 328 328 atriarii,
349 301 374 323 et
393 296 491 322 focarii.
512 299 537 321 et
555 294 596 320 his
616 293 725 320 similes.
752 293 783 319 fr.
806 295 827 319 1.
847 293 869 326 5.
889 294 913 318 5.
934 292 950 318 l.
973 293 995 318 4.
1016 293 1039 318 9.

254 340 452 366 Attiensis.
480 337 558 364 Idem.
596 336 638 362 III.
660 338 725 364 (7η.
754 336 970 372 DispensatoreS.
990 335 1063 360 insu-

219 382 285 415 larii,
305 382 396 411 villici.
416 382 551 412 atrienses,
571 384 697 406 textores.
713 380 825 416 opcrznii
839 388 944 414 quoquc
959 378 1061 404 rustici.

218 426 249 453 fr.
269 427 327 452 2⁰3.
349 425 380 452 de
398 424 430 451 V.
451 423 478 450 S.
499 425 539 449 50.
560 424 600 449 16.
622 422 653 448 cf.
675 422 705 448 sr.
725 426 748 448 ὅ.
768 423 835 456 5.1.
861 421 892 447 de
917 422 991 447 instr.
1012 420 1060 456 leg.

217 471 259 495 33.
280 471 302 495 7.
341 468 369 494 Si
389 467 523 494 librarium
542 476 586 492 rus
606 466 705 496 mittat,
732 480 764 484 —-
784 464 939 490 histrionem
958 462 1062 489 balnea-

218 517 303 538 torem
322 511 406 542 saciat,
426 509 468 536 vel
487 508 520 535 de
538 508 695 545 symphonia
715 508 862 533 atriensem.
883 506 913 532 fr.
935 508 974 532 15.
995 506 1061 539 5.1.

219 555 252 581 de
271 554 353 580 usufr.
375 555 397 579 7.
419 554 442 579 1.

252 596 413 624 Atrium.
463 595 606 621 Interior
635 603 714 627 pars
750 594 782 618 in
814 594 911 619 aditu
943 594 1060 618 doinus.

217 639 259 665 IH.
275 640 340 667 Cn.
369 637 461 673 Neque
480 636 578 663 diaetas
592 636 777 662 transformare
796 651 829 654 —
849 636 872 661 ei
884 636 1061 672 permittetur.
1082 657 1083 662 ,

217 681 259 708 vel
280 681 365 708 aditus
384 681 535 718 posticasve
554 684 670 710 vertere,
694 677 737 704 vel
761 678 858 714 refugia
878 679 992 715 aperire,
1018 677 1060 704 vel

218 726 312 751 atrium
331 729 438 750 mutare.
465 722 496 749 fr.
518 723 557 748 13.
578 722 599 755 5.
621 723 643 747 7.
664 721 698 747 ib.
720 723 743 747 7.
765 723 786 747 1.

253 766 455 794 Atrocitas.

217 853 295 879 locat.
314 853 337 877 4.
352 852 394 877 65.
415 850 566 877 Sententiae
580 850 716 875 atrocitate
735 851 839 882 (servos
853 860 953 886 poenae
968 850 1058 882 ellici).

218 896 240 930 5.
262 897 284 921 1.
304 894 322 921 1.
344 893 376 920 de
395 894 473 930 capit.
493 892 587 918 demin.
609 894 631 918 1.
653 894 692 918 16.
730 891 793 918 Sine
812 894 947 919 atrocitate
967 892 1059 918 verbo-

216 948 274 964 rum
293 938 451 973 aequitatem
470 936 607 973 petitionis
621 940 680 961 tuae
695 935 876 961 connnendare
890 935 977 961 iudici.
999 946 1020 961 c.
1034 937 1057 961 4.

217 980 249 1007 (18
269 980 379 1016 obsequ.
399 983 501 1015 patron.
532 979 555 1004 4.
576 979 599 1004 6.
638 977 718 1013 Quod
741 979 902 1004 atrocitatem
926 978 1058 1007 facinoris.

215 1033 240 1049 v.
260 1022 334 1049 sacti.
355 1023 381 1048 in
400 1031 429 1047 se
448 1020 534 1047 habet.
555 1020 585 1047 fr.
606 1023 628 1047 l.
648 1021 670 1055 5.
686 1022 725 1047 43.
747 1020 779 1046 de
798 1022 824 1047 vi
844 1026 869 1047 et
888 1022 913 1047 vi
933 1031 994 1047 arm.
1015 1023 1057 1047 43.

218 1068 258 1092 16.
278 1065 309 1092 fr.
331 1066 370 1090 11.
390 1064 412 1098 5.
434 1065 456 1089 7.
482 1064 533 1099 Qu.
554 1065 579 1090 vi
599 1068 643 1090 aut
662 1063 694 1089 cl.
715 1065 756 1089 43.
776 1065 818 1090 24.
839 1074 859 1090 c.
873 1066 897 1090 9.
917 1064 950 1090 de
969 1064 993 1090 h.
1015 1074 1057 1100 qu.

215 1110 249 1135 vi.
269 1110 293 1134 2.
307 1110 348 1133 20.
387 1106 471 1133 Posse
490 1106 542 1132 dici
561 1111 675 1132 atrocem
689 1107 808 1133 iniuriam
828 1108 918 1139 (etiam
931 1108 988 1133 sine
1002 1106 1059 1143 pul-

217 1151 344 1183 satione),
363 1159 479 1187 persona
498 1149 662 1175 atrocitatem
682 1148 800 1175 faciente.
821 1149 850 1176 l‘r.
871 1151 894 1176 9.
914 1160 952 1187 pr.
975 1150 1006 1176 cf.
1027 1149 1057 1176 t'r.

215 1196 238 1220 7.
259 1194 281 1227 5.
301 1195 325 1219 2.
347 1192 380 1218 de
398 1192 475 1218 iniur.
495 1193 536 1217 47.
559 1193 598 1218 10.

249 1236 453 1263 Atrociter.
486 1234 608 1267 (Advb.)
647 1237 756 1270 Supra
780 1237 915 1267 modum,
944 1237 1058 1262 Imma-

214 1281 309 1306 niter.
346 1277 388 1304 111.
409 1278 475 1304 Cn.
499 1277 741 1310 Animadvertendi.
761 1278 909 1309 coercendi,
929 1277 971 1304 vel
991 1283 1058 1304 atro-

214 1322 280 1348 citer
303 1319 460 1347 verberandi
483 1321 533 1346 ius.
569 1320 599 1346 sr.
621 1322 660 1347 11.
685 1321 718 1347 de
744 1322 787 1347 oll'.
806 1320 881 1347 Proc.
903 1326 928 1347 et
946 1321 1007 1357 Leg.
1034 1323 1056 1347 1.

216 1365 256 1390 16.
294 1363 322 1390 Si
342 1365 369 1389 in
389 1363 505 1395 theatro,
525 1363 567 1389 vel
586 1364 613 1389 in
632 1364 688 1390 soro
709 1364 805 1396 caedit,
826 1374 983 1401 quamquam
1005 1374 1057 1390 non

214 1412 295 1433 atroc.
317 1406 347 1432 l'r.
367 1408 391 1433 9.
411 1406 433 1440 5.
455 1408 477 1432 l.
498 1406 531 1432 de
549 1407 625 1433 iniur.
645 1408 685 1433 47.
706 1409 746 1434 10.

248 1451 378 1477 Atrox.
403 1448 533 1482 (Adiect.)
562 1452 719 1482 Gravior,
740 1452 914 1477 Audacior.
944 1450 973 1476 II.
990 1452 1056 1484 Op.

213 1492 293 1519 Levis
313 1493 428 1526 (iniuria,
448 1502 472 1518 v.
497 1492 675 1525 contumelia).
704 1492 775 1519 Paul.
796 1493 827 1520 V.
847 1495 871 1519 4.
891 1494 912 1527 5.
932 1496 973 1519 22.
999 1493 1055 1519 Gai.

214 1535 256 1562 111.
275 1536 335 1561 224.
356 1545 396 1571 sq.
434 1534 542 1567 Omnis,
563 1551 595 1555 —-
615 1535 678 1561 Sola
697 1540 772 1563 atrox
792 1537 867 1570 (vis).
895 1536 925 1563 t'r.
948 1539 969 1563 1.
989 1537 1011 1570 5.
1031 1538 1056 1562 3.

214 1578 247 1604 de
266 1579 292 1604 vi
312 1583 338 1604 et
356 1579 382 1604 vi
407 1588 469 1604 arm.
493 1579 535 1604 43.
557 1579 595 1604 16.
631 1578 662 1604 cf.
688 1578 718 1604 sr.
736 1580 761 1605 3.
785 1579 807 1612 5.
829 1581 851 1605 l.
881 1579 932 1613 Qu.
953 1584 1013 1606 met.
1035 1590 1055 1605 c.

213 1623 238 1648 4.
257 1624 282 1648 2.
319 1620 361 1647 IH.
376 1622 442 1648 Gn.
470 1619 519 1647 Vis
538 1625 627 1653 atrox,
647 1626 673 1647 et
691 1632 721 1647 ea
741 1632 807 1658 quae
825 1622 951 1648 adversus
972 1622 1056 1648 bonos

215 1674 302 1690 mores
321 1664 374 1690 ssat.
402 1663 433 1690 fr.
452 1665 476 1690 3.
501 1663 524 1697 5.
546 1665 567 1690 l.
588 1663 604 1690 l.
629 1666 652 1690 4.
672 1667 696 1691 2.
734 1664 864 1702 Capitalia
884 1670 909 1691 et
928 1666 1056 1691 atrociora

215 1706 349 1733 maleficia.
379 1706 410 1732 sr.
430 1707 455 1732 8.
479 1716 518 1743 pr.
543 1706 576 1732 de
599 1709 745 1743 quaestion.
771 1709 812 1734 48,
839 1710 879 1735 18.
925 1708 1056 1739 Yiolatos,

215 1749 258 1775 vel
283 1749 355 1775 illata
378 1759 456 1775 manu
480 1750 562 1776 atroci
581 1759 640 1775 esse
659 1750 786 1787 pulsatos.
819 1751 849 1777 l'r.
874 1752 897 1777 6.
923 1751 944 1785 5
973 1753 995 1777 1.
1024 1751 1056 1777 (le

215 1801 318 1827 agnose.
338 1802 362 1818 v.
382 1791 467 1818 aleud.
486 1794 528 1818 25.
547 1794 571 1818 3.
610 1793 652 1818 Ob
678 1793 744 1819 facta
768 1795 896 1820 atrociora
922 1794 949 1819 in
974 1793 1055 1819 tutela

214 1834 328 1861 admissa
347 1850 379 1853 —
399 1839 544 1860 accusatus.
570 1835 601 1861 fr.
623 1838 644 1862 l.
664 1836 685 1869 5.
700 1840 723 1862 ὅ.
744 1836 776 1862 (18
795 1846 868 1873 susp.
890 1841 937 1862 tut.
957 1837 998 1862 26.
1016 1838 1054 1861 10.

215 1878 268 1913 Qui
288 1877 445 1903 seditionem
464 1882 579 1903 atrocem
597 1878 709 1904 militum
729 1879 877 1904 concitavit.
897 1878 928 1904 fr.
941 1880 965 1904 3.
980 1879 1001 1912 5.
1016 1880 1054 1904 19.

214 1920 247 1947 de
266 1920 297 1946 R.
308 1920 341 1946 M.
362 1921 403 1946 49,
419 1921 458 1945 16.
491 1920 567 1955 Quos
587 1925 662 1947 atrox
681 1920 812 1958 cupiditas
832 1922 859 1947 in
873 1920 973 1947 scelera
988 1931 1056 1947 com-

214 1963 283 2000 pulit
302 1963 429 1989 saeviora.
459 1962 509 1989 Th.
533 1962 563 1989 C.
582 1963 627 1990 IX.
647 1964 688 1990 38.
714 1974 734 1990 c.
756 1965 778 1990 7.
809 1963 841 1990 de
864 1963 962 2000 iudulg.
984 1965 1054 1990 crim.

214 2006 244 2032 Si
264 2016 314 2042 qua
333 2010 384 2032 tam
404 2010 491 2037 atrox.
511 2010 616 2042 tamque
635 2006 732 2032 famosa
751 2017 865 2043 persona
884 2007 933 2039 sit,
959 2011 987 2033 ut
1006 2012 1054 2033 etc.

214 2048 244 2075 sr.
264 2051 288 2075 3.
309 2049 374 2082 9.1.
395 2048 427 2075 (18
447 2049 490 2075 off.
511 2048 563 2075 Prf.
587 2048 658 2085 Vigg.
680 2051 701 2075 1.
724 2051 764 2075 15.

247 2092 473 2123 Attendere,
494 2093 696 2119 Attenuare
715 2097 764 2119 etc.
802 2091 843 2118 Cf.
863 2091 925 2118 Adt.

249 2134 438 2161 Attianus.
471 2134 608 2168 (Adiect.)
649 2136 696 2161 Ad
722 2136 852 2162 Attium
878 2137 1054 2169 pertinens.

214 2175 257 2202 III.
278 2178 344 2204 οη.
372 2176 436 2203 Pars
456 2182 547 2213 quarta
567 2182 615 2204 etc.
652 2177 774 2204 Attianae
792 2178 883 2215 partiS.
908 2177 939 2204 fr.
959 2179 1000 2204 32.
1022 2177 1054 2204 de

215 2219 283 2256 vulg.
304 2224 329 2246 et
347 2229 409 2256 pup.
429 2221 470 2246 28.
490 2221 514 2246 6.

250 2263 407 2290 Atticus.
441 2262 578 2297 (Adiect.)
617 2265 769 2290 Graecus.
812 2263 830 2290 I.
855 2264 917 2298 Sy.
950 2263 1053 2290 Atticae

215 2314 387 2341 romanaeque
406 2305 553 2338 doctrinae,
580 2305 691 2332 Latinus
716 2311 742 2332 et
760 2316 883 2342 graecus,
908 2306 1053 2342 Vtriusque

217 2346 385 2379 eruditionis,
404 2358 425 2374 s.
445 2349 628 2381 institutionis,
661 2350 841 2385 grammatici).
862 2349 911 2376 Th.
932 2349 962 2376 C.
982 2349 1052 2376 XIII.

215 2390 240 2415 3.
262 2400 283 2416 c.
304 2391 343 2415 11.
370 2390 402 2416 de
420 2391 512 2418 medic.
539 2396 565 2417 et
583 2391 650 2429 prof.
679 2392 725 2419 XI.
746 2393 785 2418 16.
811 2402 832 2418 c.
853 2394 893 2418 15.
918 2403 940 2419 c.
962 2394 1000 2418 18.
1021 2392 1054 2419 de

216 2437 282 2459 extr.
302 2442 323 2458 s.
343 2432 413 2459 sord.

252 2475 387 2502 Attius.
425 2477 543 2503 Nomen
555 2478 715 2513 fictitiae
730 2487 894 2512 personae.
924 2478 967 2505 III.
981 2480 1053 2509 ,Cn-

217 2517 271 2553 Qui
291 2517 440 2555 complures
461 2518 572 2546 heredes
595 2520 757 2552 instituerat,
782 2525 808 2547 et
830 2522 857 2547 in
880 2520 921 2547 his
945 2521 1053 2548 Attium.

217 2559 246 2586 fr.
267 2561 308 2586 32.
328 2560 345 2587 l.
364 2563 405 2587 28.
425 2562 449 2587 6.
478 2561 515 2594 Si,
535 2572 592 2589 cum
610 2562 720 2589 fundum
739 2573 824 2590 meum
842 2563 975 2601 possides,
995 2574 1055 2591 con-

217 2604 319 2629 venerit
337 2603 400 2630 mihi
419 2609 517 2636 tecum,
535 2610 564 2631 ut
582 2606 639 2632 eius
658 2608 857 2643 possessionem
875 2607 949 2634 Attio
968 2607 1053 2634 trade-

218 2656 268 2673 res.
293 2645 323 2672 fr.
343 2647 384 2672 36.
405 2646 437 2673 de
456 2652 523 2684 pact.
542 2649 566 2674 2.
587 2650 627 2675 14.

252 2690 406 2722 Atypus.
454 2692 517 2723 Qui
548 2693 650 2717 minus
677 2694 861 2719 articulate
894 2695 1051 2727 loquitur.

218 2731 260 2758 111.
280 2733 345 2759 Cn.
369 2731 411 2757 An
431 2732 539 2765 balbus,
560 2738 585 2759 et
603 2732 721 2767 blaesus,
742 2740 767 2761 et
786 2740 894 2772 atypus,
914 2737 989 2772 isque
1009 2737 1053 2772 qui

219 2774 318 2801 tardius
338 2774 468 2812 loquitur,
492 2792 524 2796 —
544 2786 623 2803 sanus
643 2777 693 2803 sit?
725 2777 756 2805 fr.
778 2780 817 2805 10.
843 2780 864 2813 5.
884 2781 907 2805 5.
935 2779 968 2805 de
986 2779 1052 2806 Aed.

218 2818 258 2845 ed.
277 2821 319 2846 21.
340 2821 362 2846 1.

1081 730 1083 750 1
1104 720 1192 747 Praes.
1220 723 1241 747 1.
1267 723 1306 747 18.

494 766 665 795 Gravitas,
687 764 835 790 Duritia.
863 763 904 790 III.
927 765 992 791 (711.
1012 763 1060 789 Ar·
1081 784 1082 797 ἱ

217 819 319 836 morum
339 809 503 835 atrocitatem
523 817 575 833 non
594 807 620 832 in
640 806 731 832 hostes
751 806 898 833 ostendere.
925 817 945 833 c.
965 809 1006 833 35.
1028 807 1060 833 de
1081 841 1082 844 Ἴ

1080 845 1082 878 ’ᾗ
1105 848 1155 875 Th.
1176 848 1207 875 C.
1228 849 1259 875 V.
1280 851 1303 876 6.
1324 860 1345 876 c.
1369 852 1389 876 l.
1411 849 1443 876 (le
1463 851 1513 886 ing.
1534 860 1575 886 qu.
1597 854 1675 886 temp.
1696 854 1745 885 tyr.

1909 167 1947 196 57

1141 251 1282 276 Avare.
1302 249 1414 281 (Advb.)
1444 250 1579 283 Cupide,
1601 249 1795 274 Libidinosa
1824 247 1946 274 111.(ἠ.

1109 291 1201 328 Neque
1220 301 1325 318 morose
1338 293 1364 318 in
1378 297 1461 318 totum
1475 291 1606 317 abstineri·
1626 291 1746 323 (xeniis),
1767 300 1851 326 neque
1871 300 1946 316 avare.

1106 335 1212 361 modum
1231 335 1368 360 xeniorum
1387 334 1522 361 excedere.
1544 334 1573 360 t'r.
1593 335 1617 360 6.
1637 334 1658 367 5.
1678 335 1701 359 3.
1723 333 1755 359 de.
1774 334 1817 359 off.
1832 333 1906 359 l‘roc.
1921 338 1947 359 et

1107 377 1169 414 Leg.
1192 379 1213 404 l.
1235 379 1274 403 16.
1312 377 1397 404 Arare
1426 382 1572 414 temporum
1596 378 1753 403 necessitate
1776 381 1877 413 captata
1896 380 1944 401 etc.

1107 420 1174 447 Nov.
1193 421 1235 446 34.
1255 420 1362 457 praefat.

1140 463 1326 491 Avaritia·
1355 464 1470 489 Libido
1489 465 1636 495 habendi,
1658 465 1704 489 vel
1722 463 1945 493 nanciscendi,

1106 508 1333 540 intemperata.
1372 505 1414 531 III.
1429 507 1494 532 Cn.
1520 506 1581 532 Scio
1601 506 1773 541 relegatorum
1793 505 1869 531 bona.
1889 515 1945 530 ava—

1106 549 1164 574 ritia
1184 550 1348 586 superiorum
1368 553 1530 585 temporum,
1556 549 1621 575 fisco
1646 548 1784 574 vindicata.
1816 548 1844 574 tr.
1868 550 1887 574 l.
1912 547 1944 573 ‹le

1106 592 1199 618 interd.
1224 597 1249 618 et
1273 591 1377 628 relegat.
1406 593 1447 617 47.
1466 593 1508 618 22.
1551 592 1670 626 Quorum
1694 592 1816 617 avaritiae
1841 590 1944 616 obviam

1105 635 1170 661 itum
1189 640 1236 661 est.
1257 651 1290 654 —
1309 634 1480 671 Reprehensa
1499 639 1649 661 exactorum
1668 634 1759 660 illicita
1778 634 1892 660 avaritia.
1914 633 1943 660 l'r.

1105 678 1128 703 6.
1149 688 1188 714 pr.
1209 677 1241 704 (le
1261 683 1327 705 extr.
1347 679 1446 704 crimin.
1471 679 1512 704 47.
1534 679 1573 703 11.
1603 676 1632 703 sr.
1652 679 1675 702 (i.
1695 687 1734 713 pr.
1759 677 1779 710 5
1799 678 1823 703 9.
1848 676 1880 703 (le
1900 677 1943 702 off.

1350 720 1426 747 Vinci
1451 721 1556 747 avaritia
1582 725 1607 746 et
1632 721 1780 757 rapacitate.
1814 730 1834 746 c.
1859 721 1882 746 6.
1912 719 1944 746 (18

1104 773 1202 790 muner.
1229 765 1331 801 patrim.
1358 766 1396 790 10.
1417 765 1458 790 41.
1500 763 1529 790 Si
1557 764 1616 800 quis
1641 768 1730 789 eontra
1758 764 1943 789 conscientiam

1104 816 1177 832 suam
1206 823 1238 826 —
1267 808 1293 833 in
1322 807 1411 833 eadem
1443 807 1564 833 avaritiae
1596 808 1734 832 tenacitate
1763 807 1943 843 permanserit.

1138 893 1299 919 Avarus.
1320 892 1448 925 (Adiect.)
1478 895 1640 919 Pecuniae
1659 895 1796 918 studens.
1816 891 1858 917 Ill.
1877 893 1942 919 Cn.

1104 934 1157 970 Qui
1177 940 1281 972 praeter
1300 935 1406 961 modum
1426 936 1522 967 timidi,
1543 936 1646 972 cupidi.
1666 937 1787 971 avariquc
1808 940 1881 961 sunt.
1901 940 1944 961 aut

1103 978 1228 1005 iracundi.
1254 978 1285 1004 sr.
1306 980 1327 1005 l.
1348 979 1369 1012 5.
1390 981 1429 1005 11.
1450 979 1482 1005 de
1501 979 1566 1005 Aed.
1587 978 1663 1005 edict.
1682 981 1724 1004 21.
1745 981 1765 1004 1.
1804 978 1888 1004 Valde
1908 979 1943 1003 in—

1080 1024 1081 1050 }
1103 1020 1243 1047 humanum
1262 1026 1335 1048 esta
1359 1023 1461 1048 nemine
1485 1023 1616 1058 accipere:
1643 1022 1689 1048 sed
1713 1023 1824 1059 passim.
1848 1021 1943 1047 vilissi-

1103 1074 1173 1090 mum
1193 1069 1250 1095 est,
1275 1069 1301 1090 et
1320 1066 1419 1097 omnia,
1439 1065 1628 1091 avarissinnnn.
1658 1064 1688 1091 l'r.
1708 1067 1731 1091 6.
1756 1066 1777 1099 5
1797 1066 1820 1090 3v
1847 1064 1880 1090 (le
1899 1063 1942 1089 off.

1104 1106 1178 1133 Proc.
1200 1111 1225 1133 et
1245 1106 1293 1143 leg.
1316 1109 1337 1133 l.
1360 1109 1397 1134 16.

1137 1151 1298 1183 Auceps.
1348 1152 1557 1182 Insidiator,
1597 1160 1616 1176 17.
1650 1152 1790 1184 Cnptor,
1828 1152 1942 1176 avium.

1103 1192 1145 1219 III.
1169 1194 1231 1220 Cn.
1264 1192 1412 1219 Venatores
1437 1198 1461 1219 et
1486 1203 1608 1230 aucupes.
1643 1193 1714 1219 Paul.
1741 1192 1782 1218 III.
1806 1194 1828 1219 6.
1854 1194 1875 1226 5.
1901 1195 1941 1219 71.

1104 1235 1132 1261 fr.
1153 1236 1194 1261 99.
1214 1236 1280 1269 5.1.
1309 1235 1341 1262 de
1361 1236 1436 1273 legat.
1456 1236 1498 1262 III.
1521 1237 1600 1269 (32.)
1632 1235 1662 1261 cf.
1688 1235 1718 1261 fr.
1740 1237 1778 1261 12.
1804 1236 1825 1269 5
1847 1237 1885 1261 13.
1910 1235 1942 1262 de

1103 1279 1177 1304 instr.
1197 1278 1246 1314 leg.
1265 1280 1307 1305 33.
1328 1281 1350 1306 7.
1389 1279 1457 1306 Cum
1481 1279 1596 1305 futurum
1620 1280 1715 1305 iactum
1740 1280 1802 1305 retis
1827 1290 1839 1305 a
1860 1280 1941 1316 pisca-

1103 1326 1159 1347 tore
1179 1322 1301 1353 emimus,
1326 1338 1358 1341 —
1381 1322 1423 1349 vel
1443 1322 1596 1359 pantheram
1616 1322 1647 1348 ab
1667 1332 1775 1359 aucupe.
1804 1322 1833 1348 fr.
1856 1324 1894 1348 ll.
1919 1323 1940 1356 5.

1104 1366 1143 1391 18.
1164 1364 1196 1391 de
1214 1364 1246 1391 A.
1266 1365 1295 1391 E.
1316 1363 1348 1391 V.
1370 1366 1409 1392 19.
1430 1367 1453 1391 1.

1136 1408 1283 1435 Auctio.
1316 1409 1466 1435 Venditio
1483 1409 1610 1442 publice
1628 1410 1797 1435 relehrata.
1821 1407 1863 1434 Ill.
1877 1409 1942 1436 Gn.

1102 1450 1131 1477 Si
1150 1452 1310 1486 argentarius
1329 1452 1443 1488 pretium
1465 1453 1516 1482 rei,
1541 1461 1606 1488 quae
1630 1452 1656 1477 in
1679 1452 1800 1477 auctione
1822 1452 1942 1484 venierit,

1102 1498 1283 1530 persequatur.
1311 1493 1367 1520 Gai.
1387 1494 1431 1521 IV.
1453 1496 1509 1521 126.
1547 1494 1577 1520 Si
1596 1495 1622 1520 in
1641 1495 1761 1520 auctione
1780 1494 1942 1531 praedictum

1102 1541 1151 1567 est,
1170 1547 1203 1563 ne
1223 1542 1271 1563 etc.
1296 1537 1333 1563 Ib.
1353 1537 1369 1564 l.
1390 1537 1406 1564 l.
1439 1538 1493 1573 Qui
1513 1539 1659 1564 auctionem
1680 1537 1723 1571 [al.
1744 1538 1884 1571 actionem]
1904 1548 1942 1564 re-

1101 1590 1158 1606 rum
1177 1579 1392 1606 hereditariarum
1412 1580 1480 1607 facit.
1509 1580 1570 1617 le.
1590 1581 1674 1607 XXII.
1687 1582 1729 1606 26.
1762 1581 1942 1617 Quaecunque

1101 1639 1133 1642 —
1154 1622 1203 1649 sub
1217 1624 1337 1649 auctione
1351 1623 1473 1649 licitanda
1488 1629 1557 1655 sunt,
1576 1624 1642 1649 fisco
1663 1629 1768 1650 auctore
1788 1624 1940 1650 vendantur.

1101 1665 1151 1692 Th.
1172 1665 1203 1692 C.
1222 1666 1256 1693 Χ.
1278 1667 1318 1692 17.
1345 1676 1365 1693 c.
1387 1668 1409 1692 1.
1435 1667 1467 1693 de
1491 1667 1542 1693 title
1567 1671 1591 1692 et
1617 1667 1672 1692 iure
1698 1667 1764 1692 hast.
1801 1667 1942 1693 Instituant.

1101 1710 1256 1737 auctionem.
1275 1708 1359 1735 hastis
1379 1709 1475 1736 habitis
1496 1720 1527 1736 ex
1541 1710 1685 1735 licitatione
1699 1715 1826 1736 currente.
1856 1710 1891 1737 lb.
1906 1710 1938 1737 Χ.

1100 1755 1124 1779 2.
1145 1763 1166 1778 c.
1188 1754 1210 1778 1.
1231 1752 1263 1778 de
1283 1751 1351 1778 dom.
1372 1752 1404 1779 ad
1423 1762 1484 1779 rem.
1504 1753 1571 1789 priv.

1135 1795 1389 1822 Auctionalia.
1436 1797 1614 1825 Rationes.
1645 1805 1666 1822 v.
1701 1797 1940 1828 Instrumenta,

1099 1840 1285 1865 celebratae
1304 1839 1480 1864 auc-tionis.
1518 1837 1560 1863 III.
1576 1839 1642 1865 Gn.
1662 1838 1729 1864 Cum
1749 1849 1833 1875 neque
1853 1840 1940 1865 inven-

1101 1881 1174 1913 taria,
1194 1890 1279 1916 neque
1297 1880 1452 1906 auctionalia
1472 1880 1649 1917 proferentur,
1670 1897 1702 1900 —
1722 1883 1836 1907 rationes
1856 1892 1868 1907 a
1888 1892 1940 1909 ser—

1100 1924 1140 1950 vis
1161 1940 1193 1943 -
1213 1923 1387 1960 proferantur.
1407 1922 1438 1949 fr.
1459 1924 1481 1948 l.
1502 1923 1523 1956 5.
1542 1925 1566 1949 3.
1587 1923 1619 1949 de
1638 1924 1712 1951 tutel.
1732 1929 1758 1951 et
1776 1929 1823 1951 rat.
1842 1926 1884 1950 27.
1897 1926 1922 1951 3.

1139 1967 1292 1993 Auctor.
1328 1967 1359 2000 §0
1379 1967 1414 1993 1.
1444 1968 1613 2000 Princeps,
1633 1968 1754 2001 Caput,
1774 1969 1939 1995 Conditor.

1099 2008 1142 2035 III.
1160 2010 1226 2037 Gn.
1255 2008 1323 2035 Cum
1341 2009 1409 2035 lucis
1428 2009 1579 2035 auctoribus
1599 2009 1732 2043 (libertate
1750 2010 1822 2044 frui).
1843 2010 1891 2037 Th.
1908 2011 1938 2038 C.

1099 2051 1144 2078 IV.
1159 2054 1182 2078 8.
1204 2062 1225 2078 c.
1240 2053 1263 2078 4.
1284 2052 1317 2078 de
1335 2051 1437 2078 liberali
1458 2062 1478 2078 c.
1515 2051 1698 2079 Profundioris
1718 2054 1843 2080 scientiae
1862 2059 1939 2091 atquc

1099 2094 1234 2121 doctrinae
1260 2099 1388 2121 auctores.
1423 2094 1460 2120 lb.
1479 2094 1550 2121 XIV.
1574 2096 1598 2121 9.
1623 2106 1644 2122 c.
1668 2097 1692 2122 3.
1718 2096 1740 2130 5.
1762 2098 1783 2123 1.
1812 2096 1845 2123 (Ie
1869 2097 1937 2123 stud.

1099 2137 1199 2164 liberal.
1241 2137 1374 2164 Doctores
1400 2142 1574 2174 auctoresque
1602 2138 1742 2171 (facinoris
1764 2139 1938 2166 Eunomiano-

1098 2181 1176 2213 rum).
1201 2180 1238 2207 Ib.
1257 2180 1328 2207 XVI.
1348 2183 1371 2208 5.
1392 2191 1413 2207 c.
1432 2182 1474 2207 31.
1494 2190 1533 2217 sq.
1554 2180 1585 2207 cf.
1606 2191 1627 2207 c.
1642 2183 1665 2208 6.
1683 2182 1743 2216 5.1.
1763 2182 1795 2209 de
1814 2183 1936 2209 haeretic.

1098 2223 1186 2250 Poena
1205 2233 1268 2250 suos
1288 2228 1375 2250 teneat
1394 2228 1522 2250 auctores.
1550 2224 1586 2250 lb.
1600 2223 1645 2251 ΙΧ.
1660 2226 1701 2251 40.
1721 2235 1742 2251 c.
1756 2226 1794 2251 18.
1815 2225 1847 2252 de
1860 2236 1935 2262 poen.

1098 2266 1127 2293 Si
1154 2268 1212 2303 quis
1238 2266 1311 2293 falsis
1336 2266 1586 2299 constitutionibus,
1609 2267 1682 2294 nullo
1706 2274 1812 2295 auctore
1834 2268 1936 2300 habito,

1096 2310 1185 2336 utitur.
1211 2309 1240 2336 fr.
1252 2311 1294 2336 33.
1314 2309 1347 2336 (18
1360 2309 1389 2336 L.
1406 2309 1468 2336 Cor.
1483 2309 1585 2336 (181315.
1604 2312 1645 2336 48.
1661 2312 1701 2337 10.
1738 2310 1767 2337 1η
1787 2321 1831 2337 eos
1851 2316 1936 2337 aucto—

1097 2364 1148 2385 res,
1168 2354 1213 2390 qni
1227 2353 1342 2380 famosos
1355 2352 1461 2379 libellos
1476 2369 1508 2372 —
1527 2355 1722 2390 proposuerint,
1736 2370 1769 2373 —
1781 2353 1934 2381 vindicatur.

1097 2395 1170 2422 Paul.
1194 2395 1225 2422 V.
1245 2397 1269 2422 4.
1289 2396 1373 2429 §.17.
1402 2395 1434 2422 cf.
1454 2395 1486 2423 V.
1507 2398 1546 2423 12.
1567 2397 1589 2430 5.
1608 2398 1631 2423 6.
1663 2412 1695 2416 -—
1726 2397 1757 2430 §.
1777 2397 1811 2422 2.
1843 2398 1935 2424 laria

1101 2440 1214 2466 civilis
1240 2441 1371 2473 peritus
1398 2445 1427 2466 et
1454 2440 1624 2473 inprimis,
1652 2441 1709 2473 qui
1735 2441 1767 2464 de
1794 2440 1863 2466 iure
1888 2450 1934 2467 re-

1101 2484 1280 2516 spondendi
1307 2483 1443 2509 licentia
1471 2492 1507 2508 ex
1534 2483 1737 2509 auctoritate
1764 2483 1934 2517 Principis

1099 2526 1218 2551 utitur.
1254 2524 1272 2551 1.
1291 2526 1354 2559 Sy.
1378 2524 1533 2561 Iurisperiti,
1552 2524 1701 2554 peritiores.
1720 2523 1786 2550 Iuris
1805 2530 1933 2553 auctores.

1098 2567 1228 2594 Auctores
1248 2568 1290 2605 (p.
1310 2578 1339 2594 se
1357 2568 1441 2605 pos.).
1471 2567 1500 2594 fr.
1522 2569 1561 2594 17.
1581 2577 1619 2604 pr.
1646 2566 1677 2592 de
1697 2567 1752 2592 iure
1770 2572 1871 2604 patron.
1890 2570 1932 2595 37.

1099 2611 1138 2636 14.
1169 2609 1363 2647 Praeceptores.
1393 2610 1522 2637 Auctores
1542 2608 1680 2643 (scholae).
1709 2608 1767 2636 Gai.
1786 2609 1804 2637 1.
1825 2612 1882 2637 196.
1901 2610 1931 2637 Il·

1099 2654 1139 2678 15.
1157 2653 1200 2679 37.
1220 2654 1260 2679 79.
1279 2655 1338 2680 200.
1366 2653 1408 2680 III.
1427 2655 1468 2679 87.
1488 2654 1529 2679 98.
1551 2653 1606 2678 167.
1626 2661 1666 2688 sq.
1685 2651 1728 2678 IV.
1749 2653 1788 2679 78.
1809 2663 1848 2690 sq.
1869 2655 1924 2679 114.

1097 2695 1126 2721 Il.
1152 2698 1219 2729 Op.
1252 2695 1370 2723 Veteres.
1394 2712 1427 2716 -
1450 2696 1516 2722 luris
1541 2699 1668 2721 auctores.
1710 2694 1750 2722 Cf.
1770 2706 1794 2722 v.
1814 2695 1931 2723 Veteres.

1097 2737 1138 2764 III.
1162 2739 1228 2765 Gn.
1260 2738 1485 2769 Constitutiones,
1514 2742 1539 2763 et
1565 2739 1709 2765 sententiae
1733 2743 1877 2771 auctorum,
1908 2749 1931 2765 v.

1097 2780 1273 2814 Constitutio,
1294 2787 1319 2808 et
1339 2783 1402 2808 iuris
1422 2785 1555 2807 auctorum
1575 2782 1701 2817 quaestio.
1730 2781 1759 2807 fr.
1779 2783 1820 2808 32.
1840 2792 1878 2819 pr.
1900 2781 1931 2807 de

1097 2834 1166 2851 usur.
1186 2826 1227 2851 22.
1250 2826 1272 2850 l.
1293 2824 1322 2851 fr.
1343 2825 1366 2850 4.
1386 2824 1407 2857 9.
1429 2825 1468 2849 14.
1489 2822 1521 2849 de
1541 2823 1564 2849 d.
1584 2833 1618 2850 m.
1638 2834 1693 2851 exc.
1713 2825 1754 2851 44.
1773 2826 1797 2851 4.
1818 2835 1839 2851 c.
1854 2826 1877 2850 4.
1891 2834 1929 2855 pr.
