<?xml version="1.0" encoding="UTF-8"?>
<!DOCTYPE html PUBLIC "-//W3C//DTD XHTML 1.0 Transitional//EN"
    "http://www.w3.org/TR/xhtml1/DTD/xhtml1-transitional.dtd">
<html xmlns="http://www.w3.org/1999/xhtml" xml:lang="en" lang="en">
 <head>
  <title>
</title>
<meta http-equiv="Content-Type" content="text/html;charset=utf-8" />
  <meta name='ocr-system' content='tesseract 3.04.00' />
  <meta name='ocr-capabilities' content='ocr_page ocr_carea ocr_par ocr_line ocrx_word'/>
</head>
<body>
  <div class='ocr_page' id='page_1' title='image "./manualelatinitat00dirk_0042.png"; bbox 0 0 2197 3121; ppageno 0'>
   <div class='ocr_carea' id='block_1_1' title="bbox 278 178 320 208">
    <p class='ocr_par' dir='ltr' id='par_1_1' title="bbox 278 178 320 208">
     <span class='ocr_line' id='line_1_1' title="bbox 278 178 320 208; baseline -0.024 0"><span class='ocrx_word' id='word_1_1' title='bbox 278 178 320 208; x_wconf 78' lang='lat'><strong>28</strong></span> 
     </span>
    </p>
   </div>
   <div class='ocr_carea' id='block_1_2' title="bbox 237 256 1146 2879">
    <p class='ocr_par' dir='ltr' id='par_1_2' title="bbox 237 256 1145 987">
     <span class='ocr_line' id='line_1_2' title="bbox 279 256 1142 287; baseline -0.001 -2"><span class='ocrx_word' id='word_1_2' title='bbox 279 259 312 286; x_wconf 86' lang='lat' dir='ltr'><strong>de</strong></span> <span class='ocrx_word' id='word_1_3' title='bbox 331 259 408 286; x_wconf 76' lang='lat' dir='ltr'><strong>indic.</strong></span> <span class='ocrx_word' id='word_1_4' title='bbox 428 261 452 285; x_wconf 82' lang='lat'><strong>5.</strong></span> <span class='ocrx_word' id='word_1_5' title='bbox 473 260 495 285; x_wconf 91' lang='lat' dir='ltr'><strong>l.</strong></span> <span class='ocrx_word' id='word_1_6' title='bbox 516 273 547 278; x_wconf 89' lang='lat'><strong>——</strong></span> <span class='ocrx_word' id='word_1_7' title='bbox 567 258 609 285; x_wconf 88' lang='lat'>111.</span> <span class='ocrx_word' id='word_1_8' title='bbox 624 259 689 286; x_wconf 69' lang='lat' dir='ltr'><strong>sn·</strong></span> <span class='ocrx_word' id='word_1_9' title='bbox 718 258 770 284; x_wconf 76' lang='lat' dir='ltr'><strong>Aut</strong></span> <span class='ocrx_word' id='word_1_10' title='bbox 784 257 816 284; x_wconf 84' lang='lat' dir='ltr'><strong>ad</strong></span> <span class='ocrx_word' id='word_1_11' title='bbox 835 257 915 287; x_wconf 80' lang='lat' dir='ltr'><strong>litem.</strong></span> <span class='ocrx_word' id='word_1_12' title='bbox 936 262 979 284; x_wconf 89' lang='lat' dir='ltr'><strong>aut</strong></span> <span class='ocrx_word' id='word_1_13' title='bbox 998 256 1030 283; x_wconf 85' lang='lat' dir='ltr'><strong>ad</strong></span> <span class='ocrx_word' id='word_1_14' title='bbox 1044 266 1119 283; x_wconf 82' lang='lat' dir='ltr'><strong>omne</strong></span> <span class='ocrx_word' id='word_1_15' title='bbox 1140 271 1142 284; x_wconf 60' lang='grc' dir='ltr'>ι</span> 
     </span>
     <span class='ocr_line' id='line_1_3' title="bbox 280 300 1120 339; baseline -0.005 -10"><span class='ocrx_word' id='word_1_16' title='bbox 280 304 425 337; x_wconf 66' lang='lat' dir='ltr'><strong>negotium,</strong></span> <span class='ocrx_word' id='word_1_17' title='bbox 449 307 493 328; x_wconf 86' lang='lat' dir='ltr'><strong>aut.</strong></span> <span class='ocrx_word' id='word_1_18' title='bbox 516 301 548 328; x_wconf 88' lang='lat' dir='ltr'><strong>ad</strong></span> <span class='ocrx_word' id='word_1_19' title='bbox 571 307 671 339; x_wconf 85' lang='lat' dir='ltr'><strong>partem</strong></span> <span class='ocrx_word' id='word_1_20' title='bbox 695 302 804 337; x_wconf 77' lang='lat' dir='ltr'><strong>negotii.</strong></span> <span class='ocrx_word' id='word_1_21' title='bbox 829 305 872 326; x_wconf 84' lang='lat' dir='ltr'><strong>aut</strong></span> <span class='ocrx_word' id='word_1_22' title='bbox 895 300 927 326; x_wconf 87' lang='lat' dir='ltr'><strong>ad</strong></span> <span class='ocrx_word' id='word_1_23' title='bbox 951 311 992 327; x_wconf 78' lang='lat' dir='ltr'><strong>res</strong></span> <span class='ocrx_word' id='word_1_24' title='bbox 1013 300 1120 326; x_wconf 82' lang='lat' dir='ltr'><strong>admini-</strong></span> 
     </span>
     <span class='ocr_line' id='line_1_4' title="bbox 279 342 1118 382; baseline -0.002 -11"><span class='ocrx_word' id='word_1_25' title='bbox 279 345 401 372; x_wconf 83' lang='lat' dir='ltr'><strong>strandas</strong></span> <span class='ocrx_word' id='word_1_26' title='bbox 425 346 598 382; x_wconf 84' lang='lat' dir='ltr'><strong>(procurator</strong></span> <span class='ocrx_word' id='word_1_27' title='bbox 617 345 720 377; x_wconf 81' lang='lat' dir='ltr'><strong>datus).</strong></span> <span class='ocrx_word' id='word_1_28' title='bbox 758 343 830 370; x_wconf 75' lang='lat' dir='ltr'><strong>Paul.</strong></span> <span class='ocrx_word' id='word_1_29' title='bbox 854 343 873 370; x_wconf 90' lang='lat' dir='ltr'><strong>l.</strong></span> <span class='ocrx_word' id='word_1_30' title='bbox 891 345 915 370; x_wconf 83' lang='lat'><strong>3.</strong></span> <span class='ocrx_word' id='word_1_31' title='bbox 940 344 962 377; x_wconf 70' lang='grc' dir='ltr'><strong>ξ.</strong></span> <span class='ocrx_word' id='word_1_32' title='bbox 982 346 1006 370; x_wconf 82' lang='lat'><strong>2.</strong></span> <span class='ocrx_word' id='word_1_33' title='bbox 1036 343 1068 369; x_wconf 73' lang='lat' dir='ltr'>cl&#39;.</span> <span class='ocrx_word' id='word_1_34' title='bbox 1089 342 1118 368; x_wconf 71' lang='lat' dir='ltr'>l&#39;r.</span> 
     </span>
     <span class='ocr_line' id='line_1_5' title="bbox 279 377 1142 425; baseline -0.001 -13"><span class='ocrx_word' id='word_1_35' title='bbox 279 390 321 415; x_wconf 79' lang='grc'><strong>33,</strong></span> <span class='ocrx_word' id='word_1_36' title='bbox 341 399 380 425; x_wconf 83' lang='lat' dir='ltr'><strong>pr.</strong></span> <span class='ocrx_word' id='word_1_37' title='bbox 404 389 426 422; x_wconf 62' lang='grc' dir='ltr'><strong>ξ.</strong></span> <span class='ocrx_word' id='word_1_38' title='bbox 448 391 469 414; x_wconf 95' lang='lat' dir='ltr'><strong>l.</strong></span> <span class='ocrx_word' id='word_1_39' title='bbox 498 388 528 414; x_wconf 68' lang='lat' dir='ltr'>l&#39;r.</span> <span class='ocrx_word' id='word_1_40' title='bbox 549 391 589 415; x_wconf 74' lang='lat'><strong>43.</strong></span> <span class='ocrx_word' id='word_1_41' title='bbox 611 398 648 424; x_wconf 88' lang='lat' dir='ltr'><strong>pr.</strong></span> <span class='ocrx_word' id='word_1_42' title='bbox 673 387 705 413; x_wconf 81' lang='lat' dir='ltr'><strong>de</strong></span> <span class='ocrx_word' id='word_1_43' title='bbox 724 397 796 423; x_wconf 81' lang='lat' dir='ltr'><strong>proc.</strong></span> <span class='ocrx_word' id='word_1_44' title='bbox 820 388 845 413; x_wconf 85' lang='lat'><strong>3.</strong></span> <span class='ocrx_word' id='word_1_45' title='bbox 864 388 888 412; x_wconf 86' lang='lat'><strong>3.</strong></span> <span class='ocrx_word' id='word_1_46' title='bbox 935 388 1011 422; x_wconf 73' lang='lat' dir='ltr'><strong>Quos</strong></span> <span class='ocrx_word' id='word_1_47' title='bbox 1036 395 1119 422; x_wconf 88' lang='lat' dir='ltr'><strong>poena</strong></span> <span class='ocrx_word' id='word_1_48' title='bbox 1140 377 1142 389; x_wconf 42' lang='lat' dir='ltr'><strong>l</strong></span> 
     </span>
     <span class='ocr_line' id='line_1_6' title="bbox 280 429 1142 471; baseline -0.003 -14"><span class='ocrx_word' id='word_1_49' title='bbox 280 433 410 461; x_wconf 72' lang='lat' dir='ltr'><strong>coercuit,</strong></span> <span class='ocrx_word' id='word_1_50' title='bbox 434 436 477 457; x_wconf 84' lang='lat' dir='ltr'><strong>aut</strong></span> <span class='ocrx_word' id='word_1_51' title='bbox 499 431 530 457; x_wconf 86' lang='lat' dir='ltr'><strong>ab</strong></span> <span class='ocrx_word' id='word_1_52' title='bbox 555 431 654 457; x_wconf 71' lang='lat' dir='ltr'><strong>honor«.-</strong></span> <span class='ocrx_word' id='word_1_53' title='bbox 673 429 851 461; x_wconf 71' lang='lat' dir='ltr'><strong>ministrandi,</strong></span> <span class='ocrx_word' id='word_1_54' title='bbox 876 429 918 456; x_wconf 80' lang='lat' dir='ltr'><strong>vel</strong></span> <span class='ocrx_word' id='word_1_55' title='bbox 938 429 1120 455; x_wconf 76' lang='lat' dir='ltr'><strong>administrati·</strong></span> <span class='ocrx_word' id='word_1_56' title='bbox 1141 452 1142 471; x_wconf 27' lang='grc' dir='ltr'>ἢ</span> 
     </span>
     <span class='ocr_line' id='line_1_7' title="bbox 279 472 1142 510; baseline -0.005 -10"><span class='ocrx_word' id='word_1_57' title='bbox 279 474 327 501; x_wconf 83' lang='lat' dir='ltr'><strong>(lae</strong></span> <span class='ocrx_word' id='word_1_58' title='bbox 347 475 383 500; x_wconf 85' lang='lat' dir='ltr'><strong>rei</strong></span> <span class='ocrx_word' id='word_1_59' title='bbox 403 475 507 510; x_wconf 68' lang='lat' dir='ltr'><strong>negotio</strong></span> <span class='ocrx_word' id='word_1_60' title='bbox 527 474 644 500; x_wconf 75' lang='lat' dir='ltr'><strong>removit.</strong></span> <span class='ocrx_word' id='word_1_61' title='bbox 671 472 700 499; x_wconf 78' lang='lat' dir='ltr'><strong>sr.</strong></span> <span class='ocrx_word' id='word_1_62' title='bbox 721 475 762 499; x_wconf 83' lang='lat'><strong>51.</strong></span> <span class='ocrx_word' id='word_1_63' title='bbox 781 473 802 506; x_wconf 63' lang='grc' dir='ltr'><strong>ξ.</strong></span> <span class='ocrx_word' id='word_1_64' title='bbox 820 474 840 499; x_wconf 90' lang='grc'><strong>1.</strong></span> <span class='ocrx_word' id='word_1_65' title='bbox 861 472 893 498; x_wconf 80' lang='lat' dir='ltr'><strong>de</strong></span> <span class='ocrx_word' id='word_1_66' title='bbox 912 483 977 498; x_wconf 82' lang='lat' dir='ltr'><strong>man.</strong></span> <span class='ocrx_word' id='word_1_67' title='bbox 998 476 1058 497; x_wconf 81' lang='lat' dir='ltr'><strong>test.</strong></span> <span class='ocrx_word' id='word_1_68' title='bbox 1078 473 1119 497; x_wconf 68' lang='lat'><strong>40.</strong></span> <span class='ocrx_word' id='word_1_69' title='bbox 1141 475 1142 502; x_wconf 51' lang='grc' dir='ltr'><strong>ξ</strong></span> 
     </span>
     <span class='ocr_line' id='line_1_8' title="bbox 279 515 1120 552; baseline -0.005 -8"><span class='ocrx_word' id='word_1_70' title='bbox 279 519 303 544; x_wconf 81' lang='lat'><strong>4.</strong></span> <span class='ocrx_word' id='word_1_71' title='bbox 342 517 409 544; x_wconf 80' lang='lat' dir='ltr'><strong>Cum</strong></span> <span class='ocrx_word' id='word_1_72' title='bbox 429 527 483 548; x_wconf 83' lang='lat' dir='ltr'><strong>res.</strong></span> <span class='ocrx_word' id='word_1_73' title='bbox 503 518 651 543; x_wconf 73' lang='lat' dir='ltr'><strong>rationesve</strong></span> <span class='ocrx_word' id='word_1_74' title='bbox 670 520 774 542; x_wconf 86' lang='lat' dir='ltr'><strong>nostras</strong></span> <span class='ocrx_word' id='word_1_75' title='bbox 794 515 986 542; x_wconf 71' lang='lat' dir='ltr'><strong>administravit</strong></span> <span class='ocrx_word' id='word_1_76' title='bbox 1010 519 1120 552; x_wconf 79' lang='lat' dir='ltr'><strong>(procu—</strong></span> 
     </span>
     <span class='ocr_line' id='line_1_9' title="bbox 279 558 1119 596; baseline -0.004 -9"><span class='ocrx_word' id='word_1_77' title='bbox 279 566 351 587; x_wconf 82' lang='lat' dir='ltr'><strong>rator</strong></span> <span class='ocrx_word' id='word_1_78' title='bbox 370 561 445 592; x_wconf 62' lang='lat' dir='ltr'><strong>ctu).</strong></span> <span class='ocrx_word' id='word_1_79' title='bbox 474 559 504 586; x_wconf 82' lang='lat' dir='ltr'><strong>sr.</strong></span> <span class='ocrx_word' id='word_1_80' title='bbox 524 561 547 585; x_wconf 83' lang='lat'><strong>9.</strong></span> <span class='ocrx_word' id='word_1_81' title='bbox 568 570 606 596; x_wconf 88' lang='lat' dir='ltr'><strong>pr.</strong></span> <span class='ocrx_word' id='word_1_82' title='bbox 635 558 668 585; x_wconf 70' lang='lat' dir='ltr'><strong>dn</strong></span> <span class='ocrx_word' id='word_1_83' title='bbox 687 558 797 585; x_wconf 76' lang='lat' dir='ltr'><strong>edendo.</strong></span> <span class='ocrx_word' id='word_1_84' title='bbox 821 561 845 585; x_wconf 86' lang='lat'><strong>2.</strong></span> <span class='ocrx_word' id='word_1_85' title='bbox 867 560 906 584; x_wconf 85' lang='lat'><strong>13.</strong></span> <span class='ocrx_word' id='word_1_86' title='bbox 936 558 966 584; x_wconf 64' lang='lat' dir='ltr'>l&#39;r.</span> <span class='ocrx_word' id='word_1_87' title='bbox 986 559 1027 584; x_wconf 66' lang='lat'><strong>28.</strong></span> <span class='ocrx_word' id='word_1_88' title='bbox 1054 558 1075 592; x_wconf 69' lang='grc' dir='ltr'><strong>ξ.</strong></span> <span class='ocrx_word' id='word_1_89' title='bbox 1095 559 1119 584; x_wconf 77' lang='grc'><strong>9,</strong></span> 
     </span>
     <span class='ocr_line' id='line_1_10' title="bbox 280 600 1144 638; baseline -0.005 -8"><span class='ocrx_word' id='word_1_90' title='bbox 280 604 313 630; x_wconf 79' lang='lat' dir='ltr'><strong>dr</strong></span> <span class='ocrx_word' id='word_1_91' title='bbox 332 603 406 630; x_wconf 87' lang='lat' dir='ltr'><strong>liber.</strong></span> <span class='ocrx_word' id='word_1_92' title='bbox 426 603 474 638; x_wconf 73' lang='lat' dir='ltr'>leg.</span> <span class='ocrx_word' id='word_1_93' title='bbox 493 604 534 628; x_wconf 83' lang='lat'><strong>34.</strong></span> <span class='ocrx_word' id='word_1_94' title='bbox 553 604 578 628; x_wconf 87' lang='lat'><strong>3.</strong></span> <span class='ocrx_word' id='word_1_95' title='bbox 615 601 754 628; x_wconf 77' lang='lat' dir='ltr'><strong>Rationem</strong></span> <span class='ocrx_word' id='word_1_96' title='bbox 773 607 846 627; x_wconf 83' lang='lat' dir='ltr'><strong>actus</strong></span> <span class='ocrx_word' id='word_1_97' title='bbox 866 612 878 627; x_wconf 91' lang='lat' dir='ltr'><strong>a</strong></span> <span class='ocrx_word' id='word_1_98' title='bbox 898 611 926 626; x_wconf 86' lang='lat' dir='ltr'><strong>se</strong></span> <span class='ocrx_word' id='word_1_99' title='bbox 947 600 1119 627; x_wconf 80' lang='lat' dir='ltr'><strong>administrati</strong></span> <span class='ocrx_word' id='word_1_100' title='bbox 1142 616 1144 633; x_wconf 63' lang='lat' dir='ltr'><strong>l</strong></span> 
     </span>
     <span class='ocr_line' id='line_1_11' title="bbox 281 644 1143 682; baseline -0.005 -9"><span class='ocrx_word' id='word_1_101' title='bbox 281 647 400 674; x_wconf 79' lang='lat' dir='ltr'><strong>reddere.</strong></span> <span class='ocrx_word' id='word_1_102' title='bbox 429 646 459 672; x_wconf 87' lang='lat' dir='ltr'><strong>sr.</strong></span> <span class='ocrx_word' id='word_1_103' title='bbox 480 646 519 671; x_wconf 88' lang='lat'><strong>19.</strong></span> <span class='ocrx_word' id='word_1_104' title='bbox 540 655 579 682; x_wconf 85' lang='lat' dir='ltr'><strong>pr.</strong></span> <span class='ocrx_word' id='word_1_105' title='bbox 600 644 629 671; x_wconf 84' lang='lat' dir='ltr'><strong>sr.</strong></span> <span class='ocrx_word' id='word_1_106' title='bbox 643 647 685 671; x_wconf 81' lang='lat'><strong>37.</strong></span> <span class='ocrx_word' id='word_1_107' title='bbox 706 645 738 671; x_wconf 81' lang='lat' dir='ltr'><strong>de</strong></span> <span class='ocrx_word' id='word_1_108' title='bbox 758 644 842 671; x_wconf 81' lang='lat' dir='ltr'><strong>lideic.</strong></span> <span class='ocrx_word' id='word_1_109' title='bbox 863 644 927 670; x_wconf 88' lang='lat' dir='ltr'><strong>libb.</strong></span> <span class='ocrx_word' id='word_1_110' title='bbox 947 646 989 670; x_wconf 82' lang='lat'><strong>40.</strong></span> <span class='ocrx_word' id='word_1_111' title='bbox 1009 646 1032 670; x_wconf 89' lang='lat'><strong>5.</strong></span> <span class='ocrx_word' id='word_1_112' title='bbox 1071 644 1121 670; x_wconf 86' lang='lat' dir='ltr'><strong>Ge·</strong></span> <span class='ocrx_word' id='word_1_113' title='bbox 1141 658 1143 669; x_wconf 67' lang='lat'>&lt;</span> 
     </span>
     <span class='ocr_line' id='line_1_12' title="bbox 280 682 1144 725; baseline -0.003 -9"><span class='ocrx_word' id='word_1_114' title='bbox 280 701 338 717; x_wconf 83' lang='lat' dir='ltr'><strong>rere</strong></span> <span class='ocrx_word' id='word_1_115' title='bbox 363 695 439 725; x_wconf 79' lang='lat' dir='ltr'><strong>atque</strong></span> <span class='ocrx_word' id='word_1_116' title='bbox 463 688 558 714; x_wconf 72' lang='lat' dir='ltr'><strong>athnin.</strong></span> <span class='ocrx_word' id='word_1_117' title='bbox 584 688 734 721; x_wconf 88' lang='lat' dir='ltr'><strong>(tutelam).</strong></span> <span class='ocrx_word' id='word_1_118' title='bbox 769 688 799 714; x_wconf 81' lang='lat' dir='ltr'><strong>fr.</strong></span> <span class='ocrx_word' id='word_1_119' title='bbox 826 689 847 713; x_wconf 90' lang='lat'><strong>1.</strong></span> <span class='ocrx_word' id='word_1_120' title='bbox 871 697 909 724; x_wconf 85' lang='lat' dir='ltr'><strong>pr.</strong></span> <span class='ocrx_word' id='word_1_121' title='bbox 940 687 972 713; x_wconf 87' lang='lat' dir='ltr'><strong>de</strong></span> <span class='ocrx_word' id='word_1_122' title='bbox 1000 687 1067 714; x_wconf 86' lang='lat' dir='ltr'><strong>adm.</strong></span> <span class='ocrx_word' id='word_1_123' title='bbox 1096 691 1121 713; x_wconf 83' lang='lat' dir='ltr'><strong>et</strong></span> <span class='ocrx_word' id='word_1_124' title='bbox 1143 682 1144 703; x_wconf 61' lang='lat' dir='ltr'><strong>l</strong></span> 
     </span>
     <span class='ocr_line' id='line_1_13' title="bbox 280 729 1122 771; baseline -0.004 -13"><span class='ocrx_word' id='word_1_125' title='bbox 280 734 359 771; x_wconf 82' lang='lat' dir='ltr'><strong>peric.</strong></span> <span class='ocrx_word' id='word_1_126' title='bbox 379 734 420 758; x_wconf 96' lang='lat'><strong>26.</strong></span> <span class='ocrx_word' id='word_1_127' title='bbox 442 733 464 758; x_wconf 89' lang='grc'><strong>7.</strong></span> <span class='ocrx_word' id='word_1_128' title='bbox 502 731 625 758; x_wconf 88' lang='lat' dir='ltr'><strong>Tutelam</strong></span> <span class='ocrx_word' id='word_1_129' title='bbox 645 736 669 757; x_wconf 77' lang='lat' dir='ltr'><strong>et</strong></span> <span class='ocrx_word' id='word_1_130' title='bbox 689 741 744 763; x_wconf 76' lang='lat' dir='ltr'><strong>res.</strong></span> <span class='ocrx_word' id='word_1_131' title='bbox 765 740 785 757; x_wconf 90' lang='lat' dir='ltr'><strong>s.</strong></span> <span class='ocrx_word' id='word_1_132' title='bbox 807 731 942 765; x_wconf 64' lang='lat' dir='ltr'><strong>negotiave</strong></span> <span class='ocrx_word' id='word_1_133' title='bbox 962 731 1016 763; x_wconf 85' lang='lat' dir='ltr'><strong>(sc.</strong></span> <span class='ocrx_word' id='word_1_134' title='bbox 1036 729 1122 767; x_wconf 86' lang='lat' dir='ltr'><strong>pupil-</strong></span> 
     </span>
     <span class='ocr_line' id='line_1_14' title="bbox 237 767 1145 809; baseline -0.004 -6"><span class='ocrx_word' id='word_1_135' title='bbox 237 767 246 777; x_wconf 50' lang='lat'><em>*</em></span> <span class='ocrx_word' id='word_1_136' title='bbox 279 776 377 809; x_wconf 86' lang='lat' dir='ltr'><strong>lorum)</strong></span> <span class='ocrx_word' id='word_1_137' title='bbox 397 775 493 802; x_wconf 87' lang='lat' dir='ltr'><strong>admin.</strong></span> <span class='ocrx_word' id='word_1_138' title='bbox 518 774 549 801; x_wconf 88' lang='lat' dir='ltr'><strong>sr.</strong></span> <span class='ocrx_word' id='word_1_139' title='bbox 563 775 604 801; x_wconf 85' lang='lat'><strong>39.</strong></span> <span class='ocrx_word' id='word_1_140' title='bbox 625 774 646 807; x_wconf 62' lang='grc' dir='ltr'><strong>ξ.</strong></span> <span class='ocrx_word' id='word_1_141' title='bbox 661 776 685 800; x_wconf 90' lang='lat'><strong>2.</strong></span> <span class='ocrx_word' id='word_1_142' title='bbox 706 773 738 799; x_wconf 82' lang='lat' dir='ltr'><strong>de</strong></span> <span class='ocrx_word' id='word_1_143' title='bbox 758 773 860 799; x_wconf 83' lang='lat' dir='ltr'><strong>liberali</strong></span> <span class='ocrx_word' id='word_1_144' title='bbox 880 784 901 800; x_wconf 85' lang='lat' dir='ltr'><strong>c.</strong></span> <span class='ocrx_word' id='word_1_145' title='bbox 914 776 956 800; x_wconf 94' lang='lat'><strong>40.</strong></span> <span class='ocrx_word' id='word_1_146' title='bbox 978 775 1018 800; x_wconf 84' lang='lat'><strong>12.</strong></span> <span class='ocrx_word' id='word_1_147' title='bbox 1038 774 1120 800; x_wconf 63' lang='lat'>¹1:35.</span> <span class='ocrx_word' id='word_1_148' title='bbox 1143 772 1145 783; x_wconf 51' lang='lat' dir='ltr'>x</span> 
     </span>
     <span class='ocr_line' id='line_1_15' title="bbox 279 812 1145 854; baseline -0.005 -8"><span class='ocrx_word' id='word_1_149' title='bbox 279 820 312 847; x_wconf 84' lang='lat' dir='ltr'><strong>de</strong></span> <span class='ocrx_word' id='word_1_150' title='bbox 331 819 362 846; x_wconf 58' lang='lat' dir='ltr'><strong>N.</strong></span> <span class='ocrx_word' id='word_1_151' title='bbox 383 819 415 846; x_wconf 91' lang='lat' dir='ltr'><strong>G.</strong></span> <span class='ocrx_word' id='word_1_152' title='bbox 434 820 459 846; x_wconf 91' lang='lat'><strong>3.</strong></span> <span class='ocrx_word' id='word_1_153' title='bbox 478 819 502 844; x_wconf 87' lang='lat'><strong>5.</strong></span> <span class='ocrx_word' id='word_1_154' title='bbox 541 817 696 844; x_wconf 72' lang='lat' dir='ltr'><strong>Curatorem</strong></span> <span class='ocrx_word' id='word_1_155' title='bbox 717 817 855 848; x_wconf 76' lang='lat' dir='ltr'><strong>constitui,</strong></span> <span class='ocrx_word' id='word_1_156' title='bbox 879 827 927 854; x_wconf 83' lang='lat' dir='ltr'><strong>per</strong></span> <span class='ocrx_word' id='word_1_157' title='bbox 951 827 1029 853; x_wconf 84' lang='lat' dir='ltr'><strong>quem</strong></span> <span class='ocrx_word' id='word_1_158' title='bbox 1053 816 1122 842; x_wconf 89' lang='lat' dir='ltr'><strong>bona</strong></span> <span class='ocrx_word' id='word_1_159' title='bbox 1143 812 1145 843; x_wconf 74' lang='lat' dir='ltr'><strong>i</strong></span> 
     </span>
     <span class='ocr_line' id='line_1_16' title="bbox 279 859 1120 893; baseline -0.005 -3"><span class='ocrx_word' id='word_1_160' title='bbox 279 863 502 890; x_wconf 80' lang='lat' dir='ltr'><strong>administrentur.</strong></span> <span class='ocrx_word' id='word_1_161' title='bbox 523 860 553 886; x_wconf 81' lang='lat' dir='ltr'><strong>fr.</strong></span> <span class='ocrx_word' id='word_1_162' title='bbox 567 862 590 886; x_wconf 85' lang='lat'><strong>5.</strong></span> <span class='ocrx_word' id='word_1_163' title='bbox 611 860 632 893; x_wconf 63' lang='grc' dir='ltr'><strong>ξ.</strong></span> <span class='ocrx_word' id='word_1_164' title='bbox 646 862 670 885; x_wconf 84' lang='lat'><strong>2.</strong></span> <span class='ocrx_word' id='word_1_165' title='bbox 691 859 723 885; x_wconf 82' lang='lat' dir='ltr'><strong>(le</strong></span> <span class='ocrx_word' id='word_1_166' title='bbox 743 859 857 886; x_wconf 82' lang='lat' dir='ltr'><strong>Carbon.</strong></span> <span class='ocrx_word' id='word_1_167' title='bbox 874 859 914 886; x_wconf 84' lang='lat' dir='ltr'><strong>ed.</strong></span> <span class='ocrx_word' id='word_1_168' title='bbox 933 861 975 886; x_wconf 89' lang='lat'><strong>37.</strong></span> <span class='ocrx_word' id='word_1_169' title='bbox 992 862 1032 886; x_wconf 90' lang='grc'><strong>10.</strong></span> <span class='ocrx_word' id='word_1_170' title='bbox 1052 859 1083 886; x_wconf 68' lang='grc' dir='ltr'><strong>Γπ.</strong></span> <span class='ocrx_word' id='word_1_171' title='bbox 1096 861 1120 886; x_wconf 94' lang='lat'><strong>3.</strong></span> 
     </span>
     <span class='ocr_line' id='line_1_17' title="bbox 278 902 1121 941; baseline -0.005 -8"><span class='ocrx_word' id='word_1_172' title='bbox 278 907 301 941; x_wconf 56' lang='grc' dir='ltr'><strong>ς’.</strong></span> <span class='ocrx_word' id='word_1_173' title='bbox 316 907 340 932; x_wconf 87' lang='grc'><strong>3.</strong></span> <span class='ocrx_word' id='word_1_174' title='bbox 361 905 393 932; x_wconf 80' lang='lat' dir='ltr'><strong>de.</strong></span> <span class='ocrx_word' id='word_1_175' title='bbox 412 915 485 939; x_wconf 84' lang='lat' dir='ltr'><strong>susp.</strong></span> <span class='ocrx_word' id='word_1_176' title='bbox 506 908 585 930; x_wconf 88' lang='lat' dir='ltr'><strong>tutor.</strong></span> <span class='ocrx_word' id='word_1_177' title='bbox 610 904 651 928; x_wconf 88' lang='lat'><strong>26.</strong></span> <span class='ocrx_word' id='word_1_178' title='bbox 666 904 707 929; x_wconf 89' lang='grc'><strong>10.</strong></span> <span class='ocrx_word' id='word_1_179' title='bbox 745 902 905 929; x_wconf 74' lang='lat' dir='ltr'>Societatem</span> <span class='ocrx_word' id='word_1_180' title='bbox 923 903 1019 929; x_wconf 78' lang='lat' dir='ltr'><strong>admiu.</strong></span> <span class='ocrx_word' id='word_1_181' title='bbox 1039 902 1069 929; x_wconf 76' lang='lat' dir='ltr'><strong>fr.</strong></span> <span class='ocrx_word' id='word_1_182' title='bbox 1081 904 1121 929; x_wconf 91' lang='lat'><strong>16.</strong></span> 
     </span>
     <span class='ocr_line' id='line_1_18' title="bbox 280 949 566 987; baseline -0.007 -13"><span class='ocrx_word' id='word_1_183' title='bbox 280 959 319 987; x_wconf 86' lang='lat' dir='ltr'><strong>pr.</strong></span> <span class='ocrx_word' id='word_1_184' title='bbox 339 959 388 986; x_wconf 87' lang='lat' dir='ltr'><strong>pro</strong></span> <span class='ocrx_word' id='word_1_185' title='bbox 408 959 462 975; x_wconf 88' lang='lat' dir='ltr'><strong>soc.</strong></span> <span class='ocrx_word' id='word_1_186' title='bbox 483 949 522 973; x_wconf 92' lang='lat'><strong>17.</strong></span> <span class='ocrx_word' id='word_1_187' title='bbox 542 950 566 973; x_wconf 85' lang='lat'><strong>2.</strong></span> 
     </span>
    </p>

    <p class='ocr_par' dir='ltr' id='par_1_3' title="bbox 278 989 1146 2408">
     <span class='ocr_line' id='line_1_19' title="bbox 314 989 1122 1023; baseline -0.005 -4"><span class='ocrx_word' id='word_1_188' title='bbox 314 989 614 1019; x_wconf 76' lang='lat' dir='ltr'><strong>Administratio.</strong></span> <span class='ocrx_word' id='word_1_189' title='bbox 653 990 683 1023; x_wconf 66' lang='grc' dir='ltr'><strong>ξ.</strong></span> <span class='ocrx_word' id='word_1_190' title='bbox 704 990 738 1016; x_wconf 89' lang='grc'><strong>1.</strong></span> <span class='ocrx_word' id='word_1_191' title='bbox 766 991 892 1022; x_wconf 68' lang='lat' dir='ltr'><strong>Gema,</strong></span> <span class='ocrx_word' id='word_1_192' title='bbox 912 999 933 1016; x_wconf 78' lang='lat' dir='ltr'><strong>v.</strong></span> <span class='ocrx_word' id='word_1_193' title='bbox 956 990 1055 1021; x_wconf 76' lang='lat' dir='ltr'><strong>Cura,</strong></span> <span class='ocrx_word' id='word_1_194' title='bbox 1075 999 1122 1015; x_wconf 79' lang='lat' dir='ltr'><strong>re-</strong></span> 
     </span>
     <span class='ocr_line' id='line_1_20' title="bbox 279 1031 1145 1070; baseline -0.005 -8"><span class='ocrx_word' id='word_1_195' title='bbox 279 1046 347 1062; x_wconf 77' lang='lat' dir='ltr'><strong>rnm</strong></span> <span class='ocrx_word' id='word_1_196' title='bbox 365 1036 587 1070; x_wconf 79' lang='lat' dir='ltr'><strong>publicarum,</strong></span> <span class='ocrx_word' id='word_1_197' title='bbox 612 1043 631 1059; x_wconf 78' lang='lat' dir='ltr'><strong>s.</strong></span> <span class='ocrx_word' id='word_1_198' title='bbox 651 1034 793 1059; x_wconf 74' lang='lat' dir='ltr'><strong>muneris</strong></span> <span class='ocrx_word' id='word_1_199' title='bbox 810 1034 880 1067; x_wconf 74' lang='lat' dir='ltr'>pub.</span> <span class='ocrx_word' id='word_1_200' title='bbox 917 1032 936 1058; x_wconf 90' lang='grc'><strong>1.</strong></span> <span class='ocrx_word' id='word_1_201' title='bbox 957 1034 1018 1066; x_wconf 76' lang='lat' dir='ltr'><strong>Sy.</strong></span> <span class='ocrx_word' id='word_1_202' title='bbox 1057 1031 1122 1058; x_wconf 82' lang='lat' dir='ltr'><strong>Offi-</strong></span> <span class='ocrx_word' id='word_1_203' title='bbox 1144 1057 1145 1062; x_wconf 67' lang='grc'>,</span> 
     </span>
     <span class='ocr_line' id='line_1_21' title="bbox 280 1075 1121 1111; baseline -0.005 -6"><span class='ocrx_word' id='word_1_204' title='bbox 280 1080 356 1105; x_wconf 81' lang='lat' dir='ltr'><strong>cium.</strong></span> <span class='ocrx_word' id='word_1_205' title='bbox 386 1078 415 1104; x_wconf 87' lang='lat' dir='ltr'><strong>sr.</strong></span> <span class='ocrx_word' id='word_1_206' title='bbox 434 1079 459 1103; x_wconf 86' lang='lat'><strong>3.</strong></span> <span class='ocrx_word' id='word_1_207' title='bbox 478 1078 500 1111; x_wconf 60' lang='grc' dir='ltr'><strong>ξ.</strong></span> <span class='ocrx_word' id='word_1_208' title='bbox 519 1079 544 1103; x_wconf 85' lang='lat'><strong>2.</strong></span> <span class='ocrx_word' id='word_1_209' title='bbox 565 1076 598 1103; x_wconf 76' lang='lat' dir='ltr'><strong>de</strong></span> <span class='ocrx_word' id='word_1_210' title='bbox 616 1075 711 1102; x_wconf 90' lang='lat' dir='ltr'><strong>admiu.</strong></span> <span class='ocrx_word' id='word_1_211' title='bbox 730 1086 780 1102; x_wconf 83' lang='lat' dir='ltr'><strong>rer.</strong></span> <span class='ocrx_word' id='word_1_212' title='bbox 800 1077 849 1102; x_wconf 87' lang='lat' dir='ltr'><strong>civ.</strong></span> <span class='ocrx_word' id='word_1_213' title='bbox 868 1077 910 1101; x_wconf 91' lang='lat'><strong>50.</strong></span> <span class='ocrx_word' id='word_1_214' title='bbox 929 1076 954 1101; x_wconf 80' lang='lat'><strong>8.</strong></span> <span class='ocrx_word' id='word_1_215' title='bbox 990 1075 1121 1111; x_wconf 78' lang='lat' dir='ltr'><strong>Dignitas.</strong></span> 
     </span>
     <span class='ocr_line' id='line_1_22' title="bbox 279 1118 1121 1156; baseline -0.004 -8"><span class='ocrx_word' id='word_1_216' title='bbox 279 1121 330 1148; x_wconf 92' lang='lat' dir='ltr'><strong>Th.</strong></span> <span class='ocrx_word' id='word_1_217' title='bbox 345 1121 375 1147; x_wconf 63' lang='grc' dir='ltr'><strong>Γ.</strong></span> <span class='ocrx_word' id='word_1_218' title='bbox 390 1120 432 1147; x_wconf 74' lang='lat' dir='ltr'><strong>U.</strong></span> <span class='ocrx_word' id='word_1_219' title='bbox 447 1122 488 1147; x_wconf 81' lang='lat'><strong>35.</strong></span> <span class='ocrx_word' id='word_1_220' title='bbox 503 1130 524 1146; x_wconf 88' lang='lat' dir='ltr'><strong>c.</strong></span> <span class='ocrx_word' id='word_1_221' title='bbox 539 1122 562 1146; x_wconf 90' lang='lat'><strong>5.</strong></span> <span class='ocrx_word' id='word_1_222' title='bbox 583 1119 615 1146; x_wconf 91' lang='lat' dir='ltr'><strong>de</strong></span> <span class='ocrx_word' id='word_1_223' title='bbox 634 1120 701 1156; x_wconf 84' lang='lat' dir='ltr'><strong>priv.</strong></span> <span class='ocrx_word' id='word_1_224' title='bbox 716 1129 768 1145; x_wconf 88' lang='lat' dir='ltr'><strong>eor.</strong></span> <span class='ocrx_word' id='word_1_225' title='bbox 783 1129 826 1155; x_wconf 87' lang='lat' dir='ltr'><strong>qu.</strong></span> <span class='ocrx_word' id='word_1_226' title='bbox 846 1120 873 1144; x_wconf 92' lang='lat' dir='ltr'><strong>in</strong></span> <span class='ocrx_word' id='word_1_227' title='bbox 886 1118 914 1145; x_wconf 88' lang='lat' dir='ltr'><strong>S.</strong></span> <span class='ocrx_word' id='word_1_228' title='bbox 927 1118 979 1155; x_wconf 89' lang='lat' dir='ltr'><strong>pal.</strong></span> <span class='ocrx_word' id='word_1_229' title='bbox 1007 1118 1038 1144; x_wconf 91' lang='grc'><strong>11.</strong></span> <span class='ocrx_word' id='word_1_230' title='bbox 1054 1121 1121 1152; x_wconf 79' lang='lat' dir='ltr'><strong>Op.</strong></span> 
     </span>
     <span class='ocr_line' id='line_1_23' title="bbox 279 1161 1122 1200; baseline -0.002 -11"><span class='ocrx_word' id='word_1_231' title='bbox 279 1166 332 1200; x_wconf 78' lang='lat' dir='ltr'><strong>Qui</strong></span> <span class='ocrx_word' id='word_1_232' title='bbox 352 1165 463 1200; x_wconf 65' lang='lat' dir='ltr'><strong>insignia</strong></span> <span class='ocrx_word' id='word_1_233' title='bbox 477 1163 711 1190; x_wconf 71' lang='lat' dir='ltr'><strong>administrationis</strong></span> <span class='ocrx_word' id='word_1_234' title='bbox 725 1163 863 1197; x_wconf 70' lang='lat' dir='ltr'>gesserint.</span> <span class='ocrx_word' id='word_1_235' title='bbox 883 1178 916 1181; x_wconf 93' lang='lat'><em>-</em></span> <span class='ocrx_word' id='word_1_236' title='bbox 936 1161 1122 1188; x_wconf 74' lang='lat' dir='ltr'><strong>Codicillariac</strong></span> 
     </span>
     <span class='ocr_line' id='line_1_24' title="bbox 279 1204 1121 1243; baseline -0.005 -9"><span class='ocrx_word' id='word_1_237' title='bbox 279 1208 428 1243; x_wconf 69' lang='lat' dir='ltr'><strong>dignitates.</strong></span> <span class='ocrx_word' id='word_1_238' title='bbox 464 1206 501 1232; x_wconf 86' lang='lat' dir='ltr'><strong>lb.</strong></span> <span class='ocrx_word' id='word_1_239' title='bbox 522 1205 565 1232; x_wconf 73' lang='lat' dir='ltr'><strong>VI.</strong></span> <span class='ocrx_word' id='word_1_240' title='bbox 585 1208 627 1231; x_wconf 82' lang='lat'><strong>22.</strong></span> <span class='ocrx_word' id='word_1_241' title='bbox 653 1216 673 1231; x_wconf 90' lang='lat' dir='ltr'><strong>c.</strong></span> <span class='ocrx_word' id='word_1_242' title='bbox 695 1207 717 1231; x_wconf 88' lang='lat'><strong>7.</strong></span> <span class='ocrx_word' id='word_1_243' title='bbox 737 1215 776 1241; x_wconf 87' lang='lat' dir='ltr'><strong>pr.</strong></span> <span class='ocrx_word' id='word_1_244' title='bbox 807 1204 838 1231; x_wconf 82' lang='lat' dir='ltr'><strong>cf.</strong></span> <span class='ocrx_word' id='word_1_245' title='bbox 859 1215 880 1231; x_wconf 87' lang='lat' dir='ltr'><strong>c.</strong></span> <span class='ocrx_word' id='word_1_246' title='bbox 901 1206 925 1231; x_wconf 87' lang='lat'><strong>5.</strong></span> <span class='ocrx_word' id='word_1_247' title='bbox 962 1205 1004 1231; x_wconf 83' lang='lat' dir='ltr'><strong>De</strong></span> <span class='ocrx_word' id='word_1_248' title='bbox 1028 1204 1121 1231; x_wconf 87' lang='lat' dir='ltr'><strong>honor.</strong></span> 
     </span>
     <span class='ocr_line' id='line_1_25' title="bbox 280 1247 1122 1286; baseline -0.004 -9"><span class='ocrx_word' id='word_1_249' title='bbox 280 1251 362 1278; x_wconf 80' lang='lat' dir='ltr'><strong>codic.</strong></span> <span class='ocrx_word' id='word_1_250' title='bbox 391 1249 524 1286; x_wconf 77' lang='lat' dir='ltr'><strong>Quamdiu</strong></span> <span class='ocrx_word' id='word_1_251' title='bbox 536 1250 563 1275; x_wconf 91' lang='lat' dir='ltr'><strong>in</strong></span> <span class='ocrx_word' id='word_1_252' title='bbox 582 1248 807 1275; x_wconf 72' lang='lat' dir='ltr'><strong>administratione</strong></span> <span class='ocrx_word' id='word_1_253' title='bbox 825 1248 912 1274; x_wconf 84' lang='lat' dir='ltr'><strong>suerit.</strong></span> <span class='ocrx_word' id='word_1_254' title='bbox 932 1264 965 1267; x_wconf 97' lang='lat'><strong>—</strong></span> <span class='ocrx_word' id='word_1_255' title='bbox 989 1248 1058 1274; x_wconf 86' lang='lat' dir='ltr'><strong>Cum</strong></span> <span class='ocrx_word' id='word_1_256' title='bbox 1077 1247 1122 1274; x_wconf 90' lang='lat' dir='ltr'><strong>ho-</strong></span> 
     </span>
     <span class='ocr_line' id='line_1_26' title="bbox 280 1290 1120 1328; baseline -0.005 -7"><span class='ocrx_word' id='word_1_257' title='bbox 280 1305 343 1321; x_wconf 87' lang='lat' dir='ltr'><strong>nore</strong></span> <span class='ocrx_word' id='word_1_258' title='bbox 362 1294 463 1320; x_wconf 81' lang='lat' dir='ltr'><strong>abierit.</strong></span> <span class='ocrx_word' id='word_1_259' title='bbox 501 1293 538 1319; x_wconf 91' lang='lat' dir='ltr'><strong>lb.</strong></span> <span class='ocrx_word' id='word_1_260' title='bbox 558 1292 600 1319; x_wconf 88' lang='grc' dir='ltr'><strong>ΙΙΙ.</strong></span> <span class='ocrx_word' id='word_1_261' title='bbox 622 1293 662 1318; x_wconf 90' lang='lat'><strong>11.</strong></span> <span class='ocrx_word' id='word_1_262' title='bbox 687 1302 708 1318; x_wconf 89' lang='lat' dir='ltr'><strong>c.</strong></span> <span class='ocrx_word' id='word_1_263' title='bbox 730 1293 752 1317; x_wconf 90' lang='lat'><strong>1.</strong></span> <span class='ocrx_word' id='word_1_264' title='bbox 772 1302 811 1328; x_wconf 87' lang='lat' dir='ltr'><strong>pr.</strong></span> <span class='ocrx_word' id='word_1_265' title='bbox 836 1292 858 1325; x_wconf 70' lang='grc' dir='ltr'><strong>ς’.</strong></span> <span class='ocrx_word' id='word_1_266' title='bbox 879 1293 902 1318; x_wconf 91' lang='lat' dir='ltr'><strong>l.</strong></span> <span class='ocrx_word' id='word_1_267' title='bbox 927 1292 949 1317; x_wconf 90' lang='lat' dir='ltr'><strong>si</strong></span> <span class='ocrx_word' id='word_1_268' title='bbox 969 1301 1012 1327; x_wconf 87' lang='lat' dir='ltr'><strong>qu.</strong></span> <span class='ocrx_word' id='word_1_269' title='bbox 1031 1290 1120 1328; x_wconf 88' lang='lat' dir='ltr'><strong>praed.</strong></span> 
     </span>
     <span class='ocr_line' id='line_1_27' title="bbox 279 1334 1121 1375; baseline -0.004 -12"><span class='ocrx_word' id='word_1_270' title='bbox 279 1343 333 1375; x_wconf 81' lang='lat' dir='ltr'><strong>pot.</strong></span> <span class='ocrx_word' id='word_1_271' title='bbox 371 1337 413 1364; x_wconf 94' lang='lat'>111.</span> <span class='ocrx_word' id='word_1_272' title='bbox 434 1338 500 1365; x_wconf 74' lang='lat' dir='ltr'><strong>Cn.</strong></span> <span class='ocrx_word' id='word_1_273' title='bbox 533 1335 585 1363; x_wconf 85' lang='lat' dir='ltr'><strong>Cui</strong></span> <span class='ocrx_word' id='word_1_274' title='bbox 604 1334 720 1361; x_wconf 79' lang='lat' dir='ltr'><strong>defertur</strong></span> <span class='ocrx_word' id='word_1_275' title='bbox 742 1334 840 1366; x_wconf 74' lang='lat' dir='ltr'><strong>honor.</strong></span> <span class='ocrx_word' id='word_1_276' title='bbox 864 1335 921 1360; x_wconf 78' lang='lat' dir='ltr'><strong>sive</strong></span> <span class='ocrx_word' id='word_1_277' title='bbox 944 1335 1060 1360; x_wconf 80' lang='lat' dir='ltr'><strong>muneris</strong></span> <span class='ocrx_word' id='word_1_278' title='bbox 1080 1334 1121 1360; x_wconf 86' lang='lat' dir='ltr'><strong>ad-</strong></span> 
     </span>
     <span class='ocr_line' id='line_1_28' title="bbox 278 1377 1122 1412; baseline -0.004 -5"><span class='ocrx_word' id='word_1_279' title='bbox 278 1381 445 1407; x_wconf 76' lang='lat' dir='ltr'><strong>ministratio.</strong></span> <span class='ocrx_word' id='word_1_280' title='bbox 469 1379 499 1406; x_wconf 84' lang='lat' dir='ltr'><strong>fr.</strong></span> <span class='ocrx_word' id='word_1_281' title='bbox 521 1381 561 1405; x_wconf 84' lang='lat'><strong>14.</strong></span> <span class='ocrx_word' id='word_1_282' title='bbox 581 1379 603 1412; x_wconf 78' lang='lat'><strong>§.</strong></span> <span class='ocrx_word' id='word_1_283' title='bbox 622 1380 647 1404; x_wconf 86' lang='lat'><strong>3.</strong></span> <span class='ocrx_word' id='word_1_284' title='bbox 673 1378 704 1404; x_wconf 82' lang='lat' dir='ltr'><strong>de</strong></span> <span class='ocrx_word' id='word_1_285' title='bbox 724 1388 793 1403; x_wconf 90' lang='lat' dir='ltr'><strong>mun.</strong></span> <span class='ocrx_word' id='word_1_286' title='bbox 815 1382 839 1403; x_wconf 83' lang='lat' dir='ltr'><strong>ct</strong></span> <span class='ocrx_word' id='word_1_287' title='bbox 858 1377 920 1404; x_wconf 87' lang='lat' dir='ltr'>hou.</span> <span class='ocrx_word' id='word_1_288' title='bbox 945 1380 986 1404; x_wconf 87' lang='lat'><strong>50.</strong></span> <span class='ocrx_word' id='word_1_289' title='bbox 1006 1380 1030 1405; x_wconf 90' lang='lat'><strong>4.</strong></span> <span class='ocrx_word' id='word_1_290' title='bbox 1068 1377 1122 1404; x_wconf 84' lang='lat' dir='ltr'><strong>Ad-</strong></span> 
     </span>
     <span class='ocr_line' id='line_1_29' title="bbox 278 1420 1120 1460; baseline -0.005 -9"><span class='ocrx_word' id='word_1_291' title='bbox 278 1425 436 1451; x_wconf 84' lang='lat' dir='ltr'><strong>ministratio</strong></span> <span class='ocrx_word' id='word_1_292' title='bbox 456 1422 557 1460; x_wconf 87' lang='lat' dir='ltr'><strong>reipub.</strong></span> <span class='ocrx_word' id='word_1_293' title='bbox 577 1432 636 1448; x_wconf 87' lang='lat' dir='ltr'><strong>cum</strong></span> <span class='ocrx_word' id='word_1_294' title='bbox 655 1421 789 1457; x_wconf 74' lang='lat' dir='ltr'><strong>dignitatis</strong></span> <span class='ocrx_word' id='word_1_295' title='bbox 808 1421 897 1456; x_wconf 71' lang='lat' dir='ltr'><strong>gradu.</strong></span> <span class='ocrx_word' id='word_1_296' title='bbox 918 1420 947 1447; x_wconf 83' lang='lat' dir='ltr'><strong>fr.</strong></span> <span class='ocrx_word' id='word_1_297' title='bbox 964 1422 1003 1447; x_wconf 91' lang='lat'><strong>14.</strong></span> <span class='ocrx_word' id='word_1_298' title='bbox 1018 1431 1057 1458; x_wconf 90' lang='lat' dir='ltr'><strong>pr.</strong></span> <span class='ocrx_word' id='word_1_299' title='bbox 1072 1420 1089 1447; x_wconf 94' lang='grc'><strong>1.</strong></span> <span class='ocrx_word' id='word_1_300' title='bbox 1104 1420 1120 1447; x_wconf 99' lang='lat' dir='ltr'><strong>l.</strong></span> 
     </span>
     <span class='ocr_line' id='line_1_30' title="bbox 279 1464 1118 1497; baseline -0.005 -3"><span class='ocrx_word' id='word_1_301' title='bbox 279 1467 359 1494; x_wconf 85' lang='lat' dir='ltr'><strong>Certa</strong></span> <span class='ocrx_word' id='word_1_302' title='bbox 379 1466 583 1497; x_wconf 73' lang='lat' dir='ltr'><strong>administratio,</strong></span> <span class='ocrx_word' id='word_1_303' title='bbox 610 1466 651 1491; x_wconf 79' lang='lat' dir='ltr'><strong>rui</strong></span> <span class='ocrx_word' id='word_1_304' title='bbox 675 1470 701 1491; x_wconf 82' lang='lat' dir='ltr'><strong>et</strong></span> <span class='ocrx_word' id='word_1_305' title='bbox 724 1464 871 1491; x_wconf 84' lang='lat' dir='ltr'><strong>iurisdictio</strong></span> <span class='ocrx_word' id='word_1_306' title='bbox 892 1464 1023 1490; x_wconf 72' lang='lat' dir='ltr'>adhaeret.</span> <span class='ocrx_word' id='word_1_307' title='bbox 1054 1474 1075 1490; x_wconf 91' lang='lat' dir='ltr'><strong>c.</strong></span> <span class='ocrx_word' id='word_1_308' title='bbox 1094 1465 1118 1490; x_wconf 81' lang='lat'><strong>3.</strong></span> 
     </span>
     <span class='ocr_line' id='line_1_31' title="bbox 673 1507 1120 1544; baseline 0 -11"><span class='ocrx_word' id='word_1_309' title='bbox 673 1507 787 1540; x_wconf 81' lang='lat' dir='ltr'><strong>Omnes,</strong></span> <span class='ocrx_word' id='word_1_310' title='bbox 811 1508 992 1544; x_wconf 78' lang='lat' dir='ltr'><strong>cuiuscunque</strong></span> <span class='ocrx_word' id='word_1_311' title='bbox 1015 1508 1120 1534; x_wconf 87' lang='lat' dir='ltr'><strong>maioris</strong></span> 
     </span>
     <span class='ocr_line' id='line_1_32' title="bbox 279 1551 1120 1587; baseline -0.005 -7"><span class='ocrx_word' id='word_1_312' title='bbox 279 1553 322 1580; x_wconf 75' lang='lat' dir='ltr'><strong>vel</strong></span> <span class='ocrx_word' id='word_1_313' title='bbox 345 1553 454 1579; x_wconf 87' lang='lat' dir='ltr'><strong>minoris</strong></span> <span class='ocrx_word' id='word_1_314' title='bbox 479 1551 727 1582; x_wconf 70' lang='lat' dir='ltr'><strong>administrationis.</strong></span> <span class='ocrx_word' id='word_1_315' title='bbox 757 1551 895 1577; x_wconf 79' lang='lat' dir='ltr'><strong>universae.</strong></span> <span class='ocrx_word' id='word_1_316' title='bbox 922 1555 1028 1577; x_wconf 80' lang='lat' dir='ltr'><strong>nostrae</strong></span> <span class='ocrx_word' id='word_1_317' title='bbox 1055 1551 1120 1587; x_wconf 85' lang='lat' dir='ltr'><strong>reip.</strong></span> 
     </span>
     <span class='ocr_line' id='line_1_33' title="bbox 279 1593 1122 1630; baseline -0.005 -7"><span class='ocrx_word' id='word_1_318' title='bbox 279 1596 388 1623; x_wconf 67' lang='lat' dir='ltr'><strong>iudices.</strong></span> <span class='ocrx_word' id='word_1_319' title='bbox 417 1606 438 1622; x_wconf 89' lang='lat' dir='ltr'><strong>c.</strong></span> <span class='ocrx_word' id='word_1_320' title='bbox 458 1596 481 1622; x_wconf 88' lang='lat'><strong>6.</strong></span> <span class='ocrx_word' id='word_1_321' title='bbox 502 1596 526 1622; x_wconf 89' lang='lat' dir='ltr'><strong>si</strong></span> <span class='ocrx_word' id='word_1_322' title='bbox 545 1599 634 1621; x_wconf 84' lang='lat' dir='ltr'><strong>contra</strong></span> <span class='ocrx_word' id='word_1_323' title='bbox 653 1595 702 1620; x_wconf 90' lang='lat' dir='ltr'><strong>ius.</strong></span> <span class='ocrx_word' id='word_1_324' title='bbox 728 1595 751 1620; x_wconf 92' lang='lat'><strong>1.</strong></span> <span class='ocrx_word' id='word_1_325' title='bbox 770 1595 812 1620; x_wconf 77' lang='lat'><strong>22.</strong></span> <span class='ocrx_word' id='word_1_326' title='bbox 849 1593 878 1619; x_wconf 94' lang='lat' dir='ltr'><strong>In</strong></span> <span class='ocrx_word' id='word_1_327' title='bbox 898 1593 1061 1630; x_wconf 72' lang='lat' dir='ltr'><strong>quibuslibet</strong></span> <span class='ocrx_word' id='word_1_328' title='bbox 1080 1593 1122 1619; x_wconf 90' lang='lat' dir='ltr'><strong>ad-</strong></span> 
     </span>
     <span class='ocr_line' id='line_1_34' title="bbox 279 1637 1121 1673; baseline -0.004 -7"><span class='ocrx_word' id='word_1_329' title='bbox 279 1639 531 1670; x_wconf 76' lang='lat' dir='ltr'><strong>mi11istrationibu8‚</strong></span> <span class='ocrx_word' id='word_1_330' title='bbox 557 1638 667 1670; x_wconf 74' lang='lat' dir='ltr'><strong>officiis,</strong></span> <span class='ocrx_word' id='word_1_331' title='bbox 692 1638 718 1663; x_wconf 87' lang='lat' dir='ltr'><strong>in</strong></span> <span class='ocrx_word' id='word_1_332' title='bbox 737 1647 896 1673; x_wconf 79' lang='lat' dir='ltr'><strong>quocunque</strong></span> <span class='ocrx_word' id='word_1_333' title='bbox 913 1637 1022 1663; x_wconf 79' lang='lat' dir='ltr'><strong>militiae</strong></span> <span class='ocrx_word' id='word_1_334' title='bbox 1040 1637 1121 1673; x_wconf 84' lang='lat' dir='ltr'><strong>gradu</strong></span> 
     </span>
     <span class='ocr_line' id='line_1_35' title="bbox 279 1679 1145 1720; baseline -0.003 -11"><span class='ocrx_word' id='word_1_335' title='bbox 279 1684 368 1720; x_wconf 81' lang='lat' dir='ltr'><strong>positi.</strong></span> <span class='ocrx_word' id='word_1_336' title='bbox 405 1682 472 1709; x_wconf 68' lang='lat' dir='ltr'>Nov.</span> <span class='ocrx_word' id='word_1_337' title='bbox 492 1681 596 1708; x_wconf 57' lang='lat' dir='ltr'><strong>Valent.</strong></span> <span class='ocrx_word' id='word_1_338' title='bbox 617 1680 659 1707; x_wconf 87' lang='lat' dir='ltr'>III.</span> <span class='ocrx_word' id='word_1_339' title='bbox 679 1680 712 1707; x_wconf 76' lang='lat' dir='ltr'><strong>de</strong></span> <span class='ocrx_word' id='word_1_340' title='bbox 731 1680 848 1706; x_wconf 80' lang='lat' dir='ltr'><strong>conlirm.</strong></span> <span class='ocrx_word' id='word_1_341' title='bbox 868 1679 893 1706; x_wconf 91' lang='lat' dir='ltr'><strong>h.</strong></span> <span class='ocrx_word' id='word_1_342' title='bbox 915 1690 957 1716; x_wconf 82' lang='lat' dir='ltr'><strong>qu.</strong></span> <span class='ocrx_word' id='word_1_343' title='bbox 972 1680 1066 1707; x_wconf 88' lang='lat' dir='ltr'><strong>admin.</strong></span> <span class='ocrx_word' id='word_1_344' title='bbox 1090 1680 1121 1707; x_wconf 92' lang='grc' dir='ltr'><strong>ΙΙ.</strong></span> <span class='ocrx_word' id='word_1_345' title='bbox 1143 1684 1145 1716; x_wconf 66' lang='grc' dir='ltr'>ξ</span> 
     </span>
     <span class='ocr_line' id='line_1_36' title="bbox 278 1723 1121 1763; baseline -0.002 -10"><span class='ocrx_word' id='word_1_346' title='bbox 278 1728 320 1753; x_wconf 81' lang='lat'><strong>32.</strong></span> <span class='ocrx_word' id='word_1_347' title='bbox 334 1736 355 1752; x_wconf 91' lang='lat' dir='ltr'><strong>c.</strong></span> <span class='ocrx_word' id='word_1_348' title='bbox 371 1727 394 1752; x_wconf 93' lang='lat'><strong>1.</strong></span> <span class='ocrx_word' id='word_1_349' title='bbox 408 1736 446 1763; x_wconf 91' lang='lat' dir='ltr'><strong>pr.</strong></span> <span class='ocrx_word' id='word_1_350' title='bbox 478 1725 532 1760; x_wconf 80' lang='lat' dir='ltr'><strong>Qui</strong></span> <span class='ocrx_word' id='word_1_351' title='bbox 546 1735 577 1751; x_wconf 78' lang='lat' dir='ltr'><strong>ex</strong></span> <span class='ocrx_word' id='word_1_352' title='bbox 597 1724 822 1750; x_wconf 73' lang='lat' dir='ltr'><strong>administratione</strong></span> <span class='ocrx_word' id='word_1_353' title='bbox 835 1723 952 1755; x_wconf 77' lang='lat' dir='ltr'><strong>honoris.</strong></span> <span class='ocrx_word' id='word_1_354' title='bbox 972 1733 996 1750; x_wconf 92' lang='lat' dir='ltr'><strong>v.</strong></span> <span class='ocrx_word' id='word_1_355' title='bbox 1010 1723 1121 1760; x_wconf 74' lang='lat' dir='ltr'><strong>reipub..</strong></span> 
     </span>
     <span class='ocr_line' id='line_1_37' title="bbox 280 1766 1122 1805; baseline -0.002 -11"><span class='ocrx_word' id='word_1_356' title='bbox 280 1768 423 1805; x_wconf 78' lang='lat' dir='ltr'><strong>reliquatus</strong></span> <span class='ocrx_word' id='word_1_357' title='bbox 444 1773 492 1794; x_wconf 81' lang='lat' dir='ltr'><strong>est.</strong></span> <span class='ocrx_word' id='word_1_358' title='bbox 520 1767 551 1794; x_wconf 83' lang='lat' dir='ltr'><strong>fr.</strong></span> <span class='ocrx_word' id='word_1_359' title='bbox 571 1769 613 1794; x_wconf 76' lang='lat'><strong>24.</strong></span> <span class='ocrx_word' id='word_1_360' title='bbox 633 1767 665 1794; x_wconf 90' lang='lat' dir='ltr'><strong>ad</strong></span> <span class='ocrx_word' id='word_1_361' title='bbox 684 1768 780 1793; x_wconf 89' lang='lat' dir='ltr'><strong>munic.</strong></span> <span class='ocrx_word' id='word_1_362' title='bbox 801 1768 842 1793; x_wconf 85' lang='lat'><strong>50.</strong></span> <span class='ocrx_word' id='word_1_363' title='bbox 863 1768 885 1793; x_wconf 92' lang='grc'><strong>1.</strong></span> <span class='ocrx_word' id='word_1_364' title='bbox 909 1766 940 1793; x_wconf 80' lang='lat' dir='ltr'><strong>fr.</strong></span> <span class='ocrx_word' id='word_1_365' title='bbox 960 1768 984 1793; x_wconf 85' lang='lat'><strong>6.</strong></span> <span class='ocrx_word' id='word_1_366' title='bbox 1004 1767 1025 1800; x_wconf 83' lang='lat'><strong>§.</strong></span> <span class='ocrx_word' id='word_1_367' title='bbox 1047 1768 1070 1793; x_wconf 88' lang='lat'><strong>1.</strong></span> <span class='ocrx_word' id='word_1_368' title='bbox 1089 1766 1122 1793; x_wconf 76' lang='lat' dir='ltr'><strong>de</strong></span> 
     </span>
     <span class='ocr_line' id='line_1_38' title="bbox 280 1811 1120 1844; baseline -0.001 -7"><span class='ocrx_word' id='word_1_369' title='bbox 280 1822 349 1838; x_wconf 90' lang='lat' dir='ltr'><strong>mun.</strong></span> <span class='ocrx_word' id='word_1_370' title='bbox 370 1816 394 1837; x_wconf 83' lang='lat' dir='ltr'><strong>et</strong></span> <span class='ocrx_word' id='word_1_371' title='bbox 414 1811 474 1838; x_wconf 89' lang='lat' dir='ltr'>hou.</span> <span class='ocrx_word' id='word_1_372' title='bbox 494 1813 536 1837; x_wconf 85' lang='lat'><strong>50.</strong></span> <span class='ocrx_word' id='word_1_373' title='bbox 555 1812 580 1837; x_wconf 73' lang='grc' dir='ltr'><strong>Δ.</strong></span> <span class='ocrx_word' id='word_1_374' title='bbox 600 1827 632 1830; x_wconf 89' lang='grc'>-</span> <span class='ocrx_word' id='word_1_375' title='bbox 657 1811 688 1844; x_wconf 83' lang='lat'><strong>§.</strong></span> <span class='ocrx_word' id='word_1_376' title='bbox 709 1812 744 1836; x_wconf 73' lang='lat'><strong>2.</strong></span> <span class='ocrx_word' id='word_1_377' title='bbox 773 1812 889 1836; x_wconf 78' lang='lat' dir='ltr'><strong>Rerum</strong></span> <span class='ocrx_word' id='word_1_378' title='bbox 906 1811 1120 1844; x_wconf 82' lang='lat' dir='ltr'><strong>privatarum</strong></span> 
     </span>
     <span class='ocr_line' id='line_1_39' title="bbox 279 1852 1121 1882; baseline -0.002 -1"><span class='ocrx_word' id='word_1_379' title='bbox 279 1865 364 1882; x_wconf 77' lang='lat' dir='ltr'><strong>cura.</strong></span> <span class='ocrx_word' id='word_1_380' title='bbox 402 1854 444 1880; x_wconf 87' lang='grc'><strong>111.</strong></span> <span class='ocrx_word' id='word_1_381' title='bbox 465 1856 531 1882; x_wconf 73' lang='lat' dir='ltr'><strong>Gn.</strong></span> <span class='ocrx_word' id='word_1_382' title='bbox 567 1856 678 1881; x_wconf 81' lang='lat' dir='ltr'><strong>Omnem</strong></span> <span class='ocrx_word' id='word_1_383' title='bbox 702 1853 954 1879; x_wconf 76' lang='lat' dir='ltr'><strong>administrationem</strong></span> <span class='ocrx_word' id='word_1_384' title='bbox 979 1863 1065 1879; x_wconf 81' lang='lat' dir='ltr'><strong>rerum</strong></span> <span class='ocrx_word' id='word_1_385' title='bbox 1089 1852 1121 1879; x_wconf 84' lang='lat' dir='ltr'><strong>ad</strong></span> 
     </span>
     <span class='ocr_line' id='line_1_40' title="bbox 280 1895 1119 1932; baseline -0.004 -8"><span class='ocrx_word' id='word_1_386' title='bbox 280 1897 486 1924; x_wconf 70' lang='lat' dir='ltr'><strong>sollicitudinem</strong></span> <span class='ocrx_word' id='word_1_387' title='bbox 506 1907 578 1923; x_wconf 82' lang='lat' dir='ltr'><strong>suam</strong></span> <span class='ocrx_word' id='word_1_388' title='bbox 598 1906 730 1923; x_wconf 79' lang='lat' dir='ltr'><strong>revocare..</strong></span> <span class='ocrx_word' id='word_1_389' title='bbox 751 1896 782 1922; x_wconf 83' lang='lat' dir='ltr'><strong>sr.</strong></span> <span class='ocrx_word' id='word_1_390' title='bbox 794 1898 834 1921; x_wconf 87' lang='lat'><strong>13.</strong></span> <span class='ocrx_word' id='word_1_391' title='bbox 854 1906 893 1932; x_wconf 88' lang='lat' dir='ltr'><strong>pr.</strong></span> <span class='ocrx_word' id='word_1_392' title='bbox 913 1895 946 1921; x_wconf 79' lang='lat' dir='ltr'><strong>de</strong></span> <span class='ocrx_word' id='word_1_393' title='bbox 965 1906 1023 1922; x_wconf 91' lang='lat' dir='ltr'><strong>anu.</strong></span> <span class='ocrx_word' id='word_1_394' title='bbox 1043 1895 1119 1932; x_wconf 78' lang='lat' dir='ltr'><strong>legat.</strong></span> 
     </span>
     <span class='ocr_line' id='line_1_41' title="bbox 279 1938 1121 1975; baseline -0.004 -9"><span class='ocrx_word' id='word_1_395' title='bbox 279 1942 321 1966; x_wconf 86' lang='lat'><strong>33.</strong></span> <span class='ocrx_word' id='word_1_396' title='bbox 345 1942 364 1966; x_wconf 90' lang='lat' dir='ltr'><strong>l.</strong></span> <span class='ocrx_word' id='word_1_397' title='bbox 402 1940 527 1966; x_wconf 85' lang='lat' dir='ltr'><strong>Omnium</strong></span> <span class='ocrx_word' id='word_1_398' title='bbox 553 1950 639 1966; x_wconf 84' lang='lat' dir='ltr'><strong>rerum</strong></span> <span class='ocrx_word' id='word_1_399' title='bbox 662 1949 767 1966; x_wconf 89' lang='lat' dir='ltr'><strong>suarum</strong></span> <span class='ocrx_word' id='word_1_400' title='bbox 787 1938 1040 1965; x_wconf 88' lang='lat' dir='ltr'><strong>administrationem</strong></span> <span class='ocrx_word' id='word_1_401' title='bbox 1064 1948 1121 1975; x_wconf 83' lang='lat' dir='ltr'><strong>per-</strong></span> 
     </span>
     <span class='ocr_line' id='line_1_42' title="bbox 281 1980 1121 2019; baseline -0.002 -10"><span class='ocrx_word' id='word_1_402' title='bbox 281 1984 391 2009; x_wconf 78' lang='lat' dir='ltr'><strong>mittere.</strong></span> <span class='ocrx_word' id='word_1_403' title='bbox 416 1983 446 2009; x_wconf 87' lang='lat' dir='ltr'><strong>sr.</strong></span> <span class='ocrx_word' id='word_1_404' title='bbox 465 1984 507 2009; x_wconf 84' lang='lat'><strong>34.</strong></span> <span class='ocrx_word' id='word_1_405' title='bbox 527 1983 548 2017; x_wconf 69' lang='grc' dir='ltr'><strong>ξ.</strong></span> <span class='ocrx_word' id='word_1_406' title='bbox 570 1984 592 2009; x_wconf 94' lang='lat' dir='ltr'><strong>l.</strong></span> <span class='ocrx_word' id='word_1_407' title='bbox 613 1982 645 2009; x_wconf 87' lang='lat' dir='ltr'><strong>de</strong></span> <span class='ocrx_word' id='word_1_408' title='bbox 663 1982 712 2019; x_wconf 78' lang='lat' dir='ltr'>leg.</span> <span class='ocrx_word' id='word_1_409' title='bbox 727 1982 770 2008; x_wconf 90' lang='lat'>111.</span> <span class='ocrx_word' id='word_1_410' title='bbox 791 1982 858 2015; x_wconf 85' lang='lat'>(32.)</span> <span class='ocrx_word' id='word_1_411' title='bbox 895 1981 980 2018; x_wconf 76' lang='lat' dir='ltr'><strong>Saepe</strong></span> <span class='ocrx_word' id='word_1_412' title='bbox 993 1981 1026 2007; x_wconf 83' lang='lat' dir='ltr'><strong>ad</strong></span> <span class='ocrx_word' id='word_1_413' title='bbox 1043 1980 1121 2007; x_wconf 87' lang='lat' dir='ltr'><strong>alium</strong></span> 
     </span>
     <span class='ocr_line' id='line_1_43' title="bbox 281 2024 1121 2061; baseline -0.001 -9"><span class='ocrx_word' id='word_1_414' title='bbox 281 2037 294 2051; x_wconf 81' lang='lat' dir='ltr'><strong>e</strong></span> <span class='ocrx_word' id='word_1_415' title='bbox 315 2026 371 2061; x_wconf 59' lang='lat' dir='ltr'><strong>leg-&#39;e</strong></span> <span class='ocrx_word' id='word_1_416' title='bbox 389 2026 446 2052; x_wconf 77' lang='lat' dir='ltr'>XII.</span> <span class='ocrx_word' id='word_1_417' title='bbox 484 2025 568 2052; x_wconf 77' lang='lat' dir='ltr'><strong>Tabb.</strong></span> <span class='ocrx_word' id='word_1_418' title='bbox 589 2026 688 2052; x_wconf 85' lang='lat' dir='ltr'><strong>curatio</strong></span> <span class='ocrx_word' id='word_1_419' title='bbox 708 2025 801 2051; x_wconf 80' lang='lat' dir='ltr'><strong>furiosi</strong></span> <span class='ocrx_word' id='word_1_420' title='bbox 820 2029 863 2050; x_wconf 88' lang='lat' dir='ltr'><strong>aut</strong></span> <span class='ocrx_word' id='word_1_421' title='bbox 882 2024 984 2061; x_wconf 80' lang='lat' dir='ltr'><strong>prodigi</strong></span> <span class='ocrx_word' id='word_1_422' title='bbox 998 2025 1121 2061; x_wconf 55' lang='lat' dir='ltr'><strong>pertinet..</strong></span> 
     </span>
     <span class='ocr_line' id='line_1_44' title="bbox 281 2066 1145 2095; baseline -0.002 0"><span class='ocrx_word' id='word_1_423' title='bbox 281 2069 324 2095; x_wconf 78' lang='lat' dir='ltr'><strong>alii</strong></span> <span class='ocrx_word' id='word_1_424' title='bbox 347 2069 453 2095; x_wconf 81' lang='lat' dir='ltr'><strong>l&#39;raetor</strong></span> <span class='ocrx_word' id='word_1_425' title='bbox 472 2069 724 2095; x_wconf 77' lang='lat' dir='ltr'><strong>administrationem</strong></span> <span class='ocrx_word' id='word_1_426' title='bbox 743 2068 794 2094; x_wconf 85' lang='lat' dir='ltr'><strong>dat.</strong></span> <span class='ocrx_word' id='word_1_427' title='bbox 829 2067 858 2094; x_wconf 83' lang='lat' dir='ltr'><strong>fr.</strong></span> <span class='ocrx_word' id='word_1_428' title='bbox 881 2069 920 2094; x_wconf 81' lang='lat'><strong>13.</strong></span> <span class='ocrx_word' id='word_1_429' title='bbox 947 2067 979 2093; x_wconf 78' lang='lat' dir='ltr'><strong>(lc</strong></span> <span class='ocrx_word' id='word_1_430' title='bbox 999 2077 1052 2093; x_wconf 86' lang='lat' dir='ltr'><strong>cur.</strong></span> <span class='ocrx_word' id='word_1_431' title='bbox 1072 2066 1121 2093; x_wconf 80' lang='lat' dir='ltr'>fur.</span> <span class='ocrx_word' id='word_1_432' title='bbox 1143 2066 1145 2084; x_wconf 62' lang='lat' dir='ltr'><strong>l</strong></span> 
     </span>
     <span class='ocr_line' id='line_1_45' title="bbox 280 2111 1144 2139; baseline -0.003 0"><span class='ocrx_word' id='word_1_433' title='bbox 280 2114 322 2139; x_wconf 97' lang='lat'><strong>27.</strong></span> <span class='ocrx_word' id='word_1_434' title='bbox 347 2115 384 2138; x_wconf 87' lang='lat'><strong>10.</strong></span> <span class='ocrx_word' id='word_1_435' title='bbox 422 2112 477 2139; x_wconf 68' lang='lat' dir='ltr'><strong>Nec</strong></span> <span class='ocrx_word' id='word_1_436' title='bbox 501 2117 560 2138; x_wconf 83' lang='lat' dir='ltr'><strong>aute</strong></span> <span class='ocrx_word' id='word_1_437' title='bbox 585 2113 622 2138; x_wconf 81' lang='lat' dir='ltr'><strong>rei</strong></span> <span class='ocrx_word' id='word_1_438' title='bbox 646 2122 708 2138; x_wconf 80' lang='lat' dir='ltr'><strong>suae</strong></span> <span class='ocrx_word' id='word_1_439' title='bbox 727 2111 918 2137; x_wconf 86' lang='lat' dir='ltr'><strong>administratio</strong></span> <span class='ocrx_word' id='word_1_440' title='bbox 938 2111 976 2137; x_wconf 88' lang='lat' dir='ltr'><strong>eis</strong></span> <span class='ocrx_word' id='word_1_441' title='bbox 996 2111 1122 2136; x_wconf 84' lang='lat' dir='ltr'><strong>committi</strong></span> <span class='ocrx_word' id='word_1_442' title='bbox 1143 2135 1144 2139; x_wconf 70' lang='grc'>,</span> 
     </span>
     <span class='ocr_line' id='line_1_46' title="bbox 281 2148 1146 2192; baseline -0.002 -11"><span class='ocrx_word' id='word_1_443' title='bbox 281 2155 397 2187; x_wconf 77' lang='lat' dir='ltr'><strong>debebit,</strong></span> <span class='ocrx_word' id='word_1_444' title='bbox 418 2156 536 2192; x_wconf 84' lang='lat' dir='ltr'><strong>quamvis</strong></span> <span class='ocrx_word' id='word_1_445' title='bbox 556 2155 623 2181; x_wconf 80' lang='lat' dir='ltr'><strong>bene</strong></span> <span class='ocrx_word' id='word_1_446' title='bbox 641 2165 696 2181; x_wconf 85' lang='lat' dir='ltr'><strong>rem</strong></span> <span class='ocrx_word' id='word_1_447' title='bbox 715 2164 788 2181; x_wconf 86' lang='lat' dir='ltr'><strong>suam</strong></span> <span class='ocrx_word' id='word_1_448' title='bbox 801 2154 962 2191; x_wconf 59' lang='lat' dir='ltr'><strong>gerentibus</strong></span> <span class='ocrx_word' id='word_1_449' title='bbox 982 2153 1012 2180; x_wconf 81' lang='lat' dir='ltr'><strong>sr.</strong></span> <span class='ocrx_word' id='word_1_450' title='bbox 1028 2155 1050 2179; x_wconf 93' lang='lat'><strong>1.</strong></span> <span class='ocrx_word' id='word_1_451' title='bbox 1065 2153 1086 2187; x_wconf 65' lang='grc' dir='ltr'><strong>ξ</strong></span> <span class='ocrx_word' id='word_1_452' title='bbox 1097 2155 1121 2180; x_wconf 91' lang='grc'><strong>3.</strong></span> <span class='ocrx_word' id='word_1_453' title='bbox 1142 2148 1146 2177; x_wconf 73' lang='lat' dir='ltr'><strong>l</strong></span> 
     </span>
     <span class='ocr_line' id='line_1_47' title="bbox 282 2196 1122 2236; baseline -0.002 -11"><span class='ocrx_word' id='word_1_454' title='bbox 282 2198 313 2225; x_wconf 72' lang='lat' dir='ltr'>cl&#39;.</span> <span class='ocrx_word' id='word_1_455' title='bbox 339 2198 368 2225; x_wconf 81' lang='lat' dir='ltr'><strong>fr.</strong></span> <span class='ocrx_word' id='word_1_456' title='bbox 388 2200 412 2225; x_wconf 85' lang='lat'><strong>3.</strong></span> <span class='ocrx_word' id='word_1_457' title='bbox 432 2209 470 2236; x_wconf 84' lang='lat' dir='ltr'><strong>pr.</strong></span> <span class='ocrx_word' id='word_1_458' title='bbox 496 2198 608 2224; x_wconf 84' lang='lat' dir='ltr'><strong>demin.</strong></span> <span class='ocrx_word' id='word_1_459' title='bbox 633 2200 657 2224; x_wconf 82' lang='lat'><strong>4.</strong></span> <span class='ocrx_word' id='word_1_460' title='bbox 677 2200 702 2224; x_wconf 89' lang='lat'><strong>4.</strong></span> <span class='ocrx_word' id='word_1_461' title='bbox 738 2197 864 2234; x_wconf 74' lang='lat' dir='ltr'><strong>Reliqua,</strong></span> <span class='ocrx_word' id='word_1_462' title='bbox 894 2207 960 2233; x_wconf 82' lang='lat' dir='ltr'><strong>quae</strong></span> <span class='ocrx_word' id='word_1_463' title='bbox 984 2207 1016 2223; x_wconf 80' lang='lat' dir='ltr'><strong>ex</strong></span> <span class='ocrx_word' id='word_1_464' title='bbox 1043 2196 1122 2223; x_wconf 86' lang='lat' dir='ltr'><strong>admi-</strong></span> 
     </span>
     <span class='ocr_line' id='line_1_48' title="bbox 283 2239 1121 2276; baseline -0.002 -8"><span class='ocrx_word' id='word_1_465' title='bbox 283 2243 436 2268; x_wconf 82' lang='lat' dir='ltr'><strong>nistratione</strong></span> <span class='ocrx_word' id='word_1_466' title='bbox 455 2246 528 2267; x_wconf 77' lang='lat' dir='ltr'><strong>actus</strong></span> <span class='ocrx_word' id='word_1_467' title='bbox 548 2241 681 2268; x_wconf 76' lang='lat' dir='ltr'><strong>debuerat.</strong></span> <span class='ocrx_word' id='word_1_468' title='bbox 702 2240 732 2267; x_wconf 83' lang='lat' dir='ltr'><strong>sr.</strong></span> <span class='ocrx_word' id='word_1_469' title='bbox 751 2242 793 2267; x_wconf 79' lang='lat'><strong>28.</strong></span> <span class='ocrx_word' id='word_1_470' title='bbox 812 2241 834 2275; x_wconf 66' lang='grc' dir='ltr'><strong>ς’.</strong></span> <span class='ocrx_word' id='word_1_471' title='bbox 855 2242 878 2266; x_wconf 94' lang='grc'><strong>7.</strong></span> <span class='ocrx_word' id='word_1_472' title='bbox 899 2240 931 2266; x_wconf 83' lang='lat' dir='ltr'><strong>de</strong></span> <span class='ocrx_word' id='word_1_473' title='bbox 951 2240 1052 2266; x_wconf 74' lang='lat' dir='ltr'><strong>liberat.</strong></span> <span class='ocrx_word' id='word_1_474' title='bbox 1072 2239 1121 2276; x_wconf 76' lang='lat' dir='ltr'>leg.</span> 
     </span>
     <span class='ocr_line' id='line_1_49' title="bbox 280 2283 1122 2319; baseline -0.004 -7"><span class='ocrx_word' id='word_1_475' title='bbox 280 2287 323 2312; x_wconf 69' lang='lat'><strong>34.</strong></span> <span class='ocrx_word' id='word_1_476' title='bbox 342 2286 366 2312; x_wconf 89' lang='lat'><strong>3.</strong></span> <span class='ocrx_word' id='word_1_477' title='bbox 405 2284 459 2311; x_wconf 68' lang='lat' dir='ltr'><strong>Nec</strong></span> <span class='ocrx_word' id='word_1_478' title='bbox 483 2284 580 2311; x_wconf 81' lang='lat' dir='ltr'><strong>donare</strong></span> <span class='ocrx_word' id='word_1_479' title='bbox 605 2285 643 2310; x_wconf 83' lang='lat' dir='ltr'><strong>eis</strong></span> <span class='ocrx_word' id='word_1_480' title='bbox 667 2283 832 2316; x_wconf 73' lang='lat' dir='ltr'><strong>conceditur,</strong></span> <span class='ocrx_word' id='word_1_481' title='bbox 859 2294 911 2310; x_wconf 85' lang='lat' dir='ltr'><strong>non</strong></span> <span class='ocrx_word' id='word_1_482' title='bbox 936 2284 1004 2309; x_wconf 79' lang='lat' dir='ltr'><strong>enim</strong></span> <span class='ocrx_word' id='word_1_483' title='bbox 1028 2293 1122 2319; x_wconf 81' lang='lat' dir='ltr'><strong>usque-</strong></span> 
     </span>
     <span class='ocr_line' id='line_1_50' title="bbox 282 2326 1120 2364; baseline -0.002 -10"><span class='ocrx_word' id='word_1_484' title='bbox 282 2338 386 2364; x_wconf 76' lang='lat' dir='ltr'><strong>quaque</strong></span> <span class='ocrx_word' id='word_1_485' title='bbox 406 2327 502 2354; x_wconf 76' lang='lat' dir='ltr'><strong>habent</strong></span> <span class='ocrx_word' id='word_1_486' title='bbox 527 2327 634 2354; x_wconf 76' lang='lat' dir='ltr'><strong>liberam</strong></span> <span class='ocrx_word' id='word_1_487' title='bbox 659 2327 921 2354; x_wconf 77' lang='lat' dir='ltr'><strong>administrationem.</strong></span> <span class='ocrx_word' id='word_1_488' title='bbox 951 2326 984 2353; x_wconf 81' lang='lat' dir='ltr'><strong>fr.</strong></span> <span class='ocrx_word' id='word_1_489' title='bbox 1009 2328 1031 2353; x_wconf 86' lang='lat' dir='ltr'><strong>l.</strong></span> <span class='ocrx_word' id='word_1_490' title='bbox 1055 2327 1077 2361; x_wconf 62' lang='grc' dir='ltr'><strong>ξ.</strong></span> <span class='ocrx_word' id='word_1_491' title='bbox 1098 2327 1120 2353; x_wconf 90' lang='lat' dir='ltr'><strong>l.</strong></span> 
     </span>
     <span class='ocr_line' id='line_1_51' title="bbox 283 2372 589 2408; baseline -0.003 -11"><span class='ocrx_word' id='word_1_492' title='bbox 283 2372 334 2406; x_wconf 75' lang='lat' dir='ltr'><strong>Qu.</strong></span> <span class='ocrx_word' id='word_1_493' title='bbox 355 2381 397 2397; x_wconf 87' lang='lat' dir='ltr'><strong>res</strong></span> <span class='ocrx_word' id='word_1_494' title='bbox 416 2372 486 2408; x_wconf 64' lang='lat' dir='ltr'><strong>pign.</strong></span> <span class='ocrx_word' id='word_1_495' title='bbox 505 2373 547 2397; x_wconf 77' lang='lat'><strong>20.</strong></span> <span class='ocrx_word' id='word_1_496' title='bbox 566 2372 589 2397; x_wconf 89' lang='lat'><strong>3.</strong></span> 
     </span>
    </p>

    <p class='ocr_par' dir='ltr' id='par_1_4' title="bbox 284 2413 1122 2612">
     <span class='ocr_line' id='line_1_52' title="bbox 317 2413 1122 2447; baseline -0.001 -7"><span class='ocrx_word' id='word_1_497' title='bbox 317 2414 737 2440; x_wconf 62' lang='lat' dir='ltr'><strong>Administratiuncula.</strong></span> <span class='ocrx_word' id='word_1_498' title='bbox 780 2413 898 2439; x_wconf 75' lang='lat' dir='ltr'><strong>Munna</strong></span> <span class='ocrx_word' id='word_1_499' title='bbox 921 2414 1039 2447; x_wconf 71' lang='lat' dir='ltr'><strong>exigui</strong></span> <span class='ocrx_word' id='word_1_500' title='bbox 1061 2422 1122 2439; x_wconf 87' lang='lat' dir='ltr'><strong>mo-</strong></span> 
     </span>
     <span class='ocr_line' id='line_1_53' title="bbox 432 2455 1122 2493; baseline -0.003 -10"><span class='ocrx_word' id='word_1_501' title='bbox 432 2456 474 2483; x_wconf 87' lang='lat'>111.</span> <span class='ocrx_word' id='word_1_502' title='bbox 496 2458 560 2485; x_wconf 79' lang='lat' dir='ltr'><strong>Cn.</strong></span> <span class='ocrx_word' id='word_1_503' title='bbox 591 2455 740 2493; x_wconf 77' lang='lat' dir='ltr'><strong>Principes,</strong></span> <span class='ocrx_word' id='word_1_504' title='bbox 770 2466 817 2482; x_wconf 81' lang='lat' dir='ltr'><strong>seu</strong></span> <span class='ocrx_word' id='word_1_505' title='bbox 840 2455 1042 2488; x_wconf 79' lang='lat' dir='ltr'><strong>cornicularius,</strong></span> <span class='ocrx_word' id='word_1_506' title='bbox 1072 2460 1122 2481; x_wconf 88' lang='lat' dir='ltr'><strong>sta-</strong></span> 
     </span>
     <span class='ocr_line' id='line_1_54' title="bbox 285 2498 1122 2536; baseline 0 -12"><span class='ocrx_word' id='word_1_507' title='bbox 285 2500 369 2525; x_wconf 83' lang='lat' dir='ltr'><strong>tiones</strong></span> <span class='ocrx_word' id='word_1_508' title='bbox 389 2515 420 2519; x_wconf 90' lang='lat'>—</span> <span class='ocrx_word' id='word_1_509' title='bbox 440 2509 492 2526; x_wconf 92' lang='lat' dir='ltr'><strong>non</strong></span> <span class='ocrx_word' id='word_1_510' title='bbox 511 2499 570 2526; x_wconf 89' lang='lat' dir='ltr'><strong>aliis</strong></span> <span class='ocrx_word' id='word_1_511' title='bbox 588 2498 715 2530; x_wconf 76' lang='lat' dir='ltr'><strong>vendere,</strong></span> <span class='ocrx_word' id='word_1_512' title='bbox 735 2498 782 2524; x_wconf 88' lang='lat' dir='ltr'><strong>sed</strong></span> <span class='ocrx_word' id='word_1_513' title='bbox 801 2500 875 2536; x_wconf 85' lang='lat' dir='ltr'><strong>ipsos</strong></span> <span class='ocrx_word' id='word_1_514' title='bbox 895 2499 1062 2535; x_wconf 85' lang='lat' dir='ltr'><strong>potissimum</strong></span> <span class='ocrx_word' id='word_1_515' title='bbox 1081 2498 1122 2524; x_wconf 90' lang='lat' dir='ltr'><strong>his</strong></span> 
     </span>
     <span class='ocr_line' id='line_1_55' title="bbox 284 2540 1120 2579; baseline 0 -12"><span class='ocrx_word' id='word_1_516' title='bbox 284 2541 561 2569; x_wconf 85' lang='lat' dir='ltr'><strong>administratiuncnlis</strong></span> <span class='ocrx_word' id='word_1_517' title='bbox 584 2542 684 2579; x_wconf 72' lang='lat' dir='ltr'><strong>perfrui</strong></span> <span class='ocrx_word' id='word_1_518' title='bbox 707 2542 835 2568; x_wconf 84' lang='lat' dir='ltr'><strong>iubemus.</strong></span> <span class='ocrx_word' id='word_1_519' title='bbox 878 2541 927 2568; x_wconf 89' lang='lat' dir='ltr'><strong>Th.</strong></span> <span class='ocrx_word' id='word_1_520' title='bbox 953 2541 985 2568; x_wconf 86' lang='lat' dir='ltr'><strong>C.</strong></span> <span class='ocrx_word' id='word_1_521' title='bbox 1005 2540 1072 2568; x_wconf 71' lang='lat' dir='ltr'>VIII.</span> <span class='ocrx_word' id='word_1_522' title='bbox 1096 2543 1120 2567; x_wconf 85' lang='lat'><strong>4.</strong></span> 
     </span>
     <span class='ocr_line' id='line_1_56' title="bbox 284 2584 563 2612; baseline 0.007 -2"><span class='ocrx_word' id='word_1_523' title='bbox 284 2595 304 2611; x_wconf 89' lang='lat' dir='ltr'><strong>c.</strong></span> <span class='ocrx_word' id='word_1_524' title='bbox 327 2587 365 2611; x_wconf 92' lang='lat'><strong>10.</strong></span> <span class='ocrx_word' id='word_1_525' title='bbox 387 2584 418 2611; x_wconf 83' lang='lat' dir='ltr'><strong>de</strong></span> <span class='ocrx_word' id='word_1_526' title='bbox 438 2585 563 2612; x_wconf 82' lang='lat' dir='ltr'><strong>cohortal.</strong></span> 
     </span>
    </p>

    <p class='ocr_par' dir='ltr' id='par_1_5' title="bbox 281 2628 1144 2879">
     <span class='ocr_line' id='line_1_57' title="bbox 322 2628 1121 2662; baseline 0 -9"><span class='ocrx_word' id='word_1_527' title='bbox 322 2628 630 2656; x_wconf 67' lang='lat' dir='ltr'><strong>Administrator.</strong></span> <span class='ocrx_word' id='word_1_528' title='bbox 683 2628 714 2661; x_wconf 74' lang='lat'><strong>§0</strong></span> <span class='ocrx_word' id='word_1_529' title='bbox 743 2629 778 2654; x_wconf 77' lang='lat' dir='ltr'><strong>l.</strong></span> <span class='ocrx_word' id='word_1_530' title='bbox 826 2628 955 2654; x_wconf 67' lang='lat' dir='ltr'><strong>Munera·</strong></span> <span class='ocrx_word' id='word_1_531' title='bbox 988 2629 1121 2662; x_wconf 78' lang='lat' dir='ltr'><strong>publico</strong></span> 
     </span>
     <span class='ocr_line' id='line_1_58' title="bbox 281 2670 1144 2707; baseline -0.002 -10"><span class='ocrx_word' id='word_1_532' title='bbox 281 2673 480 2707; x_wconf 69' lang='lat' dir='ltr'><strong>praefectus.</strong></span> <span class='ocrx_word' id='word_1_533' title='bbox 519 2671 560 2697; x_wconf 89' lang='lat'>111.</span> <span class='ocrx_word' id='word_1_534' title='bbox 577 2673 643 2699; x_wconf 77' lang='lat' dir='ltr'><strong>Cn.</strong></span> <span class='ocrx_word' id='word_1_535' title='bbox 671 2671 783 2697; x_wconf 61' lang='lat' dir='ltr'><strong>Nostrae</strong></span> <span class='ocrx_word' id='word_1_536' title='bbox 802 2671 866 2707; x_wconf 85' lang='lat' dir='ltr'><strong>reip.</strong></span> <span class='ocrx_word' id='word_1_537' title='bbox 887 2670 1121 2699; x_wconf 66' lang='lat' dir='ltr'><strong>administratores.</strong></span> <span class='ocrx_word' id='word_1_538' title='bbox 1143 2684 1144 2689; x_wconf 68' lang='lat'>=</span> 
     </span>
     <span class='ocr_line' id='line_1_59' title="bbox 284 2713 1122 2751; baseline 0 -12"><span class='ocrx_word' id='word_1_539' title='bbox 284 2713 326 2740; x_wconf 77' lang='lat' dir='ltr'><strong>vel</strong></span> <span class='ocrx_word' id='word_1_540' title='bbox 346 2714 370 2739; x_wconf 93' lang='lat' dir='ltr'><strong>in</strong></span> <span class='ocrx_word' id='word_1_541' title='bbox 391 2713 438 2739; x_wconf 88' lang='lat' dir='ltr'><strong>hac</strong></span> <span class='ocrx_word' id='word_1_542' title='bbox 456 2715 525 2749; x_wconf 68' lang='lat' dir='ltr'><strong>regia</strong></span> <span class='ocrx_word' id='word_1_543' title='bbox 545 2714 621 2745; x_wconf 76' lang='lat' dir='ltr'><strong>urbe.</strong></span> <span class='ocrx_word' id='word_1_544' title='bbox 645 2714 688 2741; x_wconf 87' lang='lat' dir='ltr'><strong>vel</strong></span> <span class='ocrx_word' id='word_1_545' title='bbox 712 2715 739 2740; x_wconf 89' lang='lat' dir='ltr'><strong>in</strong></span> <span class='ocrx_word' id='word_1_546' title='bbox 758 2714 911 2751; x_wconf 76' lang='lat' dir='ltr'><strong>provinciis.</strong></span> <span class='ocrx_word' id='word_1_547' title='bbox 941 2723 963 2739; x_wconf 90' lang='lat' dir='ltr'><strong>c.</strong></span> <span class='ocrx_word' id='word_1_548' title='bbox 981 2714 1006 2739; x_wconf 90' lang='lat'><strong>3.</strong></span> <span class='ocrx_word' id='word_1_549' title='bbox 1033 2713 1077 2739; x_wconf 86' lang='lat' dir='ltr'><strong>ubi</strong></span> <span class='ocrx_word' id='word_1_550' title='bbox 1097 2718 1122 2739; x_wconf 82' lang='lat' dir='ltr'><strong>et</strong></span> 
     </span>
     <span class='ocr_line' id='line_1_60' title="bbox 284 2755 1122 2793; baseline 0.001 -12"><span class='ocrx_word' id='word_1_551' title='bbox 284 2766 324 2793; x_wconf 87' lang='lat' dir='ltr'><strong>ap.</strong></span> <span class='ocrx_word' id='word_1_552' title='bbox 347 2766 432 2792; x_wconf 79' lang='lat' dir='ltr'><strong>quem.</strong></span> <span class='ocrx_word' id='word_1_553' title='bbox 456 2760 480 2782; x_wconf 87' lang='lat'><strong>2.</strong></span> <span class='ocrx_word' id='word_1_554' title='bbox 505 2758 545 2783; x_wconf 73' lang='grc'><strong>17.</strong></span> <span class='ocrx_word' id='word_1_555' title='bbox 588 2757 642 2782; x_wconf 56' lang='lat' dir='ltr'><strong>[Nec</strong></span> <span class='ocrx_word' id='word_1_556' title='bbox 666 2757 698 2784; x_wconf 85' lang='lat' dir='ltr'><strong>ad</strong></span> <span class='ocrx_word' id='word_1_557' title='bbox 721 2757 839 2784; x_wconf 88' lang='lat' dir='ltr'><strong>militiam</strong></span> <span class='ocrx_word' id='word_1_558' title='bbox 864 2755 1049 2787; x_wconf 77' lang='lat' dir='ltr'><strong>admittantur,</strong></span> <span class='ocrx_word' id='word_1_559' title='bbox 1074 2766 1122 2782; x_wconf 82' lang='lat' dir='ltr'><strong>nec</strong></span> 
     </span>
     <span class='ocr_line' id='line_1_61' title="bbox 285 2798 1120 2826; baseline 0 -1"><span class='ocrx_word' id='word_1_560' title='bbox 285 2799 504 2825; x_wconf 70' lang='lat' dir='ltr'><strong>administratoris</strong></span> <span class='ocrx_word' id='word_1_561' title='bbox 528 2799 570 2825; x_wconf 74' lang='lat' dir='ltr'><strong>vel</strong></span> <span class='ocrx_word' id='word_1_562' title='bbox 590 2799 683 2826; x_wconf 71' lang='lat' dir='ltr'><strong>iudicis</strong></span> <span class='ocrx_word' id='word_1_563' title='bbox 702 2800 803 2826; x_wconf 75' lang='lat' dir='ltr'><strong>honore</strong></span> <span class='ocrx_word' id='word_1_564' title='bbox 822 2799 987 2826; x_wconf 71' lang='lat' dir='ltr'><strong>decorentur.</strong></span> <span class='ocrx_word' id='word_1_565' title='bbox 1019 2798 1069 2825; x_wconf 86' lang='lat' dir='ltr'><strong>Th.</strong></span> <span class='ocrx_word' id='word_1_566' title='bbox 1090 2798 1120 2825; x_wconf 88' lang='lat' dir='ltr'><strong>C.</strong></span> 
     </span>
     <span class='ocr_line' id='line_1_62' title="bbox 284 2840 1122 2879; baseline -0.002 -10"><span class='ocrx_word' id='word_1_567' title='bbox 284 2842 354 2870; x_wconf 57' lang='lat' dir='ltr'>xvi.</span> <span class='ocrx_word' id='word_1_568' title='bbox 383 2845 419 2869; x_wconf 83' lang='lat' dir='ltr'><strong>lo.</strong></span> <span class='ocrx_word' id='word_1_569' title='bbox 445 2854 466 2869; x_wconf 83' lang='lat' dir='ltr'><strong>e.</strong></span> <span class='ocrx_word' id='word_1_570' title='bbox 490 2844 531 2868; x_wconf 86' lang='lat'><strong>21.</strong></span> <span class='ocrx_word' id='word_1_571' title='bbox 562 2842 594 2868; x_wconf 78' lang='lat' dir='ltr'><strong>de</strong></span> <span class='ocrx_word' id='word_1_572' title='bbox 618 2853 707 2879; x_wconf 69' lang='lat' dir='ltr'><strong>pagan.</strong></span> <span class='ocrx_word' id='word_1_573' title='bbox 738 2842 803 2870; x_wconf 49' lang='lat' dir='ltr'><strong>nov.</strong></span> <span class='ocrx_word' id='word_1_574' title='bbox 831 2844 887 2869; x_wconf 88' lang='lat'>114.</span> <span class='ocrx_word' id='word_1_575' title='bbox 917 2852 938 2868; x_wconf 83' lang='lat' dir='ltr'><strong>e.</strong></span> <span class='ocrx_word' id='word_1_576' title='bbox 965 2843 987 2868; x_wconf 95' lang='lat'><strong>1.</strong></span> <span class='ocrx_word' id='word_1_577' title='bbox 1025 2840 1122 2868; x_wconf 76' lang='lat' dir='ltr'><strong>Rerum</strong></span> 
     </span>
    </p>
   </div>
   <div class='ocr_carea' id='block_1_3' title="bbox 280 1509 635 1546">
    <p class='ocr_par' dir='ltr' id='par_1_6' title="bbox 280 1509 635 1546">
     <span class='ocr_line' id='line_1_63' title="bbox 280 1509 635 1546; baseline -0.008 -9"><span class='ocrx_word' id='word_1_578' title='bbox 280 1510 324 1537; x_wconf 83' lang='lat' dir='ltr'><strong>ubi</strong></span> <span class='ocrx_word' id='word_1_579' title='bbox 345 1515 370 1535; x_wconf 82' lang='lat' dir='ltr'><strong>et</strong></span> <span class='ocrx_word' id='word_1_580' title='bbox 389 1520 429 1546; x_wconf 91' lang='lat' dir='ltr'><strong>ap.</strong></span> <span class='ocrx_word' id='word_1_581' title='bbox 450 1519 525 1546; x_wconf 82' lang='lat' dir='ltr'><strong>quos.</strong></span> <span class='ocrx_word' id='word_1_582' title='bbox 550 1511 574 1535; x_wconf 84' lang='lat'><strong>2.</strong></span> <span class='ocrx_word' id='word_1_583' title='bbox 594 1509 635 1535; x_wconf 76' lang='grc'><strong>47.</strong></span> 
     </span>
    </p>
   </div>
   <div class='ocr_carea' id='block_1_4' title="bbox 284 2460 390 2484">
    <p class='ocr_par' dir='ltr' id='par_1_7' title="bbox 284 2460 390 2484">
     <span class='ocr_line' id='line_1_64' title="bbox 284 2460 390 2484; baseline 0.019 -2"><span class='ocrx_word' id='word_1_584' title='bbox 284 2460 390 2484; x_wconf 78' lang='lat' dir='ltr'><strong>menti.</strong></span> 
     </span>
    </p>
   </div>
   <div class='ocr_carea' id='block_1_5' title="bbox 1143 285 1148 2902">
    <p class='ocr_par' dir='ltr' id='par_1_8' title="bbox 1143 285 1148 2902">
     <span class='ocr_line' id='line_1_65' title="bbox 1143 285 1148 2902; baseline 0 0"><span class='ocrx_word' id='word_1_585' title='bbox 1143 285 1148 2902; x_wconf 95' lang='lat' dir='ltr'><strong> </strong></span> 
     </span>
    </p>
   </div>
   <div class='ocr_carea' id='block_1_6' title="bbox 1143 783 1642 811">
    <p class='ocr_par' dir='ltr' id='par_1_9' title="bbox 1143 783 1642 811">
     <span class='ocr_line' id='line_1_66' title="bbox 1143 783 1642 811; baseline 0 0"><span class='ocrx_word' id='word_1_586' title='bbox 1143 800 1145 811; x_wconf 69' lang='grc' dir='ltr'>ι</span> <span class='ocrx_word' id='word_1_587' title='bbox 1167 785 1207 810; x_wconf 93' lang='lat' dir='ltr'><strong>nis</strong></span> <span class='ocrx_word' id='word_1_588' title='bbox 1231 794 1293 810; x_wconf 75' lang='lat' dir='ltr'><strong>suae</strong></span> <span class='ocrx_word' id='word_1_589' title='bbox 1317 783 1488 810; x_wconf 70' lang='lat' dir='ltr'><strong>admiratione</strong></span> <span class='ocrx_word' id='word_1_590' title='bbox 1512 784 1642 811; x_wconf 79' lang='lat' dir='ltr'><strong>sufficere.</strong></span> 
     </span>
    </p>
   </div>
   <div class='ocr_carea' id='block_1_7' title="bbox 1143 1834 1367 1871">
    <p class='ocr_par' dir='ltr' id='par_1_10' title="bbox 1143 1834 1367 1871">
     <span class='ocr_line' id='line_1_67' title="bbox 1143 1834 1367 1871; baseline -0.004 -10"><span class='ocrx_word' id='word_1_591' title='bbox 1143 1838 1144 1853; x_wconf 47' lang='grc' dir='ltr'><strong>ἴ</strong></span> <span class='ocrx_word' id='word_1_592' title='bbox 1166 1834 1367 1871; x_wconf 76' lang='lat' dir='ltr'><strong>Delinquentes.</strong></span> 
     </span>
    </p>
   </div>
   <div class='ocr_carea' id='block_1_8' title="bbox 1093 175 1198 205">
    <p class='ocr_par' dir='ltr' id='par_1_11' title="bbox 1093 175 1198 205">
     <span class='ocr_line' id='line_1_68' title="bbox 1093 175 1198 205; baseline 0 0"><span class='ocrx_word' id='word_1_593' title='bbox 1093 175 1198 205; x_wconf 74' lang='grc' dir='ltr'><strong>ΑΒΜ.</strong></span> 
     </span>
    </p>
   </div>
   <div class='ocr_carea' id='block_1_9' title="bbox 1163 256 2009 779">
    <p class='ocr_par' dir='ltr' id='par_1_12' title="bbox 1163 256 2009 779">
     <span class='ocr_line' id='line_1_69' title="bbox 1165 256 2006 293; baseline 0.005 -11"><span class='ocrx_word' id='word_1_594' title='bbox 1165 257 1278 283; x_wconf 77' lang='lat' dir='ltr'><strong>civitatis</strong></span> <span class='ocrx_word' id='word_1_595' title='bbox 1298 256 1499 283; x_wconf 80' lang='lat' dir='ltr'><strong>administrator.</strong></span> <span class='ocrx_word' id='word_1_596' title='bbox 1525 256 1555 284; x_wconf 83' lang='lat' dir='ltr'><strong>fr.</strong></span> <span class='ocrx_word' id='word_1_597' title='bbox 1570 258 1610 285; x_wconf 85' lang='grc'><strong>10.</strong></span> <span class='ocrx_word' id='word_1_598' title='bbox 1639 257 1691 293; x_wconf 86' lang='lat' dir='ltr'><strong>Qu.</strong></span> <span class='ocrx_word' id='word_1_599' title='bbox 1706 259 1755 284; x_wconf 89' lang='lat' dir='ltr'><strong>cui.</strong></span> <span class='ocrx_word' id='word_1_600' title='bbox 1771 260 1839 286; x_wconf 76' lang='lat' dir='ltr'><strong>univ.</strong></span> <span class='ocrx_word' id='word_1_601' title='bbox 1854 269 1922 286; x_wconf 89' lang='lat' dir='ltr'><strong>nom.</strong></span> <span class='ocrx_word' id='word_1_602' title='bbox 1942 261 1966 286; x_wconf 82' lang='lat'><strong>3.</strong></span> <span class='ocrx_word' id='word_1_603' title='bbox 1983 262 2006 286; x_wconf 90' lang='lat'><strong>4.</strong></span> 
     </span>
     <span class='ocr_line' id='line_1_70' title="bbox 1163 299 2006 337; baseline 0.005 -12"><span class='ocrx_word' id='word_1_604' title='bbox 1163 299 1295 326; x_wconf 83' lang='lat' dir='ltr'><strong>Locorum</strong></span> <span class='ocrx_word' id='word_1_605' title='bbox 1315 299 1552 327; x_wconf 72' lang='lat' dir='ltr'><strong>administratores.</strong></span> <span class='ocrx_word' id='word_1_606' title='bbox 1577 305 1603 326; x_wconf 85' lang='lat' dir='ltr'><strong>et</strong></span> <span class='ocrx_word' id='word_1_607' title='bbox 1626 302 1805 337; x_wconf 57' lang='lat' dir='ltr'><strong>onium-unque</strong></span> <span class='ocrx_word' id='word_1_608' title='bbox 1829 302 1880 329; x_wconf 86' lang='lat' dir='ltr'><strong>loci</strong></span> <span class='ocrx_word' id='word_1_609' title='bbox 1905 302 2006 329; x_wconf 80' lang='lat' dir='ltr'><strong>chartu-</strong></span> 
     </span>
     <span class='ocr_line' id='line_1_71' title="bbox 1165 343 2005 381; baseline 0.001 -12"><span class='ocrx_word' id='word_1_610' title='bbox 1165 343 1228 369; x_wconf 86' lang='lat' dir='ltr'><strong>larii.</strong></span> <span class='ocrx_word' id='word_1_611' title='bbox 1266 343 1357 369; x_wconf 86' lang='lat' dir='ltr'><strong>Iulian.</strong></span> <span class='ocrx_word' id='word_1_612' title='bbox 1383 344 1444 379; x_wconf 81' lang='lat' dir='ltr'><strong>epit.</strong></span> <span class='ocrx_word' id='word_1_613' title='bbox 1469 352 1528 370; x_wconf 60' lang='grc' dir='ltr'><strong>[ιον.</strong></span> <span class='ocrx_word' id='word_1_614' title='bbox 1561 354 1582 369; x_wconf 88' lang='lat' dir='ltr'><strong>c.</strong></span> <span class='ocrx_word' id='word_1_615' title='bbox 1604 345 1660 370; x_wconf 81' lang='lat'>111.</span> <span class='ocrx_word' id='word_1_616' title='bbox 1687 344 1724 378; x_wconf 56' lang='grc' dir='ltr'><strong>ἐξ,</strong></span> <span class='ocrx_word' id='word_1_617' title='bbox 1744 346 1803 371; x_wconf 73' lang='grc'><strong>409.</strong></span> <span class='ocrx_word' id='word_1_618' title='bbox 1829 354 1868 381; x_wconf 85' lang='lat' dir='ltr'><strong>sq.</strong></span> <span class='ocrx_word' id='word_1_619' title='bbox 1900 356 1922 372; x_wconf 88' lang='lat' dir='ltr'><strong>c.</strong></span> <span class='ocrx_word' id='word_1_620' title='bbox 1948 347 2005 372; x_wconf 79' lang='lat'>115.</span> 
     </span>
     <span class='ocr_line' id='line_1_72' title="bbox 1163 386 2006 420; baseline 0.002 -8"><span class='ocrx_word' id='word_1_621' title='bbox 1163 386 1184 420; x_wconf 61' lang='grc' dir='ltr'><strong>ξ.</strong></span> <span class='ocrx_word' id='word_1_622' title='bbox 1205 387 1264 412; x_wconf 78' lang='lat'>452.</span> <span class='ocrx_word' id='word_1_623' title='bbox 1284 401 1317 405; x_wconf 75' lang='lat'>—</span> <span class='ocrx_word' id='word_1_624' title='bbox 1337 387 1367 419; x_wconf 82' lang='lat'><strong>§.</strong></span> <span class='ocrx_word' id='word_1_625' title='bbox 1383 387 1418 412; x_wconf 68' lang='grc' dir='ltr'><strong>Β.</strong></span> <span class='ocrx_word' id='word_1_626' title='bbox 1440 387 1554 412; x_wconf 76' lang='lat' dir='ltr'><strong>Rerum</strong></span> <span class='ocrx_word' id='word_1_627' title='bbox 1572 388 1786 420; x_wconf 74' lang='lat' dir='ltr'><strong>priuatarum</strong></span> <span class='ocrx_word' id='word_1_628' title='bbox 1806 394 1915 414; x_wconf 68' lang='lat' dir='ltr'><strong>eustoc</strong></span> <span class='ocrx_word' id='word_1_629' title='bbox 1934 398 2006 414; x_wconf 83' lang='grc' dir='ltr'><em>ι-οιι-</em></span> 
     </span>
     <span class='ocr_line' id='line_1_73' title="bbox 1163 428 2007 465; baseline 0.002 -11"><span class='ocrx_word' id='word_1_630' title='bbox 1163 431 1312 455; x_wconf 72' lang='lat' dir='ltr'><strong>stitutus.</strong></span> <span class='ocrx_word' id='word_1_631' title='bbox 1354 428 1399 455; x_wconf 90' lang='lat'>111.</span> <span class='ocrx_word' id='word_1_632' title='bbox 1420 429 1486 455; x_wconf 76' lang='lat' dir='ltr'><strong>Cn·</strong></span> <span class='ocrx_word' id='word_1_633' title='bbox 1519 428 1572 464; x_wconf 82' lang='lat' dir='ltr'><strong>Qui</strong></span> <span class='ocrx_word' id='word_1_634' title='bbox 1596 431 1676 465; x_wconf 70' lang='lat' dir='ltr'><strong>magis</strong></span> <span class='ocrx_word' id='word_1_635' title='bbox 1697 429 1893 456; x_wconf 88' lang='lat' dir='ltr'><strong>administrator</strong></span> <span class='ocrx_word' id='word_1_636' title='bbox 1912 440 2007 462; x_wconf 77' lang='lat' dir='ltr'><strong>rerum.</strong></span> 
     </span>
     <span class='ocr_line' id='line_1_74' title="bbox 1164 466 2007 511; baseline 0.002 -14"><span class='ocrx_word' id='word_1_637' title='bbox 1164 481 1241 508; x_wconf 83' lang='lat' dir='ltr'><strong>quam</strong></span> <span class='ocrx_word' id='word_1_638' title='bbox 1265 476 1370 498; x_wconf 84' lang='lat' dir='ltr'><strong>curator</strong></span> <span class='ocrx_word' id='word_1_639' title='bbox 1394 482 1453 497; x_wconf 83' lang='lat' dir='ltr'><strong>esse</strong></span> <span class='ocrx_word' id='word_1_640' title='bbox 1484 466 1646 508; x_wconf 64' lang='lat' dir='ltr'><strong>intelligitur.</strong></span> <span class='ocrx_word' id='word_1_641' title='bbox 1683 472 1713 499; x_wconf 61' lang='lat' dir='ltr'>l&#39;r.</span> <span class='ocrx_word' id='word_1_642' title='bbox 1740 475 1780 500; x_wconf 82' lang='lat'><strong>13.</strong></span> <span class='ocrx_word' id='word_1_643' title='bbox 1804 483 1843 511; x_wconf 91' lang='lat' dir='ltr'><strong>pr.</strong></span> <span class='ocrx_word' id='word_1_644' title='bbox 1876 473 1909 500; x_wconf 79' lang='lat' dir='ltr'><strong>de</strong></span> <span class='ocrx_word' id='word_1_645' title='bbox 1932 472 2007 499; x_wconf 68' lang='lat' dir='ltr'><strong>tutet.</strong></span> 
     </span>
     <span class='ocr_line' id='line_1_75' title="bbox 1164 516 1252 541; baseline 0.011 -1"><span class='ocrx_word' id='word_1_646' title='bbox 1164 516 1206 541; x_wconf 86' lang='lat'><strong>26.</strong></span> <span class='ocrx_word' id='word_1_647' title='bbox 1229 517 1252 541; x_wconf 90' lang='lat'><strong>1.</strong></span> 
     </span>
     <span class='ocr_line' id='line_1_76' title="bbox 1199 569 1458 597; baseline -0.008 0"><span class='ocrx_word' id='word_1_648' title='bbox 1199 569 1458 597; x_wconf 64' lang='lat' dir='ltr'><strong>Admirabiliu-</strong></span> 
     </span>
     <span class='ocr_line' id='line_1_77' title="bbox 1166 613 1341 647; baseline 0 -9"><span class='ocrx_word' id='word_1_649' title='bbox 1166 613 1341 647; x_wconf 62' lang='lat' dir='ltr'><strong>(suggestio).</strong></span> 
     </span>
     <span class='ocr_line' id='line_1_78' title="bbox 1166 657 1290 692; baseline -0.008 -10"><span class='ocrx_word' id='word_1_650' title='bbox 1166 666 1187 682; x_wconf 81' lang='lat' dir='ltr'><strong>e.</strong></span> <span class='ocrx_word' id='word_1_651' title='bbox 1209 657 1231 682; x_wconf 97' lang='lat' dir='ltr'><strong>l.</strong></span> <span class='ocrx_word' id='word_1_652' title='bbox 1251 665 1290 692; x_wconf 88' lang='lat' dir='ltr'><strong>pr.</strong></span> 
     </span>
     <span class='ocr_line' id='line_1_79' title="bbox 1200 698 2008 727; baseline 0 -2"><span class='ocrx_word' id='word_1_653' title='bbox 1200 698 1425 725; x_wconf 70' lang='lat' dir='ltr'><strong>Adulirafio.</strong></span> <span class='ocrx_word' id='word_1_654' title='bbox 1463 699 1564 725; x_wconf 73' lang='lat' dir='ltr'><strong>Actus</strong></span> <span class='ocrx_word' id='word_1_655' title='bbox 1583 700 1780 725; x_wconf 75' lang='lat' dir='ltr'><strong>admirandi.</strong></span> <span class='ocrx_word' id='word_1_656' title='bbox 1818 698 1860 725; x_wconf 88' lang='grc'><strong>111.</strong></span> <span class='ocrx_word' id='word_1_657' title='bbox 1876 700 1941 727; x_wconf 74' lang='lat' dir='ltr'><strong>Cn.</strong></span> <span class='ocrx_word' id='word_1_658' title='bbox 1971 698 2008 725; x_wconf 69' lang='lat' dir='ltr'><strong>Vt</strong></span> 
     </span>
     <span class='ocr_line' id='line_1_80' title="bbox 1165 740 2009 779; baseline 0.002 -13"><span class='ocrx_word' id='word_1_659' title='bbox 1165 741 1280 778; x_wconf 78' lang='lat' dir='ltr'><strong>publicis</strong></span> <span class='ocrx_word' id='word_1_660' title='bbox 1306 740 1451 767; x_wconf 84' lang='lat' dir='ltr'><strong>couunodis</strong></span> <span class='ocrx_word' id='word_1_661' title='bbox 1475 742 1581 778; x_wconf 78' lang='lat' dir='ltr'><strong>possint</strong></span> <span class='ocrx_word' id='word_1_662' title='bbox 1605 742 1756 778; x_wconf 81' lang='lat' dir='ltr'><strong>rapacitatis</strong></span> <span class='ocrx_word' id='word_1_663' title='bbox 1781 752 1810 768; x_wconf 85' lang='lat' dir='ltr'><strong>ac</strong></span> <span class='ocrx_word' id='word_1_664' title='bbox 1835 742 2009 779; x_wconf 83' lang='lat' dir='ltr'><strong>pulchritudi-</strong></span> 
     </span>
    </p>
   </div>
   <div class='ocr_carea' id='block_1_10' title="bbox 1681 784 2008 812">
    <p class='ocr_par' dir='ltr' id='par_1_13' title="bbox 1681 784 2008 812">
     <span class='ocr_line' id='line_1_81' title="bbox 1681 784 2008 812; baseline 0.003 -1"><span class='ocrx_word' id='word_1_665' title='bbox 1681 784 1731 811; x_wconf 89' lang='lat' dir='ltr'><strong>Th.</strong></span> <span class='ocrx_word' id='word_1_666' title='bbox 1751 784 1783 812; x_wconf 93' lang='lat' dir='ltr'><strong>C.</strong></span> <span class='ocrx_word' id='word_1_667' title='bbox 1801 784 1860 812; x_wconf 73' lang='lat' dir='ltr'><strong>XV.</strong></span> <span class='ocrx_word' id='word_1_668' title='bbox 1881 787 1904 812; x_wconf 93' lang='lat'><strong>1.</strong></span> <span class='ocrx_word' id='word_1_669' title='bbox 1925 796 1946 812; x_wconf 90' lang='lat' dir='ltr'><strong>c.</strong></span> <span class='ocrx_word' id='word_1_670' title='bbox 1966 787 2008 812; x_wconf 82' lang='lat'><strong>53.</strong></span> 
     </span>
    </p>
   </div>
   <div class='ocr_carea' id='block_1_11' title="bbox 1385 569 2007 650">
    <p class='ocr_par' dir='ltr' id='par_1_14' title="bbox 1385 569 2007 650">
     <span class='ocr_line' id='line_1_82' title="bbox 1499 569 2007 605; baseline 0.002 -10"><span class='ocrx_word' id='word_1_671' title='bbox 1499 569 1678 597; x_wconf 65' lang='lat' dir='ltr'><strong>Min-andus.</strong></span> <span class='ocrx_word' id='word_1_672' title='bbox 1720 569 1739 596; x_wconf 91' lang='grc'><strong>1.</strong></span> <span class='ocrx_word' id='word_1_673' title='bbox 1760 571 1821 605; x_wconf 77' lang='lat' dir='ltr'><strong>Sy.</strong></span> <span class='ocrx_word' id='word_1_674' title='bbox 1854 569 2007 597; x_wconf 86' lang='lat' dir='ltr'><strong>Laudabilis</strong></span> 
     </span>
     <span class='ocr_line' id='line_1_83' title="bbox 1385 611 2006 650; baseline 0.002 -12"><span class='ocrx_word' id='word_1_675' title='bbox 1385 611 1452 638; x_wconf 62' lang='lat' dir='ltr'>Nov.</span> <span class='ocrx_word' id='word_1_676' title='bbox 1473 611 1595 638; x_wconf 63' lang='lat' dir='ltr'><strong>March-n.</strong></span> <span class='ocrx_word' id='word_1_677' title='bbox 1622 612 1654 639; x_wconf 86' lang='lat' dir='ltr'><strong>dc</strong></span> <span class='ocrx_word' id='word_1_678' title='bbox 1678 613 1776 649; x_wconf 71' lang='lat' dir='ltr'><strong>indulg.</strong></span> <span class='ocrx_word' id='word_1_679' title='bbox 1802 613 1895 650; x_wconf 82' lang='lat' dir='ltr'><strong>reliqu.</strong></span> <span class='ocrx_word' id='word_1_680' title='bbox 1920 613 1962 640; x_wconf 87' lang='lat' dir='ltr'>III.</span> <span class='ocrx_word' id='word_1_681' title='bbox 1981 614 2006 639; x_wconf 80' lang='lat'><strong>2.</strong></span> 
     </span>
    </p>
   </div>
   <div class='ocr_carea' id='block_1_12' title="bbox 1166 827 2009 1036">
    <p class='ocr_par' dir='ltr' id='par_1_15' title="bbox 1166 827 1362 864">
     <span class='ocr_line' id='line_1_84' title="bbox 1166 827 1362 864; baseline 0 -11"><span class='ocrx_word' id='word_1_682' title='bbox 1166 827 1199 853; x_wconf 80' lang='lat' dir='ltr'><strong>de</strong></span> <span class='ocrx_word' id='word_1_683' title='bbox 1219 837 1280 864; x_wconf 82' lang='lat' dir='ltr'>opp.</span> <span class='ocrx_word' id='word_1_684' title='bbox 1299 827 1362 864; x_wconf 80' lang='lat' dir='ltr'>pub.</span> 
     </span>
    </p>

    <p class='ocr_par' dir='ltr' id='par_1_16' title="bbox 1166 870 2009 1036">
     <span class='ocr_line' id='line_1_85' title="bbox 1202 870 2008 903; baseline 0.002 -7"><span class='ocrx_word' id='word_1_685' title='bbox 1202 870 1433 897; x_wconf 65' lang='lat' dir='ltr'><strong>Admisrere.</strong></span> <span class='ocrx_word' id='word_1_686' title='bbox 1472 871 1609 903; x_wconf 73' lang='lat' dir='ltr'><strong>Addere,</strong></span> <span class='ocrx_word' id='word_1_687' title='bbox 1636 872 1782 898; x_wconf 80' lang='lat' dir='ltr'><strong>Miscere.</strong></span> <span class='ocrx_word' id='word_1_688' title='bbox 1819 871 1862 898; x_wconf 90' lang='grc' dir='ltr'><strong>ΠΙ.</strong></span> <span class='ocrx_word' id='word_1_689' title='bbox 1883 873 1948 900; x_wconf 72' lang='lat'>(⁷11.</span> <span class='ocrx_word' id='word_1_690' title='bbox 1978 870 2008 898; x_wconf 86' lang='lat' dir='ltr'><strong>Si</strong></span> 
     </span>
     <span class='ocr_line' id='line_1_86' title="bbox 1167 912 2009 951; baseline 0.004 -12"><span class='ocrx_word' id='word_1_691' title='bbox 1167 914 1226 949; x_wconf 83' lang='lat' dir='ltr'><strong>quis</strong></span> <span class='ocrx_word' id='word_1_692' title='bbox 1246 923 1340 949; x_wconf 82' lang='lat' dir='ltr'><strong>aquae.</strong></span> <span class='ocrx_word' id='word_1_693' title='bbox 1361 922 1438 949; x_wconf 81' lang='lat' dir='ltr'><strong>quam</strong></span> <span class='ocrx_word' id='word_1_694' title='bbox 1456 912 1507 939; x_wconf 85' lang='lat' dir='ltr'><strong>hoe</strong></span> <span class='ocrx_word' id='word_1_695' title='bbox 1526 923 1594 939; x_wconf 88' lang='lat' dir='ltr'><strong>anuo</strong></span> <span class='ocrx_word' id='word_1_696' title='bbox 1614 913 1739 943; x_wconf 75' lang='lat' dir='ltr'><strong>ducebat.</strong></span> <span class='ocrx_word' id='word_1_697' title='bbox 1760 913 1835 940; x_wconf 85' lang='lat' dir='ltr'><strong>aliam</strong></span> <span class='ocrx_word' id='word_1_698' title='bbox 1854 925 1946 951; x_wconf 84' lang='lat' dir='ltr'><strong>aquam</strong></span> <span class='ocrx_word' id='word_1_699' title='bbox 1966 914 2009 941; x_wconf 85' lang='lat' dir='ltr'><strong>ad-</strong></span> 
     </span>
     <span class='ocr_line' id='line_1_87' title="bbox 1166 955 2007 994; baseline 0.002 -12"><span class='ocrx_word' id='word_1_700' title='bbox 1166 957 1302 982; x_wconf 82' lang='lat' dir='ltr'><strong>miscuerit.</strong></span> <span class='ocrx_word' id='word_1_701' title='bbox 1322 955 1364 989; x_wconf 85' lang='lat' dir='ltr'><strong>[al.</strong></span> <span class='ocrx_word' id='word_1_702' title='bbox 1385 956 1546 990; x_wconf 62' lang='lat' dir='ltr'><strong>miscuerit}</strong></span> <span class='ocrx_word' id='word_1_703' title='bbox 1575 956 1605 983; x_wconf 87' lang='lat' dir='ltr'><strong>sr.</strong></span> <span class='ocrx_word' id='word_1_704' title='bbox 1628 958 1649 983; x_wconf 93' lang='lat' dir='ltr'><strong>l.</strong></span> <span class='ocrx_word' id='word_1_705' title='bbox 1670 957 1692 990; x_wconf 68' lang='grc' dir='ltr'><strong>ξ.</strong></span> <span class='ocrx_word' id='word_1_706' title='bbox 1713 958 1753 983; x_wconf 80' lang='grc'><strong>17.</strong></span> <span class='ocrx_word' id='word_1_707' title='bbox 1778 956 1810 983; x_wconf 82' lang='lat' dir='ltr'><strong>de</strong></span> <span class='ocrx_word' id='word_1_708' title='bbox 1830 967 1887 994; x_wconf 85' lang='lat' dir='ltr'>aqu.</span> <span class='ocrx_word' id='word_1_709' title='bbox 1907 958 2007 994; x_wconf 86' lang='lat' dir='ltr'><strong>quotid.</strong></span> 
     </span>
     <span class='ocr_line' id='line_1_88' title="bbox 1166 998 2008 1036; baseline 0.002 -11"><span class='ocrx_word' id='word_1_710' title='bbox 1166 1000 1208 1025; x_wconf 85' lang='lat'><strong>43.</strong></span> <span class='ocrx_word' id='word_1_711' title='bbox 1231 1001 1274 1025; x_wconf 85' lang='lat'><strong>20.</strong></span> <span class='ocrx_word' id='word_1_712' title='bbox 1312 998 1348 1025; x_wconf 63' lang='lat' dir='ltr'><strong>Vt.</strong></span> <span class='ocrx_word' id='word_1_713' title='bbox 1376 1004 1532 1036; x_wconf 76' lang='lat' dir='ltr'><strong>perpetuum</strong></span> <span class='ocrx_word' id='word_1_714' title='bbox 1556 1000 1745 1026; x_wconf 67' lang='lat' dir='ltr'><strong>inrrenwntum</strong></span> <span class='ocrx_word' id='word_1_715' title='bbox 1769 1005 1873 1026; x_wconf 87' lang='lat' dir='ltr'><strong>nactum</strong></span> <span class='ocrx_word' id='word_1_716' title='bbox 1897 1001 1931 1027; x_wconf 85' lang='lat' dir='ltr'><strong>sit</strong></span> <span class='ocrx_word' id='word_1_717' title='bbox 1954 1001 2008 1034; x_wconf 90' lang='lat' dir='ltr'><strong>(sc.</strong></span> 
     </span>
    </p>
   </div>
   <div class='ocr_carea' id='block_1_13' title="bbox 1168 1041 2007 1119">
    <p class='ocr_par' dir='ltr' id='par_1_17' title="bbox 1168 1041 2007 1119">
     <span class='ocr_line' id='line_1_89' title="bbox 1168 1041 2007 1080; baseline 0.004 -13"><span class='ocrx_word' id='word_1_718' title='bbox 1168 1042 1286 1074; x_wconf 84' lang='lat' dir='ltr'><strong>flumen).</strong></span> <span class='ocrx_word' id='word_1_719' title='bbox 1306 1041 1348 1068; x_wconf 77' lang='lat' dir='ltr'><strong>vel</strong></span> <span class='ocrx_word' id='word_1_720' title='bbox 1367 1042 1418 1068; x_wconf 88' lang='lat' dir='ltr'><strong>alio</strong></span> <span class='ocrx_word' id='word_1_721' title='bbox 1439 1042 1546 1068; x_wconf 80' lang='lat' dir='ltr'><strong>flumine</strong></span> <span class='ocrx_word' id='word_1_722' title='bbox 1565 1042 1689 1074; x_wconf 70' lang='lat' dir='ltr'><strong>admixto.</strong></span> <span class='ocrx_word' id='word_1_723' title='bbox 1710 1042 1751 1069; x_wconf 74' lang='lat' dir='ltr'><strong>vel</strong></span> <span class='ocrx_word' id='word_1_724' title='bbox 1772 1053 1821 1080; x_wconf 82' lang='lat' dir='ltr'><strong>qua</strong></span> <span class='ocrx_word' id='word_1_725' title='bbox 1836 1043 1885 1070; x_wconf 86' lang='lat' dir='ltr'><strong>alia</strong></span> <span class='ocrx_word' id='word_1_726' title='bbox 1898 1044 2007 1070; x_wconf 77' lang='lat' dir='ltr'><strong>ratione..</strong></span> 
     </span>
     <span class='ocr_line' id='line_1_90' title="bbox 1168 1084 1621 1119; baseline 0.002 -8"><span class='ocrx_word' id='word_1_727' title='bbox 1168 1084 1197 1112; x_wconf 88' lang='lat' dir='ltr'><strong>fr.</strong></span> <span class='ocrx_word' id='word_1_728' title='bbox 1220 1086 1242 1111; x_wconf 92' lang='lat' dir='ltr'><strong>l.</strong></span> <span class='ocrx_word' id='word_1_729' title='bbox 1262 1085 1283 1119; x_wconf 66' lang='grc' dir='ltr'><strong>ξ.</strong></span> <span class='ocrx_word' id='word_1_730' title='bbox 1304 1086 1328 1111; x_wconf 83' lang='grc'><strong>5.</strong></span> <span class='ocrx_word' id='word_1_731' title='bbox 1349 1085 1381 1111; x_wconf 86' lang='lat' dir='ltr'><strong>de</strong></span> <span class='ocrx_word' id='word_1_732' title='bbox 1400 1085 1499 1112; x_wconf 82' lang='lat' dir='ltr'><strong>flumin.</strong></span> <span class='ocrx_word' id='word_1_733' title='bbox 1519 1087 1561 1112; x_wconf 78' lang='lat'><strong>43.</strong></span> <span class='ocrx_word' id='word_1_734' title='bbox 1581 1087 1621 1112; x_wconf 79' lang='lat'><strong>12.</strong></span> 
     </span>
    </p>
   </div>
   <div class='ocr_carea' id='block_1_14' title="bbox 1166 1136 2010 1474">
    <p class='ocr_par' dir='ltr' id='par_1_18' title="bbox 1166 1136 2010 1474">
     <span class='ocr_line' id='line_1_91' title="bbox 1201 1136 2010 1173; baseline 0.002 -11"><span class='ocrx_word' id='word_1_735' title='bbox 1201 1136 1400 1163; x_wconf 77' lang='lat' dir='ltr'><strong>Admissio.</strong></span> <span class='ocrx_word' id='word_1_736' title='bbox 1434 1137 1464 1170; x_wconf 64' lang='grc' dir='ltr'><strong>ξ.</strong></span> <span class='ocrx_word' id='word_1_737' title='bbox 1478 1137 1513 1163; x_wconf 90' lang='grc'><strong>1.</strong></span> <span class='ocrx_word' id='word_1_738' title='bbox 1538 1138 1705 1168; x_wconf 74' lang='lat' dir='ltr'><strong>Accessus,</strong></span> <span class='ocrx_word' id='word_1_739' title='bbox 1725 1139 1779 1164; x_wconf 79' lang='lat' dir='ltr'><strong>Ius</strong></span> <span class='ocrx_word' id='word_1_740' title='bbox 1799 1139 2010 1173; x_wconf 72' lang='lat' dir='ltr'><strong>ingrediendi</strong></span> 
     </span>
     <span class='ocr_line' id='line_1_92' title="bbox 1169 1178 2009 1217; baseline 0.001 -12"><span class='ocrx_word' id='word_1_741' title='bbox 1169 1180 1369 1210; x_wconf 64' lang='lat' dir='ltr'><strong>(vubiculum</strong></span> <span class='ocrx_word' id='word_1_742' title='bbox 1388 1181 1588 1214; x_wconf 74' lang='lat' dir='ltr'><strong>Principis).</strong></span> <span class='ocrx_word' id='word_1_743' title='bbox 1624 1178 1666 1205; x_wconf 92' lang='lat' dir='ltr'>III.</span> <span class='ocrx_word' id='word_1_744' title='bbox 1688 1180 1753 1206; x_wconf 76' lang='lat' dir='ltr'><strong>cn.</strong></span> <span class='ocrx_word' id='word_1_745' title='bbox 1782 1178 1901 1206; x_wconf 85' lang='lat' dir='ltr'><strong>Comites</strong></span> <span class='ocrx_word' id='word_1_746' title='bbox 1921 1179 2009 1217; x_wconf 84' lang='lat' dir='ltr'><strong>dispo-</strong></span> 
     </span>
     <span class='ocr_line' id='line_1_93' title="bbox 1167 1221 2007 1258; baseline 0.002 -11"><span class='ocrx_word' id='word_1_747' title='bbox 1167 1222 1304 1249; x_wconf 83' lang='lat' dir='ltr'><strong>sitionum.</strong></span> <span class='ocrx_word' id='word_1_748' title='bbox 1324 1221 1494 1255; x_wconf 74' lang='lat' dir='ltr'><strong>decuriones,</strong></span> <span class='ocrx_word' id='word_1_749' title='bbox 1520 1222 1643 1258; x_wconf 76' lang='lat' dir='ltr'><strong>Magister</strong></span> <span class='ocrx_word' id='word_1_750' title='bbox 1662 1221 1852 1249; x_wconf 84' lang='lat' dir='ltr'><strong>admissionum</strong></span> <span class='ocrx_word' id='word_1_751' title='bbox 1871 1227 1920 1249; x_wconf 79' lang='lat' dir='ltr'><strong>etc.</strong></span> <span class='ocrx_word' id='word_1_752' title='bbox 1957 1222 2007 1250; x_wconf 89' lang='lat' dir='ltr'><strong>Th.</strong></span> 
     </span>
     <span class='ocr_line' id='line_1_94' title="bbox 1167 1264 2008 1302; baseline 0.001 -11"><span class='ocrx_word' id='word_1_753' title='bbox 1167 1264 1198 1292; x_wconf 92' lang='lat' dir='ltr'><strong>C.</strong></span> <span class='ocrx_word' id='word_1_754' title='bbox 1218 1265 1262 1291; x_wconf 75' lang='lat' dir='ltr'><strong>XI.</strong></span> <span class='ocrx_word' id='word_1_755' title='bbox 1284 1266 1324 1291; x_wconf 81' lang='lat'><strong>18.</strong></span> <span class='ocrx_word' id='word_1_756' title='bbox 1344 1276 1365 1292; x_wconf 91' lang='lat' dir='ltr'><strong>c.</strong></span> <span class='ocrx_word' id='word_1_757' title='bbox 1386 1267 1409 1292; x_wconf 90' lang='lat'><strong>1.</strong></span> <span class='ocrx_word' id='word_1_758' title='bbox 1438 1266 1492 1301; x_wconf 77' lang='lat' dir='ltr'><strong>Qui</strong></span> <span class='ocrx_word' id='word_1_759' title='bbox 1512 1276 1525 1291; x_wconf 89' lang='lat' dir='ltr'><strong>a</strong></span> <span class='ocrx_word' id='word_1_760' title='bbox 1544 1265 1634 1302; x_wconf 82' lang='lat' dir='ltr'><strong>praeb.</strong></span> <span class='ocrx_word' id='word_1_761' title='bbox 1653 1266 1730 1291; x_wconf 83' lang='lat' dir='ltr'><strong>tiron.</strong></span> <span class='ocrx_word' id='word_1_762' title='bbox 1769 1266 1895 1292; x_wconf 76' lang='lat' dir='ltr'><strong>Officium</strong></span> <span class='ocrx_word' id='word_1_763' title='bbox 1915 1265 2008 1292; x_wconf 87' lang='lat' dir='ltr'><strong>admis-</strong></span> 
     </span>
     <span class='ocr_line' id='line_1_95' title="bbox 1167 1307 2006 1346; baseline 0 -11"><span class='ocrx_word' id='word_1_764' title='bbox 1167 1309 1278 1335; x_wconf 87' lang='lat' dir='ltr'><strong>sionum.</strong></span> <span class='ocrx_word' id='word_1_765' title='bbox 1316 1308 1353 1335; x_wconf 90' lang='lat' dir='ltr'><strong>Ib.</strong></span> <span class='ocrx_word' id='word_1_766' title='bbox 1373 1308 1417 1335; x_wconf 63' lang='lat' dir='ltr'><strong>VI.</strong></span> <span class='ocrx_word' id='word_1_767' title='bbox 1437 1310 1479 1335; x_wconf 78' lang='lat'><strong>35.</strong></span> <span class='ocrx_word' id='word_1_768' title='bbox 1505 1319 1526 1335; x_wconf 89' lang='lat' dir='ltr'><strong>c.</strong></span> <span class='ocrx_word' id='word_1_769' title='bbox 1546 1310 1570 1335; x_wconf 89' lang='lat'><strong>3.</strong></span> <span class='ocrx_word' id='word_1_770' title='bbox 1590 1318 1630 1345; x_wconf 85' lang='lat' dir='ltr'><strong>pr.</strong></span> <span class='ocrx_word' id='word_1_771' title='bbox 1655 1307 1688 1334; x_wconf 80' lang='lat' dir='ltr'><strong>de</strong></span> <span class='ocrx_word' id='word_1_772' title='bbox 1706 1310 1773 1345; x_wconf 79' lang='lat' dir='ltr'><strong>priv.</strong></span> <span class='ocrx_word' id='word_1_773' title='bbox 1794 1319 1847 1335; x_wconf 81' lang='lat' dir='ltr'><strong>eor.</strong></span> <span class='ocrx_word' id='word_1_774' title='bbox 1869 1319 1911 1346; x_wconf 87' lang='lat' dir='ltr'><strong>qu.</strong></span> <span class='ocrx_word' id='word_1_775' title='bbox 1932 1310 1958 1335; x_wconf 92' lang='lat' dir='ltr'><strong>in</strong></span> <span class='ocrx_word' id='word_1_776' title='bbox 1978 1308 2006 1335; x_wconf 91' lang='lat' dir='ltr'><strong>S.</strong></span> 
     </span>
     <span class='ocr_line' id='line_1_96' title="bbox 1166 1351 2008 1389; baseline 0 -11"><span class='ocrx_word' id='word_1_777' title='bbox 1166 1351 1217 1389; x_wconf 90' lang='lat' dir='ltr'><strong>pal.</strong></span> <span class='ocrx_word' id='word_1_778' title='bbox 1238 1368 1270 1371; x_wconf 86' lang='lat'>—</span> <span class='ocrx_word' id='word_1_779' title='bbox 1289 1352 1319 1386; x_wconf 84' lang='lat'><strong>§.</strong></span> <span class='ocrx_word' id='word_1_780' title='bbox 1335 1353 1372 1379; x_wconf 67' lang='grc'><strong>2.</strong></span> <span class='ocrx_word' id='word_1_781' title='bbox 1393 1353 1569 1387; x_wconf 77' lang='lat' dir='ltr'><strong>Adgnitio‚</strong></span> <span class='ocrx_word' id='word_1_782' title='bbox 1589 1353 1724 1378; x_wconf 73' lang='lat' dir='ltr'><strong>Petitio.</strong></span> <span class='ocrx_word' id='word_1_783' title='bbox 1761 1352 1803 1378; x_wconf 91' lang='lat' dir='ltr'>III.</span> <span class='ocrx_word' id='word_1_784' title='bbox 1819 1353 1884 1380; x_wconf 73' lang='lat' dir='ltr'><strong>C&#39;n·</strong></span> <span class='ocrx_word' id='word_1_785' title='bbox 1905 1351 2008 1389; x_wconf 82' lang='lat' dir='ltr'><strong>Cogna-</strong></span> 
     </span>
     <span class='ocr_line' id='line_1_97' title="bbox 1167 1394 2008 1434; baseline 0.001 -13"><span class='ocrx_word' id='word_1_786' title='bbox 1167 1396 1246 1421; x_wconf 87' lang='lat' dir='ltr'><strong>tionis</strong></span> <span class='ocrx_word' id='word_1_787' title='bbox 1265 1396 1333 1428; x_wconf 76' lang='lat' dir='ltr'><strong>iure,</strong></span> <span class='ocrx_word' id='word_1_788' title='bbox 1353 1396 1417 1421; x_wconf 83' lang='lat' dir='ltr'><strong>citra</strong></span> <span class='ocrx_word' id='word_1_789' title='bbox 1436 1394 1622 1421; x_wconf 84' lang='lat' dir='ltr'><strong>admissionem</strong></span> <span class='ocrx_word' id='word_1_790' title='bbox 1640 1394 1671 1421; x_wconf 76' lang='lat' dir='ltr'><strong>B.</strong></span> <span class='ocrx_word' id='word_1_791' title='bbox 1686 1394 1757 1427; x_wconf 83' lang='lat' dir='ltr'><strong>Pnis,</strong></span> <span class='ocrx_word' id='word_1_792' title='bbox 1777 1396 1907 1422; x_wconf 81' lang='lat' dir='ltr'><strong>neminem</strong></span> <span class='ocrx_word' id='word_1_793' title='bbox 1926 1405 2008 1434; x_wconf 77' lang='lat' dir='ltr'><strong>posse</strong></span> 
     </span>
     <span class='ocr_line' id='line_1_98' title="bbox 1166 1437 1693 1474; baseline -0.004 -9"><span class='ocrx_word' id='word_1_794' title='bbox 1166 1438 1316 1465; x_wconf 76' lang='lat' dir='ltr'><strong>succedere.</strong></span> <span class='ocrx_word' id='word_1_795' title='bbox 1344 1448 1365 1465; x_wconf 92' lang='lat' dir='ltr'><strong>c.</strong></span> <span class='ocrx_word' id='word_1_796' title='bbox 1386 1440 1409 1464; x_wconf 87' lang='lat'><strong>5.</strong></span> <span class='ocrx_word' id='word_1_797' title='bbox 1430 1437 1499 1464; x_wconf 72' lang='lat' dir='ltr'><strong>unde.</strong></span> <span class='ocrx_word' id='word_1_798' title='bbox 1518 1437 1588 1474; x_wconf 76' lang='lat' dir='ltr'><strong>legit.</strong></span> <span class='ocrx_word' id='word_1_799' title='bbox 1609 1438 1632 1464; x_wconf 86' lang='lat'><strong>6.</strong></span> <span class='ocrx_word' id='word_1_800' title='bbox 1653 1439 1693 1464; x_wconf 88' lang='lat'><strong>15.</strong></span> 
     </span>
    </p>
   </div>
   <div class='ocr_carea' id='block_1_15' title="bbox 1166 1489 2009 1904">
    <p class='ocr_par' dir='ltr' id='par_1_19' title="bbox 1166 1489 2009 1732">
     <span class='ocr_line' id='line_1_99' title="bbox 1200 1489 2009 1524; baseline 0 -8"><span class='ocrx_word' id='word_1_801' title='bbox 1200 1489 1501 1517; x_wconf 69' lang='lat' dir='ltr'><strong>Admissionalis.</strong></span> <span class='ocrx_word' id='word_1_802' title='bbox 1541 1490 1604 1522; x_wconf 80' lang='lat' dir='ltr'><strong>Qui</strong></span> <span class='ocrx_word' id='word_1_803' title='bbox 1629 1490 1901 1524; x_wconf 72' lang='lat' dir='ltr'><strong>ingredientibus</strong></span> <span class='ocrx_word' id='word_1_804' title='bbox 1920 1491 2009 1516; x_wconf 77' lang='lat' dir='ltr'><strong>cubi-</strong></span> 
     </span>
     <span class='ocr_line' id='line_1_100' title="bbox 1166 1530 2009 1568; baseline 0 -9"><span class='ocrx_word' id='word_1_805' title='bbox 1166 1535 1274 1560; x_wconf 79' lang='lat' dir='ltr'><strong>culum</strong></span> <span class='ocrx_word' id='word_1_806' title='bbox 1294 1534 1466 1566; x_wconf 79' lang='lat' dir='ltr'><strong>Principis</strong></span> <span class='ocrx_word' id='word_1_807' title='bbox 1489 1538 1624 1566; x_wconf 71' lang='lat' dir='ltr'><strong>praesto</strong></span> <span class='ocrx_word' id='word_1_808' title='bbox 1643 1537 1696 1558; x_wconf 78' lang='lat' dir='ltr'><strong>est.</strong></span> <span class='ocrx_word' id='word_1_809' title='bbox 1733 1530 1776 1557; x_wconf 90' lang='lat' dir='ltr'>III.</span> <span class='ocrx_word' id='word_1_810' title='bbox 1798 1532 1864 1559; x_wconf 76' lang='lat' dir='ltr'><strong>Gn.</strong></span> <span class='ocrx_word' id='word_1_811' title='bbox 1893 1532 1946 1568; x_wconf 81' lang='lat' dir='ltr'><strong>Qui</strong></span> <span class='ocrx_word' id='word_1_812' title='bbox 1964 1542 2009 1559; x_wconf 90' lang='lat' dir='ltr'><strong>no—</strong></span> 
     </span>
     <span class='ocr_line' id='line_1_101' title="bbox 1166 1574 2008 1611; baseline 0.001 -10"><span class='ocrx_word' id='word_1_813' title='bbox 1166 1576 1291 1601; x_wconf 85' lang='lat' dir='ltr'><strong>tariorum</strong></span> <span class='ocrx_word' id='word_1_814' title='bbox 1310 1575 1453 1611; x_wconf 68' lang='lat' dir='ltr'><strong>funguntur</strong></span> <span class='ocrx_word' id='word_1_815' title='bbox 1472 1574 1575 1606; x_wconf 74' lang='lat' dir='ltr'><strong>officio.</strong></span> <span class='ocrx_word' id='word_1_816' title='bbox 1601 1575 1698 1611; x_wconf 84' lang='lat' dir='ltr'><strong>quique</strong></span> <span class='ocrx_word' id='word_1_817' title='bbox 1717 1575 1743 1600; x_wconf 92' lang='lat' dir='ltr'><strong>in</strong></span> <span class='ocrx_word' id='word_1_818' title='bbox 1763 1575 1868 1601; x_wconf 88' lang='lat' dir='ltr'><strong>scriniis</strong></span> <span class='ocrx_word' id='word_1_819' title='bbox 1887 1575 2008 1608; x_wconf 79' lang='lat' dir='ltr'><strong>militant,</strong></span> 
     </span>
     <span class='ocr_line' id='line_1_102' title="bbox 1166 1616 2007 1656; baseline 0.001 -12"><span class='ocrx_word' id='word_1_820' title='bbox 1166 1635 1199 1638; x_wconf 98' lang='lat'><strong>—</strong></span> <span class='ocrx_word' id='word_1_821' title='bbox 1219 1618 1419 1645; x_wconf 80' lang='lat' dir='ltr'><strong>admissionales</strong></span> <span class='ocrx_word' id='word_1_822' title='bbox 1440 1619 1524 1645; x_wconf 77' lang='lat' dir='ltr'><strong>etiam.</strong></span> <span class='ocrx_word' id='word_1_823' title='bbox 1563 1617 1612 1644; x_wconf 88' lang='lat' dir='ltr'><strong>Th.</strong></span> <span class='ocrx_word' id='word_1_824' title='bbox 1633 1616 1664 1644; x_wconf 92' lang='lat' dir='ltr'><strong>C.</strong></span> <span class='ocrx_word' id='word_1_825' title='bbox 1684 1616 1727 1643; x_wconf 74' lang='lat' dir='ltr'><strong>VI.</strong></span> <span class='ocrx_word' id='word_1_826' title='bbox 1747 1619 1790 1644; x_wconf 86' lang='lat'><strong>35.</strong></span> <span class='ocrx_word' id='word_1_827' title='bbox 1810 1628 1830 1644; x_wconf 90' lang='lat' dir='ltr'><strong>c.</strong></span> <span class='ocrx_word' id='word_1_828' title='bbox 1846 1619 1868 1645; x_wconf 77' lang='grc'><strong>7.</strong></span> <span class='ocrx_word' id='word_1_829' title='bbox 1889 1618 1922 1645; x_wconf 76' lang='lat' dir='ltr'><strong>de</strong></span> <span class='ocrx_word' id='word_1_830' title='bbox 1939 1619 2007 1656; x_wconf 82' lang='lat' dir='ltr'><strong>priv.</strong></span> 
     </span>
     <span class='ocr_line' id='line_1_103' title="bbox 1167 1660 2008 1699; baseline 0.001 -11"><span class='ocrx_word' id='word_1_831' title='bbox 1167 1672 1219 1688; x_wconf 87' lang='lat' dir='ltr'><strong>eor.</strong></span> <span class='ocrx_word' id='word_1_832' title='bbox 1241 1672 1283 1698; x_wconf 88' lang='lat' dir='ltr'><strong>qu.</strong></span> <span class='ocrx_word' id='word_1_833' title='bbox 1307 1662 1334 1688; x_wconf 92' lang='lat' dir='ltr'><strong>in</strong></span> <span class='ocrx_word' id='word_1_834' title='bbox 1359 1661 1386 1688; x_wconf 91' lang='lat' dir='ltr'><strong>S.</strong></span> <span class='ocrx_word' id='word_1_835' title='bbox 1405 1661 1484 1699; x_wconf 81' lang='lat' dir='ltr'><strong>palat.</strong></span> <span class='ocrx_word' id='word_1_836' title='bbox 1526 1661 1695 1692; x_wconf 76' lang='lat' dir='ltr'><strong>Invitatores.</strong></span> <span class='ocrx_word' id='word_1_837' title='bbox 1720 1660 1933 1694; x_wconf 79' lang='lat' dir='ltr'><strong>admissionales,</strong></span> <span class='ocrx_word' id='word_1_838' title='bbox 1957 1671 2008 1689; x_wconf 82' lang='lat' dir='ltr'><strong>me-</strong></span> 
     </span>
     <span class='ocr_line' id='line_1_104' title="bbox 1166 1703 1796 1732; baseline -0.005 -1"><span class='ocrx_word' id='word_1_839' title='bbox 1166 1705 1288 1732; x_wconf 85' lang='lat' dir='ltr'><strong>moriales</strong></span> <span class='ocrx_word' id='word_1_840' title='bbox 1309 1709 1356 1731; x_wconf 82' lang='lat' dir='ltr'><strong>etc.</strong></span> <span class='ocrx_word' id='word_1_841' title='bbox 1378 1715 1399 1731; x_wconf 96' lang='lat' dir='ltr'><strong>c.</strong></span> <span class='ocrx_word' id='word_1_842' title='bbox 1421 1706 1461 1730; x_wconf 91' lang='lat'><strong>10.</strong></span> <span class='ocrx_word' id='word_1_843' title='bbox 1481 1703 1513 1731; x_wconf 81' lang='lat' dir='ltr'><strong>de</strong></span> <span class='ocrx_word' id='word_1_844' title='bbox 1533 1703 1585 1730; x_wconf 88' lang='lat' dir='ltr'><strong>div.</strong></span> <span class='ocrx_word' id='word_1_845' title='bbox 1605 1703 1674 1729; x_wconf 80' lang='lat' dir='ltr'>offic.</span> <span class='ocrx_word' id='word_1_846' title='bbox 1697 1705 1736 1729; x_wconf 90' lang='lat'><strong>12.</strong></span> <span class='ocrx_word' id='word_1_847' title='bbox 1755 1704 1796 1729; x_wconf 87' lang='lat'><strong>60.</strong></span> 
     </span>
    </p>

    <p class='ocr_par' dir='ltr' id='par_1_20' title="bbox 1166 1746 2008 1904">
     <span class='ocr_line' id='line_1_105' title="bbox 1200 1746 2008 1783; baseline 0 -8"><span class='ocrx_word' id='word_1_848' title='bbox 1200 1748 1405 1776; x_wconf 74' lang='lat' dir='ltr'><strong>Admissor.</strong></span> <span class='ocrx_word' id='word_1_849' title='bbox 1446 1749 1507 1781; x_wconf 80' lang='lat' dir='ltr'><strong>Qui</strong></span> <span class='ocrx_word' id='word_1_850' title='bbox 1530 1748 1671 1783; x_wconf 68' lang='lat' dir='ltr'><strong>facinus</strong></span> <span class='ocrx_word' id='word_1_851' title='bbox 1699 1748 1869 1773; x_wconf 75' lang='lat' dir='ltr'><strong>commisit.</strong></span> <span class='ocrx_word' id='word_1_852' title='bbox 1906 1746 1925 1773; x_wconf 87' lang='lat'><strong>1.</strong></span> <span class='ocrx_word' id='word_1_853' title='bbox 1946 1748 2008 1782; x_wconf 75' lang='lat' dir='ltr'><strong>Sy.</strong></span> 
     </span>
     <span class='ocr_line' id='line_1_106' title="bbox 1169 1788 2007 1818; baseline -0.002 0"><span class='ocrx_word' id='word_1_854' title='bbox 1169 1791 1325 1818; x_wconf 73' lang='lat' dir='ltr'><strong>Admittens.</strong></span> <span class='ocrx_word' id='word_1_855' title='bbox 1363 1790 1481 1817; x_wconf 58' lang='lat' dir='ltr'><strong>Facit-ns.</strong></span> <span class='ocrx_word' id='word_1_856' title='bbox 1510 1789 1540 1816; x_wconf 85' lang='lat' dir='ltr'><strong>fr.</strong></span> <span class='ocrx_word' id='word_1_857' title='bbox 1556 1791 1578 1815; x_wconf 94' lang='lat'><strong>1.</strong></span> <span class='ocrx_word' id='word_1_858' title='bbox 1599 1789 1629 1815; x_wconf 86' lang='lat' dir='ltr'><strong>sr.</strong></span> <span class='ocrx_word' id='word_1_859' title='bbox 1644 1791 1668 1815; x_wconf 84' lang='lat'><strong>2.</strong></span> <span class='ocrx_word' id='word_1_860' title='bbox 1689 1788 1721 1815; x_wconf 79' lang='lat' dir='ltr'><strong>de</strong></span> <span class='ocrx_word' id='word_1_861' title='bbox 1741 1793 1815 1815; x_wconf 88' lang='lat' dir='ltr'><strong>term.</strong></span> <span class='ocrx_word' id='word_1_862' title='bbox 1828 1794 1890 1816; x_wconf 85' lang='lat' dir='ltr'><strong>mot.</strong></span> <span class='ocrx_word' id='word_1_863' title='bbox 1909 1791 1951 1816; x_wconf 88' lang='grc'><strong>47.</strong></span> <span class='ocrx_word' id='word_1_864' title='bbox 1965 1791 2007 1817; x_wconf 87' lang='lat'><strong>21.</strong></span> 
     </span>
     <span class='ocr_line' id='line_1_107' title="bbox 1410 1831 2007 1861; baseline 0 -1"><span class='ocrx_word' id='word_1_865' title='bbox 1410 1833 1556 1861; x_wconf 76' lang='lat' dir='ltr'><strong>Crimiunm</strong></span> <span class='ocrx_word' id='word_1_866' title='bbox 1585 1832 1753 1859; x_wconf 72' lang='lat' dir='ltr'><strong>admissores,</strong></span> <span class='ocrx_word' id='word_1_867' title='bbox 1797 1832 1866 1859; x_wconf 83' lang='lat' dir='ltr'>Coll.</span> <span class='ocrx_word' id='word_1_868' title='bbox 1890 1831 1945 1860; x_wconf 86' lang='lat' dir='ltr'><strong>LL.</strong></span> <span class='ocrx_word' id='word_1_869' title='bbox 1972 1832 2007 1860; x_wconf 80' lang='lat' dir='ltr'><strong>M.</strong></span> 
     </span>
     <span class='ocr_line' id='line_1_108' title="bbox 1166 1877 1253 1904; baseline 0 0"><span class='ocrx_word' id='word_1_870' title='bbox 1166 1877 1209 1904; x_wconf 74' lang='lat' dir='ltr'><strong>Vl.</strong></span> <span class='ocrx_word' id='word_1_871' title='bbox 1229 1879 1253 1904; x_wconf 84' lang='grc'><strong>4.</strong></span> 
     </span>
    </p>
   </div>
   <div class='ocr_carea' id='block_1_16' title="bbox 1166 1927 2006 2006">
    <p class='ocr_par' dir='ltr' id='par_1_21' title="bbox 1166 1927 2006 2006">
     <span class='ocr_line' id='line_1_109' title="bbox 1200 1927 2006 1960; baseline -0.004 -5"><span class='ocrx_word' id='word_1_872' title='bbox 1200 1928 1414 1956; x_wconf 72' lang='lat' dir='ltr'><strong>Admissum</strong></span> <span class='ocrx_word' id='word_1_873' title='bbox 1434 1927 1562 1960; x_wconf 85' lang='lat' dir='ltr'><strong>(Subst.).</strong></span> <span class='ocrx_word' id='word_1_874' title='bbox 1587 1928 1813 1958; x_wconf 74' lang='lat' dir='ltr'><strong>Commissum,</strong></span> <span class='ocrx_word' id='word_1_875' title='bbox 1833 1927 2006 1953; x_wconf 73' lang='lat' dir='ltr'><strong>Delictum.</strong></span> 
     </span>
     <span class='ocr_line' id='line_1_110' title="bbox 1166 1968 2005 2006; baseline -0.002 -8"><span class='ocrx_word' id='word_1_876' title='bbox 1166 1972 1184 1998; x_wconf 90' lang='grc' dir='ltr'><strong>Ι.</strong></span> <span class='ocrx_word' id='word_1_877' title='bbox 1205 1973 1267 2006; x_wconf 77' lang='lat' dir='ltr'><strong>Sy.</strong></span> <span class='ocrx_word' id='word_1_878' title='bbox 1300 1970 1486 1998; x_wconf 86' lang='lat' dir='ltr'><strong>Commissum.</strong></span> <span class='ocrx_word' id='word_1_879' title='bbox 1524 1970 1659 1996; x_wconf 81' lang='lat' dir='ltr'><strong>Delictum</strong></span> <span class='ocrx_word' id='word_1_880' title='bbox 1683 1968 1896 2002; x_wconf 84' lang='lat' dir='ltr'><strong>(commissum).</strong></span> <span class='ocrx_word' id='word_1_881' title='bbox 1932 1968 2005 1996; x_wconf 83' lang='lat' dir='ltr'><strong>Paul.</strong></span> 
     </span>
    </p>
   </div>
   <div class='ocr_carea' id='block_1_17' title="bbox 1143 2009 2007 2048">
    <p class='ocr_par' dir='ltr' id='par_1_22' title="bbox 1143 2009 2007 2048">
     <span class='ocr_line' id='line_1_111' title="bbox 1143 2009 2007 2048; baseline -0.003 -6"><span class='ocrx_word' id='word_1_882' title='bbox 1143 2009 1145 2017; x_wconf 76' lang='grc'>”</span> <span class='ocrx_word' id='word_1_883' title='bbox 1166 2015 1198 2042; x_wconf 76' lang='lat' dir='ltr'><strong>V.</strong></span> <span class='ocrx_word' id='word_1_884' title='bbox 1217 2018 1259 2041; x_wconf 80' lang='lat'><strong>20.</strong></span> <span class='ocrx_word' id='word_1_885' title='bbox 1279 2015 1301 2048; x_wconf 84' lang='lat'><strong>§.</strong></span> <span class='ocrx_word' id='word_1_886' title='bbox 1321 2015 1345 2040; x_wconf 71' lang='grc'><strong>4.</strong></span> <span class='ocrx_word' id='word_1_887' title='bbox 1365 2013 1397 2040; x_wconf 79' lang='lat' dir='ltr'><strong>V.</strong></span> <span class='ocrx_word' id='word_1_888' title='bbox 1416 2015 1459 2040; x_wconf 77' lang='lat'><strong>25.</strong></span> <span class='ocrx_word' id='word_1_889' title='bbox 1479 2013 1501 2046; x_wconf 61' lang='grc' dir='ltr'><strong>ξ.</strong></span> <span class='ocrx_word' id='word_1_890' title='bbox 1517 2014 1540 2039; x_wconf 92' lang='lat'><strong>1.</strong></span> <span class='ocrx_word' id='word_1_891' title='bbox 1578 2011 1648 2039; x_wconf 67' lang='lat' dir='ltr'>Call.</span> <span class='ocrx_word' id='word_1_892' title='bbox 1668 2010 1721 2038; x_wconf 87' lang='lat' dir='ltr'><strong>LL.</strong></span> <span class='ocrx_word' id='word_1_893' title='bbox 1735 2011 1769 2038; x_wconf 83' lang='grc' dir='ltr'><strong>Μ.</strong></span> <span class='ocrx_word' id='word_1_894' title='bbox 1789 2011 1807 2038; x_wconf 90' lang='lat'><strong>1.</strong></span> <span class='ocrx_word' id='word_1_895' title='bbox 1826 2010 1844 2038; x_wconf 86' lang='lat'><strong>1.</strong></span> <span class='ocrx_word' id='word_1_896' title='bbox 1868 2011 1898 2038; x_wconf 77' lang='lat' dir='ltr'><strong>sr.</strong></span> <span class='ocrx_word' id='word_1_897' title='bbox 1911 2013 1954 2038; x_wconf 78' lang='lat'><strong>20.</strong></span> <span class='ocrx_word' id='word_1_898' title='bbox 1974 2012 2007 2039; x_wconf 84' lang='lat' dir='ltr'><strong>de</strong></span> 
     </span>
    </p>
   </div>
   <div class='ocr_carea' id='block_1_18' title="bbox 1166 2058 2006 2180">
    <p class='ocr_par' dir='ltr' id='par_1_23' title="bbox 1166 2058 2006 2180">
     <span class='ocr_line' id='line_1_112' title="bbox 1168 2058 1348 2074; baseline 0.006 -1"><span class='ocrx_word' id='word_1_899' title='bbox 1168 2069 1172 2073; x_wconf 94' lang='lat'><strong>.</strong></span> <span class='ocrx_word' id='word_1_900' title='bbox 1332 2058 1348 2074; x_wconf 47' lang='grc' dir='ltr'><strong>Δ)</strong></span> 
     </span>
     <span class='ocr_line' id='line_1_113' title="bbox 1166 2059 2006 2132; baseline -0.002 -5"><span class='ocrx_word' id='word_1_901' title='bbox 1166 2059 1358 2127; x_wconf 29' lang='grc' dir='ltr'><strong>Σὲῗιιῗὸέᾶἰῇἶ</strong></span> <span class='ocrx_word' id='word_1_902' title='bbox 1383 2100 1449 2127; x_wconf 70' lang='lat' dir='ltr'><strong>Cn.</strong></span> <span class='ocrx_word' id='word_1_903' title='bbox 1477 2098 1595 2131; x_wconf 72' lang='lat' dir='ltr'><strong>Delicta,</strong></span> <span class='ocrx_word' id='word_1_904' title='bbox 1623 2099 1680 2124; x_wconf 76' lang='lat' dir='ltr'><strong>sive</strong></span> <span class='ocrx_word' id='word_1_905' title='bbox 1709 2096 1823 2123; x_wconf 88' lang='lat' dir='ltr'><strong>admissa</strong></span> <span class='ocrx_word' id='word_1_906' title='bbox 1850 2097 2006 2132; x_wconf 81' lang='lat' dir='ltr'><strong>(militum).</strong></span> 
     </span>
     <span class='ocr_line' id='line_1_114' title="bbox 1167 2139 2006 2180; baseline -0.002 -10"><span class='ocrx_word' id='word_1_907' title='bbox 1167 2144 1197 2170; x_wconf 83' lang='lat' dir='ltr'><strong>fr.</strong></span> <span class='ocrx_word' id='word_1_908' title='bbox 1216 2145 1241 2169; x_wconf 81' lang='lat'><strong>2.</strong></span> <span class='ocrx_word' id='word_1_909' title='bbox 1260 2153 1299 2180; x_wconf 82' lang='lat' dir='ltr'><strong>pr.</strong></span> <span class='ocrx_word' id='word_1_910' title='bbox 1320 2142 1352 2169; x_wconf 79' lang='lat' dir='ltr'><strong>de</strong></span> <span class='ocrx_word' id='word_1_911' title='bbox 1371 2141 1402 2168; x_wconf 85' lang='lat' dir='ltr'><strong>R.</strong></span> <span class='ocrx_word' id='word_1_912' title='bbox 1417 2142 1450 2168; x_wconf 81' lang='lat' dir='ltr'><strong>M.</strong></span> <span class='ocrx_word' id='word_1_913' title='bbox 1470 2143 1511 2168; x_wconf 83' lang='lat'><strong>49.</strong></span> <span class='ocrx_word' id='word_1_914' title='bbox 1527 2142 1567 2168; x_wconf 92' lang='lat'><strong>16.</strong></span> <span class='ocrx_word' id='word_1_915' title='bbox 1603 2140 1644 2167; x_wconf 85' lang='lat' dir='ltr'><strong>Ex</strong></span> <span class='ocrx_word' id='word_1_916' title='bbox 1663 2139 1820 2166; x_wconf 77' lang='lat' dir='ltr'><strong>iudiciorum</strong></span> <span class='ocrx_word' id='word_1_917' title='bbox 1838 2140 2006 2177; x_wconf 85' lang='lat' dir='ltr'><strong>publicorum</strong></span> 
     </span>
    </p>
   </div>
   <div class='ocr_carea' id='block_1_19' title="bbox 1395 2053 2006 2092">
    <p class='ocr_par' dir='ltr' id='par_1_24' title="bbox 1395 2053 2006 2092">
     <span class='ocr_line' id='line_1_115' title="bbox 1395 2053 2006 2092; baseline 0 -10"><span class='ocrx_word' id='word_1_918' title='bbox 1395 2056 1510 2082; x_wconf 82' lang='lat' dir='ltr'><strong>Crimen.</strong></span> <span class='ocrx_word' id='word_1_919' title='bbox 1539 2054 1612 2082; x_wconf 85' lang='lat' dir='ltr'><strong>Paul.</strong></span> <span class='ocrx_word' id='word_1_920' title='bbox 1626 2055 1644 2081; x_wconf 94' lang='lat'><strong>1.</strong></span> <span class='ocrx_word' id='word_1_921' title='bbox 1658 2057 1682 2080; x_wconf 80' lang='lat'><strong>5.</strong></span> <span class='ocrx_word' id='word_1_922' title='bbox 1696 2055 1717 2089; x_wconf 65' lang='grc' dir='ltr'><strong>ξ.</strong></span> <span class='ocrx_word' id='word_1_923' title='bbox 1731 2056 1755 2080; x_wconf 83' lang='lat'><strong>2.</strong></span> <span class='ocrx_word' id='word_1_924' title='bbox 1776 2053 1807 2080; x_wconf 80' lang='lat' dir='ltr'><strong>fr.</strong></span> <span class='ocrx_word' id='word_1_925' title='bbox 1820 2055 1863 2081; x_wconf 85' lang='lat'><strong>26.</strong></span> <span class='ocrx_word' id='word_1_926' title='bbox 1882 2053 1915 2081; x_wconf 80' lang='lat' dir='ltr'><strong>de</strong></span> <span class='ocrx_word' id='word_1_927' title='bbox 1928 2065 2006 2092; x_wconf 79' lang='lat' dir='ltr'><strong>poen.</strong></span> 
     </span>
    </p>
   </div>
   <div class='ocr_carea' id='block_1_20' title="bbox 1143 2182 2007 2221">
    <p class='ocr_par' dir='ltr' id='par_1_25' title="bbox 1143 2182 2007 2221">
     <span class='ocr_line' id='line_1_116' title="bbox 1143 2182 2007 2221; baseline -0.002 -8"><span class='ocrx_word' id='word_1_928' title='bbox 1143 2185 1145 2195; x_wconf 66' lang='lat'><strong><em>¹</em></strong></span> <span class='ocrx_word' id='word_1_929' title='bbox 1166 2187 1289 2213; x_wconf 86' lang='lat' dir='ltr'><strong>admissis</strong></span> <span class='ocrx_word' id='word_1_930' title='bbox 1313 2195 1365 2212; x_wconf 89' lang='lat' dir='ltr'><strong>non</strong></span> <span class='ocrx_word' id='word_1_931' title='bbox 1389 2184 1453 2211; x_wconf 86' lang='lat' dir='ltr'><strong>alias</strong></span> <span class='ocrx_word' id='word_1_932' title='bbox 1479 2188 1616 2210; x_wconf 79' lang='lat' dir='ltr'><strong>transeunt</strong></span> <span class='ocrx_word' id='word_1_933' title='bbox 1643 2193 1743 2221; x_wconf 80' lang='lat' dir='ltr'><strong>poenae.</strong></span> <span class='ocrx_word' id='word_1_934' title='bbox 1767 2187 1816 2209; x_wconf 85' lang='lat' dir='ltr'><strong>etc.</strong></span> <span class='ocrx_word' id='word_1_935' title='bbox 1847 2182 1878 2210; x_wconf 85' lang='lat' dir='ltr'><strong>fr.</strong></span> <span class='ocrx_word' id='word_1_936' title='bbox 1903 2185 1945 2210; x_wconf 88' lang='lat'><strong>20.</strong></span> <span class='ocrx_word' id='word_1_937' title='bbox 1973 2184 2007 2211; x_wconf 79' lang='lat' dir='ltr'><strong>de</strong></span> 
     </span>
    </p>
   </div>
   <div class='ocr_carea' id='block_1_21' title="bbox 1165 2226 2007 2788">
    <p class='ocr_par' dir='ltr' id='par_1_26' title="bbox 1166 2226 2007 2480">
     <span class='ocr_line' id='line_1_117' title="bbox 1167 2226 2007 2263; baseline -0.002 -7"><span class='ocrx_word' id='word_1_938' title='bbox 1167 2240 1252 2256; x_wconf 80' lang='lat' dir='ltr'><strong>accus.</strong></span> <span class='ocrx_word' id='word_1_939' title='bbox 1271 2230 1313 2255; x_wconf 73' lang='lat'><strong>48.</strong></span> <span class='ocrx_word' id='word_1_940' title='bbox 1332 2230 1357 2255; x_wconf 83' lang='lat'><strong>2.</strong></span> <span class='ocrx_word' id='word_1_941' title='bbox 1395 2228 1474 2254; x_wconf 90' lang='lat' dir='ltr'><strong>Omni</strong></span> <span class='ocrx_word' id='word_1_942' title='bbox 1494 2237 1552 2253; x_wconf 83' lang='lat' dir='ltr'><strong>eum</strong></span> <span class='ocrx_word' id='word_1_943' title='bbox 1571 2231 1641 2254; x_wconf 84' lang='lat' dir='ltr'><strong>metu</strong></span> <span class='ocrx_word' id='word_1_944' title='bbox 1659 2236 1689 2252; x_wconf 83' lang='lat' dir='ltr'><strong>ac</strong></span> <span class='ocrx_word' id='word_1_945' title='bbox 1708 2227 1868 2263; x_wconf 82' lang='lat' dir='ltr'><strong>suspicione,</strong></span> <span class='ocrx_word' id='word_1_946' title='bbox 1888 2226 1960 2263; x_wconf 86' lang='lat' dir='ltr'><strong>quod</strong></span> <span class='ocrx_word' id='word_1_947' title='bbox 1973 2237 2007 2254; x_wconf 76' lang='lat' dir='ltr'><strong>ex</strong></span> 
     </span>
     <span class='ocr_line' id='line_1_118' title="bbox 1166 2268 2005 2303; baseline -0.004 -3"><span class='ocrx_word' id='word_1_948' title='bbox 1166 2273 1273 2300; x_wconf 87' lang='lat' dir='ltr'><strong>admissi</strong></span> <span class='ocrx_word' id='word_1_949' title='bbox 1294 2272 1444 2298; x_wconf 83' lang='lat' dir='ltr'><strong>discrimine</strong></span> <span class='ocrx_word' id='word_1_950' title='bbox 1462 2271 1583 2303; x_wconf 69' lang='lat' dir='ltr'><strong>sustinet,</strong></span> <span class='ocrx_word' id='word_1_951' title='bbox 1603 2285 1635 2289; x_wconf 89' lang='lat'>—</span> <span class='ocrx_word' id='word_1_952' title='bbox 1654 2269 1776 2296; x_wconf 80' lang='lat' dir='ltr'><strong>volumus</strong></span> <span class='ocrx_word' id='word_1_953' title='bbox 1790 2268 1903 2296; x_wconf 79' lang='lat' dir='ltr'><strong>libcrari.</strong></span> <span class='ocrx_word' id='word_1_954' title='bbox 1935 2269 2005 2297; x_wconf 79' lang='lat' dir='ltr'>Call.</span> 
     </span>
     <span class='ocr_line' id='line_1_119' title="bbox 1166 2312 2004 2350; baseline -0.005 -7"><span class='ocrx_word' id='word_1_955' title='bbox 1166 2316 1219 2343; x_wconf 92' lang='lat' dir='ltr'><strong>LL.</strong></span> <span class='ocrx_word' id='word_1_956' title='bbox 1240 2316 1273 2343; x_wconf 82' lang='grc' dir='ltr'><strong>Μ.</strong></span> <span class='ocrx_word' id='word_1_957' title='bbox 1293 2315 1312 2342; x_wconf 91' lang='lat' dir='ltr'><strong>l.</strong></span> <span class='ocrx_word' id='word_1_958' title='bbox 1333 2317 1373 2341; x_wconf 87' lang='lat'><strong>10.</strong></span> <span class='ocrx_word' id='word_1_959' title='bbox 1409 2314 1439 2340; x_wconf 91' lang='lat' dir='ltr'><strong>ln</strong></span> <span class='ocrx_word' id='word_1_960' title='bbox 1458 2313 1574 2340; x_wconf 86' lang='lat' dir='ltr'><strong>admisso</strong></span> <span class='ocrx_word' id='word_1_961' title='bbox 1593 2312 1762 2349; x_wconf 71' lang='lat' dir='ltr'><strong>deprehendi.</strong></span> <span class='ocrx_word' id='word_1_962' title='bbox 1786 2312 1855 2339; x_wconf 60' lang='lat' dir='ltr'>snb.</span> <span class='ocrx_word' id='word_1_963' title='bbox 1875 2312 1908 2339; x_wconf 83' lang='lat' dir='ltr'><strong>de.</strong></span> <span class='ocrx_word' id='word_1_964' title='bbox 1926 2322 2004 2350; x_wconf 81' lang='lat' dir='ltr'><strong>poen.</strong></span> 
     </span>
     <span class='ocr_line' id='line_1_120' title="bbox 1167 2355 2005 2393; baseline -0.005 -8"><span class='ocrx_word' id='word_1_965' title='bbox 1167 2360 1207 2385; x_wconf 78' lang='lat'><strong>48.</strong></span> <span class='ocrx_word' id='word_1_966' title='bbox 1230 2360 1269 2385; x_wconf 88' lang='grc'><strong>19.</strong></span> <span class='ocrx_word' id='word_1_967' title='bbox 1306 2357 1357 2385; x_wconf 88' lang='lat' dir='ltr'><strong>Pro</strong></span> <span class='ocrx_word' id='word_1_968' title='bbox 1381 2357 1489 2384; x_wconf 86' lang='lat' dir='ltr'><strong>admissi</strong></span> <span class='ocrx_word' id='word_1_969' title='bbox 1514 2356 1651 2393; x_wconf 75' lang='lat' dir='ltr'><strong>qualitate,</strong></span> <span class='ocrx_word' id='word_1_970' title='bbox 1675 2365 1698 2382; x_wconf 82' lang='lat' dir='ltr'><strong>v.</strong></span> <span class='ocrx_word' id='word_1_971' title='bbox 1718 2365 1851 2388; x_wconf 75' lang='lat' dir='ltr'><strong>mensura,</strong></span> <span class='ocrx_word' id='word_1_972' title='bbox 1875 2365 1901 2382; x_wconf 81' lang='lat' dir='ltr'><strong>v.</strong></span> <span class='ocrx_word' id='word_1_973' title='bbox 1918 2355 2005 2382; x_wconf 86' lang='lat' dir='ltr'><strong>modo.</strong></span> 
     </span>
     <span class='ocr_line' id='line_1_121' title="bbox 1167 2398 2004 2435; baseline -0.004 -7"><span class='ocrx_word' id='word_1_974' title='bbox 1167 2401 1239 2428; x_wconf 85' lang='lat' dir='ltr'><strong>Paul.</strong></span> <span class='ocrx_word' id='word_1_975' title='bbox 1259 2401 1277 2427; x_wconf 94' lang='grc' dir='ltr'><strong>Ι.</strong></span> <span class='ocrx_word' id='word_1_976' title='bbox 1300 2402 1324 2427; x_wconf 89' lang='grc'><strong>5.</strong></span> <span class='ocrx_word' id='word_1_977' title='bbox 1344 2401 1366 2434; x_wconf 60' lang='grc' dir='ltr'><strong>ς’.</strong></span> <span class='ocrx_word' id='word_1_978' title='bbox 1386 2402 1411 2426; x_wconf 88' lang='lat'><strong>2.</strong></span> <span class='ocrx_word' id='word_1_979' title='bbox 1436 2400 1453 2426; x_wconf 95' lang='lat'><strong>1.</strong></span> <span class='ocrx_word' id='word_1_980' title='bbox 1475 2401 1515 2425; x_wconf 86' lang='lat'><strong>15.</strong></span> <span class='ocrx_word' id='word_1_981' title='bbox 1534 2399 1556 2433; x_wconf 85' lang='lat'><strong>§.</strong></span> <span class='ocrx_word' id='word_1_982' title='bbox 1576 2401 1600 2425; x_wconf 85' lang='lat'><strong>2.</strong></span> <span class='ocrx_word' id='word_1_983' title='bbox 1620 2398 1651 2425; x_wconf 79' lang='lat' dir='ltr'><strong>fr.</strong></span> <span class='ocrx_word' id='word_1_984' title='bbox 1672 2400 1712 2425; x_wconf 89' lang='grc'><strong>10.</strong></span> <span class='ocrx_word' id='word_1_985' title='bbox 1731 2408 1773 2435; x_wconf 83' lang='lat' dir='ltr'><strong>sq.</strong></span> <span class='ocrx_word' id='word_1_986' title='bbox 1796 2398 1829 2425; x_wconf 81' lang='lat' dir='ltr'><strong>de</strong></span> <span class='ocrx_word' id='word_1_987' title='bbox 1847 2403 1913 2425; x_wconf 77' lang='lat' dir='ltr'><strong>extr.</strong></span> <span class='ocrx_word' id='word_1_988' title='bbox 1932 2399 2004 2425; x_wconf 87' lang='lat' dir='ltr'><strong>crim.</strong></span> 
     </span>
     <span class='ocr_line' id='line_1_122' title="bbox 1167 2443 1652 2480; baseline -0.006 -9"><span class='ocrx_word' id='word_1_989' title='bbox 1167 2447 1208 2472; x_wconf 90' lang='lat'><strong>47.</strong></span> <span class='ocrx_word' id='word_1_990' title='bbox 1230 2447 1269 2471; x_wconf 88' lang='lat'><strong>11.</strong></span> <span class='ocrx_word' id='word_1_991' title='bbox 1290 2444 1321 2470; x_wconf 89' lang='lat' dir='ltr'><strong>sr.</strong></span> <span class='ocrx_word' id='word_1_992' title='bbox 1340 2445 1384 2470; x_wconf 88' lang='lat'><strong>37.</strong></span> <span class='ocrx_word' id='word_1_993' title='bbox 1403 2443 1435 2469; x_wconf 79' lang='lat' dir='ltr'><strong>de</strong></span> <span class='ocrx_word' id='word_1_994' title='bbox 1454 2452 1532 2480; x_wconf 84' lang='lat' dir='ltr'><strong>poen.</strong></span> <span class='ocrx_word' id='word_1_995' title='bbox 1550 2443 1591 2469; x_wconf 73' lang='lat'><strong>48.</strong></span> <span class='ocrx_word' id='word_1_996' title='bbox 1613 2444 1652 2468; x_wconf 85' lang='lat'><strong>19.</strong></span> 
     </span>
    </p>

    <p class='ocr_par' dir='ltr' id='par_1_27' title="bbox 1166 2483 2005 2558">
     <span class='ocr_line' id='line_1_123' title="bbox 1200 2483 2005 2519; baseline -0.006 -4"><span class='ocrx_word' id='word_1_997' title='bbox 1200 2487 1426 2515; x_wconf 71' lang='lat' dir='ltr'><strong>Admittens.</strong></span> <span class='ocrx_word' id='word_1_998' title='bbox 1457 2487 1519 2519; x_wconf 79' lang='lat' dir='ltr'><strong>Qui</strong></span> <span class='ocrx_word' id='word_1_999' title='bbox 1537 2486 1699 2512; x_wconf 78' lang='lat' dir='ltr'><strong>commisit</strong></span> <span class='ocrx_word' id='word_1_1000' title='bbox 1718 2486 1878 2511; x_wconf 68' lang='lat' dir='ltr'><strong>delictum.</strong></span> <span class='ocrx_word' id='word_1_1001' title='bbox 1910 2483 1929 2510; x_wconf 88' lang='lat' dir='ltr'><strong>I.</strong></span> <span class='ocrx_word' id='word_1_1002' title='bbox 1943 2484 2005 2519; x_wconf 74' lang='lat' dir='ltr'><strong>Sy.</strong></span> 
     </span>
     <span class='ocr_line' id='line_1_124' title="bbox 1166 2528 1473 2558; baseline -0.013 0"><span class='ocrx_word' id='word_1_1003' title='bbox 1166 2531 1313 2558; x_wconf 86' lang='lat' dir='ltr'><strong>Admissor.</strong></span> <span class='ocrx_word' id='word_1_1004' title='bbox 1342 2528 1384 2556; x_wconf 87' lang='lat' dir='ltr'><strong>Cf.</strong></span> <span class='ocrx_word' id='word_1_1005' title='bbox 1404 2528 1429 2555; x_wconf 92' lang='lat' dir='ltr'><strong>h.</strong></span> <span class='ocrx_word' id='word_1_1006' title='bbox 1448 2538 1473 2555; x_wconf 90' lang='lat' dir='ltr'><strong>v.</strong></span> 
     </span>
    </p>

    <p class='ocr_par' dir='ltr' id='par_1_28' title="bbox 1165 2578 2004 2788">
     <span class='ocr_line' id='line_1_125' title="bbox 1200 2578 2004 2613; baseline -0.009 -3"><span class='ocrx_word' id='word_1_1007' title='bbox 1200 2582 1424 2610; x_wconf 74' lang='lat' dir='ltr'><strong>Admittere·</strong></span> <span class='ocrx_word' id='word_1_1008' title='bbox 1461 2579 1492 2613; x_wconf 58' lang='grc' dir='ltr'><strong>ᾖ.</strong></span> <span class='ocrx_word' id='word_1_1009' title='bbox 1513 2579 1547 2606; x_wconf 80' lang='lat' dir='ltr'><strong>l.</strong></span> <span class='ocrx_word' id='word_1_1010' title='bbox 1579 2580 1712 2605; x_wconf 73' lang='lat' dir='ltr'><strong>Aditum</strong></span> <span class='ocrx_word' id='word_1_1011' title='bbox 1734 2582 1922 2612; x_wconf 73' lang='lat' dir='ltr'><strong>praestare,</strong></span> <span class='ocrx_word' id='word_1_1012' title='bbox 1946 2578 2004 2604; x_wconf 78' lang='lat' dir='ltr'><strong>Re-</strong></span> 
     </span>
     <span class='ocr_line' id='line_1_126' title="bbox 1165 2618 2003 2661; baseline -0.01 -8"><span class='ocrx_word' id='word_1_1013' title='bbox 1165 2629 1280 2661; x_wconf 82' lang='lat' dir='ltr'><strong>cipere.</strong></span> <span class='ocrx_word' id='word_1_1014' title='bbox 1317 2623 1336 2650; x_wconf 90' lang='lat' dir='ltr'><strong>I.</strong></span> <span class='ocrx_word' id='word_1_1015' title='bbox 1356 2624 1417 2657; x_wconf 77' lang='lat' dir='ltr'><strong>Sy.</strong></span> <span class='ocrx_word' id='word_1_1016' title='bbox 1446 2621 1558 2659; x_wconf 86' lang='lat' dir='ltr'><strong>Copiam</strong></span> <span class='ocrx_word' id='word_1_1017' title='bbox 1577 2622 1670 2652; x_wconf 65' lang='lat' dir='ltr'><strong>faeere.</strong></span> <span class='ocrx_word' id='word_1_1018' title='bbox 1697 2620 1798 2647; x_wconf 79' lang='lat' dir='ltr'><strong>Vocare</strong></span> <span class='ocrx_word' id='word_1_1019' title='bbox 1817 2619 1849 2646; x_wconf 89' lang='lat' dir='ltr'><strong>ad</strong></span> <span class='ocrx_word' id='word_1_1020' title='bbox 1869 2624 1917 2646; x_wconf 79' lang='lat' dir='ltr'><strong>etc.</strong></span> <span class='ocrx_word' id='word_1_1021' title='bbox 1946 2618 2003 2646; x_wconf 86' lang='lat' dir='ltr'><strong>Gai.</strong></span> 
     </span>
     <span class='ocr_line' id='line_1_127' title="bbox 1166 2661 2002 2696; baseline -0.011 0"><span class='ocrx_word' id='word_1_1022' title='bbox 1166 2669 1208 2696; x_wconf 89' lang='lat'>111.</span> <span class='ocrx_word' id='word_1_1023' title='bbox 1234 2670 1274 2695; x_wconf 84' lang='lat'><strong>17.</strong></span> <span class='ocrx_word' id='word_1_1024' title='bbox 1298 2668 1340 2693; x_wconf 84' lang='lat'><strong>21.</strong></span> <span class='ocrx_word' id='word_1_1025' title='bbox 1360 2668 1402 2692; x_wconf 79' lang='lat'><strong>28.</strong></span> <span class='ocrx_word' id='word_1_1026' title='bbox 1439 2664 1489 2692; x_wconf 91' lang='lat' dir='ltr'><strong>Th.</strong></span> <span class='ocrx_word' id='word_1_1027' title='bbox 1514 2664 1545 2691; x_wconf 88' lang='lat' dir='ltr'><strong>C.</strong></span> <span class='ocrx_word' id='word_1_1028' title='bbox 1570 2664 1614 2691; x_wconf 62' lang='lat' dir='ltr'><strong>Yl.</strong></span> <span class='ocrx_word' id='word_1_1029' title='bbox 1637 2666 1680 2690; x_wconf 89' lang='lat'><strong>30.</strong></span> <span class='ocrx_word' id='word_1_1030' title='bbox 1704 2674 1725 2690; x_wconf 85' lang='lat' dir='ltr'><strong>c.</strong></span> <span class='ocrx_word' id='word_1_1031' title='bbox 1747 2665 1786 2689; x_wconf 88' lang='lat'><strong>12.</strong></span> <span class='ocrx_word' id='word_1_1032' title='bbox 1816 2662 1848 2689; x_wconf 84' lang='lat' dir='ltr'><strong>de</strong></span> <span class='ocrx_word' id='word_1_1033' title='bbox 1871 2662 1950 2689; x_wconf 85' lang='lat' dir='ltr'><strong>Palat.</strong></span> <span class='ocrx_word' id='word_1_1034' title='bbox 1975 2661 2002 2688; x_wconf 89' lang='lat' dir='ltr'><strong>S.</strong></span> 
     </span>
     <span class='ocr_line' id='line_1_128' title="bbox 1166 2705 2002 2747; baseline -0.01 -9"><span class='ocrx_word' id='word_1_1035' title='bbox 1166 2712 1246 2747; x_wconf 71' lang='lat' dir='ltr'><strong>largg.</strong></span> <span class='ocrx_word' id='word_1_1036' title='bbox 1273 2710 1304 2736; x_wconf 72' lang='lat' dir='ltr'>I&#39;r.</span> <span class='ocrx_word' id='word_1_1037' title='bbox 1323 2711 1347 2736; x_wconf 87' lang='lat'><strong>3.</strong></span> <span class='ocrx_word' id='word_1_1038' title='bbox 1373 2709 1410 2742; x_wconf 56' lang='grc' dir='ltr'><strong>ἐξ.</strong></span> <span class='ocrx_word' id='word_1_1039' title='bbox 1431 2710 1454 2735; x_wconf 88' lang='lat'><strong>7.</strong></span> <span class='ocrx_word' id='word_1_1040' title='bbox 1477 2718 1517 2744; x_wconf 87' lang='lat' dir='ltr'><strong>sq.</strong></span> <span class='ocrx_word' id='word_1_1041' title='bbox 1543 2709 1583 2734; x_wconf 92' lang='lat'><strong>11.</strong></span> <span class='ocrx_word' id='word_1_1042' title='bbox 1607 2717 1647 2744; x_wconf 83' lang='lat' dir='ltr'><strong>sq.</strong></span> <span class='ocrx_word' id='word_1_1043' title='bbox 1676 2706 1708 2733; x_wconf 67' lang='grc'><strong>(1(-</strong></span> <span class='ocrx_word' id='word_1_1044' title='bbox 1732 2705 1761 2731; x_wconf 86' lang='grc' dir='ltr'><strong>Β.</strong></span> <span class='ocrx_word' id='word_1_1045' title='bbox 1782 2705 1810 2731; x_wconf 89' lang='lat' dir='ltr'><strong>P.</strong></span> <span class='ocrx_word' id='word_1_1046' title='bbox 1835 2716 1856 2732; x_wconf 86' lang='lat' dir='ltr'><strong>c.</strong></span> <span class='ocrx_word' id='word_1_1047' title='bbox 1876 2710 1895 2731; x_wconf 86' lang='lat' dir='ltr'><strong>t.</strong></span> <span class='ocrx_word' id='word_1_1048' title='bbox 1917 2706 1958 2730; x_wconf 82' lang='lat'><strong>37.</strong></span> <span class='ocrx_word' id='word_1_1049' title='bbox 1978 2705 2002 2731; x_wconf 87' lang='lat'><strong>4.</strong></span> 
     </span>
     <span class='ocr_line' id='line_1_129' title="bbox 1166 2746 2002 2788; baseline -0.01 -7"><span class='ocrx_word' id='word_1_1050' title='bbox 1166 2754 1287 2785; x_wconf 77' lang='lat' dir='ltr'><strong>Invitari,</strong></span> <span class='ocrx_word' id='word_1_1051' title='bbox 1306 2752 1404 2779; x_wconf 59' lang='lat' dir='ltr'><strong>Venire</strong></span> <span class='ocrx_word' id='word_1_1052' title='bbox 1423 2751 1470 2783; x_wconf 72' lang='lat' dir='ltr'><strong>ad,</strong></span> <span class='ocrx_word' id='word_1_1053' title='bbox 1489 2751 1633 2788; x_wconf 80' lang='lat' dir='ltr'><strong>Accipere,</strong></span> <span class='ocrx_word' id='word_1_1054' title='bbox 1656 2749 1767 2776; x_wconf 79' lang='lat' dir='ltr'><strong>Admitti</strong></span> <span class='ocrx_word' id='word_1_1055' title='bbox 1787 2748 1819 2775; x_wconf 82' lang='lat' dir='ltr'><strong>ad</strong></span> <span class='ocrx_word' id='word_1_1056' title='bbox 1839 2748 1880 2782; x_wconf 90' lang='lat' dir='ltr'><strong>(B.</strong></span> <span class='ocrx_word' id='word_1_1057' title='bbox 1899 2746 2002 2780; x_wconf 71' lang='lat' dir='ltr'><strong>Pnnm).</strong></span> 
     </span>
    </p>
   </div>
   <div class='ocr_carea' id='block_1_22' title="bbox 1143 2790 2002 2833">
    <p class='ocr_par' dir='ltr' id='par_1_29' title="bbox 1143 2790 2002 2833">
     <span class='ocr_line' id='line_1_130' title="bbox 1143 2790 2002 2833; baseline -0.009 -9"><span class='ocrx_word' id='word_1_1058' title='bbox 1143 2792 1144 2798; x_wconf 37' lang='lat'>¹</span> <span class='ocrx_word' id='word_1_1059' title='bbox 1167 2798 1197 2824; x_wconf 78' lang='lat' dir='ltr'><strong>fr.</strong></span> <span class='ocrx_word' id='word_1_1060' title='bbox 1217 2798 1243 2823; x_wconf 90' lang='lat'><strong>6.</strong></span> <span class='ocrx_word' id='word_1_1061' title='bbox 1261 2806 1319 2833; x_wconf 80' lang='lat' dir='ltr'>sqq.</span> <span class='ocrx_word' id='word_1_1062' title='bbox 1340 2795 1356 2821; x_wconf 98' lang='lat' dir='ltr'><strong>l.</strong></span> <span class='ocrx_word' id='word_1_1063' title='bbox 1371 2795 1388 2821; x_wconf 93' lang='lat' dir='ltr'><strong>l.</strong></span> <span class='ocrx_word' id='word_1_1064' title='bbox 1407 2796 1448 2820; x_wconf 87' lang='lat'><strong>37.</strong></span> <span class='ocrx_word' id='word_1_1065' title='bbox 1468 2796 1492 2820; x_wconf 88' lang='lat'><strong>4.</strong></span> <span class='ocrx_word' id='word_1_1066' title='bbox 1516 2794 1546 2820; x_wconf 83' lang='lat' dir='ltr'><strong>sr.</strong></span> <span class='ocrx_word' id='word_1_1067' title='bbox 1563 2796 1585 2820; x_wconf 87' lang='lat' dir='ltr'><strong>l.</strong></span> <span class='ocrx_word' id='word_1_1068' title='bbox 1605 2794 1628 2827; x_wconf 60' lang='grc' dir='ltr'><strong>ξ.</strong></span> <span class='ocrx_word' id='word_1_1069' title='bbox 1641 2794 1665 2818; x_wconf 93' lang='grc'><strong>6.</strong></span> <span class='ocrx_word' id='word_1_1070' title='bbox 1685 2793 1707 2818; x_wconf 83' lang='lat' dir='ltr'><strong>si</strong></span> <span class='ocrx_word' id='word_1_1071' title='bbox 1728 2791 1778 2818; x_wconf 88' lang='lat' dir='ltr'><strong>tab.</strong></span> <span class='ocrx_word' id='word_1_1072' title='bbox 1798 2796 1862 2818; x_wconf 72' lang='lat' dir='ltr'><strong>test.</strong></span> <span class='ocrx_word' id='word_1_1073' title='bbox 1878 2790 1941 2817; x_wconf 88' lang='lat' dir='ltr'><strong>null.</strong></span> <span class='ocrx_word' id='word_1_1074' title='bbox 1960 2792 2002 2817; x_wconf 87' lang='lat'><strong>38.</strong></span> 
     </span>
    </p>
   </div>
   <div class='ocr_carea' id='block_1_23' title="bbox 1166 2834 2003 2874">
    <p class='ocr_par' dir='ltr' id='par_1_30' title="bbox 1166 2834 2003 2874">
     <span class='ocr_line' id='line_1_131' title="bbox 1166 2834 2003 2874; baseline -0.01 -7"><span class='ocrx_word' id='word_1_1075' title='bbox 1166 2842 1190 2867; x_wconf 88' lang='lat'><strong>6.</strong></span> <span class='ocrx_word' id='word_1_1076' title='bbox 1227 2838 1270 2866; x_wconf 73' lang='lat'>111.</span> <span class='ocrx_word' id='word_1_1077' title='bbox 1290 2840 1356 2867; x_wconf 74' lang='lat' dir='ltr'><strong>Cn·</strong></span> <span class='ocrx_word' id='word_1_1078' title='bbox 1389 2837 1418 2864; x_wconf 91' lang='lat' dir='ltr'><strong>Si</strong></span> <span class='ocrx_word' id='word_1_1079' title='bbox 1437 2838 1497 2874; x_wconf 82' lang='lat' dir='ltr'><strong>quis</strong></span> <span class='ocrx_word' id='word_1_1080' title='bbox 1516 2836 1598 2869; x_wconf 83' lang='lat' dir='ltr'><strong>dicat,</strong></span> <span class='ocrx_word' id='word_1_1081' title='bbox 1623 2846 1652 2862; x_wconf 84' lang='lat' dir='ltr'><strong>se</strong></span> <span class='ocrx_word' id='word_1_1082' title='bbox 1675 2846 1689 2862; x_wconf 79' lang='lat' dir='ltr'><strong>a</strong></span> <span class='ocrx_word' id='word_1_1083' title='bbox 1707 2834 1832 2862; x_wconf 84' lang='lat' dir='ltr'><strong>Praetore</strong></span> <span class='ocrx_word' id='word_1_1084' title='bbox 1853 2834 1880 2860; x_wconf 90' lang='lat' dir='ltr'><strong>in</strong></span> <span class='ocrx_word' id='word_1_1085' title='bbox 1897 2843 2003 2871; x_wconf 87' lang='lat' dir='ltr'><strong>posses-</strong></span> 
     </span>
    </p>
   </div>
  </div>
 </body>
</html>
