2197 3121
1036 157 1125 188 DIV.

222 241 261 266 74.
281 249 321 277 pr.
345 239 377 266 de
402 238 536 265 decurion.
578 238 652 274 Quae
676 238 730 271 (sc.
750 237 904 275 privilegia)
930 237 1062 265 divalibus

221 282 357 309 beneficiis
377 283 459 308 sacris
483 282 587 308 scriniis
607 280 737 307 adtributa
757 286 825 307 sunt.
862 281 899 307 lb.
913 280 956 308 VI.

223 327 262 352 17.
287 335 326 362 pr.
352 324 384 351 de
408 335 483 362 prox.
508 325 594 351 comit.
613 323 765 360 Responsa,
789 334 813 350 v.
833 323 918 353 Scita.
939 334 959 350 s.
979 324 1061 355 Iussa,

221 368 324 395 divalia.
345 368 381 394 111.
402 368 445 394 VI.
465 369 506 393 32.
527 377 547 393 e.
569 369 590 393 1.
611 366 643 393 de
663 368 832 393 castrensian.
858 366 913 393 YII.
933 368 957 393 4.
978 377 999 393 c.
1019 368 1061 393 30.

222 410 254 437 de
274 421 343 447 erog.
363 410 416 437 mil.
436 420 529 437 annon.
550 409 617 435 VIII.
638 411 659 435 1.
680 419 700 436 c.
721 411 744 436 5.
765 409 798 436 de
816 419 943 436 numerar.

256 454 488 481 nix-endere.
516 454 718 479 Distrahere.
746 452 764 478 Ι.
784 454 845 487 Sy.
865 451 987 478 Vendere
1006 452 1061 484 (res

222 498 304 527 suas.)
326 496 409 523 Vatic.
429 497 450 530 5.
475 498 517 522 35.

256 540 329 566 niv
333 540 465 567 ersari.
506 540 530 565 Ι
532 540 654 567 ersari.
674 539 784 573 Agere.
821 537 839 563 I.
855 538 917 572 Sy.
939 537 1061 564 Commo-

222 582 281 608 rari.
306 581 336 608 11.
362 584 403 608 27.
428 582 465 615 55.
492 583 513 607 1.
539 591 578 617 sq.
603 580 635 606 ad
660 581 783 617 municip.
807 581 891 606 50.1.
930 580 971 606 ΙΙΙ.
993 582 1059 608 οη.

222 623 411 653 militantibus.
430 624 565 661 probe›qu‹
585 625 611 649 in
630 628 688 650 actu
707 624 772 660 reip.
791 622 939 650 diver.satis
959 623 1008 650 Th.
1029 624 1059 651 C.

222 666 265 693 VI.
285 669 327 694 27.
347 678 368 694 c.
387 670 410 694 4.
430 668 451 701 5.
474 669 495 693 l.
515 666 547 693 de
566 671 649 702 agent.
668 666 695 692 in
714 665 767 692 reb.

256 710 427 738 Diverso.
461 709 584 743 (Advb.)
617 710 724 740 Varie,
746 709 979 736 Dissimiliter.
1017 709 1059 736 ΙΙΙ.

223 752 289 779 Gn.
309 752 364 779 Cur
382 758 433 779 tam
453 753 574 779 diverse?
603 750 684 787 Quod
707 755 756 777 etc.
776 750 806 778 fr.
826 753 850 778 9.
871 752 892 786 5.
911 754 936 778 3.
956 752 988 779 de
1006 754 1060 779 trit.

222 795 291 821 vino.
311 796 352 821 33.
373 797 396 822 6.

256 838 482 865 Diversiffas.
519 839 550 872 §.
570 839 604 864 1.
634 838 832 869 Βίεονίηιεη,
858 838 1061 872 Diserepan-

222 882 278 907 tia.
308 880 326 907 Ι.
347 883 408 916 Sy.
428 882 570 908 Discretio.
590 879 631 907 Cf.
651 879 676 906 h.
696 890 720 906 v.
740 880 762 914 5.
781 881 805 906 2.
830 880 980 912 Discordia,
1000 881 1061 907 Dis-

222 925 350 951 sonantia.
372 935 392 951 c.
412 927 436 951 2.
456 925 478 958 5.
498 926 538 950 15.
558 923 591 949 de
609 927 659 949 vet.
674 924 731 949 iure
744 922 828 949 enucl.
844 925 865 949 l.
881 925 920 949 17.
940 923 982 949 ΠΙ.
995 925 1061 951 Cn.

222 966 252 993 Si
274 967 391 994 eiusdem
418 967 487 994 tituli
512 966 629 995 fuerunt.
653 971 814 992 concurrunt
833 966 882 999 (sc.
903 966 1061 1003 privilegia.)

223 1010 286 1037 licet
304 1011 471 1037 diversitates
490 1010 617 1046 temporis
631 1010 658 1035 in
677 1009 718 1035 his
732 1009 836 1035 fuerint.
856 1008 886 1035 sr.
899 1011 941 1035 32.
962 1009 995 1036 de
1007 1010 1061 1036 reb.

223 1059 290 1080 auct.
310 1053 363 1080 iud.
383 1055 423 1079 42.
439 1055 462 1079 5.
500 1052 622 1078 Forsitan
637 1062 669 1078 ex
683 1052 837 1079 diversitate
850 1063 938 1079 rerum
950 1052 993 1079 vel
1006 1063 1063 1090 per-

223 1107 346 1123 sonarum
365 1095 522 1132 quibusdam
542 1094 749 1131 e111ergentibuS‚
770 1105 837 1131 quae
855 1096 1007 1122 varietatem
1026 1097 1063 1122 in-

223 1139 329 1166 ducunt.
350 1139 379 1165 fr.
398 1140 440 1164 34.
461 1139 482 1172 5.
502 1139 526 1164 8.
546 1137 579 1164 (16
597 1139 703 1164 iureiur.
719 1139 759 1164 12.
773 1139 797 1163 2.
834 1137 927 1164 Potest
945 1138 1005 1171 diei.
1025 1149 1064 1165 se-

223 1182 336 1209 eundum
356 1181 491 1208 Sabinum.
521 1197 554 1200 —
585 1181 634 1207 Est
657 1186 743 1207 tamen
767 1180 892 1207 nonnulla
915 1181 1063 1208 diversitas.

222 1225 252 1252 fr.
272 1227 295 1251 2.
315 1226 337 1259 5.
357 1227 381 1251 2.
406 1234 453 1261 pro
474 1228 533 1250 emt.
553 1225 594 1250 41.
614 1226 638 1250 4.
676 1223 816 1250 Rationem
838 1223 1000 1251 diversitatis
1019 1226 1064 1251 vix

221 1268 342 1295 idoneam
361 1267 444 1294 reddi.
476 1266 533 1293 Gai.
552 1266 583 1293 Il.
604 1269 644 1293 78.
671 1267 713 1293 III.
734 1269 775 1293 98.
795 1266 825 1293 fr.
845 1268 869 1293 3.
889 1268 911 1301 5.
930 1269 955 1294 2.
976 1267 1008 1294 de
1027 1269 1064 1294 in-

221 1312 283 1338 iust.
303 1315 372 1348 rupt.
391 1311 433 1336 28.
453 1311 477 1336 3.
503 1326 535 1329 -
562 1310 593 1343 §.
617 1311 652 1336 2.
673 1312 896 1344 Intercapedo.
934 1310 976 1336 IH.
998 1312 1063 1338 011.

221 1353 263 1381 Ne
290 1353 427 1390 longinqui
452 1354 553 1379 itineris
583 1352 736 1379 diversitate
766 1357 907 1390 susceptor
935 1353 1064 1380 abductus

222 1402 271 1424 etc.
292 1396 343 1423 Th.
363 1396 395 1423 C.
414 1395 458 1422 XI.
480 1397 502 1421 7.
524 1406 544 1422 c.
566 1397 605 1422 l4.
625 1395 657 1422 de
677 1397 805 1422 exaction.

257 1439 533 1467 Diversorium.
571 1437 612 1465 Cf.
629 1449 653 1465 v.
667 1439 865 1465 Deversorium.

256 1483 452 1510 Diversus.
490 1481 618 1514 (Adiect.)
655 1482 686 1515 §.
707 1483 741 1508 1.
763 1483 978 1514 Contrarias,
1001 1482 1063 1516 Op-

221 1527 356 1560 positus.
394 1524 412 1550 I.
433 1526 494 1558 Sy.
519 1524 664 1550 Adversus.
685 1524 715 1550 fr.
729 1526 753 1550 4.
773 1525 794 1558 5.
810 1526 833 1551 4.
854 1524 886 1551 de
905 1524 930 1551 h.
951 1535 993 1561 qu.
1009 1530 1062 1551 not.

223 1567 309 1594 infam.
328 1570 352 1594 3.
371 1569 396 1593 2.
417 1567 526 1599 Contra.
545 1567 585 1593 Ex
599 1567 713 1593 diverso.
734 1567 775 1594 Cf.
796 1578 820 1594 V.
836 1567 936 1594 Contra
951 1567 1063 1600 (Advb.)

223 1611 246 1644 5.
266 1612 289 1637 1.
326 1610 357 1636 ΙΙ.
378 1612 445 1644 ΟΡ.
469 1609 561 1636 Nostri
579 1615 773 1647 praeceptores.
790 1626 822 1630 —
840 1611 969 1637 Diversae
988 1610 1064 1637 scho—

225 1653 265 1679 lae
284 1658 412 1680 auctores.
437 1652 494 1679 Gai.
519 1653 537 1679 Ι.
559 1654 615 1680 196,
654 1652 754 1679 Similis
775 1655 850 1680 ratio.
879 1670 912 1673 —
939 1654 1009 1681 Illud
1028 1654 1064 1680 di-

225 1705 337 1722 versum.
366 1696 402 1722 lb.
423 1696 453 1722 II.
475 1698 532 1723 177.
570 1696 612 1722 111.
641 1697 706 1724 Gn·
744 1696 885 1723 Diversum
907 1698 1019 1727 servari.
1039 1708 1062 1723 v.

225 1738 285 1765 dici.
304 1738 335 1765 fr.
354 1741 378 1765 4.
398 1739 431 1765 de
449 1740 493 1765 off.
513 1739 614 1766 adsess.
640 1740 662 1765 l.
681 1740 723 1765 22.
748 1739 778 1765 fr.
797 1741 839 1766 26.
864 1739 886 1773 5.
906 1742 930 1766 4.
951 1740 983 1767 de
1002 1750 1062 1766 nox.

225 1786 273 1807 act.
293 1782 317 1807 9.
337 1783 361 1807 4.
379 1781 410 1807 fr.
429 1783 470 1808 39.
490 1781 523 1808 de
542 1791 652 1808 manum.
671 1786 732 1807 test.
752 1783 794 1807 40.
813 1783 838 1807 4.
874 1782 988 1809 Diversa
1007 1792 1064 1808 sen-

226 1825 307 1849 tentia
325 1823 439 1850 obtinuit
458 1824 487 1850 fr.
507 1827 548 1850 40.
570 1824 602 1851 de
621 1824 651 1850 R.
667 1823 698 1850 C.
720 1826 759 1850 12.
782 1826 803 1849 l.
842 1823 965 1861 Plerique
984 1826 1011 1851 iu
1026 1825 1062 1851 di-

225 1877 301 1892 versa
320 1871 380 1892 sunt
400 1868 531 1903 opinione.
551 1867 581 1892 l'r.
601 1868 642 1892 38.
662 1867 684 1900 5.
704 1868 728 1893 3.
754 1866 786 1892 de
805 1866 874 1903 vulg.
896 1872 922 1893 et
940 1878 1002 1904 pup.
1022 1868 1063 1893 28.

224 1911 248 1936 6.
285 1910 326 1936 Ex
345 1909 450 1935 diverso
471 1915 574 1935 constat
593 1915 641 1935 etc.
662 1908 718 1935 Gai.
739 1909 769 1935 ΙΙ.
788 1911 846 1935 245.
873 1909 916 1936 III.
936 1912 995 1936 201.
1020 1909 1064 1936 IV.

226 1954 283 1979 109.
320 1952 360 1978 Ex
380 1951 485 1978 diverso
505 1962 596 1978 causas
610 1951 720 1980 adferre.
740 1962 764 1978 v.
782 1953 944 1989 respondere
958 1958 1006 1979 etc.
1027 1953 1064 1979 111.

226 1995 243 2021 I.
263 1996 304 2021 39.
325 1994 354 2020 fr.
373 1996 414 2020 41.
435 1994 493 2021 fam.
514 1996 606 2021 ercisc.
632 1997 671 2020 10.
691 1996 715 2020 2.
744 1994 859 2021 Probare
878 1995 1018 2022 diversum.
1034 1995 1063 2022 fr.

225 2040 266 2064 80.
286 2038 341 2071 5.1
371 2037 403 2063 dc.
423 2037 482 2064 furt.
507 2039 548 2064 47.
573 2040 596 2064 2.
634 2037 747 2063 Diversa
771 2039 838 2064 iuter
863 2048 891 2064 se
915 2040 1064 2065 testimonia

226 2081 358 2117 praebere.
378 2080 408 2106 fr.
428 2082 470 2107 27.
489 2091 528 2117 pr.
549 2081 571 2114 5.
593 2082 615 2107 1.
635 2080 667 2107 de
686 2080 716 2106 L.
737 2080 817 2107 Corn.
838 2081 870 2107 de
889 2081 946 2107 sals.
966 2083 1062 2108 4810.

227 2139 259 2142 -
278 2124 308 2157 ξ.
332 2125 366 2149 2.
391 2125 522 2155 Varius,
544 2125 732 2157 Multiplex.
752 2123 794 2149 III.
815 2125 881 2151 Cn.
900 2123 993 2151 Plures
1012 2135 1063 2157 res,

229 2175 293 2201 quae
311 2165 423 2192 diversis
442 2166 508 2192 locis
528 2171 597 2192 sunt.
622 2165 683 2203 le.
703 2166 774 2193 XIX.
794 2168 817 2192 6.
856 2166 909 2202 Qui
929 2177 961 2194 ex
980 2167 1064 2194 diver-

229 2209 266 2234 sis
285 2209 360 2234 animi
378 2208 493 2235 motibus
513 2210 539 2235 in
559 2219 638 2235 unum
657 2210 833 2236 consentiunt.
852 2210 882 2236 fr.
904 2212 926 2236 1.
946 2210 968 2243 5.
986 2212 1011 2236 3.
1032 2210 1063 2237 de

229 2255 297 2287 pact.
315 2252 339 2276 2.
359 2252 398 2277 14.
434 2251 535 2278 Eodem
554 2257 628 2289 patre
647 2253 708 2283 nati,
728 2251 790 2278 licet
803 2252 915 2279 diversis
929 2253 1063 2280 matribus.

230 2292 302 2319 Paul.
321 2292 364 2318 IV.
383 2296 406 2320 ὅ.
425 2294 508 2327 §.15.
545 2294 677 2321 Personae
697 2294 824 2322 diversae.
845 2296 875 2322 fr.
890 2297 931 2322 60.
952 2297 1011 2330 5.1.
1032 2296 1063 2323 de

231 2335 306 2361 cond.
327 2335 412 2361 iudeb.
433 2339 472 2363 12.
486 2339 510 2364 6.
548 2338 601 2373 Qui
616 2337 688 2364 dedit
702 2337 814 2364 diversis
828 2339 991 2375 temporibus
1006 2350 1064 2376 pro-

231 2384 364 2405 curatores
383 2377 456 2405 duoS.
480 2380 510 2406 fr.
529 2382 571 2406 3l.
596 2381 617 2413 5.

230 2463 299 2490 Falc.
319 2465 360 2489 35.
380 2466 404 2490 2.
442 2462 484 2489 Ad
503 2464 604 2491 diversa
624 2482 656 2485 —
676 2466 825 2493 transferre.
846 2466 895 2493 Th.
913 2466 944 2493 C.
964 2466 1008 2493 IX.
1022 2469 1063 2494 23

232 2518 252 2532 r.
275 2508 296 2532 l.
316 2516 355 2542 pr.
375 2507 397 2531 si
417 2516 459 2542 qu.
478 2516 569 2543 pecun.

266 2549 479 2576 nivel-tere.
526 2550 729 2584 Dissociare,
759 2553 955 2580 Distralaere
986 2557 1064 2584 (ma-

231 2593 442 2621 Irimonium)
486 2591 505 2617 1.
532 2593 592 2626 Sy.
627 2593 775 2631 Repudiare
798 2605 914 2622 uxorem.
939 2595 968 2622 fr.
988 2597 1012 2622 3.
1033 2596 1065 2622 de

232 2645 294 2661 amo
320 2644 371 2670 arg.
395 2635 436 2659 34.
462 2636 484 2659 2.
521 2634 563 2660 ΙΙΙ.
588 2636 652 2662 οη.
681 2637 743 2664 Sive
763 2637 881 2667 divertit
909 2640 966 2665 sive
985 2644 1064 2676 nupta

232 2682 272 2703 ‹st
292 2677 384 2703 adhuc
410 2676 500 2703 112.7
525 2677 547 2710 5.
567 2678 608 2703 30
632 2678 663 2704 ad
682 2678 710 2705 L
730 2680 798 2716 Aqu.
822 2683 846 2707 9
865 2668 889 2707 2.
927 2681 957 2708 Si
976 2692 1065 2708 verum

232 2719 374 2746 divortium
395 2720 551 2751 intercessit
572 2725 597 2745 et
616 2720 649 2746 ad
668 2721 776 2749 eundem
789 2734 891 2750 rursum
905 2735 1019 2756 reversa
1034 2741 1065 2744 —-
1087 2725 1089 2747 ἶ

232 2767 351 2789 manente
376 2762 451 2793 dote.
476 2762 590 2788 divortit.
628 2762 712 2790 Vatic.
735 2765 757 2798 5.
783 2768 838 2792 107.
880 2766 931 2793 Per
955 2768 1067 2794 calorem

234 2807 314 2832 misso
335 2805 457 2841 repudio.
483 2806 504 2831 si
528 2805 601 2831 brevi
627 2816 730 2831 reversa
754 2817 819 2834 uxor
839 2814 891 2841 est,
916 2820 963 2837 nec
983 2810 1067 2837 divor·
1088 2811 1090 2817 ⁴

976 283 1017 307 26.
1039 292 1060 307 c.
1083 278 1085 302 Ῑ
1106 282 1182 319 culpa
1201 283 1366 313 divertisset.
1390 284 1454 310 velit
1477 285 1528 311 sibi
1552 285 1695 312 subveniri.
1720 285 1750 312 fr.
1776 288 1800 313 9.
1825 288 1847 321 5.
1867 289 1891 314 3.
1911 288 1945 315 de

1881 165 1944 196 297

1107 240 1172 266 tisse
1191 240 1302 267 videtur.
1322 240 1352 267 fr.
1372 242 1396 267 3.
1422 241 1454 268 de
1477 241 1572 268 divort.
1592 243 1633 268 24.
1652 244 1677 268 2.
1714 242 1743 269 Si
1764 243 1867 277 mulier,
1886 255 1945 273 cum

1105 327 1198 352 minor.
1217 327 1241 352 4.
1261 327 1284 352 4.
1320 326 1358 353 Ea
1378 327 1528 354 conditione
1547 327 1633 364 legare
1651 328 1768 360 mulieri.
1794 339 1818 355 v.
1839 340 1943 357 cavere:

1106 367 1135 394 Si
1159 379 1172 394 a
1196 369 1252 395 viro
1277 368 1445 401 divortisset.
1470 380 1493 397 v.
1520 381 1581 397 non.
1605 371 1636 398 fr.
1660 373 1683 398 8.
1703 372 1725 405 5.
1753 373 1774 398 l.
1799 372 1832 399 de
1850 383 1900 400 usu
1919 378 1945 400 et

1106 410 1164 437 hab.
1186 413 1208 437 7.
1228 413 1252 438 8.
1273 422 1293 438 e.
1313 414 1336 438 2.
1357 412 1389 438 dc
1410 412 1485 439 cond.
1506 414 1595 440 insert.
1616 415 1639 440 6.
1660 416 1700 441 46.

1140 454 1432 482 Biverticulum.
1471 455 1512 482 Cf.
1532 467 1556 482 v.
1577 457 1784 484 Deverticulum.

1139 497 1267 524 Dives.
1305 497 1433 531 (Adiect.)
1472 500 1652 533 Copiosus,
1675 501 1864 534 Opulentns.
1901 501 1943 528 ΙΙΙ.

1107 539 1172 565 (711.
1192 539 1276 566 Dives
1296 550 1453 567 marmorum
1471 552 1545 568 vena.
1575 541 1623 569 Th.
1645 542 1675 568 C.
1696 543 1728 569 X.
1748 544 1789 569 19.
1810 554 1831 570 c.
1852 546 1892 570 11.
1912 545 1945 571 (16.

1105 581 1201 608 metall.
1239 582 1267 609 Si
1291 593 1323 610 ex
1349 584 1430 611 divite
1453 585 1595 622 pauperior
1619 585 1727 611 effectus
1748 586 1790 612 sit.
1817 586 1847 614 fr.
1867 588 1891 613 4.
1912 587 1944 614 de

1081 656 1083 665 Ι
1104 628 1206 651 testam.
1226 630 1272 651 tut.
1291 627 1333 652 26.
1352 628 1377 653 2.

1138 668 1334 696 Dividere.
1373 669 1404 702 ξ.
1424 670 1458 696 1.
1483 671 1630 702 Partiri,
1651 672 1819 704 Separare.
1843 672 1861 699 I.
1883 674 1944 708 Sy.

1105 708 1207 736 Partiri.
1229 709 1300 737 Paul.
1320 711 1336 737 I.
1355 713 1394 737 la.
1415 712 1496 746 55.1.
1516 722 1575 749 sqq.
1606 713 1781 740 Distribucre.
1814 715 1854 742 Cf.
1875 716 1900 742 h.
1919 727 1944 743 v.

1105 752 1276 783 Erciscuuda.
1290 754 1443 781 Dividunda
1458 754 1624 788 (hereditas)
1639 755 1695 782 Gai.
1710 756 1740 782 11.
1752 759 1812 784 219.
1832 758 1862 785 II.
1877 761 1945 793 Op.

1107 794 1252 822 Commune
1275 797 1431 834 relinquere.
1456 798 1486 824 fr.
1512 801 1569 825 122.
1594 799 1616 832 5.
1640 801 1664 825 3.
1689 799 1722 825 de
1745 799 1776 826 V.
1803 800 1835 827 O.
1859 804 1900 828 45.
1922 805 1944 829 l.

1105 837 1236 874 Iutegrum
1255 841 1400 877 percipere.
1426 857 1457 860 —
1484 841 1576 868 Dividi
1600 841 1696 868 debere
1717 844 1894 879 (pensiones)
1914 845 1944 873 fr.

1106 882 1147 908 58.
1167 892 1206 919 pr.
1227 881 1259 908 (16
1279 883 1359 909 usufr.
1380 885 1402 910 7.
1424 886 1446 910 l.
1485 884 1663 917 Constitutus,
1678 885 1772 912 —Per
1791 896 1948 915 concursum

1107 924 1208 951 divisus
1229 925 1338 957 (ususf.)
1359 925 1399 952 Cf.
1420 937 1444 953 v.
1465 926 1645 954 Constituere.
1665 928 1885 962 5.53.111.011.
1904 931 1947 958 Ad

1107 978 1162 994 eam
1181 972 1281 1004 partem
1298 968 1385 995 redire
1399 969 1486 1001 debet,
1506 981 1518 996 a
1534 981 1583 1007 qua
1597 971 1671 997 initio
1686 971 1787 998 divisus
1801 978 1842 999 est
1860 974 1948 1007 (usus-

1107 1010 1151 1043 sr.)
1170 1009 1255 1037 Vatic.
1275 1011 1297 1044 5.
1317 1012 1358 1038 80.
1397 1012 1500 1043 Sicilia.
1526 1023 1591 1049 quae
1610 1013 1714 1040 modico
1733 1014 1800 1041 freto
1818 1015 1892 1042 Italia
1911 1016 1948 1043 di-

1106 1053 1212 1080 viditur.
1233 1053 1263 1080 fr.
1283 1056 1324 1081 99.
1345 1055 1367 1088 5
1389 1056 1411 1081 1.
1432 1054 1464 1081 de
1483 1054 1514 1082 V.
1536 1055 1563 1082 S.
1587 1058 1628 1082 50.
1655 1058 1694 1083 16.
1732 1057 1761 1084 Si
1781 1058 1869 1085 eadem
1888 1070 1948 1097 pro-

1107 1097 1205 1129 vincia,
1228 1102 1326 1134 postea.
1346 1097 1430 1123 divisa
1455 1102 1503 1124 etc.
1524 1098 1553 1125 sr.
1573 1100 1597 1125 3.
1623 1099 1655 1125 de
1677 1100 1720 1126 off.
1741 1100 1841 1128 adsess.
1863 1104 1885 1128 1.
1904 1104 1946 1129 22.

1107 1139 1136 1165 In
1154 1144 1209 1166 tres
1228 1145 1316 1177 partes
1335 1140 1452 1177 populus
1477 1141 1587 1167 divisus.
1611 1141 1641 1168 fr.
1661 1144 1684 1168 2.
1710 1143 1732 1176 5.
1756 1145 1798 1169 20.
1823 1144 1855 1171 cf.
1881 1146 1902 1179 5.
1921 1148 1946 1173 2.

1108 1182 1141 1209 de
1160 1182 1193 1209 Ο.
1213 1182 1231 1209 I.
1253 1185 1274 1209 l.
1295 1185 1318 1209 2.
1355 1183 1385 1209 111
1410 1188 1474 1220 quot
1498 1183 1555 1210 vult
1580 1185 1668 1211 uncias
1692 1190 1803 1212 testator
1820 1187 1948 1215 heredita-

1108 1231 1161 1252 tem
1180 1236 1252 1252 suam
1272 1226 1390 1253 dividere
1409 1231 1506 1263 potest.
1536 1226 1608 1254 Paul.
1628 1227 1670 1254 III.
1690 1230 1706 1254 4
1725 1228 1755 1254 B.
1776 1229 1797 1263 5.
1817 1231 1840 1256 6.
1873 1231 1948 1266 Quae

1108 1269 1165 1295 siue
1184 1270 1291 1295 interitu
1311 1269 1393 1296 dividi
1413 1279 1466 1296 non
1484 1275 1606 1307 possunt.
1626 1270 1657 1297 fr.
1676 1273 1718 1298 35.
1738 1271 1760 1305 5.
1774 1274 1798 1298 3.
1820 1272 1851 1299 de
1870 1273 1900 1300 R.
1915 1273 1947 1301 V.

1108 1313 1132 1338 6.
1153 1313 1175 1338 1.
1197 1311 1228 1338 cf.
1248 1311 1278 1338 fr.
1300 1314 1322 1338 l.
1342 1313 1364 1346 5
1383 1314 1425 1339 21.
1446 1313 1469 1338 si
1489 1323 1531 1349 qu.
1555 1314 1582 1339 in
1606 1312 1637 1339 fr.
1657 1319 1724 1351 patr.
1742 1315 1784 1341 38.
1805 1317 1828 1341 5.
1866 1315 1948 1344 Heres

1108 1364 1182 1381 meus
1203 1365 1260 1381 cum
1280 1354 1351 1381 Titio
1376 1355 1547 1382 hereditatem
1572 1366 1655 1382 meam
1674 1358 1798 1393 partitor,
1821 1358 1949 1386 dividito!

1108 1397 1170 1435 le.
1187 1397 1284 1424 XXIV.
1304 1400 1346 1424 25.
1384 1398 1497 1430 Fratres.
1517 1409 1680 1426 communem
1698 1399 1871 1428 hereditatem
1890 1412 1950 1428 con—

1108 1451 1189 1467 sensu
1209 1440 1366 1510 dividersnte.
1386 1441 1416 1467 1““.1
1436 1443 1477 1467 57.
1497 1441 1556 1468 sam.
1577 1443 1668 1469 ercisc.
1690 1445 1729 1469 10.
1749 1445 1773 1470 2.
1810 1443 1949 1472 Hereditas

1108 1483 1257 1510 dividenda.
1307 1485 1376 1510 41.
1406 1484 1440 1510 ib.
1468 1486 1507 1510 10.
1531 1486 1555 1511 2.
1593 1485 1740 1512 Commune
1768 1486 1948 1514 dividundum.

1108 1526 1150 1553 Cf.
1169 1537 1194 1553 v.
1215 1526 1368 1553 Commune.
1390 1526 1508 1559 (Subst.)
1527 1527 1548 1561 5.
1566 1529 1587 1554 l.
1608 1527 1750 1565 Impetrare
1770 1534 1798 1555 ut
1817 1529 1950 1557 dividatur

1108 1571 1184 1596 actio.
1204 1570 1367 1596 Beneficium
1387 1569 1544 1596 dividendae
1562 1572 1681 1598 actionis.
1701 1571 1731 1598 lr.
1753 1573 1792 1598 12.
1812 1582 1867 1599 rem
1886 1584 1948 1611 pup.

1108 1612 1172 1639 salv.
1197 1613 1261 1639 sore.
1286 1614 1327 1639 46.
1352 1614 1375 1639 6.
1397 1612 1428 1639 cf.
1449 1612 1478 1639 11·
1503 1614 1544 1639 26.
1568 1612 1624 1639 sr.
1620 1615 1660 1640 7.
1684 1614 1705 1648 5.
1726 1616 1750 1640 4.
1774 1614 1807 1641 de
1830 1615 1949 1643 fideiuss.

1108 1657 1184 1683 46.1.
1204 1655 1259 1682 Nec
1281 1655 1407 1682 dividitur
1421 1656 1554 1692 obligatio
1573 1666 1621 1683 nec
1635 1656 1743 1683 dubium
1763 1662 1803 1683 est
1823 1659 1885 1694 quin
1904 1659 1950 1686 du-

1108 1704 1155 1726 ret.
1175 1698 1205 1725 sr.
1225 1701 1267 1725 25.
1288 1700 1309 1732 5.
1330 1701 1370 1725 10.
1391 1699 1448 1725 fam.
1469 1700 1560 1725 ercisc.
1581 1701 1621 1725 10.
1640 1701 1665 1725 2.
1685 1698 1744 1725 Non
1764 1701 1877 1733 emendi,
1899 1702 1947 1729 sed

1109 1741 1243 1768 dividendi
1262 1743 1348 1767 animo
1372 1742 1465 1778 pretiis
1491 1741 1641 1778 adscriptos
1661 1743 1714 1774 (sc.
1735 1744 1845 1777 servos)
1865 1744 1950 1772 videri

1108 1784 1214 1821 placuit.
1236 1783 1265 1810 fr.
1285 1786 1326 1810 34.
1347 1784 1381 1810 ib.
1408 1786 1447 1810 10.
1471 1786 1495 1810 2.
1521 1784 1580 1817 (Cf.
1604 1795 1629 1811 v.
1653 1785 1789 1818 DivisuS.)
1810 1802 1842 1805 —
1862 1787 1892 1820 ξ.
1913 1789 1949 1815 2.

1110 1828 1334 1858 Distribuere‚
1354 1829 1520 1862 Elargiri.
1558 1827 1575 1854 1.
1597 1829 1659 1862 Sy.
1690 1828 1805 1864 Erogare
1824 1830 1949 1861 (annona-

1108 1870 1160 1896 rias
1181 1870 1305 1906 species.)
1325 1868 1374 1895 Th.
1390 1868 1421 1895 C.
1441 1869 1459 1895 l.
1480 1872 1503 1896 5.
1524 1880 1545 1896 c.
1565 1872 1588 1896 5.
1603 1870 1707 1904 (ch.)
1722 1870 1754 1897 de
1768 1872 1811 1898 off.
1826 1871 1879 1899 Prf.
1894 1872 1936 1900 Pr.

1143 1912 1372 1939 Dividuitas.
1410 1914 1576 1945 Partitio,
1610 1916 1794 1948 Separatio.
1832 1915 1851 1942 I.
1887 1917 1948 1951 Sy.

1108 1954 1221 1980 Divisio.
1242 1954 1271 1980 fr.
1292 1955 1333 1980 80.
1354 1955 1419 1988 5.1.
1439 1954 1471 1981 ad
1490 1954 1520 1981 L.
1540 1955 1610 1982 Falc.
1629 1959 1671 1983 35.
1690 1959 1714 1982 2.

1142 1997 1342 2024 Dividuus.
1380 1997 1508 2030 (Adiect.)
1546 2000 1691 2026 Divisae.
1730 2000 1773 2026 III.
1798 2002 1864 2028 Cn.
1895 2002 1946 2029 Ex-

1109 2041 1195 2077 ceptio
1220 2039 1275 2066 litis
1299 2040 1422 2067 dividuae
1447 2046 1472 2067 et
1500 2042 1538 2067 rei
1566 2042 1694 2069 residuae.
1732 2043 1788 2070 Gai.
1814 2043 1858 2070 IV.
1890 2047 1946 2071 122.

1109 2083 1140 2109 cf.
1160 2084 1201 2109 56.

1143 2126 1341 2153 Divinare.
1371 2127 1402 2160 ᾖ.
1427 2128 1461 2153 1.
1494 2129 1695 2155 satir-inari.
1724 2128 1767 2155 ΠΙ.
1790 2130 1856 2157 Cn.
1884 2129 1947 2157 Nar-

1085 2197 1086 2207 *
1108 2169 1196 2196 randis
1216 2170 1325 2195 somniis
1345 2169 1480 2196 occultans
1500 2176 1580 2196 artem
1603 2170 1715 2207 aliquam
1735 2171 1876 2199 divinandi.
1897 2173 1945 2199 Th.

1109 2211 1139 2238 C.
1160 2211 1204 2238 IX.
1226 2213 1264 2238 16.
1286 2222 1306 2238 c.
1327 2214 1351 2238 6.
1371 2212 1402 2238 cf.
1428 2223 1448 2239 c.
1473 2214 1496 2239 4.
1522 2213 1554 2239 de
1578 2213 1686 2240 malefic.
1708 2230 1740 2234 —-
1759 2216 1791 2248 ᾖ.
1810 2217 1845 2242 2.
1867 2218 1945 2242 Con-

1109 2257 1267 2281 iecturam
1291 2265 1405 2289 capere
1449 2255 1491 2282 111.
1517 2258 1583 2284 (7η.
1610 2256 1695 2294 Culpa
1719 2257 1750 2283 ab
1771 2268 1801 2284 eo
1821 2258 1946 2294 exigenda

1109 2308 1161 2324 uon
1181 2302 1229 2329 est,
1250 2308 1308 2324 cum
1329 2298 1445 2325 divinare
1465 2309 1517 2325 uon
1536 2301 1664 2336 potuerit.
1685 2310 1716 2326 an
1736 2305 1784 2327 etc.
1804 2300 1833 2326 fr.
1852 2302 1893 2326 31.
1913 2301 1945 2327 ad

1085 2363 1087 2372 ,
1108 2340 1138 2367 L.
1158 2341 1226 2377 Aqu.
1246 2342 1269 2366 9.
1290 2343 1313 2366 2.
1334 2340 1363 2366 fr.
1383 2343 1424 2367 29.
1445 2342 1466 2374 5.
1487 2344 1510 2367 2.
1531 2342 1614 2368 mand.
1636 2345 1676 2369 17.
1698 2345 1719 2368 l.

636 2382 660 2406 2.
686 2380 717 2406 de
737 2390 841 2417 procur.
865 2383 888 2407 3.
908 2383 932 2407 3.
968 2382 1009 2408 Ex
1029 2382 1065 2408 di-
1085 2378 1087 2402 1

230 2422 314 2447 versis
338 2420 457 2457 partibus
479 2421 590 2449 heredes
614 2424 736 2449 instituti.
762 2423 792 2450 fr.
817 2426 858 2450 21.
883 2425 905 2458 5.
932 2426 953 2450 l.
979 2424 1011 2450 ad
1034 2424 1063 2451 L
1085 2426 1087 2446 ἰ’

1143 2383 1350 2411 Divinatim
1386 2385 1609 2412 laticinatio
1652 2385 1693 2412 ΙΙΙ
1724 2385 1945 2413 (⁷21.As21010-

1108 2436 1165 2462 gus
1185 2425 1227 2451 vel
1247 2427 1291 2461 qui
1311 2425 1423 2462 ¹lllquam
1448 2427 1566 2454 illicitam
1590 2428 1775 2454 (livinatifflnm
1795 2427 1944 2464 pollicetur.

1085 2455 1139 2495 χ11·
1160 2471 1200 2495 15.
1221 2469 1303 2502 5153.
1325 2468 1356 2495 de
1376 2470 1451 2495 1111111.
1465 2472 1506 2496 47.
1522 2472 1562 2497 10.
1591 2469 1944 2503 Nontantumdivinatione

1109 2511 1156 2538 sed
1175 2513 1232 2548 ipsa
1252 2512 1360 2537 scientia
1380 2513 1490 2549 eiusque
1508 2513 1584 2539 libiis
1606 2530 1634 2534 ——
1656 2513 1794 2539 abstinete
1818 2512 1890 2540 Paul
1910 2513 1942 2540 V.

1108 2557 1150 2581 21.
1187 2556 1234 2580 .4.

1143 2555 1294 2624 l)§ivine.
1332 2597 1444 2630 (Advh.)
1482 2600 1667 2625 Praeclare.
1699 2597 1742 2623 ΙΙΙ,
1762 2599 1828 2625 Cn.
1847 2598 1943 2625 Diviue

1110 2639 1249 2666 admodum
1268 2641 1405 2667 constituit
1428 2641 1460 2666 D.
1487 2640 1622 2666 Claudius.
1647 2650 1667 2666 c.
1688 2642 1710 2666 1.
1731 2650 1763 2666 ne
1781 2640 1823 2667 lic.
1842 2647 1942 2678 potent.

1112 2685 1133 2709 2.
1156 2684 1195 2709 14.

1146 2725 1348 2753 Divinitas.
1385 2726 1415 2758 ξ.
1435 2726 1469 2750 1.
1508 2726 1625 2751 Numen
1651 2727 1806 2752 divinum.
1842 2726 1861 2752 I.
1881 2727 1943 2760 Sy.

1112 2768 1212 2795 Deitas.
1233 2768 1351 2806 Superna
1371 2768 1499 2793 maiestas.
1525 2765 1573 2793 Τ11.
1595 2766 1624 2793 C.
1644 2767 1714 2794 XVI.
1737 2770 1758 2795 l.
1779 2780 1800 2795 c.
1820 2771 1844 2795 2.
1863 2779 1901 2805 pr.
1921 2779 1941 2794 c.

1111 2813 1135 2838 3,
1157 2811 1188 2838 (16
1207 2811 1259 2838 fido
1280 2811 1345 2837 cath.
1367 2809 1432 2836 Nov.
1453 2808 1502 2835 Th.
1522 2809 1551 2836 H.
1573 2810 1604 2837 de
1624 2812 1755 2848 competit.
1777 2813 1798 2837 1.
1821 2813 1859 2837 17.
1880 2822 1900 2837 c.
1917 2814 1940 2836 2.

1469 2853 1502 2877 38
