2197 3121
247 184 306 214 134

243 267 286 291 20.
305 266 329 290 5.
368 264 493 290 Pecunia.
519 273 595 300 quam
620 267 695 288 tunc.
721 270 779 287 cum
803 260 966 288 contrahitur
991 260 1090 295 obliga·
1112 267 1113 270 ’

245 309 289 334 tio.
310 312 410 333 certum
431 311 468 333 est
490 306 607 332 debitum
627 306 665 331 iri.
695 304 751 330 Gai.
771 303 813 330 III.
829 305 886 330 124.
925 302 1010 329 Tunc.
1031 312 1089 329 cum

245 355 344 377 certum
365 360 424 375 esse
444 350 568 386 coeperit.
606 348 644 374 Eo
659 352 785 384 tempore.
806 357 858 383 quo
872 351 971 372 certum
985 350 1025 371 est
1039 350 1088 372 etc.

244 393 281 419 lb.
307 392 349 418 111.
376 394 416 418 11.
442 394 482 418 13.
517 391 588 418 Paul.
613 389 657 416 11'.
682 392 706 416 ὅ.
736 390 758 423 3
787 391 826 416 11.
867 389 926 416 Etsi
945 397 1090 425 percussor

245 441 333 463 certus
353 436 400 467 sit.
421 439 506 461 tamen
527 434 558 460 de
577 432 673 459 familia
693 431 811 459 habenda
832 433 952 469 quaestio
972 436 1019 457 est.
1050 430 1088 457 11).

245 478 287 505 111.
302 480 326 503 5.
347 478 424 511 3.12.
446 494 478 497 ——
497 478 528 511 §.
543 478 578 503 2.
605 478 748 507 Gnarus,
768 477 943 510 Expertus.
975 473 1005 500 II.
1021 475 1088 508 Op.

245 521 374 557 Ignorat-e.
395 537 427 540 —
448 520 544 546 Certus
565 528 632 545 esse.
660 518 690 544 [Γ.
712 520 751 544 16.
771 518 809 552 33.
828 520 853 544 3.
874 527 914 553 sq.
934 516 967 543 de
985 521 1088 543 testam.

245 569 292 590 tut.
311 565 354 589 26.
373 565 397 589 2.
422 562 451 589 [ι’.
472 563 513 588 42.
534 561 567 588 de
585 561 616 588 R.
638 561 656 587 I.
680 563 721 587 50.
743 563 782 587 17.
821 560 863 587 111.
889 561 955 588 Gn.
987 559 1017 586 Si
1036 570 1089 586 cer—

246 612 288 633 tus
308 616 378 633 sum.
399 615 450 631 non
470 614 543 636 esse,
562 620 595 624 —
614 603 675 630 licet
696 604 798 630 ‹Hcatur
818 613 885 629 esse.
911 602 941 629 [Γ.
960 604 1002 629 30.
1022 602 1045 636 3.
1064 603 1088 629 8.

245 650 278 677 de
295 650 327 676 A.
347 659 371 675 v.
392 649 424 674 0.
444 647 476 674 H.
494 649 536 674 29.
555 650 580 674 2.
618 646 646 673 Si
667 648 724 684 ipse
744 656 837 672 servus
858 647 962 678 scierit,
988 662 1020 665 —
1041 655 1090 672 nec

246 693 327 720 ullum
347 690 563 728 impedImentum
582 691 625 721 sit.
647 690 787 726 quominus
803 690 942 715 certiorem
955 688 1090 714 dominum

246 737 349 762 taceret.
385 734 442 760 Gai.
467 732 498 759 11.
519 734 576 759 190.
609 732 640 759 cs.
666 732 696 758 [Γ.
715 733 740 758 4.
760 741 800 768 pr.
824 742 873 769 pro
897 741 955 758 suo.
985 733 1028 757 41.
1049 732 1089 757 10.

245 778 392 814 Tempore.
417 786 469 812 quo
494 777 553 812 quis
573 791 605 795 -
625 776 674 801 iam
702 774 734 801 de
753 784 837 811 poena
858 784 904 801 sua
924 779 1012 801 certus
1031 783 1090 800 esse

244 825 356 859 poterat.
381 819 412 846 [Γ.
429 821 468 845 15.
482 829 522 856 pr.
543 818 596 854 Qui
617 822 643 843 et
662 828 675 843 a
695 827 738 853 qu.
752 827 820 843 man.
839 819 882 844 40.
896 818 921 844 9.
960 817 1014 853 Qui
1028 826 1091 843 non-

245 864 308 891 dum
329 867 425 893 certus.
445 861 477 888 ad
496 872 525 887 se
544 860 678 898 querelam
698 876 729 879 —
749 861 891 897 pertinere,
910 859 943 886 de
956 860 1014 886 aliis
1034 870 1091 886 cau-

245 908 283 934 sis
307 916 366 933 cum
390 904 547 931 adversariis
576 908 654 940 pacto
684 904 820 939 transegit.
852 902 883 930 fr.
907 904 932 929 9.
957 903 979 937 3.
1004 904 1028 929 3.
1058 902 1091 929 de

247 954 370 977 transact.
390 951 414 974 2.
435 949 474 973 15.
513 948 599 982 Quem
619 947 704 983 pretio
724 951 832 983 recepto
852 950 952 972 certum
964 945 1090 972 habemus

246 993 359 1020 libenter
379 990 422 1017 tali
443 1000 520 1016 servo
541 990 690 1015 cariturum.
710 988 740 1015 [Γ.
756 990 779 1015 l.
799 989 820 1022 3.
835 989 877 1014 27.
897 988 929 1014 de.
942 990 1090 1025 quaestion.

245 1038 287 1063 43.
309 1038 347 1061 ls.
385 1034 464 1060 Certa
484 1037 570 1058 antem
588 1042 659 1063 sum,
684 1036 709 1057 te
733 1041 782 1068 pro
807 1036 850 1057 tua
876 1032 976 1068 pietate
995 1033 1090 1068 petitu-

237 1082 304 1105 ⁴ruln
324 1082 372 1103 etc.
393 1076 423 1103 [Γ.
444 1078 486 1102 30.
506 1085 545 1112 pr.
566 1075 599 1101 de
618 1074 694 1101 adim.
715 1074 791 1111 legat.
811 1076 853 1100 34.
867 1076 892 1100 4.
930 1073 1016 1100 Velim
1036 1085 1091 1101 cer·
1113 1094 1114 1103 1

246 1127 288 1148 tus
309 1122 345 1147 sis
366 1125 415 1146 etc.
435 1118 466 1145 [Γ.
486 1120 527 1144 60.
548 1128 587 1155 pr.
606 1117 692 1144 mand.
714 1119 753 1144 17.
776 1119 797 1143 1.
830 1133 862 1136 —
894 1118 924 1150 ξ.
945 1118 983 1143 3.
1017 1119 1090 1144 Sin·
1113 1115 1114 1123 ¹

243 1166 357 1199 gellus.
378 1164 559 1189 Discretus.
596 1160 614 1187 l.
632 1162 693 1195 Sy.
725 1159 836 1196 Singuli.
868 1159 943 1186 Certi
962 1159 1091 1186 homiues.

247 1199 278 1233 [Γ.
298 1208 339 1233 20.
367 1205 399 1232 de
425 1203 479 1230 reb.
501 1203 562 1229 dub.
587 1205 629 1230 34.
650 1205 672 1229 7.
703 1202 732 1228 [ι’.
752 1205 811 1229 220.
831 1213 870 1240 pr.
896 1202 929 1229 de
949 1202 981 1229 Υ.
1002 1202 1029 1229 S.
1049 1204 1091 1229 50.

248 1252 288 1276 16.
326 1248 356 1275 11.
372 1249 439 1281 01).
468 1246 556 1278 Certa⁷
577 1262 609 1266 -—
630 1245 759 1272 Yniversa
780 1245 910 1279 (familia).
940 1245 970 1272 [Γ.
989 1248 1030 1272 65.
1051 1256 1091 1283 pr.

246 1292 279 1319 de
298 1291 374 1327 legat.
395 1290 425 1316 II.
441 1290 508 1323 (31.)
540 1289 575 1315 Yt
589 1300 641 1315 non
655 1299 767 1326 semper.
788 1288 836 1315 sed
850 1288 881 1315 ad
895 1293 995 1315 certum
1008 1299 1093 1321 usum,

247 1377 289 1405 lII.
305 1378 371 1405 Cn.
392 1375 452 1402 'Non
466 1385 566 1402 omnes,
587 1375 633 1401 sed
654 1376 718 1401 certi
738 1385 770 1401 ex
789 1374 839 1401 his.
862 1374 892 1402 [Γ.
907 1378 931 1401 ὅ.
945 1385 985 1412 pr.
999 1385 1092 1401 comm.

247 1419 328 1447 divid.
350 1421 389 1445 10.
409 1420 433 1445 3.
471 1418 531 1444 Non
551 1423 634 1444 certas
654 1427 782 1455 personas
803 1419 972 1450 enumeravit.
993 1434 1026 1437 —
1045 1417 1093 1444 sed

247 1463 343 1490 adiecit
363 1461 515 1493 clausulam,
535 1471 585 1498 qua
605 1471 695 1487 omues
715 1477 748 1480 -
769 1460 924 1497 complexus
938 1465 986 1487 est.
1008 1460 1038 1487 [Γ.
1050 1463 1091 1487 21.
1114 1471 1116 1485 κ

247 1507 269 1540 3.
292 1508 313 1532 1.
334 1516 366 1532 ex
386 1515 428 1541 qu.
449 1515 470 1531 c.
490 1505 548 1531 mai.
568 1506 592 1530 4.
612 1506 636 1530 (5.
657 1504 688 1530 cs.
709 1514 730 1530 c.
746 1506 770 1530 5.
791 1503 831 1529 de.
847 1502 879 1530 V.
894 1503 922 1530 S.
942 1504 1021 1530 (138.
1050 1503 1093 1530 Ad

247 1558 329 1585 genus
353 1557 540 1584 personarum.
570 1557 623 1573 non
646 1547 679 1574 ad
703 1551 789 1573 certas
815 1551 839 1573 et
864 1551 940 1573 notas
964 1556 1093 1584 personas

248 1593 386 1629 pertineat.
418 1590 448 1617 [Γ.
468 1592 509 1617 39.
530 1600 569 1627 pr.
595 1589 627 1616 de
647 1589 723 1616 cond.
744 1594 769 1616 et
789 1589 855 1616 dem.
879 1591 921 1616 35.
942 1592 964 1616 l.
1003 1590 1094 1616 Certa·
1114 1606 1116 1611 ι

248 1645 305 1661 Γιιιιι
324 1644 425 1665 rerum.
450 1632 493 1659 vel
518 1643 666 1659 causarum.
691 1638 849 1659 testamento
874 1637 946 1659 tutor
965 1632 1021 1659 dari
1040 1643 1093 1659 non

248 1681 344 1714 potest.
374 1676 405 1702 [Γ.
427 1677 466 1702 12.
487 1675 520 1702 de
539 1680 640 1702 testam.
661 1681 708 1702 tut.
728 1678 770 1702 26.
789 1677 813 1702 2.
851 1675 940 1702 Certis
960 1676 987 1702 in
1006 1677 1092 1702 causis

247 1724 391 1756 receptum.
421 1718 478 1745 Gai.
498 1718 540 1745 Ill.
562 1720 619 1745 173.

249 1763 356 1796 valere).
388 1761 448 1799 le.
470 1761 524 1788 ΥΠ.
547 1764 569 1788 1.
607 1760 722 1797 Legibus
742 1762 821 1787 certis
842 1762 994 1798 (permitti).
1015 1772 1036 1788 c.
1052 1763 1092 1788 13.

249 1806 282 1833 de
295 1811 399 1831 testam.
418 1810 443 1831 et
457 1804 576 1841 quemad.
595 1806 619 1831 6.
634 1807 675 1831 23.
705 1804 811 1830 Nullius
829 1809 914 1830 certae
929 1805 1044 1831 civitatis
1059 1806 1093 1831 ci-

249 1850 298 1875 vis.
319 1847 452 1884 Ylp.XX.
467 1849 506 1873 14.
521 1863 553 1867 —-
568 1848 599 1880 §-
612 1848 650 1874 —l-
672 1848 865 1883 Definitus,
886 1848 1092 1882 Descriptus.

250 1891 268 1917 1.
289 1892 350 1924 Sy.
379 1889 422 1922 ld,
444 1891 517 1916 cuius
538 1891 653 1927 specim-S,
673 1889 716 1916 vel
736 1891 883 1926 quantitas,
910 1890 995 1926 qualis
1015 1901 1094 1927 quan-

251 1940 328 1970 taque
347 1934 382 1959 sit
401 1932 558 1959 ostenditur.
597 1932 714 1959 Certum.
745 1932 775 1959 [Γ.
795 1934 819 1959 6.
844 1933 877 1959 de
896 1932 928 1959 R.
949 1933 980 1959 C.
1008 1935 1048 1959 12.
1070 1935 1092 1960 1.

251 1978 281 2003 [Γ.
303 1978 343 2002 74.
364 1986 403 2012 sq.
426 1975 458 2001 de
478 1974 509 2001 Υ.
531 1976 563 2001 0.
583 1977 625 2001 45.
646 1977 669 2001 1.
706 1974 808 2007 Locus⁷
829 1976 855 2001 in
876 1985 953 2012 quem
973 1975 1093 2002 daturum

250 2031 279 2047 se
299 2020 476 2057 promisisset.
515 2018 612 2044 Certus
632 2017 716 2044 locus.
746 2018 776 2044 [Γ.
798 2020 820 2044 1.
846 2018 878 2045 de
903 2028 933 2044 eo
958 2028 1001 2055 qu.
1021 2024 1093 2045 certo
1115 2018 1116 2030 ³

251 2063 301 2089 loc.
324 2065 362 2088 13.
383 2065 406 2088 4.
444 2061 474 2087 ll.
496 2063 563 2095 ΟΡ.
594 2061 718 2093 Certum.
739 2077 771 2080 —
791 2061 925 2087 Iutinitum
945 2058 1117 2099 (tempusf¹

252 2106 282 2132 [Γ.
302 2108 343 2131 91.
369 2105 400 2131 de
421 2104 496 2131 cond.
517 2109 541 2130 et
562 2103 629 2130 dem.
656 2107 697 2131 35.
719 2106 740 2130 1.
785 2104 881 2130 Alieno
907 2104 1015 2131 arbitrio
1034 2116 1095 2142 pro-

251 2151 345 2177 missa.
370 2165 400 2168 -—
426 2148 505 2174 Certa
530 2152 626 2174 statuta
652 2148 794 2181 (merces).
829 2147 884 2173 (iai.
906 2147 948 2173 111.
971 2149 1028 2174 142.
1053 2158 1093 2185 sq.
1116 2145 1117 2152 ¹

252 2192 370 2223 Certum.
391 2207 423 2210 —
443 2190 498 2217 Sub
518 2190 690 2217 alternatione
711 2190 841 2223 (dicere).
872 2189 902 2216 [Γ.
923 2192 946 2216 7.
967 2201 1007 2228 pr.
1028 2192 1049 2226 3.
1070 2194 1093 2218 4.

253 2235 285 2261 de
304 2236 380 2261 iuiur.
402 2236 441 2260 47.
466 2236 504 2259 10.
543 2233 606 2259 Pars
626 2244 674 2270 pro
693 2233 816 2259 indiviso.
838 2248 868 2252 —
892 2232 990 2260 Certus
1010 2234 1094 2261 locus.

253 2278 342 2305 Certis
363 2276 512 2313 regionibus
532 2287 694 2313 possessum.
720 2276 750 2302 [Γ.
770 2278 794 2301 ὃ.
816 2275 847 2302 (le
867 2275 898 2302 11.
920 2275 950 2302 Υ.
971 2278 995 2303 (3.
1018 2279 1038 2303 l.
1064 2278 1094 2304 [ι’.

252 2323 294 2347 25.
315 2320 367 2356 Qu.
382 2319 450 2346 mod.
472 2319 552 2345 usust.
574 2321 596 2346 7.
611 2323 634 2346 4.
655 2320 684 2345 [Γ.
702 2321 723 2345 l.
743 2318 775 2345 de
795 2319 871 2345 evict.
891 2321 932 2345 21.
953 2322 976 2346 2.
1007 2320 1094 2353 Certa,

255 2380 286 2384 -
305 2363 406 2390 Incerta
431 2363 572 2399 (pecunia.
598 2373 621 2388 v.
641 2362 777 2399 stipulatio
799 2364 877 2395 etc).
907 2363 964 2389 (jai.
985 2362 1028 2389 IV.
1053 2366 1094 2390 49.

255 2417 294 2443 sq.
325 2406 354 2432 [Γ.
375 2408 416 2432 25.
442 2405 474 2431 (le
494 2415 544 2431 rec.
565 2416 607 2441 qu.
629 2406 682 2431 arb.
707 2408 730 2431 4.
751 2410 775 2431 δ.
808 2405 838 2431 [Γ.
860 2407 899 2430 74.
921 2416 960 2441 sq.
986 2406 1016 2432 [Γ.
1038 2408 1095 2433 115.
1117 2408 1119 2411 ⁴

255 2451 276 2483 ς’,
295 2452 319 2475 2.
341 2448 373 2475 de
393 2447 423 2474 V.
445 2448 478 2474 Ο.
506 2450 545 2474 »13.
568 2450 590 2474 1.
628 2448 670 2474 111.
697 2450 762 2475 (Ἢ.

257 2497 308 2518 tes.
339 2496 365 2517 ut
391 2501 443 2517 uon
467 2490 577 2517 babeant
604 2495 700 2516 certain
724 2492 925 2527 continuamque
950 2494 1097 2528 possessio-

257 2544 322 2560 nem.
353 2535 382 2560 [Γ.
406 2536 444 2560 1-1.
471 2534 492 2568 3.
515 2536 535 2560 l.
561 2533 593 2560 de
613 2535 701 2560 servit.
727 2538 749 2559 ὃ,
772 2535 793 2559 1.

795 2447 874 2473 Tales
900 2454 959 2474 sunt
986 2451 1097 2476 servitu—

837 2534 933 2560 Certus
957 2546 986 2561 ac
1006 2536 1096 2562 tinitus

258 2578 314 2602 viae
338 2577 420 2603 lut-us.
455 2578 485 2603 [ι’.
506 2580 529 2604 (i.
554 2578 576 2611 3.
598 2579 619 2603 l.
645 2576 798 2612 Quemadin.
820 2587 886 2602 serv.
911 2581 935 2603 δ’.
956 2579 979 2603 (5.
1018 2578 1097 2604 Certa
1118 2567 1119 2595 l

257 2624 297 2645 cst
318 2624 340 2644 et
363 2620 434 2646 utilis
455 2620 629 2657 (stipulatio).
650 2620 679 2646 [Γ.
694 2622 734 2644 (5⁵.
755 2618 786 2644 d·-
809 2618 837 2644 1.
859 2620 891 2645 ().
912 2622 953 2646 45.
975 2622 997 2646 l.
1035 2621 1098 2647 Cer-

258 2668 301 2689 tus
323 2673 368 2697 ego
389 2673 453 2689 sum.
475 2663 535 2689 licet
555 2663 599 2689 ille
619 2667 693 2700 putet
707 2672 746 2687 nn·
761 2661 838 2687 alium
853 2674 919 2688 esse.
941 2674 1017 2699 quam
1031 2674 1096 2690 sum.

259 2706 289 2732 [Γ.
311 2707 350 2730 18.
376 2706 397 2738 3
417 2707 440 2731 3.
466 2706 497 2731 de
522 2708 597 2732 iuiur.
624 2707 665 2731 47.
687 2707 726 2730 10.
764 2705 819 2730 Sub
845 2711 913 2731 certa
937 2706 1099 2733 demonstra-

259 2749 330 2774 tione
351 2749 464 2774 incertae
485 2759 612 2784 persona·-
632 2748 711 2785 legari
730 2757 818 2785 posse.
848 2748 1097 2786 G..i.11.·.’35.1'lp.
1119 2748 1121 2757 ⁴

258 2790 356 2818 XMV.
378 2793 418 2816 1⁸.
457 2791 537 2825 Quod
557 2792 686 2828 pondere.
711 2800 817 2817 numero
838 2795 953 2819 constat.
979 2796 1003 2817 et.
1022 2793 1057 2817 ita
1076 2793 1098 2818 si

260 2839 361 2860 certum
380 2835 422 2859 sit.
452 2834 507 2859 (is-i.
529 2834 569 2860 111.
592 2837 647 2861 175.
687 2835 812 2872 Sponsiu,
832 2844 855 2859 v.
876 2834 967 2859 Actio.
988 2844 1008 2860 s.
1031 2835 1100 2860 Con·
1120 2823 1121 2833 l

662 1718 720 1745 Nisi
745 1720 824 1745 certis
849 1729 881 1745 ex
901 1719 1003 1751 causis.
1023 1720 1093 1752 (non
1114 1731 1116 1737 .

980 177 1068 210 CER
1093 196 1131 202 —
1157 176 1247 208 CES.

1135 259 1230 291 dictio,
1255 264 1340 285 certae
1367 259 1480 286 creditne
1503 260 1637 297 pecuniae.
1671 259 1709 286 Ib.
1733 259 1777 287 IV.
1803 262 1843 288 13.
1869 262 1908 288 19.
1933 262 1974 288 33.

1133 302 1246 329 Actione
1267 303 1316 328 uti:
1337 301 1365 327 Si
1386 306 1484 329 certum
1504 307 1616 340 petetur.
1638 302 1668 329 [Γ.
1685 304 1708 328 1.
1727 312 1768 339 pr.
1788 303 1820 330 de
1838 305 1929 331 interr.
1949 306 1976 331 in

1133 346 1196 371 iure.
1218 347 1258 371 ll.
1280 346 1302 370 1.
1323 344 1352 370 [Γ.
1370 346 1390 370 1.
1411 354 1450 381 pr.
1470 344 1502 371 de
1521 345 1597 372 cond.
1619 346 1697 371 tritic.
1720 347 1759 371 13.
1772 347 1797 372 3.
1835 346 1903 373 Cum
1922 357 1976 373 cer-

1135 389 1169 414 tis
1189 392 1214 413 et
1234 389 1309 424 qnasi
1328 387 1491 414 solemnibus
1511 388 1608 415 verbis.
1637 387 1694 414 Gai.
1714 387 1758 414 IV.
1778 389 1818 415 97.
1839 388 1870 415 cf.
1889 391 1931 416 83.
1955 389 1974 416 Ι.

1136 432 1192 457 112.
1226 429 1287 467 ΠΡ.
1311 429 1356 456 lx.
1383 431 1405 456 1.
1429 429 1501 456 XIX.
1525 432 1548 458 3.
1586 430 1674 457 Nullis
1699 432 1778 457 certis
1802 431 1905 463 verbis,
1929 432 1977 459 sed

1109 501 1111 511 Δ
1133 484 1165 500 ex
1190 473 1249 500 solo
1273 472 1410 501 mandato.
1440 473 1483 506 (in
1508 472 1580 500 litem
1603 474 1773 500 constituitur
1795 474 1976 511 procurator).

1134 516 1191 543 Gai.
1211 515 1255 542 IV.
1274 518 1317 542 84.
1354 516 1450 543 Certae
1469 515 1655 553 solemnesque
1674 517 1799 543 actIOnes.
1819 516 1850 543 [Γ.
1869 518 1894 543 2.
1915 517 1938 550 3.
1952 518 1976 543 6.

1133 559 1166 586 de
1186 559 1219 585 0.
1239 558 1257 585 I.
1279 560 1302 585 l.
1321 560 1345 585 2.
1384 558 1465 585 Certo
1486 558 1538 585 loci
1558 559 1607 593 [al.
1627 559 1705 593 loco]
1726 558 1916 586 administrare.
1945 559 1976 586 fr.

1135 604 1175 629 19.
1195 602 1218 636 3.
1241 604 1262 628 Ι.
1287 601 1320 628 de
1339 601 1417 627 indic.
1442 604 1467 628 5.
1488 603 1510 628 1.
1554 601 1596 634 Si,
1621 607 1650 629 ut
1673 607 1745 629 certo
1769 601 1829 629 loco
1852 602 1896 629 vel
1915 607 1977 629 tem-

1133 654 1198 682 pore
1218 643 1344 671 reddatur
1362 643 1567 677 commodatum,
1588 646 1718 672 convenit.
1747 644 1777 671 fr.
1797 647 1821 672 5.
1840 655 1880 682 pr.
1909 655 1977 672 com-

1134 687 1203 714 mod.
1224 688 1264 714 13.
1284 688 1308 713 6.
1345 686 1374 713 In
1388 687 1456 714 diem
1471 692 1570 713 certum
1590 687 1685 724 (legata
1704 687 1863 724 relinquere,
1882 698 1907 714 v.
1921 687 1978 714 dari

1134 730 1282 768 stipulari).
1310 729 1372 767 le.
1394 729 1492 756 XXIV.
1517 732 1558 757 31.
1591 730 1648 757 Gai.
1675 730 1717 758 III.
1743 732 1799 757 124.
1837 730 1978 757 Certorum

1135 774 1249 805 dierum,
1268 783 1293 799 v.
1314 772 1403 799 Certis
1423 772 1525 800 diebus.
1546 774 1688 800 constricta
1702 775 1792 800 cretio.
1820 773 1859 800 Ib.
1873 772 1904 799 Il.
1919 774 1977 799 171.

1135 826 1174 853 sq.
1202 815 1264 853 le.
1284 815 1368 842 XXII.
1387 816 1429 841 27.
1467 815 1542 841 Certi
1561 815 1703 852 ponderis,
1723 822 1862 853 certaeque
1881 815 1979 842 formae

1135 858 1242 893 (anulos
1262 858 1369 892 facere).
1400 857 1457 884 Gai.
1478 857 1520 884 ΠΙ.
1541 860 1598 885 147.
1627 858 1743 886 Pretium
1762 864 1869 886 certum.
1899 857 1979 885 Certa

1135 912 1236 928 merces
1255 906 1360 928 statuta.
1388 901 1426 927 Ib.
1440 900 1482 927 III.
1505 902 1562 927 140.
1586 903 1641 928 142.
1655 912 1695 938 sq.
1715 904 1774 929 205.
1811 902 1909 929 Certus
1926 911 1979 928 mo-

1136 945 1186 971 dus
1205 944 1440 978 (manumittendi).
1468 943 1506 970 lb.
1526 943 1544 970 l.
1564 945 1606 970 40.
1626 946 1667 971 42.
1696 944 1769 971 Paul.
1789 943 1833 971 IV.
1854 946 1894 971 14.
1914 945 1936 978 3.
1954 946 1978 970 4.

1136 988 1217 1015 Certo
1241 988 1330 1023 generi
1355 980 1476 1023 agrorum
1500 986 1645 1023 (adquiri).
1675 987 1705 1014 fr.
1728 989 1766 1014 13.
1787 997 1826 1025 pr.
1851 986 1883 1013 de
1902 987 1929 1014 S.
1950 986 1978 1013 P.

1135 1031 1166 1057 R.
1185 1034 1210 1057 8.
1229 1032 1253 1056 3.

1172 1073 1359 1101 cervical.
1397 1074 1560 1100 Pulvinar
1578 1075 1725 1100 cervicis.
1763 1073 1888 1101 ntcn.
1917 1072 1980 1100 Cer-

1136 1116 1228 1144 vicalia
1248 1126 1354 1152 quoque
1372 1116 1481 1142 vestis
1501 1116 1606 1142 nomine
1625 1117 1802 1143 continentur.
1821 1116 1852 1143 fr.
1864 1119 1906 1143 25.
1920 1116 1942 1150 3.
1955 1118 1978 1143 5.

1114 1160 1115 1165 ¹
1137 1159 1170 1187 de
1189 1170 1252 1186 auro
1272 1169 1324 1195 arg.
1343 1160 1386 1185 34.
1407 1160 1433 1184 2.

1174 1202 1357 1230 cervisia.
1377 1203 1612 1237 Potusfaetus
1631 1211 1667 1228 ex
1687 1203 1793 1228 variis
1807 1203 1980 1237 frugibus,

1136 1248 1314 1281 praecipue
1336 1255 1372 1271 ex
1395 1246 1519 1271 hordeo.
1556 1244 1599 1271 III.
1625 1246 1691 1272 (711.
1721 1244 1801 1271 Certe
1821 1244 1928 1280 zythum
1947 1260 1980 1264 —

1114 1302 1116 1317 t
1137 1299 1191 1316 non
1210 1288 1388 1315 continebitur
1408 1288 1462 1321 (sc.
1483 1288 1537 1314 vini
1556 1287 1760 1324 adpellatione).
1797 1286 1884 1314 Simili
1901 1287 1980 1314 modo

247 1335 328 1361 certis
349 1333 521 1370 temporibus.
542 1342 572 1358 eo
593 1337 717 1358 uteretur.
742 1331 773 1358 [Γ.
792 1333 834 1358 25.
855 1331 888 1358 de
906 1331 992 1369 pecul.
1014 1334 1054 1358 15.
1070 1334 1092 1358 1.
1114 1335 1115 1353 1

1138 1342 1186 1358 nec
1205 1342 1318 1363 camum,
1337 1341 1385 1357 nec
1406 1331 1516 1357 cervisia
1537 1330 1729 1362 continebitur,
1755 1340 1804 1357 uec
1823 1330 1980 1366 hydromeli.

1138 1375 1168 1402 fr.
1189 1377 1212 1401 9.
1232 1385 1272 1412 pr.
1293 1373 1326 1401 de
1344 1375 1397 1400 trit.
1417 1374 1488 1400 vino.
1507 1375 1549 1400 33.
1569 1375 1593 1400 6.

1173 1417 1322 1445 cervix.
1366 1418 1454 1443 Colli
1478 1427 1570 1451 pars,
1599 1418 1636 1443 ab
1664 1418 1823 1451 occipitio
1847 1419 1887 1444 ad
1909 1419 1982 1444 dor-

1137 1471 1210 1488 sum.
1248 1460 1291 1487 HI.
1316 1462 1382 1488 Gn.
1416 1458 1446 1486 Si
1470 1465 1545 1486 sutor
1568 1470 1651 1497 puero
1671 1475 1704 1479 -
1723 1459 1805 1486 forma
1830 1458 1911 1486 calcei
1929 1464 1982 1486 tam

1137 1504 1306 1531 vehementer
1325 1505 1454 1530 cervicem
1473 1504 1643 1540 percusserit,
1664 1507 1692 1529 ut
1712 1503 1735 1528 ei
1754 1501 1847 1528 oculus
1867 1502 1982 1529 effunde-

1137 1553 1217 1574 retur.
1245 1546 1277 1573 [Γ.
1298 1548 1338 1573 13.
1358 1547 1380 1580 3.
1401 1548 1426 1573 4.
1445 1546 1523 1573 locat.
1544 1548 1584 1572 19.
1603 1548 1628 1572 2.
1658 1545 1689 1572 cf.
1710 1545 1740 1572 [Γ.
1761 1547 1784 1571 5.
1809 1545 1830 1579 3.
1849 1547 1874 1572 3.
1899 1545 1933 1572 ad
1949 1544 1980 1572 L.

1138 1591 1207 1627 Aqu.
1227 1592 1251 1617 9.
1271 1592 1295 1616 2.
1332 1590 1482 1626 Earumque
1501 1590 1556 1623 (se.
1576 1588 1746 1622 seminarum)
1771 1588 1918 1615 cervicibus
1937 1589 1982 1615 im·

1138 1635 1225 1671 posita
1244 1634 1309 1660 iuris
1328 1634 1445 1670 imperia.
1464 1632 1537 1659 velut
1557 1631 1683 1668 quaedam
1695 1633 1762 1667 iuga,
1781 1630 1909 1658 solvimus
1922 1641 1982 1669 pro-

1138 1678 1239 1703 miscue
1259 1676 1390 1709 omnibus
1419 1675 1469 1702 Th.
1484 1675 1515 1702 C.
1530 1675 1597 1701 1111.
1618 1675 1658 1701 16.
1679 1684 1700 1701 e.
1715 1676 1738 1700 1.
1752 1674 1774 1707 3.
1790 1676 1813 1700 1.
1834 1673 1866 1700 de
1885 1674 1980 1701 infirm.

1138 1730 1215 1757 poen.
1236 1718 1355 1746 caelibat.
1391 1718 1494 1746 Liberti
1512 1719 1606 1754 ingrati
1625 1733 1658 1737 —
1677 1718 1701 1744 si
1720 1716 1831 1754 quadam
1850 1718 1981 1749 iactantia,

1138 1763 1179 1789 vel
1205 1763 1380 1794 contumacia.
1405 1763 1522 1788 cervices
1547 1761 1687 1787 erexerint.
1716 1760 1754 1787 11).
1779 1759 1824 1787 IV.
1850 1762 1890 1787 11.
1916 1771 1937 1787 c.
1958 1762 1981 1786 l.

1138 1806 1170 1833 de
1190 1805 1276 1832 libert.
1297 1810 1321 1831 et
1343 1815 1395 1831 eor.
1414 1804 1490 1831 liber.
1527 1804 1621 1830 Aderit
1645 1808 1741 1830 armata
1765 1813 1889 1835 censura,
1915 1813 1982 1840 quae

1138 1849 1296 1875 nefariorum
1316 1849 1401 1885 capita
1421 1848 1590 1883 cervicesque
1609 1847 1755 1873 detruncet.
1785 1845 1855 1872 1b.I.
1877 1848 1900 1873 7.
1921 1856 1942 1873 c.
1957 1847 1980 1872 l.

1139 1892 1171 1918 de
1191 1892 1235 1918 ofl'.
1254 1891 1329 1918 Rect.
1350 1890 1391 1917 l'r.
1413 1890 1445 1916 ct'.
1466 1890 1510 1916 LX.
1529 1892 1571 1917 34.
1592 1900 1613 1916 c.
1635 1892 1675 1916 10.
1695 1889 1727 1916 de
1747 1888 1838 1916 samos.
1858 1888 1943 1915 libell:

1175 1935 1348 1962 Cerussa.
1385 1935 1550 1961 Plnmbum
1571 1939 1660 1960 aceto
1679 1934 1827 1959 solutum.
1852 1931 1894 1957 IH.
1915 1932 1981 1959 Gn.

1139 1978 1214 2013 Quae
1238 1977 1372 2003 scribendi
1398 1976 1510 2008 tabulis,
1539 1975 1581 2002 vel
1610 1980 1720 2002 encauto
1746 1979 1772 2001 et
1795 1983 1902 2002 cerussa
1922 1984 1982 2001 eon-

1139 2021 1255 2047 scribere
1288 2019 1364 2046 detur
1397 2021 1435 2046 eis
1464 2019 1578 2046 licentia.
1621 2018 1658 2044 11).
1688 2016 1744 2043 ΥΠ.
1773 2019 1815 2043 20.
1845 2027 1867 2043 e.
1892 2019 1915 2043 1.
1949 2017 1982 2044 de

1138 2068 1253 2090 veteran.

1175 2107 1411 2134 cerussatus.
1438 2103 1566 2137 (Adiect.)
1605 2105 1745 2130 Cerussa
1764 2105 1900 2130 tinctus.
1938 2102 1980 2129 lIl.

1141 2151 1206 2177 Cn.
1238 2149 1330 2175 Aereis
1353 2147 1461 2179 tabulis,
1486 2146 1529 2173 vel
1553 2147 1708 2172 cerussatiS.
1733 2150 1776 2172 aut
1800 2145 1889 2172 linteis
1913 2156 1982 2183 map-

1139 2194 1181 2230 pis
1201 2193 1350 2229 scripta-
1370 2190 1421 2217 lex.
1455 2190 1491 2216 lb.
1511 2189 1556 2216 XI.
1581 2191 1623 2216 27.
1649 2200 1671 2215 c.
1692 2190 1715 2215 1.
1740 2188 1773 2215 de
1797 2188 1912 2216 aliment.
1938 2199 1980 2226 qu.

1140 2238 1211 2273 inop.
1232 2245 1286 2272 par.

1176 2280 1330 2306 servus-
1369 2278 1501 2303 Am'ma!
1524 2277 1745 2307 notissimum,
1771 2277 1875 2302 mirae
1898 2277 1982 2302 velo-

1117 2351 1118 2354 *
1140 2324 1264 2349 citatis.
1303 2320 1345 2346 111.
1372 2321 1437 2347 Cn.
1466 2319 1582 2355 Aprum.
1607 2322 1648 2343 ant
1670 2328 1775 2344 cervum
1795 2328 1896 2355 capere.
1933 2317 1982 2344 Fo-

1140 2376 1203 2391 veae.
1224 2374 1351 2391 ursorum.
1373 2371 1570 2397 cervorumque.
1600 2360 1629 2387 [Γ.
1649 2362 1690 2386 62.
1711 2371 1750 2398 pr.
1775 2361 1807 2388 de
1826 2360 1894 2388 usus.
1914 2363 1937 2387 7.
1958 2363 1980 2387 1.

1142 2408 1171 2434 [Γ.
1191 2411 1232 2434 25,
1252 2417 1291 2444 pr.
1313 2406 1344 2432 ad
1365 2405 1393 2432 L.
1414 2406 1481 2441 Aqu.
1503 2406 1525 2430 9.
1545 2406 1569 2430 2.
1608 2404 1689 2431 Cervi
1708 2405 1844 2430 mausueti.
1865 2403 1895 2431 [Γ.
1915 2405 1938 2430 5.
1958 2404 1980 2438 3.

1118 2444 1119 2459 ³
1141 2453 1164 2477 5.
1185 2450 1217 2476 ‹h-
1236 2450 1267 2476 A.
1288 2449 1318 2475 n.
1339 2449 1372 2476 ι).
1392 2450 1433 2474 41.
1455 2449 1476 2473 1.
1507 2447 1563 2473 Gai,
1584 2443 1613 2473 11.
1634 2448 1675 2473 es.

1178 2493 1348 2526 Corycia.

1142 2543 1194 2562 tur
1223 2546 1239 2562 a
1267 2535 1548 2562 caduceatoribus.

1385 2492 1542 2524 11181'g111'a
1560 2492 1667 2524 pacis,
1689 2500 1768 2524 quae
1785 2491 1981 2526 praeferun-

1596 2532 1638 2559 111.
1668 2534 1734 2560 Cn.
1771 2532 1837 2559 Sunt
1867 2534 1981 2569 sagmina

1143 2578 1269 2614 qiiaedam
1288 2577 1392 2604 herbae.
1414 2586 1477 2612 quas
1498 2576 1574 2611 legati
1588 2575 1615 2602 P.
1630 2576 1661 2602 lt.
1681 2576 1748 2602 serre
1767 2575 1862 2605 solent.
1882 2591 1915 2595 ——
1933 2576 1981 2602 sic-

1144 2623 1179 2647 uti
1201 2621 1277 2657 legati
1297 2621 1458 2646 Graecorum
1478 2619 1563 2645 t'erunt
1583 2630 1619 2647 ea.
1641 2629 1706 2656 quae
1725 2624 1852 2645 vocantur
1871 2619 1979 2654 cerycia.

1143 2664 1172 2690 [Γ.
1193 2668 1216 2690 δ’.
1237 2665 1258 2697 3.
1280 2665 1301 2689 l.
1322 2662 1354 2689 dc
1374 2662 1404 2689 11.
1425 2662 1458 2689 1).
1480 2664 1501 2688 1.
1521 2666 1544 2688 ὃ.

1178 2708 1327 2739 (Ξῖ-51105.
1365 2705 1406 2732 Cl'.
1426 2715 1449 2731 v.
1471 2705 1596 2742 Caespes.

1180 2751 1350 2777 sessanS.
1380 2747 1501 2781 (Partic.)
1538 2749 1569 2782 ξ.
1590 2749 1624 2774 1.
1656 2748 1814 2774 Moram.
1849 2745 1892 2772 Ill.
1914 2746 1980 2773 Cn.

1144 2791 1246 2819 Ilei-ede
1265 2792 1306 2817 vel
1327 2795 1459 2818 cessante.
1484 2790 1526 2817 vel
1550 2791 1669 2817 absente.
1696 2790 1739 2817 vel
1757 2793 1863 2817 verente
1881 2798 1914 2815 ne
1932 2798 1980 2825 pro

1821 2833 1834 2840 .-

1144 2835 1241 2862 berede
1261 2845 1350 2871 gerere
1370 2834 1496 2860 vidvamn
1523 2834 1552 2860 [Γ.
1573 2835 1596 2858 4.
1617 2832 1649 2859 de.
1668 2832 1740 2869 relig.
1761 2834 1800 2858 ll.
1824 2844 1843 2857 A.
1864 2842 1885 2857 c.
1905 2833 1929 2857 4.
1949 2831 1980 2858 de
