2197 3121
262 176 323 208 102

261 259 327 287 Gn.
364 257 460 285 Paulus
480 257 525 284 lib.
544 258 587 284 23.
607 256 639 283 ad
659 255 772 283 edictum
791 255 824 282 de
841 254 977 282 brevibus.
1013 254 1098 282 Vatic.

261 301 284 335 3.
303 302 362 328 310.
387 316 419 320 -
448 300 479 333 §.
499 301 535 327 8.
565 301 806 333 lucernarium,
826 300 1018 326 Codicillus.
1055 296 1099 324 ΠΙ.

261 345 328 372 Gn.
361 343 431 370 Inter
450 342 581 370 chartulas
606 342 737 378 deportati
761 341 850 368 brevis
870 340 975 378 quidam
994 339 1101 366 adseve-

261 392 334 414 ratur
351 388 486 417 inventus.
506 387 550 422 qui
569 385 672 411 nomina
693 384 844 411 continebat.
863 384 1020 411 debitorum.
1049 382 1099 409 Th.

262 429 293 456 C.
313 430 345 456 X.
367 430 406 455 16.
428 438 449 455 c.
468 429 492 454 3.
517 428 549 454 dn·
568 428 626 453 tisri
647 426 758 453 debitor.
795 427 817 453 A
838 426 965 453 tabulario
985 426 1100 452 civitatis

261 473 413 499 nominatim
433 471 526 497 breves
546 471 675 507 accipiant
693 469 850 496 debItorum.
879 469 916 496 Ib.
930 468 975 495 XI.
996 470 1019 495 7.
1040 478 1061 495 c.
1077 470 1099 495 1.

262 515 295 541 de
314 515 441 541 exaction.
479 513 579 539 Brea-s
599 513 713 539 omnium
727 513 891 548 negotiorum
905 512 936 538 ab
951 511 1040 538 officio
1054 516 1100 538 tuo

263 557 388 594 descripti
409 560 552 582 commeent
573 555 605 581 ad
624 556 719 582 scrinia
739 556 900 582 eminentiss.
914 554 1101 591 praefecturae.

262 600 298 627 lb.
319 600 337 626 I.
359 601 398 625 16.
418 609 439 624 c.
459 600 483 624 3.
504 597 608 631 (ch.)
629 598 661 625 de
676 599 719 625 off.
733 598 807 625 lieet.
827 597 869 624 Pr.
894 597 926 623 rs.
946 597 964 624 I.
980 599 1020 624 10.
1041 607 1062 624 c.
1076 598 1101 623 8.
1123 615 1125 631 y

262 643 366 676 (wok.)
386 641 417 668 de
436 641 480 668 off.
495 641 569 668 Com.
584 640 612 667 S.
627 640 705 677 largg.
742 640 919 668 professionis
934 639 1037 671 modus.
1057 641 1102 676 qui

262 685 387 712 brt—vibus
407 684 484 711 sedit.
518 683 556 710 lh.
574 683 620 710 XI.
639 686 681 711 28.
707 695 728 710 c.
750 686 789 710 13.
814 683 846 710 de
870 682 968 719 iudulg.
989 682 1102 709 debitor.

264 729 295 755 cs.
315 727 383 754 XIII.
409 728 433 753 5.
463 737 484 753 c.
506 728 545 753 14.
570 726 592 760 3.
611 728 635 753 2.
665 726 697 753 de
721 726 862 753 navicular.
904 725 1102 752 Nominatorios

263 771 357 798 breves
376 780 390 796 a
409 769 537 796 tabulario
556 769 699 806 postulare.
728 769 765 796 lb.
785 769 804 796 I.
825 771 865 796 10.
886 779 907 796 c.
923 770 948 795 8.
967 768 984 796 l.
1005 768 1037 795 ef.
1056 768 1102 795 XI.

261 817 303 841 28.
324 824 345 840 c.
365 815 389 840 3.
427 812 657 848 Quadriiiwnstrui
676 812 770 838 breves
791 812 834 845 (ab
849 811 1043 850 adparitoribus
1057 810 1104 837 du-

263 858 345 883 cianis
369 855 401 882 ad
425 855 514 881 sedem
537 860 640 881 vesu-ae
664 854 830 881 celsitudinis
854 854 1031 888 destinandi).
1066 853 1103 880 lb.

262 899 306 926 XI.
325 901 367 925 25.
388 908 409 924 c.
431 900 453 924 1.
473 898 506 924 dv
525 897 653 934 quadrini.
673 897 773 924 bro-vib.
792 897 850 924 XII.
872 899 894 923 1.
916 908 938 924 c.
958 899 1016 924 173.
1037 897 1059 931 3.
1078 898 1103 923 2.

263 942 296 969 de
315 942 448 968 decuriou.
467 940 524 966 XII.
538 942 562 966 6.
577 950 598 966 c.
612 941 654 966 27.
668 940 728 974 3.1.
749 940 781 967 de
799 945 948 977 susceptor.
962 949 1085 977 praepos.

298 983 532 1013 Breviarius.
554 982 692 1016 (Adiect.)
731 985 942 1015 Succinctus,
963 985 1001 1010 In
1019 992 1104 1009 com-

260 1030 412 1064 pendium
437 1028 596 1052 redactus.
642 1025 660 1052 I.
681 1027 742 1060 Sy.
775 1025 944 1052 Ratiuucula.
969 1024 1012 1051 vel
1037 1024 1105 1061 loga-

262 1073 337 1099 rium.
373 1069 499 1096 Rationes
520 1068 672 1095 breviariae.
691 1069 722 1096 sr.
735 1071 776 1096 26.
797 1068 829 1096 de
848 1068 934 1106 pecul.
954 1067 1004 1104 leg.
1023 1069 1065 1094 33.
1080 1068 1104 1094 8.

263 1115 294 1141 fr.
313 1114 381 1147 3-§-
403 1114 443 1138 10.
463 1111 496 1138 de
514 1121 584 1148 penu
603 1111 652 1147 leg.
671 1114 712 1138 33.
733 1114 756 1139 9.

299 1156 447 1184 Brevis.
468 1154 596 1188 (Adiect.)
617 1157 784 1190 Exiguus,
805 1156 961 1182 Modicus.
980 1153 1023 1180 III.
1038 1154 1104 1182 Cn.

264 1198 415 1227 Tolerabile
435 1202 538 1234 tempus
559 1198 645 1224 visum
664 1203 703 1224 est
724 1198 754 1224 C.
775 1197 889 1229 dierum.
909 1202 1000 1235 potest
1018 1202 1105 1223 tamen

264 1259 297 1263 --
316 1247 357 1269 aut
377 1241 494 1277 longius.
514 1245 557 1267 aut
576 1240 683 1267 brevius
703 1246 806 1278 tempus
827 1240 891 1267 dari.
921 1240 978 1267 Gai.
992 1236 1029 1266 ῚΙ.
1045 1242 1104 1266 170.

263 1286 395 1323 Tempore
415 1284 512 1320 aliquo.
532 1283 593 1310 licet
613 1283 778 1310 brevissimo.
808 1283 838 1310 fr.
862 1285 900 1309 14.
927 1283 959 1309 de
984 1282 1058 1309 tutel.
1080 1287 1105 1309 et

264 1330 358 1356 ration.
378 1329 420 1353 27.
439 1329 463 1353 3.
503 1326 603 1352 Ysuras
627 1326 722 1353 exinde
745 1327 812 1364 petit
836 1326 954 1358 fiscales,
979 1327 1029 1352 etsi
1049 1325 1106 1352 bre-

264 1373 352 1398 viores
372 1370 524 1397 debeantur.
558 1370 590 1396 sr.
609 1370 633 1395 6.
653 1380 692 1407 pr.
717 1369 749 1396 de
768 1370 824 1396 iure
843 1369 910 1395 fisci.
934 1370 976 1395 49.
998 1370 1038 1395 14.
1075 1368 1106 1395 Si

265 1415 388 1442 dilatetur
408 1415 457 1446 (sc.
472 1412 590 1445 flumen).
611 1417 654 1438 aut
674 1412 768 1439 diffusa
788 1412 895 1438 brevem
913 1422 1006 1448 aquam
1020 1411 1105 1438 saciat.

266 1458 296 1485 I'r.
317 1459 339 1484 l.
361 1457 382 1491 3.
404 1458 443 1482 15.
463 1455 495 1482 de
515 1455 641 1482 fluminib.
662 1457 702 1482 43.
724 1457 764 1482 12.
802 1454 929 1492 Supellex
949 1455 1045 1482 brevis.
1074 1454 1105 1481 fr.

265 1502 289 1527 6.
310 1500 332 1534 3.
351 1501 374 1525 5.
404 1498 436 1525 ‹h-
454 1499 499 1525 off.
518 1498 606 1525 Praes.
631 1500 654 1524 1.
676 1499 714 1524 18.
757 1498 787 1524 In
810 1498 890 1525 breve
910 1499 1010 1525 coactio
1031 1498 1106 1532 (cau-

265 1545 330 1575 sae).
359 1542 416 1568 Gai.
436 1541 480 1567 IV.
502 1543 541 1567 15.

301 1585 490 1613 Brevssas.
521 1586 722 1611 Contraceio.
750 1583 874 1612 111οη.
894 1583 983 1619 Quod.
1003 1588 1031 1610 ut
1050 1583 1107 1610 bre-

266 1630 346 1656 vitate
366 1629 551 1658 constrictum.v
577 1626 694 1653 claritate
714 1627 807 1653 luceat.
837 1626 886 1653 Th.
907 1627 939 1653 C.
959 1626 977 1653 I.
998 1628 1020 1652 1.
1041 1638 1062 1653 c.
1082 1628 1106 1653 6.

265 1673 287 1706 3.
309 1673 331 1697 1.
351 1670 455 1704 (wok.)
476 1670 508 1696 dv
528 1674 611 1696 const.
632 1669 673 1696 I'r.
694 1669 943 1696 cf.Co11st.Th.11.
963 1669 995 1695 de
1011 1668 1060 1695 Th.
1076 1668 1106 1696 C.
1129 1662 1130 1675 ¹

266 1719 333 1741 auct.
353 1714 434 1747 33.1.
453 1715 477 1740 3.
498 1712 589 1745 (ch.
608 1723 633 1750 p.
654 1714 677 1739 9.
697 1714 750 1749 sq.)
780 1713 901 1739 Brevitas
922 1712 1055 1739 chartulae
1074 1728 1107 1732 —

267 1757 401 1784 donationi
422 1772 453 1776 —
473 1755 539 1782 nihil
559 1755 701 1792 quidquam
720 1756 835 1792 derogat.
863 1767 884 1783 c.
906 1758 945 1782 13.
967 1755 999 1782 de
1019 1755 1106 1782 donat.

266 1804 290 1826 δ.
310 1802 351 1825 54.

304 1842 492 1870 Brevsser.
524 1841 636 1875 (Advb.)
676 1844 854 1869 Succiurtc.
885 1841 904 1868 I.
920 1843 982 1876 Sy.
1001 1841 1108 1879 Simpli-

268 1887 332 1912 citer
352 1884 514 1922 (spondere.
535 1894 558 1910 v.
579 1884 761 1921 respondere).
781 1885 818 1918 33.
839 1887 862 1911 5.
878 1887 917 1911 18.
937 1884 955 1911 I.
976 1884 1008 1911 de
1023 1884 1107 1911 inutil.

267 1928 358 1966 stipuI.
377 1930 400 1954 3.
424 1929 462 1954 19.
500 1926 541 1953 llt.
557 1928 622 1954 Cn.
643 1927 771 1959 Breviter,
793 1932 818 1953 et
838 1929 912 1964 quasi
926 1938 972 1964 per
986 1928 1107 1959 indicem.

268 1973 339 2005 (ro-m
360 1970 516 2008 exponere).
547 1970 602 1996 Gai.
627 1970 671 1996 11.
692 1972 731 1996 15.
769 1969 803 1996 Yt
824 1970 895 1996 brev.
915 1970 1049 1997 videretur
1073 1976 1108 1997 te-

269 2020 352 2041 stator
376 2029 408 2033 —
432 2013 579 2040 instituisse.
604 2013 727 2043 heredes,
752 2018 775 2039 et
801 2013 913 2039 Invicem
937 2023 982 2039 eos
1010 2013 1108 2040 substi-

270 2059 360 2084 tuisse.
380 2057 410 2083 fr.
429 2058 471 2084 37.
492 2057 557 2090 3.1.
579 2055 610 2082 de
630 2055 718 2082 hered.
739 2057 799 2082 inst.
819 2058 861 2082 28.
881 2058 904 2082 5.

311 2099 526 2127 Britannitl.
586 2100 700 2125 Insula
739 2101 878 2126 maxima
917 2102 949 2126 iu
991 2110 1108 2127 oceano

270 2145 527 2177 septentrionali
571 2142 614 2168 Ill.
630 2143 695 2169 Cn.
720 2141 829 2168 I'raeses
849 2142 1006 2169 Britanniae.
1034 2142 1064 2169 sr.
1084 2145 1108 2169 2.

270 2186 292 2220 3.
312 2188 335 2212 -1.
361 2185 392 2211 d·-
412 2185 480 2221 vuig.
508 2191 533 2212 ct
552 2196 614 2223 pup.
637 2188 679 2211 28.
700 2187 723 2211 (i.

271 2228 321 2255 Th.
342 2227 372 2254 C.
392 2227 436 2254 XI.
458 2230 480 2254 7.
501 2239 521 2255 c.
542 2232 566 2254 2.
586 2228 618 2254 dc
638 2229 765 2254 exaction.

308 2271 566 2298 Britannicus.
587 2271 716 2303 <Adi-wi.)
743 2273 789 2297 Ad
807 2272 1021 2298 Britanniam
1036 2282 1110 2306 per-

272 2315 389 2340 tinens.
427 2313 468 2341 III.
485 2315 550 2341 Cn.
569 2314 784 2349 Archigulwrnus
804 2324 835 2340 ex
855 2313 939 2340 classe
953 2314 1110 2341 Britannica.

273 2357 303 2383 fr.
323 2358 364 2382 46.
385 2355 416 2382 ad
432 2356 458 2382 S.
480 2356 510 2383 C.
531 2356 610 2383 Treb.
629 2359 671 2383 36.
694 2359 714 2383 1.

308 2398 567 2426 BrundISIum.
606 2402 785 2427 Calabriae
811 2407 937 2434 portus.
978 2400 1021 2427 III.
1045 2402 1111 2429 Cn.

274 2441 373 2469 Nax-es.
395 2451 460 2478 quae
478 2441 647 2468 Brundisium
667 2454 679 2468 a
700 2443 841 2479 Cassiopa,
862 2443 903 2469 vei
923 2454 935 2470 a
955 2444 1111 2473 Durrachio.

275 2490 395 2511 vectores
416 2485 554 2511 traiiciunt.
584 2484 614 2510 I'r.
637 2487 657 2511 1.
684 2486 705 2519 3
728 2487 766 2511 12.
791 2485 823 2511 dn.-
847 2496 932 2513 exerc.
953 2492 1001 2513 act.
1028 2489 1066 2513 14.
1089 2489 1110 2514 1.

276 2527 390 2553 mutuam
410 2528 546 2564 pecuniam
565 2528 693 2554 nauticam
714 2529 811 2564 accepit
829 2544 860 2547 —
875 2530 900 2555 in
915 2530 1050 2566 provincia
1064 2529 1113 2566 Sy-

276 2571 325 2597 ria.
346 2571 450 2596 civitate
468 2570 582 2606 Beryto,
604 2580 686 2606 usqu·-
707 2570 884 2597 Brundisium.
916 2572 946 2598 I'r.
968 2574 1025 2598 122.
1046 2572 1068 2606 3.
1090 2574 1112 2599 l.

277 2611 309 2638 (In-
329 2611 359 2638 Υ.
380 2614 412 2638 0.
432 2615 473 2639 45.
496 2615 516 2639 1.

313 2656 496 2682 Bruttius.
542 2658 698 2691 Regionis
725 2657 861 2688 Italiae,
891 2658 979 2684 iuter
1007 2659 1113 2685 Luca-

277 2699 361 2724 niam
381 2704 407 2723 et
422 2700 545 2733 fretum
567 2701 726 2731 Siculum,
745 2700 861 2725 incola.
892 2699 934 2725 III.
950 2701 1015 2727 Cn.
1037 2700 1112 2727 Cam-

279 2741 367 2777 pania.
392 2739 501 2769 'rusi-in.
526 2740 635 2773 Piceno.
665 2742 784 2773 Samnio,
813 2740 938 2777 Apuliae,
967 2742 1113 2775 Calabriae.

279 2782 325 2809 sed
346 2787 371 2808 et
391 2782 501 2808 Bruttiis
526 2788 549 2809 vt
574 2783 710 2810 Lucaniae.
740 2783 789 2810 Th.
809 2782 839 2810 C.
859 2783 904 2810 XI.
924 2786 965 2810 28.
991 2795 1012 2811 e.
1033 2787 1055 2811 7.
1082 2786 1114 2812 (Ie

280 2824 378 2861 indulg.
394 2824 504 2851 ‹le-bitur.
526 2825 557 2851 ct'.
572 2826 615 2852 lx.
626 2828 667 2853 30.
684 2838 705 2853 c.
719 2829 740 2853 1.
761 2826 840 2862 Quih.
855 2837 944 2863 equor.
959 2837 998 2853 uS.
1017 2827 1061 2854 XI.
1072 2830 1128 2855 30..

767 2184 887 2211 Vivarius
907 2185 1109 2212 Britanniarum.

988 173 1074 205 BRE
1098 190 1140 196 —
1162 172 1254 204 Bvs.

1144 265 1165 281 c.
1184 256 1226 281 27.
1246 254 1279 281 de
1298 264 1357 292 app.
1377 258 1403 281 et
1421 264 1498 292 poen.
1536 254 1680 283 Corrector
1702 256 1834 284 Lucaniae
1857 263 1883 284 et
1907 258 1983 285 Brut—

1144 298 1248 324 tiorum.
1281 296 1318 324 lb.
1343 296 1410 323 VIII.
1434 299 1459 324 5.
1487 307 1509 324 c.
1527 299 1570 325 25.
1601 298 1634 325 de
1657 309 1737 326 cursu
1758 300 1821 337 pub.
1861 300 1984 328 Lucanus

1143 350 1286 377 possessor
1305 344 1331 366 et
1349 339 1478 366 Bruttius.
1505 340 1544 367 Ib.
1558 341 1629 368 XIV.
1648 343 1672 368 4.
1693 352 1714 368 c.
1728 343 1753 369 4.
1766 342 1788 376 3.
1804 344 1826 369 l.
1845 342 1878 370 de
1897 353 1966 370 suar.

1180 384 1334 410 Brutus.
1372 383 1614 411 Iurisconsulti
1640 387 1762 411 veteris
1789 395 1904 412 nomen.
1940 385 1983 413 111.

1145 427 1211 454 οη.
1238 425 1317 452 Acria
1337 429 1362 452 et
1380 435 1471 452 severa
1490 426 1585 453 iudicia
1605 426 1638 453 de.
1652 426 1730 454 furtis
1743 427 1830 454 habita
1845 437 1904 455 esse
1916 429 1985 466 apud

1145 473 1260 500 veteres.
1281 468 1360 504 idque
1379 468 1491 495 Brutum
1509 468 1617 496 solitum
1636 469 1724 496 dicere
1743 475 1792 497 etc.
1824 470 1867 498 Fr.
1886 470 1985 498 Labeo-

1145 512 1186 538 nis
1206 521 1246 548 ap.
1266 510 1381 538 Gellium
1401 510 1433 538 N.
1452 511 1484 538 A.
1504 510 1561 538 VII.
1581 514 1622 539 15.
1652 512 1723 540 Inter
1734 513 1846 540 Brutum
1865 519 1891 540 et
1910 514 1986 541 Scae-

1145 554 1232 581 volam
1250 555 1322 580 varie
1341 559 1479 581 tractatum
1498 559 1546 581 est..
1571 554 1602 582 fr.
1616 558 1641 582 4.
1660 556 1693 583 de
1707 557 1802 593 captiv.
1821 558 1863 583 49.
1879 558 1918 583 15.
1943 556 1985 584 Cf.

1146 597 1176 624 sr.
1195 599 1220 623 2.
1240 597 1262 630 3.
1281 598 1323 624 39.
1344 597 1377 623 de
1396 597 1430 624 0.
1449 597 1468 623 1.
1490 599 1513 623 1.
1532 599 1557 624 2.

1181 640 1391 668 Bubrostis.
1429 639 1471 666 Cf.
1490 640 1639 677 Buprestis.

1182 684 1387 710 Bubulcus.
1427 684 1490 716 Qui
1508 685 1600 710 hoves
1618 690 1713 711 curat
1731 690 1760 711 et
1779 686 1860 720 ugit.
1888 683 1906 710 Ι.
1925 684 1987 719 Sy.

1148 725 1202 761 Qui
1221 725 1308 751 bubus
1327 730 1390 752 arat.
1428 726 1482 761 Qui
1501 725 1583 751 boves
1601 725 1676 752 sunth'
1694 731 1810 753 aratores
1835 727 1928 764 pascit.
1956 727 1986 754 sr.

1149 771 1189 796 18.
1209 769 1231 802 3.
1251 769 1275 794 6.
1295 767 1328 794 de
1347 769 1422 795 instr.
1442 768 1491 804 leg.
1510 769 1552 795 33.
1572 769 1596 794 7.

1184 812 1378 839 Buccelln.
1415 813 1517 838 Panis
1535 813 1584 837 bis
1603 817 1721 838 coctus.
1757 811 1788 839 II.
1812 814 1880 847 Op.
1904 812 1988 839 Panes

1148 854 1258 881 sordidi.
1278 869 1311 873 —-
1330 853 1470 880 Buccellae
1489 853 1609 880 mundae.
1644 853 1694 880 Th.
1715 853 1746 881 C.
1765 854 1836 881 XIV.
1857 857 1896 882 17.
1922 865 1944 882 c.
1963 857 1987 882 5.

1148 897 1181 924 de
1199 906 1285 923 annon
1305 897 1354 922 civ.

1184 939 1460 967 Buccellarius.
1487 941 1716 967 stationarius
1735 942 1835 967 milex.
1863 941 1906 968 Ill.
1921 942 1988 970 Gn.

1148 983 1199 1010 Per
1218 983 1338 1009 civitates
1362 986 1388 1008 et
1413 991 1489 1018 agros
1512 981 1626 1009 habendi
1649 981 1837 1015 buccellarios,
1856 984 1899 1011 vel
1919 984 1989 1011 Isau-

1149 1036 1208 1058 ros,
1228 1029 1396 1062 armatosque
1415 1034 1516 1051 servos.
1547 1035 1569 1051 c.
1589 1026 1630 1051 10.
1653 1024 1685 1051 ad
1704 1025 1734 1052 L.
1753 1025 1801 1052 Iul.
1821 1025 1854 1052 de
1878 1027 1904 1053 vi
1926 1027 1987 1065 pub.

1149 1071 1173 1096 9.
1196 1070 1236 1094 12.

1185 1112 1461 1139 Buccellatum.
1506 1112 1608 1138 Panis
1635 1113 1815 1143 militaris,
1844 1114 1883 1138 ad
1910 1122 1990 1139 usus

1149 1157 1406 1181 diuturnitatem
1429 1160 1587 1180 excoctus.
1624 1153 1667 1180 HI.
1690 1155 1752 1181 Gn.
1781 1153 1910 1181 Excoctio
1930 1155 1990 1182 buc-

1150 1197 1245 1229 cellati.
1265 1196 1338 1233 quod
1355 1212 1389 1216 —-
1407 1195 1537 1222 militibus
1557 1197 1681 1223 convenit
1698 1198 1856 1234 praeparari.
1887 1196 1937 1224 Th.
1959 1197 1989 1224 C.

1150 1240 1206 1267 Vll.
1225 1242 1250 1266 5.
1271 1250 1292 1266 c.
1311 1242 1336 1266 2.
1356 1239 1388 1266 de
1407 1244 1508 1266 excoct.
1529 1243 1555 1265 et
1574 1239 1664 1266 transl.
1696 1239 1728 1266 cs.
1748 1239 1804 1266 XII.
1824 1241 1848 1266 4.
1869 1250 1890 1266 c.
1909 1242 1933 1267 6.
1958 1240 1990 1267 de

1150 1293 1220 1320 erog.
1238 1282 1292 1309 mil.
1312 1292 1406 1309 aunon.

1185 1328 1368 1354 Baecula.
1390 1326 1622 1353 Ornamentum
1640 1327 1797 1358 cassidis,
1810 1327 1860 1352 vel
1877 1328 1990 1362 clypei.

1149 1369 1192 1396 III.
1216 1370 1282 1397 (Vn.
1311 1369 1364 1404 Qui
1389 1369 1442 1402 (sc.
1462 1368 1650 1401 barbaricarii)
1674 1367 1804 1399 cassides,
1828 1368 1991 1406 totidemque

1150 1411 1289 1444 bucculas,
1313 1422 1360 1449 per
1379 1411 1436 1438 dies
1455 1411 1554 1443 XXX..
1583 1415 1608 1437 et
1627 1415 1745 1447 tegerent
1764 1416 1885 1448 argento.
1905 1417 1930 1438 et
1949 1412 1991 1439 dr-

1151 1460 1279 1482 aurarent.
1307 1454 1345 1481 lb.
1365 1455 1398 1481 X.
1416 1456 1459 1481 22.
1480 1464 1500 1481 c.
1522 1456 1545 1480 1.
1565 1453 1597 1480 de
1616 1453 1755 1480 fabricens.

1186 1497 1450 1526 BuoeulariuS.
1470 1499 1696 1524 Buccularum
1715 1498 1850 1534 artifex.
1870 1497 1912 1524 III.
1925 1499 1990 1526 Gn·

1129 1552 1130 1555 ¹
1152 1541 1230 1568 Fabri
1249 1541 1384 1577 sagittarii.
1405 1541 1510 1572 aerarii.
1530 1539 1686 1569 buccularii.
1707 1544 1853 1566 structores
1872 1545 1922 1567 etc.
1942 1541 1990 1574 [al.

1151 1584 1321 1611 buccularum
1345 1583 1516 1616 structores}
1536 1582 1566 1609 fr.
1580 1584 1604 1609 6.
1625 1582 1657 1609 de
1675 1583 1731 1609 iure
1750 1583 1855 1609 immun.
1875 1585 1917 1609 50.
1937 1585 1960 1609 6.

1188 1628 1410 1655 Bueinator.
1442 1627 1587 1653 Tubiceu.
1616 1625 1658 1652 III.
1679 1626 1744 1653 011.
1772 1625 1916 1652 Adiutores
1937 1636 1991 1653 cor-

1151 1670 1347 1701 niculariorum.
1368 1674 1392 1695 et
1412 1674 1549 1695 stratores.
1570 1673 1595 1694 et
1614 1668 1755 1705 polliones.
1775 1674 1801 1695 ct
1816 1669 1941 1696 custodes
1955 1680 1992 1696 ar-

1152 1723 1265 1743 morum.
1286 1718 1310 1739 et
1330 1722 1434 1750 praeco.
1454 1716 1477 1738 et
1498 1711 1643 1737 hucinator.
1663 1711 1693 1738 sr.
1713 1713 1736 1738 6.
1756 1711 1773 1738 l.
1793 1713 1834 1738 50.
1854 1713 1878 1738 6.

1188 1757 1389 1784 Bucinum.
1428 1757 1543 1782 Xomeu
1568 1761 1676 1781 certae
1698 1757 1848 1790 regionis
1866 1757 1898 1781 in
1918 1757 1993 1782 urbe

1153 1801 1257 1826 Roma.
1294 1799 1325 1826 II.
1347 1801 1414 1833 ΟΡ.
1438 1798 1480 1824 Ad
1501 1798 1631 1824 bucinum.
1651 1813 1683 1816 —
1703 1796 1789 1824 Trans
1809 1797 1934 1824 Tiberim.
1961 1797 1990 1824 fr.

1153 1845 1176 1868 5.
1196 1843 1279 1876 3.16.
1300 1841 1332 1868 de
1352 1842 1440 1868 tribut.
1461 1846 1509 1867 act.
1531 1843 1571 1867 14.
1591 1842 1615 1866 4.

1187 1885 1397 1919 Buprestis.
1436 1886 1637 1911 Scarabaeus
1656 1893 1838 1910 venenosus.
1870 1883 1991 1911 HLGn.

1152 1927 1320 1964 Pigmentarii
1339 1928 1362 1953 si
1382 1928 1423 1953 cui
1443 1932 1539 1953 temere
1560 1927 1682 1958 cicutam,
1708 1926 1909 1953 salamandram.
1936 1936 1992 1952 aco-

1153 1972 1248 1999 nitum.
1268 1971 1459 2007 pituorampas,
1478 1975 1521 1996 aut
1541 1969 1686 2006 buprestim
1707 1968 1755 2002 [al.
1776 1968 1938 2002 bubrostim]
1959 1985 1990 1988 —

1153 2013 1282 2040 dederint.
1303 2013 1334 2039 sr.
1353 2015 1377 2039 3.
1398 2013 1420 2046 3.
1439 2015 1464 2039 3.
1485 2012 1517 2039 ad
1536 2012 1565 2038 L.
1587 2012 1649 2038 Cor.
1671 2011 1702 2038 dc
1722 2012 1768 2037 sic.
1788 2012 1830 2038 48.
1850 2014 1873 2038 8.

1189 2057 1330 2083 Burdo.
1374 2057 1556 2082 Iumentum
1583 2065 1619 2081 ea·
1646 2064 1722 2089 equo
1750 2061 1779 2081 et
1802 2056 1896 2081 asina
1918 2064 1991 2089 pro-

1151 2105 1301 2135 gnatum.
1339 2097 1381 2124 III.
1401 2099 1466 2126 Cn.
1494 2097 1646 2124 Lecticarii.
1672 2113 1704 2116 —
1728 2098 1789 2123 item
1802 2098 1936 2124 iumenta.
1961 2114 1990 2117 —

1132 2175 1133 2178 Ἴ
1155 2141 1196 2168 vel
1216 2140 1357 2167 burdones.
1383 2140 1412 2167 fr.
1434 2142 1474 2167 49.
1494 2151 1533 2178 pr.
1554 2140 1586 2167 de
1605 2140 1680 2177 legat.
1700 2140 1741 2166 III.
1762 2141 1839 2173 (32.)

1190 2185 1412 2219 Burgarius.
1442 2184 1568 2217 (Subst.)
1608 2186 1670 2217 Qui
1687 2193 1723 2210 εει·
1741 2185 1837 2218 burgu
1856 2190 1917 2215 est,
1943 2187 1993 2211 cel

1154 2229 1285 2255 castris.
1323 2227 1365 2253 III.
1381 2229 1445 2255 sn.
1465 2226 1494 2253 In
1514 2227 1641 2263 burgariis
1661 2225 1750 2252 eadem
1769 2225 1890 2252 volumus
1905 2226 1993 2253 obser-

1156 2272 1225 2303 vari,
1246 2281 1311 2307 quae
1330 2270 1363 2296 de
1382 2270 1543 2297 mulionibus
1564 2270 1606 2297 lvx
1624 2273 1714 2295 nostra
1733 2270 1874 2306 praecepit.
1895 2269 1944 2296 Th.
1961 2269 1990 2297 C.

1156 2313 1211 2340 ΥΠ.
1233 2316 1273 2340 1-1,
1295 2324 1316 2340 c.
1338 2315 1359 2339 l.
1380 2312 1412 2339 (Ie
1432 2313 1534 2349 bui-gar.
1572 2313 1625 2347 Qui
1645 2313 1711 2338 iutra
1731 2311 1871 2348 Hispanias
1891 2328 1923 2332 —
1937 2313 1991 2339 ausi

1156 2356 1252 2383 fuerint
1280 2356 1416 2392 burgarius
1444 2356 1486 2382 vel
1514 2355 1668 2382 sollicitare.
1702 2354 1744 2381 vel
1772 2360 1913 2392 receptare.
1954 2355 1991 2381 lb.

1133 2399 1257 2426 'c.l.l.

1192 2444 1353 2476 Burgus·
1397 2443 1577 2468 Castellum
1601 2451 1747 2475 parrum.
1785 2440 1828 2467 III.
1849 2441 1910 2468 Gn.
1939 2441 1991 2476 Qui

1157 2487 1251 2512 curiae.
1272 2485 1313 2511 vel
1334 2484 1452 2520 colle-gia
1473 2483 1514 2509 vel
1534 2483 1631 2519 burgis.
1652 2485 1814 2520 caeterisque
1828 2483 1991 2520 corporibus.

1157 2544 1189 2548 —
1209 2529 1338 2555 servierit.
1365 2527 1403 2553 lb.
1422 2526 1478 2553 XII.
1499 2527 1539 2553 19.
1560 2537 1581 2553 c.
1600 2529 1624 2553 2.
1649 2526 1681 2553 de
1701 2527 1725 2553 h.
1745 2537 1788 2564 qu.
1808 2526 1883 2553 cond.
1902 2536 1990 2564 propr.

1158 2571 1209 2598 Vbi
1235 2581 1304 2608 resp.
1324 2570 1355 2597 R.
1374 2571 1440 2597 fines
1465 2569 1602 2599 habuerat,
1627 2575 1652 2596 et
1678 2570 1722 2596 ubi
1745 2569 1869 2602 custodes
1894 2569 1991 2605 antiqui

1158 2614 1309 2641 servabant.
1329 2614 1397 2640 sicut
1416 2623 1447 2640 cx
1467 2612 1595 2639 clausuris
1616 2618 1641 2639 et
1654 2612 1743 2649 burgis
1757 2612 1911 2639 ostenditur.
1932 2621 1952 2637 c.
1966 2613 1989 2637 2.

1158 2658 1180 2691 3.
1199 2658 1223 2683 4.
1243 2656 1275 2683 d«-
1295 2656 1337 2683 off.
1358 2655 1410 2682 Prf.
1429 2655 1472 2682 Pr.
1491 2656 1547 2682 Asr.
1568 2658 1590 2682 1.
1608 2658 1650 2682 27.

1194 2701 1366 2726 Bustuln.
1403 2700 1521 2731 Locus,
1542 2701 1571 2725 iu
1592 2710 1649 2734 quo
1670 2705 1814 2725 mortuus
1833 2699 1990 2725 comburi-

1158 2749 1211 2769 tur
1239 2749 1267 2768 et
1290 2744 1458 2776 sepelitur.
1495 2742 1537 2768 III.
1558 2744 1623 2770 Gn.
1651 2741 1765 2777 Rugum,
1791 2741 1929 2767 bustumve
1948 2750 1991 2766 no-

1160 2795 1219 2812 vum
1239 2801 1270 2804 —
1295 2784 1414 2811 adiicere.
1447 2784 1476 2811 L.
1496 2785 1553 2812 XII.
1578 2784 1660 2812 Tabb.
1684 2785 1717 2811 X.
1739 2786 1777 2810 10.
1815 2782 1923 2810 Forum.
1948 2783 1991 2809 hu—

1159 2833 1274 2855 stumvc.
1301 2829 1408 2865 usucapi
1433 2833 1509 2855 vetat.
1539 2828 1575 2854 lb.
1594 2828 1627 2854 X.
1650 2829 1688 2853 11.
1726 2826 1812 2863 Pergit
1835 2826 1940 2853 audacia
1959 2826 1990 2853 ad
