2197 3121
254 195 316 226 334

257 279 280 303 5.
300 276 382 310 §.1:3.
404 274 456 310 Qu.
477 285 508 301 ex
529 284 549 300 c.
571 275 596 299 iu
616 282 688 309 poss.
708 273 749 297 42.
763 273 786 297 4.
807 271 837 298 fr.
850 272 892 298 36.
913 270 945 297 de
965 270 1019 297 reb.
1033 274 1101 296 auct.

256 318 310 346 iud.
336 320 376 344 42.
403 319 425 343 5.
470 317 498 343 Si
524 316 654 343 creditor.
680 324 737 340 cum
763 314 917 341 contrahere
941 313 1021 339 vellet
1045 323 1103 339 cum

257 360 399 388 heredibus
419 359 448 386 L.
470 359 546 386 Titii.
572 359 677 385 evitatis
702 356 743 383 his
768 358 849 394 magis
874 356 1010 383 mulierem
1034 365 1103 382 ream
1124 351 1126 386 ἶ

258 404 343 440 elegit.
365 402 394 429 [Γ.
415 404 456 429 29.
476 413 515 439 pr.
536 400 567 427 ad
588 400 615 427 S.
637 400 667 427 C.
688 399 756 427 vell.
778 402 818 427 16.
843 402 866 427 1.
891 399 922 426 ct'.
951 398 981 425 l'r.
1002 400 1042 424 10.
1063 408 1102 436 pr.
1124 407 1125 414 ¹

1124 449 1125 455 ¹
1148 441 1268 467 laverint.
1289 440 1319 467 fr.
1339 443 1363 467 5.
1383 441 1405 475 ξ.
1425 442 1449 468 6,
1470 441 1502 468 de
1515 442 1548 468 A.
1561 441 1593 468 R.
1608 442 1641 468 D.
1661 443 1703 468 41.
1720 443 1742 468 l.
1779 441 1904 474 Examen.
1919 442 1990 479 quod

258 447 290 474 de
310 446 378 472 alim.
398 445 446 481 leg.
466 447 507 471 3⁴.
530 446 551 470 l.
589 443 769 475 Proelamare,
790 448 818 470 ut
837 452 913 470 casus
933 442 989 468 eius
1009 441 1102 467 evitari

257 491 353 528 possit.
373 488 402 515 sr.
423 490 464 514 31.
485 487 516 513 ad
536 486 565 513 L.
585 487 654 523 Aqu.
676 488 699 513 9.
719 488 743 513 2.
782 486 810 513 Si
825 485 941 512 Falcidia
960 484 1046 511 locum
1060 484 1103 510 ha-

258 533 311 565 bet,
331 548 363 552 —
382 542 434 558 non
455 529 596 557 evitabitur
616 532 700 563 (onus
726 529 921 561 deductionis.)
941 527 971 554 fr.
991 529 1015 553 5.
1034 527 1057 561 §.
1079 529 1101 553 l.

259 576 292 603 de
316 575 391 611 legat.
412 573 441 600 II.
462 574 539 606 (31.)
577 572 652 608 Quae.
679 574 732 605 (sc.
758 571 946 608 exceptiones)
973 575 1101 608 perpetuo

258 619 359 645 valent.
384 626 432 643 nec
456 616 548 642 evitari
566 620 687 653 possunt.
708 615 765 641 Gai.
786 614 829 641 IV.
851 615 908 640 121.
929 613 961 640 cf.
983 615 1040 640 123.
1061 623 1101 650 sq.

258 662 290 688 sr.
309 664 333 688 3.
354 660 385 687 de
405 669 476 686 exce.
496 660 576 685 441.
615 658 731 686 Crimen.
751 659 773 684 si
786 657 924 695 probetur,
944 657 1042 682 evitare
1057 657 1102 682 mi-

259 706 327 731 nime
345 713 434 741 posse.
459 702 488 728 sr.
509 704 532 728 5.
559 702 591 729 de
617 702 645 729 L.
667 702 728 728 Fab.
754 700 787 727 de
811 700 880 738 plag.
900 702 941 727 48.
963 702 1004 727 15.
1041 699 1102 726 Non

259 746 375 774 evitabit.
396 747 536 783 quominus
556 750 694 782 quaeratur
708 749 756 771 etc.
771 744 801 770 fr.
817 746 839 770 l.
854 744 930 778 §.16.
946 743 979 770 de
997 752 1101 779 agnose.

259 796 285 817 et
304 790 335 816 al.
359 792 401 816 25.
426 791 450 815 3.
488 788 576 815 Liceat
602 788 692 819 nobiS‚
717 786 852 814 deditione
872 803 905 807 —
925 787 1024 813 evitare
1048 785 1103 812 litis

259 834 474 861 aestimationem
500 832 529 858 fr.
554 834 573 858 1.
598 831 630 857 de
654 840 715 857 nox.
739 834 791 856 act.
812 831 836 857 9.
856 831 880 856 4.
917 829 967 856 Est
986 830 1012 855 in
1031 833 1105 866 pote·

259 882 336 908 state,
356 875 574 909 (successorum.)
599 874 696 900 evitare
716 872 898 905 Interdictum,
919 871 1104 905 (satisdatione

259 920 368 952 oblata.)
389 918 418 945 sr.
441 920 463 944 l.
483 918 504 951 ξ.
525 920 549 943 δ’.
570 927 602 942 ne
620 916 660 942 vis
680 915 726 942 siat
745 916 776 942 ei.
795 917 876 942 414.
913 914 1104 942 Evitandorum

258 972 395 991 munerum
414 961 495 997 gratia
515 959 651 993 (militiam
670 958 760 985 subire
780 960 847 991 etc.)
871 958 902 985 fr.
926 960 951 985 2.
975 958 997 992 §.
1021 959 1046 984 2.
1071 957 1104 984 de

259 1006 284 1033 h.
305 1016 348 1043 qu.
368 1009 421 1030 not.
441 1002 527 1030 insani.
553 1004 576 1028 3.
598 1004 622 1028 2.
648 1002 678 1029 1“ι·,
701 1004 722 1029 1,
748 1002 770 1036 §.
789 1004 814 1028 2.
835 1001 867 1028 de
891 1011 947 1028 vac.
967 1005 994 1027 et
1012 1010 1101 1027 exous,

260 1051 300 1075 50.
321 1051 344 1074 5.

294 1089 476 1118 Evssafio.
521 1089 718 1115 Declinatio.
760 1088 803 1115 111.
831 1089 897 1116 Cn.
934 1086 1051 1117 Poenae.
1079 1097 1104 1113 v.

262 1135 416 1163 Criminuni.
437 1133 496 1158 evit.
517 1131 567 1158 Th.
588 1130 619 1157 C.
640 1130 695 1157 Vll.
717 1133 756 1158 19.
777 1142 798 1158 c.
819 1133 841 1157 1.
861 1141 901 1168 pr.
921 1129 954 1156 de
973 1129 1104 1156 Saturian.

260 1177 330 1205 XVI.
355 1178 379 1202 8.
406 1186 426 1201 c.
451 1176 492 1200 23.
519 1173 551 1200 de.
575 1173 629 1200 Iud.
667 1174 710 1200 Ad
734 1175 902 1201 evitationem
921 1172 1044 1210 publicae
1062 1183 1106 1199 ne-

261 1220 392 1247 cessitatis
413 1217 531 1251 (titulum
550 1218 706 1254 opponere.)
730 1217 799 1245 XIII.
820 1219 842 1244 7.
864 1227 885 1243 c.
905 1217 930 1242 2.
950 1215 983 1242 de
1002 1225 1060 1242 nav.
1079 1226 1104 1242 n.

261 1272 350 1290 excus.

295 1303 541 1332 Eunomiani.
579 1305 835 1330 naereticorum
851 1311 962 1337 genus.
983 1301 1105 1329 lucu.

260 1348 416 1375 Eunomiani
436 1352 514 1383 atque
533 1346 624 1372 Ariani
644 1351 692 1372 etc.
713 1345 750 1372 lb.
770 1345 840 1372 ΧΠ.
860 1347 884 1372 5.
904 1355 926 1372 c.
940 1345 965 1371 8.
986 1355 1007 1372 c.
1023 1346 1063 1371 ll.
1083 1354 1105 1371 c.

264 1393 304 1418 13.
325 1401 346 1417 c.
367 1392 408 1417 59.
430 1400 469 1426 sq.
492 1389 524 1416 de
544 1389 666 1415 haeretic.

296 1434 572 1463 Eunomianus,
594 1442 615 1458 ε.
636 1431 858 1459 Eunomius.
888 1431 1019 1465 (Adiect.)
1059 1432 1108 1458 Ad

262 1479 543 1506 Eunomianorum
567 1481 686 1502 sectam
704 1477 882 1509 pertinens.
921 1474 939 1501 1.
963 1475 1025 1509 Sy.
1056 1473 1107 1500 Eu-

262 1521 357 1547 nomia.
382 1519 544 1546 Ennomiana
564 1517 695 1555 (perfidia.
715 1527 736 1544 s.
756 1518 933 1556 superstitio.)
953 1517 990 1544 lb.
1011 1516 1028 1543 l.
1048 1516 1065 1543 l.
1085 1527 1106 1543 c.

262 1565 285 1589 (5.
306 1564 327 1597 ς’.
345 1565 365 1588 1.
387 1573 408 1588 c.
430 1564 469 1588 12.
491 1572 512 1588 e.
532 1563 573 1588 34.

298 1607 519 1633 Eunuchus.
559 1606 659 1631 Homo
687 1610 866 1631 castratus.
903 1602 945 1629 III.
967 1604 1032 1631 Cn.
1057 1600 1131 1629 Ro-'

263 1659 353 1676 manac
376 1649 461 1685 gentis
486 1648 606 1674 homines
632 1663 663 1667 —
686 1646 798 1673 eunuchi
823 1646 893 1672 facti.
918 1660 951 1664 --
976 1646 1108 1672 Barbarae

263 1694 348 1729 gentis
369 1690 488 1718 eunuchi.
515 1701 536 1717 c.
555 1692 580 1716 2.
607 1690 639 1716 cs.
665 1700 685 1716 c.
707 1692 729 1716 l.
753 1689 785 1715 de
804 1689 915 1716 eunuch.
935 1690 959 1715 4.
979 1690 1022 1715 42.
1060 1688 1108 1715 Sin
1129 1689 1130 1694 ¹

265 1735 378 1763 eunuchi
398 1736 451 1761 sint
470 1735 540 1760 servi
560 1742 723 1763 communcS.
751 1733 863 1759 maiores
880 1732 906 1758 X
930 1733 1013 1758 aunis.
1039 1742 1060 1758 c.
1084 1733 1106 1758 l.

264 1780 285 1812 ξ.
305 1781 328 1805 5.
349 1778 381 1805 de
401 1787 493 1803 comm.
514 1786 591 1803 servo
610 1785 721 1802 manum.
742 1777 765 1802 7.
786 1777 800 1802 7

298 1823 483 1848 Evocare.
520 1821 551 1853 §.
584 1820 618 1845 l.
655 1820 704 1846 Ex
723 1821 839 1854 aliquo
864 1821 930 1845 loco
958 1828 1107 1845 avocare.

265 1863 306 1890 lll.
328 1865 393 1890 (ἠ.
414 1862 520 1889 Familia
540 1862 646 1899 publica
666 1863 735 1888 circa
754 1866 856 1899 portani
871 1867 897 1887 et
910 1871 999 1887 muros
1020 1860 1109 1898 dispo·

265 1907 323 1932 sita.
344 1905 412 1932 unde
431 1907 453 1932 si
474 1915 541 1942 opus
566 1910 635 1931 esset
656 1905 822 1931 evocabatur.
843 1903 873 1930 fr.
896 1906 918 1930 l.
939 1903 971 1931 de
991 1904 1035 1931 ost.
1056 1902 1108 1929 Prs.
1130 1914 1131 1924 ¹

266 1948 339 1985 Yigg.
361 1950 382 1974 1.
404 1950 443 1974 15.
482 1948 583 1979 Solent.
604 1948 648 1984 qui
668 1947 780 1974 liberare
794 1957 853 1973 euin
875 1946 962 1973 locum
981 1946 1108 1982 religione

265 1984 367 2018 volunt.
388 2001 459 2017 sacra
479 1990 540 2017 inde
560 2000 676 2017 evocare.
694 1989 732 2016 -l'in
752 1992 776 2016 9.
797 1990 818 2024 §.
838 1992 861 2015 2.
883 1989 914 2015 de
934 1989 965 2016 R.
985 1989 1019 2015 D.
1042 1991 1063 2015 l.
1084 1992 1107 2015 ὃ.
1130 2021 1132 2029 Ι

266 2051 298 2054 —
318 2035 396 2067 §.2-
418 2036 597 2065 Adrocare,
619 2035 810 2060 Prot-ocare.
833 2032 851 2058 I.
872 2034 934 2066 Sy.
955 2032 1107 2058 Arcessere.

266 2078 296 2104 sr.
316 2080 339 2103 2.
360 2078 381 2111 ξ.
401 2078 426 2102 3.
451 2076 483 2103 de
507 2076 584 2102 indic.
610 2079 633 2102 5.
660 2078 681 2101 l.
720 2075 871 2102 Convenirc
897 2074 1108 2106 denunciatione..

266 2120 369 2147 Adesse
393 2119 490 2146 iubere.
530 2118 602 2145 Paul.
624 2118 654 2145 V.
680 2120 711 2144 15
731 2119 762 2145 A.
788 2119 809 2152 §.
830 2120 852 2144 '.'.
880 2118 910 2145 sr.
930 2120 970 2144 53.
991 2118 1012 2151 ᾗ.
1035 2119 1056 2144 l.
1077 2117 1109 2144 de

267 2173 295 2190 re
314 2162 366 2189 ind.
386 2165 426 2188 42.
450 2165 470 2188 1.
491 2161 520 2188 sr.
540 2164 564 2188 2.
585 2163 606 2196 ξ.
626 2164 650 2188 3.
670 2161 701 2188 fr.
723 2163 762 2187 15.
783 2162 804 2195 ξ.
819 2163 843 2187 4.
863 2161 895 2187 de
915 2162 971 2187 iure
984 2160 1051 2187 fisci.
1066 2162 1108 2187 49.

269 2208 308 2232 14.
345 2205 387 2231 111.
409 2207 473 2232 (711.
493 2205 535 2231 Ad
554 2206 651 2231 curiam
670 2205 810 2232 nominati.
832 2220 864 2224 -—-
884 2204 925 2230 vel
950 2214 1044 2230 munus
1064 2203 1108 2230 ali—

268 2248 339 2286 quod
359 2250 467 2274 evoeati,
488 2248 538 2274 Th.
558 2248 588 2275 C.
609 2247 653 2274 XI.
677 2250 719 2274 30.
746 2258 766 2273 c.
789 2249 828 2274 19.
849 2247 882 2274 de
907 2257 966 2284 app.
987 2252 1013 2273 et
1031 2257 1109 2284 poen.

269 2291 336 2319 Cum
357 2296 400 2317 aut
419 2293 457 2322 (a)
477 2291 554 2317 nobis
574 2296 712 2323 evocatur.
736 2295 780 2317 aut
799 2302 811 2317 a
832 2290 985 2317 clementiae
1004 2295 1110 2316 nostrae
1132 2281 1134 2312 l

268 2335 436 2361 veneratione
455 2333 576 2360 discedit.
612 2334 649 2360 lb.
669 2333 736 2360 VIII.
756 2336 780 2360 5.
801 2344 822 2360 c.
841 2335 882 2359 54.
903 2333 936 2359 de
955 2343 1034 2359 eursu
1047 2333 1109 2370 pub.

270 2377 301 2404 cf.
322 2376 352 2404 fr.
372 2379 414 2403 24.
437 2386 477 2413 pr.
501 2375 533 2402 de.
557 2376 634 2403 iudIc.
659 2379 682 2403 5.
706 2378 726 2403 1.
763 2377 804 2403 Ex
830 2376 948 2413 qualibet
967 2377 1110 2413 provincia.
1133 2390 1134 2393 ¹

269 2420 311 2447 vel
336 2422 360 2446 in
385 2419 474 2446 urbem
500 2418 541 2445 vel
566 2418 598 2445 ad
618 2419 778 2457 Principem.
804 2424 928 2446 evocatus
949 2420 1111 2451 (testimonii

271 2464 370 2494 causa.)
391 2462 420 2488 l'r.
439 2463 483 2488 26.
502 2462 523 2496 ᾖ.
544 2463 567 2488 9.
589 2472 621 2488 ex
640 2472 682 2498 qu.
704 2473 724 2489 c.
745 2463 802 2489 mai.
823 2464 846 2489 4.
866 2464 890 2499 ἐξ.
911 2462 942 2489 cf.
963 2462 993 2488 sr.
1012 2464 1036 2488 2.
1051 2462 1072 2496 §.
1086 2464 1110 2488 3.
1133 2487 1134 2490 ,

271 2505 303 2531 de
323 2504 400 2531 indic.
421 2507 444 2530 5.
466 2507 488 2530 1.
526 2505 580 2538 Qui
599 2515 657 2531 euin
671 2505 838 2532 suasionibus
858 2505 901 2532 vel
914 2505 1037 2543 praemiis
1053 2514 1112 2531 evo·
1133 2512 1135 2522 i

272 2549 376 2573 caverit.
398 2546 448 2573 Th.
463 2546 493 2573 C.
514 2547 558 2574 IX.
580 2548 619 2573 16.
640 2557 661 2573 c.
684 2549 705 2573 l.
726 2547 758 2574 dc
777 2548 887 2575 malefic.
926 2548 1113 2574 Denunciatio-

273 2591 358 2621 nibus.
379 2595 404 2616 et
424 2590 531 2621 edictis,
554 2590 703 2627 litterisque
727 2591 851 2617 evocandi
878 2596 947 2618 sunt.
973 2590 1004 2617 I‘r.
1027 2592 1069 2617 26.
1089 2590 1111 2624 §.

272 2634 296 2659 9.
317 2632 348 2658 dr
368 2633 452 2659 lida-ie.
473 2632 536 2668 libb„
557 2634 598 2659 40.
617 2635 642 2659 5.
661 2632 692 2659 ct'.
714 2632 742 2658 sr.
762 2635 802 2659 20.
824 2634 845 2666 ξ.
860 2636 884 2660 6.
905 2634 937 2660 de
956 2633 1045 2660 hered.
1059 2638 1112 2670 pet.

273 2677 297 2700 5.
317 2676 340 2700 3.
361 2676 390 2701 l'r.
411 2678 450 2701 5³3.
472 2676 493 2709 ξ.
516 2677 537 2702 1.
558 2675 590 2702 de
609 2686 637 2702 re
656 2674 708 2701 ind.
722 2677 763 2700 42.
783 2677 803 2702 l.
842 2676 870 2702 Si
891 2678 992 2703 evocati
1011 2687 1024 2702 a
1038 2675 1114 2703 Prae·
1134 2690 1136 2694 v

274 2722 331 2743 torc
355 2717 447 2744 adesse
471 2718 626 2745 noluissent.
652 2718 681 2744 fr.
707 2720 748 2744 26.
777 2719 799 2752 ᾗ
825 2719 847 2744 Τ.

274 2763 315 2785 40.
341 2762 364 2785 5,

310 2803 551 2829 Evocatorin.
607 2805 778 2833 Litterae.
814 2806 928 2838 quibus
959 2810 1114 2831 evocatur

276 2847 350 2878 quis
370 2846 409 2870 ad
427 2846 596 2878 Principis
615 2849 815 2872 comitatum,
855 2846 871 2872 I.
887 2847 948 2880 sy·
968 2845 1052 2872 Iussiu
1073 2856 1115 2873 au—

878 2718 909 2745 de
934 2718 1020 2745 Iideic.
1048 2718 1111 2745 libb.

991 187 1065 218 EVI
1090 205 1128 211 -—
1155 187 1256 217 EVV.

1147 274 1230 306 gusta.
1252 268 1302 295 Th.
1322 268 1356 296 C.
1374 268 1417 295 VI.
1437 270 1478 296 23.
1499 280 1520 296 c.
1539 271 1564 295 3.
1584 269 1617 296 de
1636 269 1724 296 decur.
1745 275 1771 296 et
1789 270 1876 298 silent.
1890 270 1934 297 VI.
1947 272 1988 297 26.

1124 339 1125 349 ἵ
1148 323 1169 339 c.
1192 314 1230 338 14.
1251 312 1272 346 ξ.
1294 314 1316 339 l.
1336 311 1369 338 de
1387 313 1499 349 proxim.
1520 314 1607 339 comit.

1181 356 1360 382 Evolssre.
1398 355 1429 389 §.
1450 356 1485 382 l.
1518 357 1666 383 Avolare.
1703 355 1745 381 III.
1773 356 1839 383 Gn·
1858 356 1888 383 Si
1907 356 1990 393 quoli-

1147 398 1192 424 bet
1210 396 1290 423 modo
1311 407 1418 425 anseres
1438 399 1488 425 mei
1508 415 1541 418 —
1559 399 1657 426 turbati
1677 414 1710 418 —
1729 398 1794 425 adeo
1808 398 1912 436 longius
1931 410 1990 426 evo-

1148 495 1179 511 ex
1199 484 1274 511 alveo
1294 489 1386 510 nostro
1406 483 1558 511 evolaverit.
1579 484 1609 512 fr.
1629 487 1652 511 5.
1673 486 1696 519 ξ.
1716 486 1740 511 4.
1760 484 1795 511 ih.
1815 486 1856 511 41.
1878 487 1901 511 l.
1921 486 1951 511 I'r.
1965 487 1989 512 3.

1146 528 1169 562 ξ.
1190 529 1230 554 16.
1251 527 1283 554 de
1302 527 1334 554 A.
1353 537 1378 554 v.
1398 527 1429 554 A.
1449 526 1478 554 P.
1502 529 1544 554 41.
1563 529 1588 554 2.
1614 542 1644 547 —
1670 528 1701 561 §.
1721 529 1756 555 Β.
1786 529 1990 564 Confugere,

1150 572 1341 597 convolare.
1378 570 1397 597 I.
1418 571 1480 605 Sy.
1505 569 1660 598 Transferre
1679 581 1722 600 se.
1748 570 1874 598 Transire
1893 572 1933 604 (in
1952 580 1992 597 or-

1147 612 1223 639 dines
1243 613 1402 646 indebitos.)
1428 613 1478 640 Th.
1504 612 1535 640 C.
1560 613 1628 640 VIII.
1653 616 1676 641 7.
1697 624 1718 641 c.
1745 616 1785 640 ll.
1805 624 1827 641 c.
1849 615 1888 639 14.
1908 623 1948 651 pr.
1969 623 1990 639 c.

1149 658 1189 682 15.
1209 655 1242 682 de
1261 656 1313 683 div.
1334 656 1403 683 offic.

1182 700 1386 739 Evpluere·
1425 700 1456 733 ἓ.
1477 701 1511 726 l.
1542 701 1722 734 Expedite,
1746 701 1911 727 Liber-are.
1948 698 1991 725 III.

1149 743 1215 770 Cn.
1245 742 1299 778 Qui
1319 744 1401 769 sacris
1421 742 1529 770 evoluti.
1549 753 1562 768 a
1582 741 1717 769 functione
1735 743 1857 779 obsequii
1876 752 1993 769 recesse-

1149 790 1222 814 runt.
1247 787 1414 812 necessitatis
1437 785 1539 822 laqueis
1564 784 1685 812 adstricti
1711 790 1759 812 etc.
1784 785 1868 812 Vatic.
1889 786 1911 820 §.
1931 786 1991 811 248.

1149 828 1178 855 Si
1197 844 1229 848 -
1248 830 1446 866 provocationis
1470 828 1569 855 auxilio
1595 838 1624 854 se
1643 827 1805 859 defenderit.
1825 833 1851 855 et
1870 828 1994 865 tempori-

1149 871 1199 898 bus
1219 871 1298 898 suerit
1318 871 1448 898 evolutus.
1468 871 1519 898 Th.
1534 871 1565 898 C.
1578 871 1624 899 XI.
1637 873 1680 898 31.
1700 881 1721 897 c.
1737 873 1759 898 1.
1779 871 1812 898 de
1830 882 1915 909 repar.
1930 881 1990 908 app.

1149 931 1181 934 —
1202 915 1234 948 ξ.
1259 916 1295 941 Β.
1315 917 1500 948 Αὺεοὶυενε,
1521 916 1709 942 Decurrere.
1729 913 1748 940 I.
1769 915 1831 949 Sy.
1850 914 1934 942 Elabi.
1954 913 1992 940 Ib.

1149 957 1165 984 l.
1185 957 1202 984 l.
1223 968 1244 984 c.
1264 960 1288 984 4.
1325 957 1399 984 Labi.
1420 956 1461 984 Cf.
1481 957 1506 984 h.
1526 968 1550 984 v.
1571 958 1593 992 §
1612 959 1637 983 2.
1675 957 1717 984 III.
1738 958 1805 985 οη.
1828 957 1863 984 Et
1881 957 1993 984 redinte-

1149 1005 1225 1036 grent
1244 1000 1349 1027 evoluta
1369 1000 1507 1033 curricula,
1527 1006 1552 1028 et
1571 1000 1747 1036 redintegrata
1767 1000 1935 1027 denuncient.
1954 999 1991 1026 Ib.

1149 1043 1166 1070 1.
1186 1043 1203 1070 l.
1242 1042 1358 1070 Numero
1378 1043 1579 1081 stipendiorum.
1599 1048 1625 1070 ct
1644 1043 1783 1070 curriculis
1802 1043 1925 1070 evolutis.
1955 1043 1993 1070 lb.

1149 1086 1219 1113 VIII.
1240 1088 1263 1113 7.
1284 1097 1306 1113 c.
1326 1088 1366 1113 16.
1386 1097 1425 1124 pr.
1451 1086 1484 1113 de
1507 1086 1559 1113 div.
1584 1086 1654 1113 offic.
1679 1086 1795 1113 Evoluto
1819 1087 1880 1113 anni
1899 1087 1994 1124 spatio.

1149 1129 1186 1156 Ib.
1206 1129 1251 1156 XI.
1274 1131 1297 1156 l.
1318 1140 1338 1156 c.
1358 1131 1400 1156 25.
1420 1129 1453 1156 de
1472 1138 1567 1155 annon.
1587 1134 1612 1155 et
1630 1129 1721 1156 tribut.

1184 1172 1476 1206 Euphratensis.
1514 1171 1643 1205 (Adiect.)
1681 1174 1730 1199 Ad
1747 1175 1911 1209 regionem
1932 1174 1996 1200 Eu·

1149 1217 1300 1250 pluralis,
1334 1216 1597 1250 Mesopotamiae
1621 1216 1803 1250 fluminis,
1834 1222 1995 1250 spectans.

1150 1258 1193 1286 ΠΙ.
1220 1260 1286 1286 Cn.
1305 1258 1368 1285 Dux
1387 1257 1478 1284 limitis
1497 1257 1597 1294 Eupbr.
1618 1256 1668 1283 Th.
1689 1257 1721 1284 C.
1740 1257 1796 1285 Vll.
1817 1260 1858 1284 11.
1878 1268 1899 1285 c.
1919 1260 1943 1285 2.
1963 1268 1996 1285 ne

1152 1303 1238 1329 comit.
1268 1306 1294 1328 ct
1320 1301 1418 1328 tribua.
1444 1300 1600 1327 Provinciae
1625 1300 1830 1338 Mesopotamia,
1864 1300 1994 1328 Osroona.

1150 1345 1344 1382 Euphratensis
1364 1350 1413 1371 etc.
1434 1354 1456 1371 c.
1477 1346 1517 1370 10.
1538 1343 1570 1370 de
1590 1343 1667 1370 aedif.
1687 1345 1755 1381 priv.
1775 1345 1854 1371 8.10.

1186 1388 1446 1415 Eurematica·
1489 1388 1634 1414 Inventa.
1677 1386 1720 1413 111.
1751 1388 1817 1415 Cn·
1854 1386 1996 1414 Modestini

1151 1431 1197 1458 lib.
1218 1430 1342 1467 singular.
1367 1430 1400 1457 de
1423 1431 1597 1456 eurematicis.
1618 1429 1759 1456 Hommelii
1782 1429 1944 1467 palingenes.
1964 1429 1995 1457 T.

1154 1476 1175 1501 1.
1195 1485 1220 1512 p.
1241 1476 1300 1501 490.
1321 1484 1380 1510 sqq.

1186 1517 1383 1544 Eure-sius.
1421 1518 1539 1544 Nomen
1559 1517 1730 1543 haeretici.
1766 1516 1809 1542 III.
1831 1517 1897 1544 Gn·
1916 1516 1996 1542 Eure-

1152 1562 1219 1587 sinm
1239 1560 1399 1587 haeretIcum
1419 1569 1468 1586 uec
1489 1561 1516 1586 in
1535 1569 1643 1586 numero
1667 1560 1879 1586 santissimorum
1897 1559 1997 1585 antisti-

1152 1609 1207 1630 tum
1220 1602 1370 1629 habendum
1384 1612 1452 1629 esse.
1472 1601 1522 1629 Th.
1534 1603 1565 1630 C.
1580 1602 1650 1629 XVI.
1664 1604 1688 1628 5.
1709 1612 1730 1628 c.
1745 1603 1788 1628 28.
1809 1601 1842 1628 de
1861 1601 1983 1628 haeretic.

1187 1647 1354 1679 Europa.
1395 1647 1562 1673 Thraciae
1580 1647 1681 1681 regio.
1720 1644 1763 1671 III.
1782 1645 1848 1672 (711.
1885 1643 1936 1671 Per
1954 1644 1997 1671 Bi-

1152 1689 1283 1725 thyniam,
1303 1687 1521 1725 Paphlagoniam,
1540 1687 1667 1724 Lydiam,
1691 1686 1907 1724 Hellespontum.
1927 1689 1998 1714 insu-

1152 1732 1191 1758 las
1216 1732 1306 1758 etiam.
1334 1742 1363 1757 ac
1383 1731 1524 1768 Phrygiam
1548 1730 1701 1762 salutarem.
1726 1731 1859 1767 Europam
1884 1735 1909 1757 et
1932 1730 1998 1757 Hac-

1152 1785 1223 1801 mum
1241 1779 1356 1801 montem
1376 1774 1536 1812 (appellatio
1556 1774 1738 1810 interposita.)
1764 1773 1814 1800 Th.
1835 1773 1866 1800 C.
1886 1773 1905 1800 I.
1931 1774 1955 1800 6.
1975 1783 1996 1800 c.

1154 1820 1176 1844 l.
1197 1817 1302 1850 (chk.)
1323 1817 1355 1844 de
1374 1817 1418 1844 off.
1438 1817 1490 1844 Prf.
1511 1816 1557 1844 Vr.

1188 1862 1392 1894 Eutyches.
1432 1863 1544 1887 Sectae
1562 1862 1754 1887 haereticae
1770 1862 1933 1894 princeps.
1953 1858 1996 1885 III.

1155 1905 1220 1932 Cn.
1241 1902 1406 1940 Apollinaris
1425 1919 1458 1922 —
1477 1907 1576 1929 sectam
1594 1902 1731 1938 Eutyches
1751 1907 1777 1928 et
1796 1902 1944 1929 Dioscurus
1964 1917 1996 1921 —-

1154 1951 1216 1973 sunt
1235 1947 1331 1973 secuti.
1352 1956 1373 1972 c.
1393 1947 1416 1972 8.
1436 1956 1477 1983 pr.
1498 1945 1530 1972 de
1549 1945 1672 1975 haeretic.
1694 1947 1716 1971 1.
1737 1947 1760 1972 5.

1188 1991 1439 2023 Eutycheum.
1490 1991 1706 2016 Praetorium
1734 1989 1906 2024 Praefecti
1933 1989 1996 2013 Λιι-

1151 2034 1319 2067 gustali-3,
1339 2034 1571 2058 Alexandriae.
1598 2031 1641 2057 111.
1663 2032 1728 2058 Cn.
1749 2030 1846 2056 Datum
1866 2030 1997 2056 Constan-

1154 2077 1236 2112 tinop.
1258 2074 1307 2101 PP.
1328 2074 1505 2101 Alexandriae
1524 2073 1662 2110 eutycheo.
1683 2072 1732 2099 Th.
1745 2072 1776 2099 C.
1789 2072 1848 2099 XV.
1867 2074 1909 2099 27.
1931 2083 1952 2099 c.
1974 2075 1995 2099 1.

1155 2118 1187 2144 de
1206 2117 1335 2144 Alexand.
1356 2117 1426 2154 pleb.
1447 2118 1550 2154 primat.

1190 2160 1398 2194 Eutychia,
1428 2170 1452 2186 v.
1482 2158 1737 2192 Eutychiana.
1789 2159 1907 2185 Nomen
1930 2169 1997 2185 mu-

1156 2206 1289 2235 lierum,
1309 2210 1336 2230 et
1357 2204 1512 2237 inprimis
1531 2203 1738 2228 ancillarum.
1776 2201 1818 2227 111.
1839 2202 1905 2229 (2⁷11.
1928 2202 1998 2228 Eun-

1157 2246 1215 2273 dem
1235 2246 1344 2273 fundnm
1363 2246 1449 2272 tribus
1474 2244 1649 2281 obligaverat.
1673 2243 1853 2280 Entyehiauae
1876 2245 1997 2281 primum.

1156 2289 1251 2317 deinde
1270 2289 1398 2320 Turboni.
1419 2289 1497 2315 tertio
1516 2287 1576 2314 loeo
1595 2286 1639 2313 alii
1659 2286 1791 2313 creditori.
1815 2286 1845 2313 sr.
1868 2288 1907 2313 16.
1945 2287 1996 2323 Qu.

1156 2335 1253 2371 potior.
1273 2335 1315 2359 20.
1335 2335 1359 2359 4.
1398 2331 1489 2358 Servis
1503 2331 1567 2361 suis,
1588 2331 1692 2356 nomine
1711 2330 1795 2356 Sacco
1815 2334 1840 2356 et
1853 2329 1998 2366 Eutychiae

1157 2381 1183 2403 et
1202 2376 1299 2406 Irenae.
1320 2375 1370 2401 sub
1389 2373 1541 2401 conditione
1560 2373 1707 2399 libertatem
1728 2372 1842 2409 reliquit.
1864 2372 1894 2399 fr.
1908 2375 1950 2399 44.
1965 2372 1996 2400 cs.

1157 2419 1186 2446 sr.
1207 2421 1248 2445 59.
1268 2429 1307 2456 pr.
1329 2419 1360 2445 de
1380 2427 1490 2444 inanum.
1511 2421 1613 2442 testam.
1632 2417 1674 2442 40.
1694 2417 1717 2442 4.

1191 2461 1519 2496 Eutychianistae·
1548 2460 1745 2494 Entyclnetis
1765 2461 1926 2486 haeretici
1944 2461 1996 2486 ad-

1158 2507 1268 2532 seclae.
1295 2504 1313 2531 1.
1334 2505 1395 2538 Sy.
1415 2503 1469 2538 Qui
1487 2501 1644 2537 Eutychetis
1665 2503 1865 2539 perversitatem
1884 2511 1997 2538 sequun-

1161 2553 1210 2574 tur.
1237 2558 1258 2574 c.
1283 2550 1306 2573 8.
1332 2547 1369 2580 ἐξ
1395 2548 1417 2572 1.
1442 2554 1501 2581 sqq.
1527 2543 1559 2570 dc
1583 2544 1680 2571 haeret.
1707 2547 1728 2571 l.
1752 2547 1776 2571 5.
1802 2555 1823 2571 c.
1843 2546 1867 2570 6.
1887 2544 1919 2570 de
1938 2553 1997 2581 apo-

1159 2596 1218 2617 stat.
1240 2593 1261 2617 1.
1283 2592 1305 2616 7.
1622 2606 1626 2610 -

1193 2628 1469 2666 Eutychianos.
1508 2632 1625 2658 Nomen
1650 2632 1756 2657 virile.
1793 2630 1835 2656 111.
1860 2631 1926 2657 Cn.
1962 2628 1994 2655 D.

1159 2676 1263 2703 Marcus
1282 2673 1450 2710 Eutychiana
1470 2674 1614 2710 rescripsit.
1635 2673 1665 2699 fr.
1684 2674 1726 2700 39.
1746 2672 1778 2699 de
1797 2672 1884 2709 adopt.
1906 2673 1927 2697 l.
1948 2673 1970 2697 7.

1193 2718 1398 2751 Evulgarc.
1437 2718 1635 2752 Divulgare‚
1656 2718 1875 2751 l'romulgare.
1900 2713 1918 2740 Ι.
1935 2715 1995 2748 Sy.

1161 2760 1274 2796 Vulgare
1295 2760 1366 2791 (cuin
1386 2758 1532 2786 edictorum
1556 2759 1744 2792 solemnitate.)
1768 2757 1817 2784 Th.
1838 2756 1867 2784 C.
1887 2757 1905 2783 l.
1931 2759 1952 2782 1.
1974 2768 1994 2783 c.

1160 2805 1185 2830 5.
1205 2802 1311 2835 (ch.)
1333 2801 1365 2828 d«-
1385 2807 1468 2829 const.
1485 2802 1526 2829 Pr.
1555 2801 1622 2828 Nov.
1643 2801 1746 2828 Valent.
1765 2800 1808 2826 III.
1831 2799 1863 2826 de
1882 2800 1993 2826 invasor.

1159 2846 1233 2873 118.
1255 2856 1276 2871 ε,
1299 2847 1319 2871 l.
1340 2845 1361 2879 §.
1381 2846 1404 2871 6.
1426 2856 1446 2871 c.
1465 2847 1490 2871 2.
1510 2845 1531 2878 §.
1553 2846 1575 2870 l.
