<?xml version="1.0" encoding="UTF-8"?>
<!DOCTYPE html PUBLIC "-//W3C//DTD XHTML 1.0 Transitional//EN"
    "http://www.w3.org/TR/xhtml1/DTD/xhtml1-transitional.dtd">
<html xmlns="http://www.w3.org/1999/xhtml" xml:lang="en" lang="en">
 <head>
  <title>
</title>
<meta http-equiv="Content-Type" content="text/html;charset=utf-8" />
  <meta name='ocr-system' content='tesseract 3.04.00' />
  <meta name='ocr-capabilities' content='ocr_page ocr_carea ocr_par ocr_line ocrx_word'/>
</head>
<body>
  <div class='ocr_page' id='page_1' title='image "./manualelatinitat00dirk_0486.png"; bbox 0 0 2197 3121; ppageno 0'>
   <div class='ocr_carea' id='block_1_1' title="bbox 274 186 336 218">
    <p class='ocr_par' dir='ltr' id='par_1_1' title="bbox 274 186 336 218">
     <span class='ocr_line' id='line_1_1' title="bbox 274 186 336 218; baseline 0 -1"><span class='ocrx_word' id='word_1_1' title='bbox 274 186 336 218; x_wconf 74' lang='lat'>472</span> 
     </span>
    </p>
   </div>
   <div class='ocr_carea' id='block_1_2' title="bbox 275 262 1148 2275">
    <p class='ocr_par' dir='ltr' id='par_1_2' title="bbox 275 262 1141 938">
     <span class='ocr_line' id='line_1_2' title="bbox 276 262 1118 303; baseline -0.006 -8"><span class='ocrx_word' id='word_1_2' title='bbox 276 274 325 295; x_wconf 88' lang='lat' dir='ltr'>est.</span> <span class='ocrx_word' id='word_1_3' title='bbox 347 268 377 295; x_wconf 83' lang='lat' dir='ltr'>sr.</span> <span class='ocrx_word' id='word_1_4' title='bbox 400 269 437 294; x_wconf 77' lang='lat'>13.</span> <span class='ocrx_word' id='word_1_5' title='bbox 459 267 489 294; x_wconf 84' lang='lat' dir='ltr'>sr.</span> <span class='ocrx_word' id='word_1_6' title='bbox 510 268 552 294; x_wconf 87' lang='lat'>15.</span> <span class='ocrx_word' id='word_1_7' title='bbox 572 268 594 293; x_wconf 89' lang='lat' dir='ltr'>si</span> <span class='ocrx_word' id='word_1_8' title='bbox 614 276 656 303; x_wconf 87' lang='lat' dir='ltr'>qu.</span> <span class='ocrx_word' id='word_1_9' title='bbox 677 275 728 293; x_wconf 91' lang='lat' dir='ltr'>om.</span> <span class='ocrx_word' id='word_1_10' title='bbox 748 275 769 292; x_wconf 90' lang='lat' dir='ltr'>c.</span> <span class='ocrx_word' id='word_1_11' title='bbox 790 269 891 292; x_wconf 86' lang='lat' dir='ltr'>testam.</span> <span class='ocrx_word' id='word_1_12' title='bbox 910 266 952 292; x_wconf 93' lang='lat'>29.</span> <span class='ocrx_word' id='word_1_13' title='bbox 971 266 995 291; x_wconf 84' lang='lat'>4.</span> <span class='ocrx_word' id='word_1_14' title='bbox 1033 262 1118 301; x_wconf 82' lang='lat' dir='ltr'>Saepe</span> 
     </span>
     <span class='ocr_line' id='line_1_3' title="bbox 275 307 1140 347; baseline -0.007 -9"><span class='ocrx_word' id='word_1_15' title='bbox 275 311 371 338; x_wconf 88' lang='lat' dir='ltr'>accidit</span> <span class='ocrx_word' id='word_1_16' title='bbox 394 316 422 337; x_wconf 84' lang='lat' dir='ltr'>ut</span> <span class='ocrx_word' id='word_1_17' title='bbox 447 311 506 347; x_wconf 89' lang='lat' dir='ltr'>quis</span> <span class='ocrx_word' id='word_1_18' title='bbox 531 312 586 337; x_wconf 83' lang='lat' dir='ltr'>inre</span> <span class='ocrx_word' id='word_1_19' title='bbox 611 309 682 336; x_wconf 76' lang='lat' dir='ltr'>civili</span> <span class='ocrx_word' id='word_1_20' title='bbox 709 313 841 341; x_wconf 85' lang='lat' dir='ltr'>teneatur,</span> <span class='ocrx_word' id='word_1_21' title='bbox 865 307 913 335; x_wconf 79' lang='lat' dir='ltr'>sed</span> <span class='ocrx_word' id='word_1_22' title='bbox 936 308 1053 344; x_wconf 89' lang='lat' dir='ltr'>iniquum</span> <span class='ocrx_word' id='word_1_23' title='bbox 1078 311 1119 333; x_wconf 90' lang='lat' dir='ltr'>est</span> <span class='ocrx_word' id='word_1_24' title='bbox 1139 327 1140 331; x_wconf 65' lang='grc'>,</span> 
     </span>
     <span class='ocr_line' id='line_1_4' title="bbox 275 349 1119 381; baseline -0.006 0"><span class='ocrx_word' id='word_1_25' title='bbox 275 360 324 381; x_wconf 87' lang='lat' dir='ltr'>etc.</span> <span class='ocrx_word' id='word_1_26' title='bbox 345 354 401 381; x_wconf 90' lang='lat' dir='ltr'>Gai.</span> <span class='ocrx_word' id='word_1_27' title='bbox 424 353 468 380; x_wconf 60' lang='lat' dir='ltr'>IV.</span> <span class='ocrx_word' id='word_1_28' title='bbox 491 354 546 379; x_wconf 87' lang='lat'>116.</span> <span class='ocrx_word' id='word_1_29' title='bbox 567 351 599 379; x_wconf 89' lang='lat' dir='ltr'>cf.</span> <span class='ocrx_word' id='word_1_30' title='bbox 620 354 661 378; x_wconf 89' lang='lat'>75.</span> <span class='ocrx_word' id='word_1_31' title='bbox 703 351 881 378; x_wconf 64' lang='lat' dir='ltr'>&#39;Nihilominus</span> <span class='ocrx_word' id='word_1_32' title='bbox 901 350 964 377; x_wconf 88' lang='lat' dir='ltr'>utile</span> <span class='ocrx_word' id='word_1_33' title='bbox 986 351 1036 376; x_wconf 86' lang='lat' dir='ltr'>erit</span> <span class='ocrx_word' id='word_1_34' title='bbox 1054 349 1119 376; x_wconf 87' lang='lat' dir='ltr'>iudi—</span> 
     </span>
     <span class='ocr_line' id='line_1_5' title="bbox 275 393 1117 432; baseline -0.006 -8"><span class='ocrx_word' id='word_1_35' title='bbox 275 398 355 429; x_wconf 86' lang='lat' dir='ltr'>cium,</span> <span class='ocrx_word' id='word_1_36' title='bbox 377 413 406 417; x_wconf 93' lang='lat'>—-</span> <span class='ocrx_word' id='word_1_37' title='bbox 428 396 545 432; x_wconf 86' lang='lat' dir='ltr'>alioquin</span> <span class='ocrx_word' id='word_1_38' title='bbox 570 396 688 432; x_wconf 83' lang='lat' dir='ltr'>iniquum</span> <span class='ocrx_word' id='word_1_39' title='bbox 712 395 780 427; x_wconf 82' lang='lat' dir='ltr'>sore,</span> <span class='ocrx_word' id='word_1_40' title='bbox 805 395 828 421; x_wconf 91' lang='lat' dir='ltr'>si</span> <span class='ocrx_word' id='word_1_41' title='bbox 852 399 900 420; x_wconf 86' lang='lat' dir='ltr'>etc.</span> <span class='ocrx_word' id='word_1_42' title='bbox 926 393 956 420; x_wconf 85' lang='lat' dir='ltr'>fr.</span> <span class='ocrx_word' id='word_1_43' title='bbox 975 394 999 420; x_wconf 88' lang='lat'>9.</span> <span class='ocrx_word' id='word_1_44' title='bbox 1026 402 1117 420; x_wconf 89' lang='lat' dir='ltr'>comm.</span> 
     </span>
     <span class='ocr_line' id='line_1_6' title="bbox 276 435 1118 475; baseline -0.006 -9"><span class='ocrx_word' id='word_1_45' title='bbox 276 439 328 467; x_wconf 74' lang='lat' dir='ltr'>div.</span> <span class='ocrx_word' id='word_1_46' title='bbox 355 441 394 466; x_wconf 92' lang='lat'>10.</span> <span class='ocrx_word' id='word_1_47' title='bbox 420 440 444 466; x_wconf 88' lang='lat'>3.</span> <span class='ocrx_word' id='word_1_48' title='bbox 481 438 585 464; x_wconf 80' lang='lat' dir='ltr'><strong>Etenim</strong></span> <span class='ocrx_word' id='word_1_49' title='bbox 610 439 728 475; x_wconf 87' lang='lat' dir='ltr'>iniquum</span> <span class='ocrx_word' id='word_1_50' title='bbox 756 438 849 475; x_wconf 79' lang='lat' dir='ltr'>incipit</span> <span class='ocrx_word' id='word_1_51' title='bbox 876 437 934 463; x_wconf 80' lang='lat' dir='ltr'>fieri</span> <span class='ocrx_word' id='word_1_52' title='bbox 961 435 1118 462; x_wconf 81' lang='lat' dir='ltr'>beneficium</span> 
     </span>
     <span class='ocr_line' id='line_1_7' title="bbox 276 479 1141 519; baseline -0.005 -11"><span class='ocrx_word' id='word_1_53' title='bbox 276 482 419 519; x_wconf 86' lang='lat' dir='ltr'>Principis,</span> <span class='ocrx_word' id='word_1_54' title='bbox 444 482 466 507; x_wconf 92' lang='lat' dir='ltr'>si</span> <span class='ocrx_word' id='word_1_55' title='bbox 492 485 540 507; x_wconf 89' lang='lat' dir='ltr'>etc.</span> <span class='ocrx_word' id='word_1_56' title='bbox 567 480 596 507; x_wconf 78' lang='lat' dir='ltr'>l&#39;r.</span> <span class='ocrx_word' id='word_1_57' title='bbox 620 483 662 508; x_wconf 84' lang='lat'>43.</span> <span class='ocrx_word' id='word_1_58' title='bbox 687 491 726 519; x_wconf 87' lang='lat' dir='ltr'>pr.</span> <span class='ocrx_word' id='word_1_59' title='bbox 752 480 785 507; x_wconf 88' lang='lat' dir='ltr'>de</span> <span class='ocrx_word' id='word_1_60' title='bbox 811 479 880 515; x_wconf 76' lang='lat' dir='ltr'>vulg.</span> <span class='ocrx_word' id='word_1_61' title='bbox 906 483 931 505; x_wconf 90' lang='lat' dir='ltr'>et</span> <span class='ocrx_word' id='word_1_62' title='bbox 949 488 1013 516; x_wconf 86' lang='lat' dir='ltr'>pup.</span> <span class='ocrx_word' id='word_1_63' title='bbox 1032 479 1074 505; x_wconf 85' lang='lat'>28.</span> <span class='ocrx_word' id='word_1_64' title='bbox 1093 479 1117 505; x_wconf 91' lang='grc'>6.</span> <span class='ocrx_word' id='word_1_65' title='bbox 1139 489 1141 499; x_wconf 66' lang='lat'>1</span> 
     </span>
     <span class='ocr_line' id='line_1_8' title="bbox 275 522 1118 562; baseline -0.005 -11"><span class='ocrx_word' id='word_1_66' title='bbox 275 525 361 561; x_wconf 77' lang='lat' dir='ltr'>Agere</span> <span class='ocrx_word' id='word_1_67' title='bbox 381 524 412 550; x_wconf 88' lang='lat' dir='ltr'>ad</span> <span class='ocrx_word' id='word_1_68' title='bbox 434 539 463 543; x_wconf 89' lang='lat'>-—</span> <span class='ocrx_word' id='word_1_69' title='bbox 484 523 669 560; x_wconf 80' lang='lat' dir='ltr'>exaequandas</span> <span class='ocrx_word' id='word_1_70' title='bbox 683 528 781 562; x_wconf 79' lang='lat' dir='ltr'>partes,</span> <span class='ocrx_word' id='word_1_71' title='bbox 802 523 875 559; x_wconf 88' lang='lat' dir='ltr'>quasi</span> <span class='ocrx_word' id='word_1_72' title='bbox 890 522 1008 558; x_wconf 87' lang='lat' dir='ltr'>iniquum</span> <span class='ocrx_word' id='word_1_73' title='bbox 1021 522 1055 547; x_wconf 92' lang='lat' dir='ltr'>sit</span> <span class='ocrx_word' id='word_1_74' title='bbox 1070 526 1118 547; x_wconf 91' lang='lat' dir='ltr'>etc.</span> 
     </span>
     <span class='ocr_line' id='line_1_9' title="bbox 275 564 1119 604; baseline -0.005 -10"><span class='ocrx_word' id='word_1_75' title='bbox 275 567 307 594; x_wconf 88' lang='lat' dir='ltr'>sr.</span> <span class='ocrx_word' id='word_1_76' title='bbox 327 568 367 593; x_wconf 83' lang='grc'>63.</span> <span class='ocrx_word' id='word_1_77' title='bbox 389 567 410 600; x_wconf 66' lang='grc' dir='ltr'>ξ.</span> <span class='ocrx_word' id='word_1_78' title='bbox 424 568 448 593; x_wconf 89' lang='grc'>5.</span> <span class='ocrx_word' id='word_1_79' title='bbox 469 576 518 604; x_wconf 85' lang='lat' dir='ltr'>pro</span> <span class='ocrx_word' id='word_1_80' title='bbox 537 576 591 593; x_wconf 87' lang='lat' dir='ltr'>soc.</span> <span class='ocrx_word' id='word_1_81' title='bbox 613 569 653 594; x_wconf 87' lang='lat'>17.</span> <span class='ocrx_word' id='word_1_82' title='bbox 666 569 690 594; x_wconf 88' lang='lat'>2.</span> <span class='ocrx_word' id='word_1_83' title='bbox 729 566 848 602; x_wconf 82' lang='lat' dir='ltr'>Quorum</span> <span class='ocrx_word' id='word_1_84' title='bbox 866 565 970 601; x_wconf 76' lang='lat' dir='ltr'>negotia</span> <span class='ocrx_word' id='word_1_85' title='bbox 989 564 1119 602; x_wconf 84' lang='lat' dir='ltr'>disperire</span> 
     </span>
     <span class='ocr_line' id='line_1_10' title="bbox 275 606 1118 647; baseline -0.004 -11"><span class='ocrx_word' id='word_1_86' title='bbox 275 611 394 647; x_wconf 89' lang='lat' dir='ltr'>iniquum</span> <span class='ocrx_word' id='word_1_87' title='bbox 414 614 482 640; x_wconf 76' lang='lat' dir='ltr'>erat3</span> <span class='ocrx_word' id='word_1_88' title='bbox 507 619 573 646; x_wconf 87' lang='lat' dir='ltr'>quae</span> <span class='ocrx_word' id='word_1_89' title='bbox 598 619 662 636; x_wconf 80' lang='lat' dir='ltr'>sane</span> <span class='ocrx_word' id='word_1_90' title='bbox 685 609 845 646; x_wconf 69' lang='lat' dir='ltr'>disperirent</span> <span class='ocrx_word' id='word_1_91' title='bbox 869 608 892 634; x_wconf 90' lang='lat' dir='ltr'>si</span> <span class='ocrx_word' id='word_1_92' title='bbox 917 612 965 634; x_wconf 88' lang='lat' dir='ltr'>etc.</span> <span class='ocrx_word' id='word_1_93' title='bbox 985 606 1016 634; x_wconf 81' lang='lat' dir='ltr'>fr.</span> <span class='ocrx_word' id='word_1_94' title='bbox 1035 609 1059 633; x_wconf 89' lang='lat'>5.</span> <span class='ocrx_word' id='word_1_95' title='bbox 1078 617 1118 644; x_wconf 87' lang='lat' dir='ltr'>pr.</span> 
     </span>
     <span class='ocr_line' id='line_1_11' title="bbox 275 650 1118 690; baseline -0.004 -11"><span class='ocrx_word' id='word_1_96' title='bbox 275 653 308 680; x_wconf 84' lang='lat' dir='ltr'>de</span> <span class='ocrx_word' id='word_1_97' title='bbox 328 652 360 679; x_wconf 95' lang='grc' dir='ltr'>Ο.</span> <span class='ocrx_word' id='word_1_98' title='bbox 381 656 407 678; x_wconf 77' lang='lat' dir='ltr'>et</span> <span class='ocrx_word' id='word_1_99' title='bbox 425 652 457 678; x_wconf 84' lang='grc' dir='ltr'>Α.</span> <span class='ocrx_word' id='word_1_100' title='bbox 471 653 513 679; x_wconf 81' lang='lat'>44.</span> <span class='ocrx_word' id='word_1_101' title='bbox 528 654 551 679; x_wconf 84' lang='lat'>7.</span> <span class='ocrx_word' id='word_1_102' title='bbox 588 652 629 679; x_wconf 87' lang='lat' dir='ltr'>Ex</span> <span class='ocrx_word' id='word_1_103' title='bbox 642 657 717 690; x_wconf 81' lang='lat' dir='ltr'>parte</span> <span class='ocrx_word' id='word_1_104' title='bbox 731 651 918 687; x_wconf 78' lang='lat' dir='ltr'>obligationem</span> <span class='ocrx_word' id='word_1_105' title='bbox 938 650 1118 688; x_wconf 76' lang='lat' dir='ltr'>comprobare,</span> 
     </span>
     <span class='ocr_line' id='line_1_12' title="bbox 276 692 1118 732; baseline -0.002 -10"><span class='ocrx_word' id='word_1_106' title='bbox 276 712 308 716; x_wconf 90' lang='lat'><strong>—</strong></span> <span class='ocrx_word' id='word_1_107' title='bbox 329 705 361 722; x_wconf 85' lang='lat' dir='ltr'>ex</span> <span class='ocrx_word' id='word_1_108' title='bbox 379 700 471 732; x_wconf 73' lang='lat' dir='ltr'>parte,</span> <span class='ocrx_word' id='word_1_109' title='bbox 495 700 626 732; x_wconf 84' lang='lat' dir='ltr'>tamquam</span> <span class='ocrx_word' id='word_1_110' title='bbox 651 695 683 721; x_wconf 86' lang='lat' dir='ltr'>de</span> <span class='ocrx_word' id='word_1_111' title='bbox 707 695 811 731; x_wconf 86' lang='lat' dir='ltr'>iniqua,</span> <span class='ocrx_word' id='word_1_112' title='bbox 837 694 920 730; x_wconf 77' lang='lat' dir='ltr'>queri.</span> <span class='ocrx_word' id='word_1_113' title='bbox 940 692 970 720; x_wconf 80' lang='lat' dir='ltr'>sr.</span> <span class='ocrx_word' id='word_1_114' title='bbox 989 695 1031 720; x_wconf 88' lang='lat'>39.</span> <span class='ocrx_word' id='word_1_115' title='bbox 1051 693 1074 727; x_wconf 64' lang='grc' dir='ltr'>ξ.</span> <span class='ocrx_word' id='word_1_116' title='bbox 1096 694 1118 720; x_wconf 95' lang='grc'>1.</span> 
     </span>
     <span class='ocr_line' id='line_1_13' title="bbox 275 736 1120 776; baseline -0.005 -11"><span class='ocrx_word' id='word_1_117' title='bbox 275 738 309 765; x_wconf 81' lang='lat' dir='ltr'>de</span> <span class='ocrx_word' id='word_1_118' title='bbox 328 748 400 776; x_wconf 85' lang='lat' dir='ltr'>oper.</span> <span class='ocrx_word' id='word_1_119' title='bbox 424 737 511 765; x_wconf 78' lang='lat' dir='ltr'>libert.</span> <span class='ocrx_word' id='word_1_120' title='bbox 534 740 576 765; x_wconf 73' lang='lat'>38.</span> <span class='ocrx_word' id='word_1_121' title='bbox 603 740 624 764; x_wconf 91' lang='lat'>1.</span> <span class='ocrx_word' id='word_1_122' title='bbox 667 737 697 764; x_wconf 90' lang='lat' dir='ltr'>Si</span> <span class='ocrx_word' id='word_1_123' title='bbox 722 738 749 764; x_wconf 87' lang='lat' dir='ltr'>in</span> <span class='ocrx_word' id='word_1_124' title='bbox 774 737 925 764; x_wconf 84' lang='lat' dir='ltr'>alterutram</span> <span class='ocrx_word' id='word_1_125' title='bbox 948 741 1049 773; x_wconf 85' lang='lat' dir='ltr'>partem</span> <span class='ocrx_word' id='word_1_126' title='bbox 1073 736 1120 762; x_wconf 89' lang='lat' dir='ltr'>ini-</span> 
     </span>
     <span class='ocr_line' id='line_1_14' title="bbox 275 778 1119 818; baseline -0.005 -10"><span class='ocrx_word' id='word_1_127' title='bbox 275 791 358 818; x_wconf 88' lang='lat' dir='ltr'>quum</span> <span class='ocrx_word' id='word_1_128' title='bbox 377 780 513 808; x_wconf 78' lang='lat' dir='ltr'>arbitrium</span> <span class='ocrx_word' id='word_1_129' title='bbox 538 780 664 807; x_wconf 86' lang='lat' dir='ltr'>videatur.</span> <span class='ocrx_word' id='word_1_130' title='bbox 689 780 720 807; x_wconf 80' lang='lat' dir='ltr'>fr.</span> <span class='ocrx_word' id='word_1_131' title='bbox 739 782 763 807; x_wconf 88' lang='lat'>9.</span> <span class='ocrx_word' id='word_1_132' title='bbox 788 780 842 816; x_wconf 78' lang='lat' dir='ltr'>Qui</span> <span class='ocrx_word' id='word_1_133' title='bbox 867 778 958 805; x_wconf 86' lang='lat' dir='ltr'>satisd.</span> <span class='ocrx_word' id='word_1_134' title='bbox 978 788 1032 815; x_wconf 76' lang='lat' dir='ltr'>cog.</span> <span class='ocrx_word' id='word_1_135' title='bbox 1051 781 1076 805; x_wconf 88' lang='lat'>2.</span> <span class='ocrx_word' id='word_1_136' title='bbox 1094 780 1119 805; x_wconf 83' lang='lat'>8.</span> 
     </span>
     <span class='ocr_line' id='line_1_15' title="bbox 277 821 1120 862; baseline -0.005 -10"><span class='ocrx_word' id='word_1_137' title='bbox 277 825 370 862; x_wconf 82' lang='lat' dir='ltr'>Iniqua</span> <span class='ocrx_word' id='word_1_138' title='bbox 393 825 522 851; x_wconf 85' lang='lat' dir='ltr'>sententia</span> <span class='ocrx_word' id='word_1_139' title='bbox 547 824 665 857; x_wconf 81' lang='lat' dir='ltr'>(evictae</span> <span class='ocrx_word' id='word_1_140' title='bbox 684 824 722 849; x_wconf 90' lang='lat' dir='ltr'>rei</span> <span class='ocrx_word' id='word_1_141' title='bbox 741 823 807 856; x_wconf 89' lang='lat' dir='ltr'>etc.)</span> <span class='ocrx_word' id='word_1_142' title='bbox 832 822 917 849; x_wconf 87' lang='lat' dir='ltr'>Vatic.</span> <span class='ocrx_word' id='word_1_143' title='bbox 942 822 963 856; x_wconf 68' lang='grc' dir='ltr'>ξ.</span> <span class='ocrx_word' id='word_1_144' title='bbox 985 823 1025 848; x_wconf 90' lang='grc'>10.</span> <span class='ocrx_word' id='word_1_145' title='bbox 1070 821 1120 848; x_wconf 83' lang='lat' dir='ltr'>Re-</span> 
     </span>
     <span class='ocr_line' id='line_1_16' title="bbox 275 864 1118 905; baseline -0.005 -10"><span class='ocrx_word' id='word_1_146' title='bbox 275 867 399 905; x_wconf 82' lang='lat' dir='ltr'>spondit,</span> <span class='ocrx_word' id='word_1_147' title='bbox 425 867 617 904; x_wconf 82' lang='lat' dir='ltr'>reputatiouem</span> <span class='ocrx_word' id='word_1_148' title='bbox 641 880 671 885; x_wconf 84' lang='lat'>-</span> <span class='ocrx_word' id='word_1_149' title='bbox 698 876 751 893; x_wconf 90' lang='lat' dir='ltr'>non</span> <span class='ocrx_word' id='word_1_150' title='bbox 775 867 891 902; x_wconf 86' lang='lat' dir='ltr'>iniquam</span> <span class='ocrx_word' id='word_1_151' title='bbox 910 864 1002 891; x_wconf 85' lang='lat' dir='ltr'>videri.</span> <span class='ocrx_word' id='word_1_152' title='bbox 1027 864 1058 891; x_wconf 85' lang='lat' dir='ltr'>sr.</span> <span class='ocrx_word' id='word_1_153' title='bbox 1077 866 1118 891; x_wconf 84' lang='lat'>48.</span> 
     </span>
     <span class='ocr_line' id='line_1_17' title="bbox 277 909 514 938; baseline -0.008 0"><span class='ocrx_word' id='word_1_154' title='bbox 277 911 310 938; x_wconf 82' lang='lat' dir='ltr'>de</span> <span class='ocrx_word' id='word_1_155' title='bbox 329 909 409 937; x_wconf 87' lang='lat' dir='ltr'>solut.</span> <span class='ocrx_word' id='word_1_156' title='bbox 429 911 470 936; x_wconf 87' lang='grc'>46.</span> <span class='ocrx_word' id='word_1_157' title='bbox 489 911 514 936; x_wconf 82' lang='lat'>3.</span> 
     </span>
    </p>

    <p class='ocr_par' dir='ltr' id='par_1_3' title="bbox 275 950 1147 2189">
     <span class='ocr_line' id='line_1_18' title="bbox 312 950 1120 988; baseline -0.005 -7"><span class='ocrx_word' id='word_1_158' title='bbox 312 953 432 981; x_wconf 83' lang='lat' dir='ltr'>Inire.</span> <span class='ocrx_word' id='word_1_159' title='bbox 469 953 501 986; x_wconf 62' lang='grc' dir='ltr'>ἕ.</span> <span class='ocrx_word' id='word_1_160' title='bbox 517 953 556 986; x_wconf 62' lang='lat' dir='ltr'>J.</span> <span class='ocrx_word' id='word_1_161' title='bbox 577 953 741 985; x_wconf 78' lang='lat' dir='ltr'>Incedere,</span> <span class='ocrx_word' id='word_1_162' title='bbox 767 953 910 988; x_wconf 78' lang='lat' dir='ltr'>Ingredi.</span> <span class='ocrx_word' id='word_1_163' title='bbox 946 950 989 978; x_wconf 90' lang='grc' dir='ltr'>ΠΙ.</span> <span class='ocrx_word' id='word_1_164' title='bbox 1004 952 1071 979; x_wconf 72' lang='lat' dir='ltr'>Gn.</span> <span class='ocrx_word' id='word_1_165' title='bbox 1090 950 1120 977; x_wconf 82' lang='lat' dir='ltr'>Si</span> 
     </span>
     <span class='ocr_line' id='line_1_19' title="bbox 277 994 1121 1032; baseline -0.002 -10"><span class='ocrx_word' id='word_1_166' title='bbox 277 1012 310 1017; x_wconf 88' lang='lat'>--</span> <span class='ocrx_word' id='word_1_167' title='bbox 329 997 371 1022; x_wconf 78' lang='lat' dir='ltr'>via</span> <span class='ocrx_word' id='word_1_168' title='bbox 390 1005 516 1022; x_wconf 86' lang='lat' dir='ltr'>concessa</span> <span class='ocrx_word' id='word_1_169' title='bbox 536 994 627 1027; x_wconf 85' lang='lat' dir='ltr'>suerit,</span> <span class='ocrx_word' id='word_1_170' title='bbox 652 1000 681 1022; x_wconf 90' lang='lat' dir='ltr'>ut</span> <span class='ocrx_word' id='word_1_171' title='bbox 707 1005 793 1032; x_wconf 84' lang='lat' dir='ltr'>neque</span> <span class='ocrx_word' id='word_1_172' title='bbox 811 994 961 1022; x_wconf 78' lang='lat' dir='ltr'>vehiculum</span> <span class='ocrx_word' id='word_1_173' title='bbox 980 1004 1065 1031; x_wconf 85' lang='lat' dir='ltr'>neque</span> <span class='ocrx_word' id='word_1_174' title='bbox 1084 995 1121 1020; x_wconf 88' lang='lat' dir='ltr'>iu·</span> 
     </span>
     <span class='ocr_line' id='line_1_20' title="bbox 275 1037 1120 1076; baseline -0.005 -10"><span class='ocrx_word' id='word_1_175' title='bbox 275 1044 391 1066; x_wconf 88' lang='lat' dir='ltr'>mentum</span> <span class='ocrx_word' id='word_1_176' title='bbox 416 1049 444 1065; x_wconf 84' lang='lat' dir='ltr'>ea</span> <span class='ocrx_word' id='word_1_177' title='bbox 468 1039 534 1065; x_wconf 83' lang='lat' dir='ltr'>inire</span> <span class='ocrx_word' id='word_1_178' title='bbox 558 1038 607 1072; x_wconf 87' lang='lat' dir='ltr'>[al.</span> <span class='ocrx_word' id='word_1_179' title='bbox 627 1038 682 1072; x_wconf 87' lang='lat' dir='ltr'>ire]</span> <span class='ocrx_word' id='word_1_180' title='bbox 702 1039 796 1076; x_wconf 81' lang='lat' dir='ltr'>possit.</span> <span class='ocrx_word' id='word_1_181' title='bbox 821 1037 851 1064; x_wconf 80' lang='lat' dir='ltr'>fr.</span> <span class='ocrx_word' id='word_1_182' title='bbox 874 1040 913 1064; x_wconf 86' lang='lat'>13.</span> <span class='ocrx_word' id='word_1_183' title='bbox 935 1037 967 1064; x_wconf 85' lang='lat' dir='ltr'>de</span> <span class='ocrx_word' id='word_1_184' title='bbox 986 1037 1076 1063; x_wconf 87' lang='lat' dir='ltr'>servit.</span> <span class='ocrx_word' id='word_1_185' title='bbox 1095 1037 1120 1062; x_wconf 90' lang='grc'>8.</span> 
     </span>
     <span class='ocr_line' id='line_1_21' title="bbox 278 1079 1120 1116; baseline -0.005 -7"><span class='ocrx_word' id='word_1_186' title='bbox 278 1085 300 1109; x_wconf 98' lang='grc'>1.</span> <span class='ocrx_word' id='word_1_187' title='bbox 321 1098 354 1102; x_wconf 94' lang='lat'>—</span> <span class='ocrx_word' id='word_1_188' title='bbox 374 1082 405 1115; x_wconf 84' lang='lat'>§.</span> <span class='ocrx_word' id='word_1_189' title='bbox 434 1083 469 1108; x_wconf 71' lang='lat'>2.</span> <span class='ocrx_word' id='word_1_190' title='bbox 489 1083 653 1116; x_wconf 80' lang='lat' dir='ltr'>Incipere,</span> <span class='ocrx_word' id='word_1_191' title='bbox 674 1082 868 1115; x_wconf 74' lang='lat' dir='ltr'>Auspicari.</span> <span class='ocrx_word' id='word_1_192' title='bbox 890 1080 932 1107; x_wconf 91' lang='lat'>111.</span> <span class='ocrx_word' id='word_1_193' title='bbox 948 1082 1013 1108; x_wconf 77' lang='lat' dir='ltr'>Cn.</span> <span class='ocrx_word' id='word_1_194' title='bbox 1033 1079 1120 1106; x_wconf 88' lang='lat' dir='ltr'>Hono-</span> 
     </span>
     <span class='ocr_line' id='line_1_22' title="bbox 277 1122 1120 1161; baseline -0.005 -9"><span class='ocrx_word' id='word_1_195' title='bbox 277 1135 341 1153; x_wconf 81' lang='lat' dir='ltr'>rem.</span> <span class='ocrx_word' id='word_1_196' title='bbox 361 1124 404 1151; x_wconf 85' lang='lat' dir='ltr'>vel</span> <span class='ocrx_word' id='word_1_197' title='bbox 423 1125 603 1161; x_wconf 79' lang='lat' dir='ltr'>magistratum</span> <span class='ocrx_word' id='word_1_198' title='bbox 621 1124 697 1151; x_wconf 86' lang='lat' dir='ltr'>inire.</span> <span class='ocrx_word' id='word_1_199' title='bbox 721 1123 751 1150; x_wconf 81' lang='lat' dir='ltr'>fr.</span> <span class='ocrx_word' id='word_1_200' title='bbox 772 1125 812 1150; x_wconf 90' lang='lat' dir='ltr'>ll.</span> <span class='ocrx_word' id='word_1_201' title='bbox 838 1122 870 1149; x_wconf 82' lang='lat' dir='ltr'>de</span> <span class='ocrx_word' id='word_1_202' title='bbox 888 1122 999 1160; x_wconf 81' lang='lat' dir='ltr'>pollicit.</span> <span class='ocrx_word' id='word_1_203' title='bbox 1017 1124 1059 1149; x_wconf 84' lang='lat'>50.</span> <span class='ocrx_word' id='word_1_204' title='bbox 1080 1124 1120 1148; x_wconf 96' lang='grc'>12.</span> 
     </span>
     <span class='ocr_line' id='line_1_23' title="bbox 277 1165 1122 1205; baseline -0.004 -11"><span class='ocrx_word' id='word_1_205' title='bbox 277 1168 309 1195; x_wconf 78' lang='lat' dir='ltr'>cl&#39;.</span> <span class='ocrx_word' id='word_1_206' title='bbox 329 1167 358 1194; x_wconf 80' lang='lat' dir='ltr'>fr.</span> <span class='ocrx_word' id='word_1_207' title='bbox 378 1168 419 1193; x_wconf 82' lang='lat'>54.</span> <span class='ocrx_word' id='word_1_208' title='bbox 440 1177 478 1204; x_wconf 84' lang='lat' dir='ltr'>pr.</span> <span class='ocrx_word' id='word_1_209' title='bbox 504 1167 536 1194; x_wconf 82' lang='lat' dir='ltr'>de</span> <span class='ocrx_word' id='word_1_210' title='bbox 558 1177 663 1205; x_wconf 86' lang='lat' dir='ltr'>procur.</span> <span class='ocrx_word' id='word_1_211' title='bbox 686 1168 710 1193; x_wconf 87' lang='lat'>3.</span> <span class='ocrx_word' id='word_1_212' title='bbox 742 1168 766 1193; x_wconf 85' lang='lat'>3.</span> <span class='ocrx_word' id='word_1_213' title='bbox 804 1165 872 1192; x_wconf 88' lang='lat' dir='ltr'>Cum</span> <span class='ocrx_word' id='word_1_214' title='bbox 891 1166 1007 1192; x_wconf 82' lang='lat' dir='ltr'>officium</span> <span class='ocrx_word' id='word_1_215' title='bbox 1026 1169 1122 1203; x_wconf 88' lang='lat' dir='ltr'>sponte</span> 
     </span>
     <span class='ocr_line' id='line_1_24' title="bbox 277 1207 1121 1246; baseline -0.004 -9"><span class='ocrx_word' id='word_1_216' title='bbox 277 1227 311 1231; x_wconf 91' lang='lat'><strong>—</strong></span> <span class='ocrx_word' id='word_1_217' title='bbox 330 1211 462 1237; x_wconf 59' lang='lat' dir='ltr'>iniverint.</span> <span class='ocrx_word' id='word_1_218' title='bbox 482 1209 512 1236; x_wconf 83' lang='lat' dir='ltr'>sr.</span> <span class='ocrx_word' id='word_1_219' title='bbox 532 1212 573 1237; x_wconf 85' lang='lat'>39.</span> <span class='ocrx_word' id='word_1_220' title='bbox 593 1210 616 1243; x_wconf 84' lang='lat'>§.</span> <span class='ocrx_word' id='word_1_221' title='bbox 636 1211 660 1236; x_wconf 89' lang='lat'>9.</span> <span class='ocrx_word' id='word_1_222' title='bbox 680 1209 713 1236; x_wconf 88' lang='lat' dir='ltr'>de</span> <span class='ocrx_word' id='word_1_223' title='bbox 732 1208 798 1236; x_wconf 84' lang='lat' dir='ltr'>adm.</span> <span class='ocrx_word' id='word_1_224' title='bbox 819 1213 845 1235; x_wconf 84' lang='lat' dir='ltr'>et</span> <span class='ocrx_word' id='word_1_225' title='bbox 863 1209 944 1246; x_wconf 88' lang='lat' dir='ltr'>peric.</span> <span class='ocrx_word' id='word_1_226' title='bbox 963 1210 1004 1235; x_wconf 86' lang='lat'>26.</span> <span class='ocrx_word' id='word_1_227' title='bbox 1019 1210 1041 1235; x_wconf 81' lang='lat'>7.</span> <span class='ocrx_word' id='word_1_228' title='bbox 1072 1207 1121 1234; x_wconf 82' lang='lat' dir='ltr'>Na-</span> 
     </span>
     <span class='ocr_line' id='line_1_25' title="bbox 276 1251 1121 1290; baseline -0.002 -10"><span class='ocrx_word' id='word_1_229' title='bbox 276 1254 418 1290; x_wconf 74' lang='lat' dir='ltr'>vigatiouis</span> <span class='ocrx_word' id='word_1_230' title='bbox 438 1252 567 1280; x_wconf 84' lang='lat' dir='ltr'>ineundae</span> <span class='ocrx_word' id='word_1_231' title='bbox 586 1253 766 1290; x_wconf 87' lang='lat' dir='ltr'>(periculum.)</span> <span class='ocrx_word' id='word_1_232' title='bbox 792 1251 823 1278; x_wconf 78' lang='lat' dir='ltr'>fr.</span> <span class='ocrx_word' id='word_1_233' title='bbox 841 1252 866 1278; x_wconf 87' lang='grc'>3.</span> <span class='ocrx_word' id='word_1_234' title='bbox 886 1251 920 1278; x_wconf 88' lang='lat' dir='ltr'>de</span> <span class='ocrx_word' id='word_1_235' title='bbox 938 1262 970 1278; x_wconf 92' lang='lat' dir='ltr'>m.</span> <span class='ocrx_word' id='word_1_236' title='bbox 991 1262 1013 1278; x_wconf 88' lang='lat' dir='ltr'>c.</span> <span class='ocrx_word' id='word_1_237' title='bbox 1033 1251 1121 1278; x_wconf 86' lang='lat' dir='ltr'>donat.</span> 
     </span>
     <span class='ocr_line' id='line_1_26' title="bbox 275 1296 1121 1331; baseline -0.004 -7"><span class='ocrx_word' id='word_1_238' title='bbox 275 1299 319 1324; x_wconf 86' lang='lat'>39.</span> <span class='ocrx_word' id='word_1_239' title='bbox 339 1298 363 1323; x_wconf 82' lang='lat'>6.</span> <span class='ocrx_word' id='word_1_240' title='bbox 383 1312 415 1316; x_wconf 92' lang='lat'><strong>—</strong></span> <span class='ocrx_word' id='word_1_241' title='bbox 435 1296 467 1329; x_wconf 60' lang='grc' dir='ltr'>ὃ.</span> <span class='ocrx_word' id='word_1_242' title='bbox 486 1297 524 1323; x_wconf 82' lang='grc'>3.</span> <span class='ocrx_word' id='word_1_243' title='bbox 543 1297 742 1331; x_wconf 73' lang='lat' dir='ltr'>Exquirere,</span> <span class='ocrx_word' id='word_1_244' title='bbox 761 1296 950 1328; x_wconf 71' lang='lat' dir='ltr'>Expouere,</span> <span class='ocrx_word' id='word_1_245' title='bbox 970 1296 1121 1329; x_wconf 74' lang='lat' dir='ltr'>Exsequi-</span> 
     </span>
     <span class='ocr_line' id='line_1_27' title="bbox 277 1337 1121 1375; baseline -0.002 -9"><span class='ocrx_word' id='word_1_246' title='bbox 277 1340 296 1366; x_wconf 92' lang='grc' dir='ltr'>Ι.</span> <span class='ocrx_word' id='word_1_247' title='bbox 314 1341 376 1374; x_wconf 77' lang='lat' dir='ltr'>Sy.</span> <span class='ocrx_word' id='word_1_248' title='bbox 395 1338 505 1370; x_wconf 83' lang='lat' dir='ltr'>Facere,</span> <span class='ocrx_word' id='word_1_249' title='bbox 525 1337 627 1366; x_wconf 86' lang='lat' dir='ltr'>Ponere</span> <span class='ocrx_word' id='word_1_250' title='bbox 650 1338 904 1375; x_wconf 73' lang='lat' dir='ltr'>(computationem,</span> <span class='ocrx_word' id='word_1_251' title='bbox 928 1348 952 1364; x_wconf 90' lang='lat' dir='ltr'>v.</span> <span class='ocrx_word' id='word_1_252' title='bbox 972 1337 1121 1371; x_wconf 84' lang='lat' dir='ltr'>rationem.)</span> 
     </span>
     <span class='ocr_line' id='line_1_28' title="bbox 276 1379 1121 1419; baseline -0.004 -10"><span class='ocrx_word' id='word_1_253' title='bbox 276 1382 308 1410; x_wconf 79' lang='lat' dir='ltr'>fr.</span> <span class='ocrx_word' id='word_1_254' title='bbox 328 1384 369 1408; x_wconf 80' lang='grc'>22.</span> <span class='ocrx_word' id='word_1_255' title='bbox 392 1391 431 1419; x_wconf 89' lang='lat' dir='ltr'>pr.</span> <span class='ocrx_word' id='word_1_256' title='bbox 452 1381 482 1408; x_wconf 77' lang='lat' dir='ltr'>fr.</span> <span class='ocrx_word' id='word_1_257' title='bbox 501 1382 543 1408; x_wconf 74' lang='lat'>68.</span> <span class='ocrx_word' id='word_1_258' title='bbox 563 1392 601 1419; x_wconf 87' lang='lat' dir='ltr'>pr.</span> <span class='ocrx_word' id='word_1_259' title='bbox 621 1382 653 1408; x_wconf 86' lang='lat' dir='ltr'>ad</span> <span class='ocrx_word' id='word_1_260' title='bbox 672 1381 702 1407; x_wconf 97' lang='lat' dir='ltr'>L.</span> <span class='ocrx_word' id='word_1_261' title='bbox 722 1380 791 1407; x_wconf 77' lang='lat' dir='ltr'>Falc.</span> <span class='ocrx_word' id='word_1_262' title='bbox 815 1381 857 1407; x_wconf 83' lang='lat'>35.</span> <span class='ocrx_word' id='word_1_263' title='bbox 881 1382 906 1407; x_wconf 90' lang='lat'>2.</span> <span class='ocrx_word' id='word_1_264' title='bbox 931 1380 962 1407; x_wconf 80' lang='lat' dir='ltr'>fr.</span> <span class='ocrx_word' id='word_1_265' title='bbox 985 1382 1010 1407; x_wconf 88' lang='lat'>2.</span> <span class='ocrx_word' id='word_1_266' title='bbox 1030 1390 1071 1417; x_wconf 88' lang='lat' dir='ltr'>sq.</span> <span class='ocrx_word' id='word_1_267' title='bbox 1090 1379 1121 1406; x_wconf 81' lang='lat' dir='ltr'>fr.</span> 
     </span>
     <span class='ocr_line' id='line_1_29' title="bbox 276 1423 1121 1459; baseline -0.004 -7"><span class='ocrx_word' id='word_1_268' title='bbox 276 1427 319 1452; x_wconf 88' lang='lat'>27.</span> <span class='ocrx_word' id='word_1_269' title='bbox 339 1425 421 1459; x_wconf 81' lang='lat'>§.16.</span> <span class='ocrx_word' id='word_1_270' title='bbox 442 1424 475 1450; x_wconf 88' lang='lat' dir='ltr'>ad</span> <span class='ocrx_word' id='word_1_271' title='bbox 494 1424 562 1451; x_wconf 92' lang='lat' dir='ltr'>S.C.</span> <span class='ocrx_word' id='word_1_272' title='bbox 583 1424 662 1451; x_wconf 85' lang='lat' dir='ltr'>Treb.</span> <span class='ocrx_word' id='word_1_273' title='bbox 686 1424 728 1450; x_wconf 83' lang='lat'>36.</span> <span class='ocrx_word' id='word_1_274' title='bbox 756 1425 778 1450; x_wconf 93' lang='lat'>1.</span> <span class='ocrx_word' id='word_1_275' title='bbox 823 1423 1009 1450; x_wconf 71' lang='lat' dir='ltr'>Considerate.</span> <span class='ocrx_word' id='word_1_276' title='bbox 1029 1423 1060 1450; x_wconf 85' lang='lat' dir='ltr'>fr.</span> <span class='ocrx_word' id='word_1_277' title='bbox 1081 1424 1121 1449; x_wconf 82' lang='grc'>17.</span> 
     </span>
     <span class='ocr_line' id='line_1_30' title="bbox 277 1466 1123 1506; baseline -0.002 -12"><span class='ocrx_word' id='word_1_278' title='bbox 277 1478 317 1506; x_wconf 88' lang='lat' dir='ltr'>pr.</span> <span class='ocrx_word' id='word_1_279' title='bbox 338 1467 370 1494; x_wconf 81' lang='lat' dir='ltr'>de</span> <span class='ocrx_word' id='word_1_280' title='bbox 389 1472 517 1494; x_wconf 74' lang='lat' dir='ltr'>excusatt.</span> <span class='ocrx_word' id='word_1_281' title='bbox 537 1469 579 1494; x_wconf 85' lang='lat'>27.</span> <span class='ocrx_word' id='word_1_282' title='bbox 600 1469 622 1494; x_wconf 94' lang='lat' dir='ltr'>l.</span> <span class='ocrx_word' id='word_1_283' title='bbox 669 1466 837 1499; x_wconf 83' lang='lat' dir='ltr'>Subducere,</span> <span class='ocrx_word' id='word_1_284' title='bbox 859 1466 1034 1504; x_wconf 77' lang='lat' dir='ltr'>Coinputare,</span> <span class='ocrx_word' id='word_1_285' title='bbox 1054 1466 1123 1492; x_wconf 85' lang='lat' dir='ltr'>Inire</span> 
     </span>
     <span class='ocr_line' id='line_1_31' title="bbox 277 1508 1124 1546; baseline -0.002 -8"><span class='ocrx_word' id='word_1_286' title='bbox 277 1521 422 1538; x_wconf 78' lang='lat' dir='ltr'>numerum.</span> <span class='ocrx_word' id='word_1_287' title='bbox 448 1509 519 1536; x_wconf 86' lang='lat' dir='ltr'>Paul.</span> <span class='ocrx_word' id='word_1_288' title='bbox 539 1508 583 1536; x_wconf 80' lang='lat' dir='ltr'>lv.</span> <span class='ocrx_word' id='word_1_289' title='bbox 606 1512 645 1536; x_wconf 73' lang='lat'>14.</span> <span class='ocrx_word' id='word_1_290' title='bbox 669 1510 707 1544; x_wconf 56' lang='grc' dir='ltr'>ἓξ.</span> <span class='ocrx_word' id='word_1_291' title='bbox 730 1511 755 1536; x_wconf 85' lang='grc'>3.</span> <span class='ocrx_word' id='word_1_292' title='bbox 780 1519 820 1546; x_wconf 88' lang='lat' dir='ltr'>sq.</span> <span class='ocrx_word' id='word_1_293' title='bbox 857 1509 898 1536; x_wconf 88' lang='lat'>111.</span> <span class='ocrx_word' id='word_1_294' title='bbox 919 1511 985 1537; x_wconf 76' lang='lat'>011.</span> <span class='ocrx_word' id='word_1_295' title='bbox 1015 1509 1124 1536; x_wconf 83' lang='lat' dir='ltr'>Arbiter</span> 
     </span>
     <span class='ocr_line' id='line_1_32' title="bbox 278 1552 1122 1589; baseline -0.001 -9"><span class='ocrx_word' id='word_1_296' title='bbox 278 1554 334 1581; x_wconf 84' lang='lat' dir='ltr'>dari</span> <span class='ocrx_word' id='word_1_297' title='bbox 354 1553 423 1580; x_wconf 77' lang='lat' dir='ltr'>solet</span> <span class='ocrx_word' id='word_1_298' title='bbox 442 1552 474 1579; x_wconf 88' lang='lat' dir='ltr'>ad</span> <span class='ocrx_word' id='word_1_299' title='bbox 494 1552 634 1579; x_wconf 75' lang='lat' dir='ltr'>ineundam</span> <span class='ocrx_word' id='word_1_300' title='bbox 659 1553 832 1589; x_wconf 78' lang='lat' dir='ltr'>quantitatem</span> <span class='ocrx_word' id='word_1_301' title='bbox 851 1552 988 1579; x_wconf 88' lang='lat' dir='ltr'>bonorum.</span> <span class='ocrx_word' id='word_1_302' title='bbox 1008 1552 1038 1579; x_wconf 78' lang='lat' dir='ltr'>fr.</span> <span class='ocrx_word' id='word_1_303' title='bbox 1060 1554 1081 1579; x_wconf 95' lang='lat' dir='ltr'>l.</span> <span class='ocrx_word' id='word_1_304' title='bbox 1101 1552 1122 1586; x_wconf 86' lang='lat'>§.</span> 
     </span>
     <span class='ocr_line' id='line_1_33' title="bbox 277 1594 1145 1634; baseline -0.002 -11"><span class='ocrx_word' id='word_1_305' title='bbox 277 1598 301 1624; x_wconf 85' lang='lat'>6.</span> <span class='ocrx_word' id='word_1_306' title='bbox 322 1597 344 1623; x_wconf 87' lang='lat' dir='ltr'>si</span> <span class='ocrx_word' id='word_1_307' title='bbox 365 1597 406 1623; x_wconf 89' lang='lat' dir='ltr'>cui</span> <span class='ocrx_word' id='word_1_308' title='bbox 425 1595 461 1634; x_wconf 87' lang='lat' dir='ltr'>pl.</span> <span class='ocrx_word' id='word_1_309' title='bbox 486 1605 529 1632; x_wconf 89' lang='lat' dir='ltr'>qu.</span> <span class='ocrx_word' id='word_1_310' title='bbox 553 1605 578 1632; x_wconf 86' lang='lat' dir='ltr'>p.</span> <span class='ocrx_word' id='word_1_311' title='bbox 602 1595 632 1621; x_wconf 89' lang='lat' dir='ltr'>L.</span> <span class='ocrx_word' id='word_1_312' title='bbox 652 1595 722 1622; x_wconf 82' lang='lat' dir='ltr'>Falc.</span> <span class='ocrx_word' id='word_1_313' title='bbox 741 1597 785 1622; x_wconf 84' lang='lat'>35.</span> <span class='ocrx_word' id='word_1_314' title='bbox 807 1596 831 1621; x_wconf 92' lang='lat'>3.</span> <span class='ocrx_word' id='word_1_315' title='bbox 876 1594 956 1630; x_wconf 79' lang='lat' dir='ltr'>Quod</span> <span class='ocrx_word' id='word_1_316' title='bbox 976 1605 1009 1622; x_wconf 79' lang='lat' dir='ltr'>ex</span> <span class='ocrx_word' id='word_1_317' title='bbox 1028 1600 1123 1621; x_wconf 79' lang='lat' dir='ltr'>eventu</span> <span class='ocrx_word' id='word_1_318' title='bbox 1144 1597 1145 1612; x_wconf 62' lang='lat'>¹</span> 
     </span>
     <span class='ocr_line' id='line_1_34' title="bbox 278 1638 1122 1675; baseline -0.001 -9"><span class='ocrx_word' id='word_1_319' title='bbox 278 1640 427 1666; x_wconf 84' lang='lat' dir='ltr'>deficientis</span> <span class='ocrx_word' id='word_1_320' title='bbox 447 1638 616 1670; x_wconf 79' lang='lat' dir='ltr'>conditionis,</span> <span class='ocrx_word' id='word_1_321' title='bbox 637 1643 662 1664; x_wconf 88' lang='lat' dir='ltr'>et</span> <span class='ocrx_word' id='word_1_322' title='bbox 681 1643 740 1664; x_wconf 89' lang='lat' dir='ltr'>ortu</span> <span class='ocrx_word' id='word_1_323' title='bbox 760 1638 874 1674; x_wconf 70' lang='lat' dir='ltr'>nepotiS.</span> <span class='ocrx_word' id='word_1_324' title='bbox 893 1652 927 1656; x_wconf 97' lang='lat'><strong>—</strong></span> <span class='ocrx_word' id='word_1_325' title='bbox 946 1638 1006 1664; x_wconf 89' lang='lat' dir='ltr'>iniri</span> <span class='ocrx_word' id='word_1_326' title='bbox 1025 1643 1122 1675; x_wconf 87' lang='lat' dir='ltr'>potest.</span> 
     </span>
     <span class='ocr_line' id='line_1_35' title="bbox 277 1680 1145 1718; baseline -0.003 -8"><span class='ocrx_word' id='word_1_327' title='bbox 277 1682 351 1710; x_wconf 82' lang='lat' dir='ltr'>Paul.</span> <span class='ocrx_word' id='word_1_328' title='bbox 375 1681 419 1709; x_wconf 79' lang='lat' dir='ltr'>IV.</span> <span class='ocrx_word' id='word_1_329' title='bbox 443 1682 467 1708; x_wconf 85' lang='lat'>8.</span> <span class='ocrx_word' id='word_1_330' title='bbox 494 1681 516 1715; x_wconf 83' lang='lat'>§.</span> <span class='ocrx_word' id='word_1_331' title='bbox 543 1682 584 1706; x_wconf 94' lang='lat'>11.</span> <span class='ocrx_word' id='word_1_332' title='bbox 621 1680 649 1706; x_wconf 87' lang='lat' dir='ltr'>Si</span> <span class='ocrx_word' id='word_1_333' title='bbox 676 1680 780 1717; x_wconf 88' lang='lat' dir='ltr'>quidem</span> <span class='ocrx_word' id='word_1_334' title='bbox 801 1681 914 1718; x_wconf 81' lang='lat' dir='ltr'>patiatur</span> <span class='ocrx_word' id='word_1_335' title='bbox 933 1685 1015 1707; x_wconf 82' lang='lat' dir='ltr'>mater</span> <span class='ocrx_word' id='word_1_336' title='bbox 1034 1680 1123 1707; x_wconf 80' lang='lat' dir='ltr'>defun·</span> <span class='ocrx_word' id='word_1_337' title='bbox 1144 1688 1145 1707; x_wconf 67' lang='lat' dir='ltr'>i</span> 
     </span>
     <span class='ocr_line' id='line_1_36' title="bbox 278 1722 1122 1761; baseline -0.002 -9"><span class='ocrx_word' id='word_1_338' title='bbox 278 1731 381 1752; x_wconf 81' lang='lat' dir='ltr'>ctorum</span> <span class='ocrx_word' id='word_1_339' title='bbox 401 1723 519 1755; x_wconf 78' lang='lat' dir='ltr'>excludi,</span> <span class='ocrx_word' id='word_1_340' title='bbox 539 1737 571 1741; x_wconf 93' lang='lat'>—</span> <span class='ocrx_word' id='word_1_341' title='bbox 591 1724 738 1761; x_wconf 81' lang='lat' dir='ltr'>proximior</span> <span class='ocrx_word' id='word_1_342' title='bbox 761 1723 857 1759; x_wconf 76' lang='lat' dir='ltr'>gradus</span> <span class='ocrx_word' id='word_1_343' title='bbox 881 1724 991 1750; x_wconf 80' lang='lat' dir='ltr'>ineatur.</span> <span class='ocrx_word' id='word_1_344' title='bbox 1016 1722 1066 1750; x_wconf 81' lang='lat' dir='ltr'>Tb.</span> <span class='ocrx_word' id='word_1_345' title='bbox 1091 1723 1122 1750; x_wconf 89' lang='lat' dir='ltr'>C.</span> 
     </span>
     <span class='ocr_line' id='line_1_37' title="bbox 278 1766 1146 1806; baseline -0.003 -10"><span class='ocrx_word' id='word_1_346' title='bbox 278 1768 311 1796; x_wconf 71' lang='lat' dir='ltr'>V.</span> <span class='ocrx_word' id='word_1_347' title='bbox 333 1771 354 1794; x_wconf 92' lang='lat'>1.</span> <span class='ocrx_word' id='word_1_348' title='bbox 375 1778 397 1794; x_wconf 90' lang='lat' dir='ltr'>c.</span> <span class='ocrx_word' id='word_1_349' title='bbox 416 1769 440 1793; x_wconf 83' lang='lat'>2.</span> <span class='ocrx_word' id='word_1_350' title='bbox 462 1767 494 1793; x_wconf 83' lang='lat' dir='ltr'>de</span> <span class='ocrx_word' id='word_1_351' title='bbox 514 1766 583 1802; x_wconf 74' lang='lat' dir='ltr'>legit.</span> <span class='ocrx_word' id='word_1_352' title='bbox 604 1766 714 1793; x_wconf 89' lang='lat' dir='ltr'>beredit.</span> <span class='ocrx_word' id='word_1_353' title='bbox 739 1782 771 1786; x_wconf 92' lang='lat'><strong>—</strong></span> <span class='ocrx_word' id='word_1_354' title='bbox 792 1766 822 1799; x_wconf 84' lang='lat'>§.</span> <span class='ocrx_word' id='word_1_355' title='bbox 844 1768 882 1793; x_wconf 66' lang='lat'>4.</span> <span class='ocrx_word' id='word_1_356' title='bbox 909 1768 1124 1798; x_wconf 69' lang='lat' dir='ltr'>contrahere,</span> <span class='ocrx_word' id='word_1_357' title='bbox 1144 1778 1146 1806; x_wconf 37' lang='grc' dir='ltr'>ζ</span> 
     </span>
     <span class='ocr_line' id='line_1_38' title="bbox 280 1808 1123 1845; baseline -0.004 -7"><span class='ocrx_word' id='word_1_358' title='bbox 280 1813 465 1845; x_wconf 54' lang='lat' dir='ltr'>Suscipere.</span> <span class='ocrx_word' id='word_1_359' title='bbox 502 1809 545 1836; x_wconf 85' lang='grc' dir='ltr'>ΙΙΙ.</span> <span class='ocrx_word' id='word_1_360' title='bbox 572 1811 637 1837; x_wconf 74' lang='lat' dir='ltr'>Cn.</span> <span class='ocrx_word' id='word_1_361' title='bbox 658 1808 808 1836; x_wconf 84' lang='lat' dir='ltr'>Consilium</span> <span class='ocrx_word' id='word_1_362' title='bbox 826 1810 894 1836; x_wconf 88' lang='lat' dir='ltr'>inire</span> <span class='ocrx_word' id='word_1_363' title='bbox 913 1808 988 1841; x_wconf 76' lang='lat' dir='ltr'>(furti</span> <span class='ocrx_word' id='word_1_364' title='bbox 1010 1810 1072 1842; x_wconf 84' lang='lat' dir='ltr'>etc.)</span> <span class='ocrx_word' id='word_1_365' title='bbox 1092 1808 1123 1836; x_wconf 83' lang='lat' dir='ltr'>fr.</span> 
     </span>
     <span class='ocr_line' id='line_1_39' title="bbox 278 1851 1146 1891; baseline -0.002 -11"><span class='ocrx_word' id='word_1_366' title='bbox 278 1855 320 1880; x_wconf 87' lang='lat'>51.</span> <span class='ocrx_word' id='word_1_367' title='bbox 341 1864 380 1891; x_wconf 88' lang='lat' dir='ltr'>pr.</span> <span class='ocrx_word' id='word_1_368' title='bbox 400 1863 449 1890; x_wconf 87' lang='lat' dir='ltr'>pro</span> <span class='ocrx_word' id='word_1_369' title='bbox 469 1863 523 1880; x_wconf 90' lang='lat' dir='ltr'>soc.</span> <span class='ocrx_word' id='word_1_370' title='bbox 544 1855 583 1879; x_wconf 85' lang='lat'>17.</span> <span class='ocrx_word' id='word_1_371' title='bbox 602 1855 627 1879; x_wconf 84' lang='lat'>2.</span> <span class='ocrx_word' id='word_1_372' title='bbox 647 1851 732 1878; x_wconf 59' lang='lat'>11:43.</span> <span class='ocrx_word' id='word_1_373' title='bbox 752 1852 774 1886; x_wconf 64' lang='grc' dir='ltr'>ς</span> <span class='ocrx_word' id='word_1_374' title='bbox 786 1853 809 1878; x_wconf 84' lang='lat'>7.</span> <span class='ocrx_word' id='word_1_375' title='bbox 830 1851 862 1879; x_wconf 87' lang='lat' dir='ltr'>de</span> <span class='ocrx_word' id='word_1_376' title='bbox 881 1851 969 1878; x_wconf 82' lang='lat' dir='ltr'>Aedil.</span> <span class='ocrx_word' id='word_1_377' title='bbox 990 1851 1066 1879; x_wconf 89' lang='lat' dir='ltr'>edict.</span> <span class='ocrx_word' id='word_1_378' title='bbox 1081 1853 1123 1878; x_wconf 88' lang='lat'>21.</span> <span class='ocrx_word' id='word_1_379' title='bbox 1145 1874 1146 1885; x_wconf 57' lang='grc'>,</span> 
     </span>
     <span class='ocr_line' id='line_1_40' title="bbox 281 1895 1123 1932; baseline -0.001 -9"><span class='ocrx_word' id='word_1_380' title='bbox 281 1898 304 1923; x_wconf 95' lang='lat'>1.</span> <span class='ocrx_word' id='word_1_381' title='bbox 343 1896 552 1932; x_wconf 80' lang='lat' dir='ltr'>Obligationem,</span> <span class='ocrx_word' id='word_1_382' title='bbox 578 1896 726 1932; x_wconf 79' lang='lat' dir='ltr'>pactionem</span> <span class='ocrx_word' id='word_1_383' title='bbox 751 1895 849 1927; x_wconf 86' lang='lat' dir='ltr'>facere,</span> <span class='ocrx_word' id='word_1_384' title='bbox 873 1895 1027 1922; x_wconf 86' lang='lat' dir='ltr'>societatem</span> <span class='ocrx_word' id='word_1_385' title='bbox 1050 1896 1123 1922; x_wconf 85' lang='lat' dir='ltr'>inire.</span> 
     </span>
     <span class='ocr_line' id='line_1_41' title="bbox 280 1937 1146 1971; baseline -0.002 -5"><span class='ocrx_word' id='word_1_386' title='bbox 280 1939 312 1966; x_wconf 80' lang='lat' dir='ltr'>fr.</span> <span class='ocrx_word' id='word_1_387' title='bbox 331 1940 373 1965; x_wconf 88' lang='lat'>20.</span> <span class='ocrx_word' id='word_1_388' title='bbox 393 1938 427 1964; x_wconf 87' lang='lat' dir='ltr'>de</span> <span class='ocrx_word' id='word_1_389' title='bbox 445 1938 475 1965; x_wconf 89' lang='lat' dir='ltr'>L.</span> <span class='ocrx_word' id='word_1_390' title='bbox 496 1938 576 1965; x_wconf 88' lang='lat' dir='ltr'>Corn.</span> <span class='ocrx_word' id='word_1_391' title='bbox 602 1937 634 1964; x_wconf 83' lang='lat' dir='ltr'>de</span> <span class='ocrx_word' id='word_1_392' title='bbox 658 1937 715 1964; x_wconf 84' lang='lat' dir='ltr'>fals.</span> <span class='ocrx_word' id='word_1_393' title='bbox 740 1939 782 1965; x_wconf 83' lang='lat'>48.</span> <span class='ocrx_word' id='word_1_394' title='bbox 808 1939 847 1964; x_wconf 88' lang='grc'>10,</span> <span class='ocrx_word' id='word_1_395' title='bbox 891 1937 1021 1964; x_wconf 68' lang='lat' dir='ltr'>coemere</span> <span class='ocrx_word' id='word_1_396' title='bbox 1039 1938 1125 1971; x_wconf 81' lang='lat' dir='ltr'>(novi-</span> <span class='ocrx_word' id='word_1_397' title='bbox 1145 1937 1146 1954; x_wconf 45' lang='grc' dir='ltr'><strong>ἶ</strong></span> 
     </span>
     <span class='ocr_line' id='line_1_42' title="bbox 281 1980 1146 2017; baseline -0.001 -9"><span class='ocrx_word' id='word_1_398' title='bbox 281 1982 360 2014; x_wconf 88' lang='lat' dir='ltr'>cios‚)</span> <span class='ocrx_word' id='word_1_399' title='bbox 380 1981 421 2007; x_wconf 87' lang='lat' dir='ltr'>vel</span> <span class='ocrx_word' id='word_1_400' title='bbox 442 1981 554 2017; x_wconf 84' lang='lat' dir='ltr'>aliquam</span> <span class='ocrx_word' id='word_1_401' title='bbox 573 1981 777 2016; x_wconf 77' lang='lat' dir='ltr'>negotiationem</span> <span class='ocrx_word' id='word_1_402' title='bbox 797 1981 871 2007; x_wconf 81' lang='lat' dir='ltr'>inire.</span> <span class='ocrx_word' id='word_1_403' title='bbox 891 1980 921 2007; x_wconf 82' lang='lat' dir='ltr'>fr.</span> <span class='ocrx_word' id='word_1_404' title='bbox 938 1982 976 2007; x_wconf 92' lang='lat'>11.</span> <span class='ocrx_word' id='word_1_405' title='bbox 997 1980 1030 2007; x_wconf 85' lang='lat' dir='ltr'>de</span> <span class='ocrx_word' id='word_1_406' title='bbox 1049 1980 1079 2007; x_wconf 72' lang='lat' dir='ltr'>N</span> <span class='ocrx_word' id='word_1_407' title='bbox 1092 1980 1123 2007; x_wconf 89' lang='lat' dir='ltr'>G.</span> <span class='ocrx_word' id='word_1_408' title='bbox 1145 1997 1146 2001; x_wconf 67' lang='lat'><em>=</em></span> 
     </span>
     <span class='ocr_line' id='line_1_43' title="bbox 279 2022 1124 2051; baseline -0.002 0"><span class='ocrx_word' id='word_1_409' title='bbox 279 2026 304 2051; x_wconf 85' lang='lat'>3.</span> <span class='ocrx_word' id='word_1_410' title='bbox 324 2026 347 2050; x_wconf 80' lang='lat'>5.</span> <span class='ocrx_word' id='word_1_411' title='bbox 386 2023 414 2050; x_wconf 82' lang='lat' dir='ltr'>Si</span> <span class='ocrx_word' id='word_1_412' title='bbox 440 2024 507 2049; x_wconf 78' lang='lat' dir='ltr'>inter</span> <span class='ocrx_word' id='word_1_413' title='bbox 532 2022 624 2049; x_wconf 77' lang='lat' dir='ltr'>fratres</span> <span class='ocrx_word' id='word_1_414' title='bbox 649 2023 825 2050; x_wconf 84' lang='lat' dir='ltr'>voluntarium</span> <span class='ocrx_word' id='word_1_415' title='bbox 852 2024 1013 2050; x_wconf 83' lang='lat' dir='ltr'>consortium</span> <span class='ocrx_word' id='word_1_416' title='bbox 1032 2024 1124 2050; x_wconf 89' lang='lat' dir='ltr'>initum</span> 
     </span>
     <span class='ocr_line' id='line_1_44' title="bbox 280 2066 1124 2103; baseline -0.002 -9"><span class='ocrx_word' id='word_1_417' title='bbox 280 2068 367 2094; x_wconf 84' lang='lat' dir='ltr'>suerit.</span> <span class='ocrx_word' id='word_1_418' title='bbox 388 2066 418 2093; x_wconf 79' lang='lat' dir='ltr'>fr.</span> <span class='ocrx_word' id='word_1_419' title='bbox 439 2068 480 2092; x_wconf 86' lang='lat'>52.</span> <span class='ocrx_word' id='word_1_420' title='bbox 500 2066 522 2100; x_wconf 63' lang='grc' dir='ltr'>ξ.</span> <span class='ocrx_word' id='word_1_421' title='bbox 536 2068 559 2091; x_wconf 87' lang='lat'>8.</span> <span class='ocrx_word' id='word_1_422' title='bbox 580 2076 628 2103; x_wconf 84' lang='lat' dir='ltr'>pro</span> <span class='ocrx_word' id='word_1_423' title='bbox 648 2075 702 2092; x_wconf 82' lang='lat' dir='ltr'>soc.</span> <span class='ocrx_word' id='word_1_424' title='bbox 724 2068 763 2093; x_wconf 91' lang='lat'>17.</span> <span class='ocrx_word' id='word_1_425' title='bbox 777 2069 802 2093; x_wconf 91' lang='lat'>2.</span> <span class='ocrx_word' id='word_1_426' title='bbox 839 2066 890 2093; x_wconf 83' lang='lat' dir='ltr'>Per</span> <span class='ocrx_word' id='word_1_427' title='bbox 908 2076 985 2103; x_wconf 84' lang='lat' dir='ltr'>quem</span> <span class='ocrx_word' id='word_1_428' title='bbox 1005 2067 1054 2099; x_wconf 89' lang='lat' dir='ltr'>(sc.</span> <span class='ocrx_word' id='word_1_429' title='bbox 1075 2076 1124 2092; x_wconf 86' lang='lat' dir='ltr'>me-</span> 
     </span>
     <span class='ocr_line' id='line_1_45' title="bbox 283 2109 1123 2145; baseline -0.002 -8"><span class='ocrx_word' id='word_1_430' title='bbox 283 2112 348 2143; x_wconf 89' lang='lat' dir='ltr'>tum)</span> <span class='ocrx_word' id='word_1_431' title='bbox 369 2110 435 2137; x_wconf 82' lang='lat' dir='ltr'>dicis</span> <span class='ocrx_word' id='word_1_432' title='bbox 454 2110 546 2135; x_wconf 85' lang='lat' dir='ltr'>initum</span> <span class='ocrx_word' id='word_1_433' title='bbox 567 2118 626 2135; x_wconf 69' lang='lat' dir='ltr'>esse</span> <span class='ocrx_word' id='word_1_434' title='bbox 650 2113 820 2136; x_wconf 83' lang='lat' dir='ltr'>contractum.</span> <span class='ocrx_word' id='word_1_435' title='bbox 841 2120 862 2136; x_wconf 95' lang='lat' dir='ltr'>c.</span> <span class='ocrx_word' id='word_1_436' title='bbox 882 2111 906 2136; x_wconf 89' lang='lat'>6.</span> <span class='ocrx_word' id='word_1_437' title='bbox 931 2109 963 2136; x_wconf 90' lang='lat' dir='ltr'>de</span> <span class='ocrx_word' id='word_1_438' title='bbox 983 2109 1007 2135; x_wconf 84' lang='lat'>11.</span> <span class='ocrx_word' id='word_1_439' title='bbox 1028 2119 1070 2145; x_wconf 91' lang='lat' dir='ltr'>qu.</span> <span class='ocrx_word' id='word_1_440' title='bbox 1090 2110 1123 2135; x_wconf 78' lang='lat' dir='ltr'>vi.</span> 
     </span>
     <span class='ocr_line' id='line_1_46' title="bbox 281 2134 1147 2189; baseline 0 -11"><span class='ocrx_word' id='word_1_441' title='bbox 281 2156 305 2179; x_wconf 83' lang='lat'>2.</span> <span class='ocrx_word' id='word_1_442' title='bbox 325 2156 366 2179; x_wconf 77' lang='grc'>20.</span> <span class='ocrx_word' id='word_1_443' title='bbox 387 2153 523 2180; x_wconf 81' lang='lat' dir='ltr'>Conamen</span> <span class='ocrx_word' id='word_1_444' title='bbox 542 2152 616 2177; x_wconf 78' lang='lat' dir='ltr'>inire.</span> <span class='ocrx_word' id='word_1_445' title='bbox 637 2162 657 2177; x_wconf 95' lang='lat' dir='ltr'>c.</span> <span class='ocrx_word' id='word_1_446' title='bbox 678 2153 719 2178; x_wconf 79' lang='grc'>63.</span> <span class='ocrx_word' id='word_1_447' title='bbox 740 2162 778 2189; x_wconf 81' lang='lat' dir='ltr'>pr.</span> <span class='ocrx_word' id='word_1_448' title='bbox 800 2152 832 2178; x_wconf 81' lang='lat' dir='ltr'>de</span> <span class='ocrx_word' id='word_1_449' title='bbox 852 2153 939 2179; x_wconf 83' lang='lat' dir='ltr'>decur.</span> <span class='ocrx_word' id='word_1_450' title='bbox 962 2154 1001 2178; x_wconf 93' lang='grc'>10.</span> <span class='ocrx_word' id='word_1_451' title='bbox 1020 2153 1061 2178; x_wconf 88' lang='lat'>31.</span> <span class='ocrx_word' id='word_1_452' title='bbox 1145 2134 1147 2188; x_wconf 61' lang='lat' dir='ltr'>l</span> 
     </span>
    </p>

    <p class='ocr_par' dir='ltr' id='par_1_4' title="bbox 282 2194 1148 2275">
     <span class='ocr_line' id='line_1_47' title="bbox 318 2194 1147 2229; baseline 0 -8"><span class='ocrx_word' id='word_1_453' title='bbox 318 2195 494 2221; x_wconf 75' lang='lat' dir='ltr'>Initiare.</span> <span class='ocrx_word' id='word_1_454' title='bbox 533 2196 721 2228; x_wconf 66' lang='lat' dir='ltr'>Auspicari.</span> <span class='ocrx_word' id='word_1_455' title='bbox 759 2194 777 2221; x_wconf 96' lang='lat'>1.</span> <span class='ocrx_word' id='word_1_456' title='bbox 799 2196 860 2229; x_wconf 72' lang='lat' dir='ltr'>Sy.</span> <span class='ocrx_word' id='word_1_457' title='bbox 892 2195 1032 2227; x_wconf 84' lang='lat' dir='ltr'>lncboare,</span> <span class='ocrx_word' id='word_1_458' title='bbox 1058 2195 1123 2221; x_wconf 91' lang='lat' dir='ltr'>lnci-</span> <span class='ocrx_word' id='word_1_459' title='bbox 1146 2197 1147 2215; x_wconf 56' lang='lat' dir='ltr'>i</span> 
     </span>
     <span class='ocr_line' id='line_1_48' title="bbox 282 2222 1148 2275; baseline 0.003 -12"><span class='ocrx_word' id='word_1_460' title='bbox 282 2247 345 2275; x_wconf 84' lang='lat' dir='ltr'>pere</span> <span class='ocrx_word' id='word_1_461' title='bbox 365 2238 477 2273; x_wconf 82' lang='lat' dir='ltr'>(opera.)</span> <span class='ocrx_word' id='word_1_462' title='bbox 498 2248 518 2263; x_wconf 90' lang='lat' dir='ltr'>c.</span> <span class='ocrx_word' id='word_1_463' title='bbox 537 2239 580 2262; x_wconf 71' lang='lat'>22.</span> <span class='ocrx_word' id='word_1_464' title='bbox 601 2237 632 2263; x_wconf 82' lang='lat' dir='ltr'>de</span> <span class='ocrx_word' id='word_1_465' title='bbox 652 2247 712 2274; x_wconf 87' lang='lat' dir='ltr'>opp.</span> <span class='ocrx_word' id='word_1_466' title='bbox 739 2237 801 2274; x_wconf 89' lang='lat' dir='ltr'>pub.</span> <span class='ocrx_word' id='word_1_467' title='bbox 820 2241 844 2264; x_wconf 76' lang='grc' dir='ltr'>ὅ.</span> <span class='ocrx_word' id='word_1_468' title='bbox 866 2239 905 2264; x_wconf 84' lang='lat'>12.</span> <span class='ocrx_word' id='word_1_469' title='bbox 945 2237 1124 2264; x_wconf 75' lang='lat' dir='ltr'>Constituere.</span> <span class='ocrx_word' id='word_1_470' title='bbox 1146 2222 1148 2266; x_wconf 71' lang='grc' dir='ltr'>,Ι</span> 
     </span>
    </p>
   </div>
   <div class='ocr_carea' id='block_1_3' title="bbox 283 2270 1148 2316">
    <p class='ocr_par' dir='ltr' id='par_1_5' title="bbox 283 2270 1148 2316">
     <span class='ocr_line' id='line_1_49' title="bbox 283 2270 1148 2316; baseline 0 -10"><span class='ocrx_word' id='word_1_471' title='bbox 283 2281 314 2306; x_wconf 65' lang='lat' dir='ltr'>fr.</span> <span class='ocrx_word' id='word_1_472' title='bbox 336 2281 357 2306; x_wconf 93' lang='lat' dir='ltr'>l.</span> <span class='ocrx_word' id='word_1_473' title='bbox 377 2289 416 2316; x_wconf 71' lang='lat' dir='ltr'>pr.</span> <span class='ocrx_word' id='word_1_474' title='bbox 437 2279 457 2312; x_wconf 60' lang='grc' dir='ltr'>ς,</span> <span class='ocrx_word' id='word_1_475' title='bbox 480 2281 502 2305; x_wconf 92' lang='lat' dir='ltr'>l.</span> <span class='ocrx_word' id='word_1_476' title='bbox 522 2279 553 2305; x_wconf 59' lang='lat' dir='ltr'>a.</span> <span class='ocrx_word' id='word_1_477' title='bbox 573 2280 616 2307; x_wconf 76' lang='lat'>011:</span> <span class='ocrx_word' id='word_1_478' title='bbox 637 2279 688 2306; x_wconf 56' lang='grc' dir='ltr'>Ρη.</span> <span class='ocrx_word' id='word_1_479' title='bbox 709 2279 750 2307; x_wconf 67' lang='lat' dir='ltr'>Pr.</span> <span class='ocrx_word' id='word_1_480' title='bbox 773 2282 795 2306; x_wconf 87' lang='lat'>1.</span> <span class='ocrx_word' id='word_1_481' title='bbox 817 2282 857 2306; x_wconf 90' lang='lat'>11.</span> <span class='ocrx_word' id='word_1_482' title='bbox 878 2280 919 2307; x_wconf 90' lang='lat'>111.</span> <span class='ocrx_word' id='word_1_483' title='bbox 944 2282 1010 2308; x_wconf 81' lang='lat' dir='ltr'>cn.</span> <span class='ocrx_word' id='word_1_484' title='bbox 1030 2280 1126 2307; x_wconf 63' lang='lat' dir='ltr'>curiae</span> <span class='ocrx_word' id='word_1_485' title='bbox 1146 2270 1148 2306; x_wconf 63' lang='grc' dir='ltr'>ἓ</span> 
     </span>
    </p>
   </div>
   <div class='ocr_carea' id='block_1_4' title="bbox 1138 265 1148 1747">
    <p class='ocr_par' dir='ltr' id='par_1_6' title="bbox 1138 265 1148 1747">
     <span class='ocr_line' id='line_1_50' title="bbox 1138 265 1148 1747; baseline 0 0"><span class='ocrx_word' id='word_1_486' title='bbox 1138 265 1148 1747; x_wconf 95' lang='lat' dir='ltr'> </span> 
     </span>
    </p>
   </div>
   <div class='ocr_carea' id='block_1_5' title="bbox 283 2321 1152 2869">
    <p class='ocr_par' dir='ltr' id='par_1_7' title="bbox 283 2321 1152 2869">
     <span class='ocr_line' id='line_1_51' title="bbox 283 2321 1125 2359; baseline 0.001 -10"><span class='ocrx_word' id='word_1_487' title='bbox 283 2323 366 2349; x_wconf 79' lang='lat' dir='ltr'>sacris</span> <span class='ocrx_word' id='word_1_488' title='bbox 387 2322 488 2348; x_wconf 83' lang='lat' dir='ltr'>initiati.</span> <span class='ocrx_word' id='word_1_489' title='bbox 509 2321 558 2348; x_wconf 81' lang='lat' dir='ltr'>Th.</span> <span class='ocrx_word' id='word_1_490' title='bbox 579 2323 609 2349; x_wconf 77' lang='lat' dir='ltr'>C.</span> <span class='ocrx_word' id='word_1_491' title='bbox 629 2322 724 2349; x_wconf 82' lang='lat' dir='ltr'>X11.5.</span> <span class='ocrx_word' id='word_1_492' title='bbox 745 2333 766 2350; x_wconf 94' lang='lat' dir='ltr'>c.</span> <span class='ocrx_word' id='word_1_493' title='bbox 781 2325 798 2349; x_wconf 82' lang='lat'>3</span> <span class='ocrx_word' id='word_1_494' title='bbox 843 2323 972 2359; x_wconf 82' lang='lat' dir='ltr'>Quemad.</span> <span class='ocrx_word' id='word_1_495' title='bbox 992 2333 1062 2350; x_wconf 90' lang='lat' dir='ltr'>mun.</span> <span class='ocrx_word' id='word_1_496' title='bbox 1077 2324 1125 2350; x_wconf 88' lang='lat' dir='ltr'>civ.</span> 
     </span>
     <span class='ocr_line' id='line_1_52' title="bbox 284 2363 1125 2401; baseline 0 -9"><span class='ocrx_word' id='word_1_497' title='bbox 284 2366 339 2401; x_wconf 77' lang='lat' dir='ltr'>Qui</span> <span class='ocrx_word' id='word_1_498' title='bbox 359 2363 566 2391; x_wconf 79' lang='lat' dir='ltr'>orthodoxorum</span> <span class='ocrx_word' id='word_1_499' title='bbox 591 2367 642 2392; x_wconf 86' lang='lat' dir='ltr'>ritu</span> <span class='ocrx_word' id='word_1_500' title='bbox 666 2365 762 2392; x_wconf 85' lang='lat' dir='ltr'>fuerint</span> <span class='ocrx_word' id='word_1_501' title='bbox 787 2367 888 2392; x_wconf 87' lang='lat' dir='ltr'>initiati.</span> <span class='ocrx_word' id='word_1_502' title='bbox 913 2365 950 2392; x_wconf 90' lang='lat' dir='ltr'>lb.</span> <span class='ocrx_word' id='word_1_503' title='bbox 969 2365 1040 2393; x_wconf 66' lang='lat' dir='ltr'>XYI.</span> <span class='ocrx_word' id='word_1_504' title='bbox 1060 2367 1083 2392; x_wconf 84' lang='lat'>6.</span> <span class='ocrx_word' id='word_1_505' title='bbox 1104 2377 1125 2393; x_wconf 89' lang='lat' dir='ltr'>c.</span> 
     </span>
     <span class='ocr_line' id='line_1_53' title="bbox 284 2406 1149 2444; baseline 0.001 -10"><span class='ocrx_word' id='word_1_506' title='bbox 284 2410 308 2434; x_wconf 75' lang='lat'>(3.</span> <span class='ocrx_word' id='word_1_507' title='bbox 330 2418 361 2434; x_wconf 82' lang='lat' dir='ltr'>ne</span> <span class='ocrx_word' id='word_1_508' title='bbox 381 2406 408 2433; x_wconf 91' lang='lat' dir='ltr'>S.</span> <span class='ocrx_word' id='word_1_509' title='bbox 423 2407 493 2444; x_wconf 81' lang='lat' dir='ltr'>bapt.</span> <span class='ocrx_word' id='word_1_510' title='bbox 531 2406 657 2443; x_wconf 66' lang='lat' dir='ltr'>Legitime</span> <span class='ocrx_word' id='word_1_511' title='bbox 677 2410 792 2435; x_wconf 79' lang='lat' dir='ltr'>initiatae</span> <span class='ocrx_word' id='word_1_512' title='bbox 812 2409 867 2435; x_wconf 80' lang='lat' dir='ltr'>litis</span> <span class='ocrx_word' id='word_1_513' title='bbox 887 2410 997 2444; x_wconf 78' lang='lat' dir='ltr'>agitatae</span> <span class='ocrx_word' id='word_1_514' title='bbox 1016 2410 1042 2435; x_wconf 91' lang='lat' dir='ltr'>in</span> <span class='ocrx_word' id='word_1_515' title='bbox 1062 2408 1127 2436; x_wconf 90' lang='lat' dir='ltr'>iudi·</span> <span class='ocrx_word' id='word_1_516' title='bbox 1148 2411 1149 2438; x_wconf 69' lang='lat' dir='ltr'>J</span> 
     </span>
     <span class='ocr_line' id='line_1_54' title="bbox 286 2450 1125 2479; baseline 0.002 -2"><span class='ocrx_word' id='word_1_517' title='bbox 286 2452 334 2477; x_wconf 84' lang='lat' dir='ltr'>ciis</span> <span class='ocrx_word' id='word_1_518' title='bbox 355 2451 559 2477; x_wconf 73' lang='lat' dir='ltr'>controversiae.</span> <span class='ocrx_word' id='word_1_519' title='bbox 585 2450 619 2476; x_wconf 88' lang='lat' dir='ltr'>lb.</span> <span class='ocrx_word' id='word_1_520' title='bbox 641 2450 680 2478; x_wconf 94' lang='lat' dir='ltr'>lll.</span> <span class='ocrx_word' id='word_1_521' title='bbox 702 2453 742 2478; x_wconf 85' lang='lat'>17.</span> <span class='ocrx_word' id='word_1_522' title='bbox 768 2462 788 2478; x_wconf 84' lang='lat' dir='ltr'>c.</span> <span class='ocrx_word' id='word_1_523' title='bbox 812 2454 832 2478; x_wconf 93' lang='lat'>1.</span> <span class='ocrx_word' id='word_1_524' title='bbox 853 2451 886 2478; x_wconf 78' lang='lat' dir='ltr'>de</span> <span class='ocrx_word' id='word_1_525' title='bbox 906 2456 952 2479; x_wconf 89' lang='lat' dir='ltr'>tut.</span> <span class='ocrx_word' id='word_1_526' title='bbox 973 2457 999 2478; x_wconf 81' lang='lat' dir='ltr'>ct</span> <span class='ocrx_word' id='word_1_527' title='bbox 1018 2462 1071 2479; x_wconf 75' lang='lat' dir='ltr'>eur.</span> <span class='ocrx_word' id='word_1_528' title='bbox 1091 2462 1125 2479; x_wconf 80' lang='lat' dir='ltr'>cr.</span> 
     </span>
     <span class='ocr_line' id='line_1_55' title="bbox 286 2491 1150 2529; baseline 0.003 -10"><span class='ocrx_word' id='word_1_529' title='bbox 286 2493 349 2520; x_wconf 86' lang='lat' dir='ltr'>lust.</span> <span class='ocrx_word' id='word_1_530' title='bbox 370 2492 401 2520; x_wconf 65' lang='lat'>(¹.</span> <span class='ocrx_word' id='word_1_531' title='bbox 422 2503 442 2519; x_wconf 86' lang='lat' dir='ltr'>c.</span> <span class='ocrx_word' id='word_1_532' title='bbox 463 2494 487 2519; x_wconf 83' lang='lat'>3.</span> <span class='ocrx_word' id='word_1_533' title='bbox 508 2492 561 2528; x_wconf 79' lang='lat' dir='ltr'>Qui</span> <span class='ocrx_word' id='word_1_534' title='bbox 581 2492 650 2529; x_wconf 60' lang='lat' dir='ltr'>legit.</span> <span class='ocrx_word' id='word_1_535' title='bbox 671 2503 739 2529; x_wconf 80' lang='lat' dir='ltr'>pers.</span> <span class='ocrx_word' id='word_1_536' title='bbox 759 2497 785 2521; x_wconf 87' lang='lat'>3.</span> <span class='ocrx_word' id='word_1_537' title='bbox 805 2496 829 2521; x_wconf 84' lang='lat'>6.</span> <span class='ocrx_word' id='word_1_538' title='bbox 1148 2491 1150 2519; x_wconf 68' lang='lat' dir='ltr'>i</span> 
     </span>
     <span class='ocr_line' id='line_1_56' title="bbox 323 2536 1150 2571; baseline 0 -9"><span class='ocrx_word' id='word_1_539' title='bbox 323 2536 494 2564; x_wconf 77' lang='lat' dir='ltr'>Initium.</span> <span class='ocrx_word' id='word_1_540' title='bbox 541 2537 765 2569; x_wconf 76' lang='lat' dir='ltr'>Principium,</span> <span class='ocrx_word' id='word_1_541' title='bbox 789 2539 987 2568; x_wconf 72' lang='lat' dir='ltr'>Exordium,</span> <span class='ocrx_word' id='word_1_542' title='bbox 1016 2537 1127 2571; x_wconf 78' lang='lat' dir='ltr'>Origo.</span> <span class='ocrx_word' id='word_1_543' title='bbox 1149 2567 1150 2570; x_wconf 13' lang='grc' dir='ltr'><strong>Ἴ</strong></span> 
     </span>
     <span class='ocr_line' id='line_1_57' title="bbox 288 2577 1127 2617; baseline 0.002 -13"><span class='ocrx_word' id='word_1_544' title='bbox 288 2578 305 2604; x_wconf 95' lang='grc'>1.</span> <span class='ocrx_word' id='word_1_545' title='bbox 325 2580 387 2613; x_wconf 76' lang='lat' dir='ltr'>Sy.</span> <span class='ocrx_word' id='word_1_546' title='bbox 407 2578 552 2613; x_wconf 78' lang='lat' dir='ltr'>ingressus.</span> <span class='ocrx_word' id='word_1_547' title='bbox 579 2577 620 2604; x_wconf 75' lang='lat' dir='ltr'>Cf.</span> <span class='ocrx_word' id='word_1_548' title='bbox 645 2577 669 2604; x_wconf 85' lang='lat' dir='ltr'>h.</span> <span class='ocrx_word' id='word_1_549' title='bbox 695 2588 718 2604; x_wconf 83' lang='lat' dir='ltr'>v.</span> <span class='ocrx_word' id='word_1_550' title='bbox 743 2579 765 2612; x_wconf 84' lang='lat'>§.</span> <span class='ocrx_word' id='word_1_551' title='bbox 785 2582 808 2606; x_wconf 86' lang='lat'>2.</span> <span class='ocrx_word' id='word_1_552' title='bbox 853 2579 1014 2617; x_wconf 83' lang='lat' dir='ltr'>Principium</span> <span class='ocrx_word' id='word_1_553' title='bbox 1033 2579 1127 2612; x_wconf 89' lang='lat' dir='ltr'>(anni.)</span> 
     </span>
     <span class='ocr_line' id='line_1_58' title="bbox 288 2620 1127 2657; baseline 0.002 -11"><span class='ocrx_word' id='word_1_554' title='bbox 288 2621 319 2646; x_wconf 75' lang='lat' dir='ltr'>fr.</span> <span class='ocrx_word' id='word_1_555' title='bbox 338 2623 379 2647; x_wconf 86' lang='grc'>41.</span> <span class='ocrx_word' id='word_1_556' title='bbox 400 2631 438 2657; x_wconf 82' lang='lat' dir='ltr'>pr.</span> <span class='ocrx_word' id='word_1_557' title='bbox 466 2620 498 2646; x_wconf 81' lang='lat' dir='ltr'>de</span> <span class='ocrx_word' id='word_1_558' title='bbox 523 2630 634 2647; x_wconf 85' lang='lat' dir='ltr'>manum.</span> <span class='ocrx_word' id='word_1_559' title='bbox 659 2625 760 2647; x_wconf 81' lang='lat' dir='ltr'>testam.</span> <span class='ocrx_word' id='word_1_560' title='bbox 785 2624 825 2648; x_wconf 92' lang='grc'>40.</span> <span class='ocrx_word' id='word_1_561' title='bbox 851 2624 875 2649; x_wconf 84' lang='lat'>4.</span> <span class='ocrx_word' id='word_1_562' title='bbox 922 2622 950 2649; x_wconf 90' lang='lat' dir='ltr'>ln</span> <span class='ocrx_word' id='word_1_563' title='bbox 977 2623 1127 2649; x_wconf 84' lang='lat' dir='ltr'>continenti.</span> 
     </span>
     <span class='ocr_line' id='line_1_59' title="bbox 289 2662 1128 2702; baseline 0.003 -15"><span class='ocrx_word' id='word_1_564' title='bbox 289 2662 364 2688; x_wconf 86' lang='lat' dir='ltr'>Initio</span> <span class='ocrx_word' id='word_1_565' title='bbox 385 2664 568 2696; x_wconf 68' lang='lat' dir='ltr'>(contractus)</span> <span class='ocrx_word' id='word_1_566' title='bbox 589 2674 610 2690; x_wconf 84' lang='lat' dir='ltr'>c.</span> <span class='ocrx_word' id='word_1_567' title='bbox 632 2665 670 2691; x_wconf 83' lang='lat'>13.</span> <span class='ocrx_word' id='word_1_568' title='bbox 691 2663 723 2689; x_wconf 90' lang='lat' dir='ltr'>de</span> <span class='ocrx_word' id='word_1_569' title='bbox 743 2668 809 2700; x_wconf 86' lang='lat' dir='ltr'>pact.</span> <span class='ocrx_word' id='word_1_570' title='bbox 834 2666 858 2690; x_wconf 85' lang='lat'>2.</span> <span class='ocrx_word' id='word_1_571' title='bbox 881 2666 904 2691; x_wconf 91' lang='lat'>3.</span> <span class='ocrx_word' id='word_1_572' title='bbox 926 2675 946 2692; x_wconf 92' lang='lat' dir='ltr'>c.</span> <span class='ocrx_word' id='word_1_573' title='bbox 965 2667 989 2691; x_wconf 83' lang='lat'>5.</span> <span class='ocrx_word' id='word_1_574' title='bbox 1010 2664 1042 2691; x_wconf 85' lang='lat' dir='ltr'>tle</span> <span class='ocrx_word' id='word_1_575' title='bbox 1061 2669 1128 2702; x_wconf 88' lang='lat' dir='ltr'>pact.</span> 
     </span>
     <span class='ocr_line' id='line_1_60' title="bbox 289 2704 1152 2740; baseline 0 -9"><span class='ocrx_word' id='word_1_576' title='bbox 289 2705 335 2731; x_wconf 89' lang='lat' dir='ltr'>int.</span> <span class='ocrx_word' id='word_1_577' title='bbox 356 2710 415 2731; x_wconf 72' lang='lat' dir='ltr'>emt.</span> <span class='ocrx_word' id='word_1_578' title='bbox 435 2707 457 2732; x_wconf 85' lang='lat'>4.</span> <span class='ocrx_word' id='word_1_579' title='bbox 478 2707 520 2732; x_wconf 82' lang='grc'>54.</span> <span class='ocrx_word' id='word_1_580' title='bbox 539 2706 570 2732; x_wconf 93' lang='lat'>11.</span> <span class='ocrx_word' id='word_1_581' title='bbox 588 2708 655 2740; x_wconf 73' lang='lat' dir='ltr'>Op.</span> <span class='ocrx_word' id='word_1_582' title='bbox 675 2706 759 2733; x_wconf 90' lang='lat' dir='ltr'>Initio.</span> <span class='ocrx_word' id='word_1_583' title='bbox 773 2722 805 2726; x_wconf 93' lang='lat'>—</span> <span class='ocrx_word' id='word_1_584' title='bbox 821 2706 932 2739; x_wconf 82' lang='lat' dir='ltr'>Deinde,</span> <span class='ocrx_word' id='word_1_585' title='bbox 953 2707 1056 2734; x_wconf 82' lang='lat' dir='ltr'>Postea.</span> <span class='ocrx_word' id='word_1_586' title='bbox 1072 2708 1127 2733; x_wconf 85' lang='lat' dir='ltr'>Gai.</span> <span class='ocrx_word' id='word_1_587' title='bbox 1150 2704 1152 2731; x_wconf 67' lang='lat' dir='ltr'>l</span> 
     </span>
     <span class='ocr_line' id='line_1_61' title="bbox 288 2747 1129 2786; baseline 0.002 -12"><span class='ocrx_word' id='word_1_588' title='bbox 288 2747 320 2774; x_wconf 88' lang='lat'>11.</span> <span class='ocrx_word' id='word_1_589' title='bbox 342 2748 398 2773; x_wconf 88' lang='grc'>101.</span> <span class='ocrx_word' id='word_1_590' title='bbox 419 2758 456 2784; x_wconf 80' lang='lat' dir='ltr'>sq.</span> <span class='ocrx_word' id='word_1_591' title='bbox 479 2750 535 2775; x_wconf 73' lang='lat'>1-16.</span> <span class='ocrx_word' id='word_1_592' title='bbox 555 2758 613 2785; x_wconf 87' lang='lat' dir='ltr'>sqq.</span> <span class='ocrx_word' id='word_1_593' title='bbox 635 2748 677 2775; x_wconf 71' lang='lat' dir='ltr'>lv.</span> <span class='ocrx_word' id='word_1_594' title='bbox 698 2750 739 2775; x_wconf 76' lang='lat'>84.</span> <span class='ocrx_word' id='word_1_595' title='bbox 764 2748 794 2775; x_wconf 79' lang='lat' dir='ltr'>fr.</span> <span class='ocrx_word' id='word_1_596' title='bbox 818 2751 843 2775; x_wconf 85' lang='lat'>2.</span> <span class='ocrx_word' id='word_1_597' title='bbox 867 2749 902 2782; x_wconf 56' lang='grc' dir='ltr'>ἐξ.</span> <span class='ocrx_word' id='word_1_598' title='bbox 930 2752 950 2775; x_wconf 97' lang='lat' dir='ltr'>l.</span> <span class='ocrx_word' id='word_1_599' title='bbox 976 2760 1016 2786; x_wconf 81' lang='lat' dir='ltr'>sq.</span> <span class='ocrx_word' id='word_1_600' title='bbox 1038 2752 1076 2776; x_wconf 96' lang='lat'>11.</span> <span class='ocrx_word' id='word_1_601' title='bbox 1097 2749 1129 2776; x_wconf 73' lang='lat' dir='ltr'>de</span> 
     </span>
     <span class='ocr_line' id='line_1_62' title="bbox 288 2788 1152 2827; baseline 0.003 -12"><span class='ocrx_word' id='word_1_602' title='bbox 288 2790 322 2816; x_wconf 86' lang='lat'>0.</span> <span class='ocrx_word' id='word_1_603' title='bbox 342 2789 359 2816; x_wconf 84' lang='lat'>1.</span> <span class='ocrx_word' id='word_1_604' title='bbox 383 2792 403 2815; x_wconf 84' lang='grc' dir='ltr'>ι.</span> <span class='ocrx_word' id='word_1_605' title='bbox 423 2793 447 2815; x_wconf 75' lang='lat'>2.</span> <span class='ocrx_word' id='word_1_606' title='bbox 467 2791 495 2816; x_wconf 67' lang='lat' dir='ltr'>fr.</span> <span class='ocrx_word' id='word_1_607' title='bbox 520 2793 560 2817; x_wconf 79' lang='lat'>51.</span> <span class='ocrx_word' id='word_1_608' title='bbox 589 2791 618 2817; x_wconf 72' lang='lat' dir='ltr'>n.</span> <span class='ocrx_word' id='word_1_609' title='bbox 641 2793 679 2817; x_wconf 74' lang='lat'>73.</span> <span class='ocrx_word' id='word_1_610' title='bbox 706 2792 728 2824; x_wconf 67' lang='grc' dir='ltr'>ξ.</span> <span class='ocrx_word' id='word_1_611' title='bbox 748 2793 772 2817; x_wconf 82' lang='lat'>5.</span> <span class='ocrx_word' id='word_1_612' title='bbox 797 2791 828 2817; x_wconf 72' lang='lat' dir='ltr'>ad</span> <span class='ocrx_word' id='word_1_613' title='bbox 854 2790 883 2817; x_wconf 80' lang='lat' dir='ltr'>L.</span> <span class='ocrx_word' id='word_1_614' title='bbox 906 2791 975 2818; x_wconf 67' lang='lat' dir='ltr'>fulc.</span> <span class='ocrx_word' id='word_1_615' title='bbox 993 2794 1035 2819; x_wconf 76' lang='lat'>35.</span> <span class='ocrx_word' id='word_1_616' title='bbox 1052 2794 1077 2818; x_wconf 78' lang='lat'>2.</span> <span class='ocrx_word' id='word_1_617' title='bbox 1098 2792 1128 2818; x_wconf 76' lang='lat' dir='ltr'>fr.</span> <span class='ocrx_word' id='word_1_618' title='bbox 1150 2788 1152 2827; x_wconf 70' lang='grc' dir='ltr'>ξ</span> 
     </span>
     <span class='ocr_line' id='line_1_63' title="bbox 292 2831 1152 2869; baseline 0.003 -11"><span class='ocrx_word' id='word_1_619' title='bbox 292 2834 330 2859; x_wconf 80' lang='lat'>15.</span> <span class='ocrx_word' id='word_1_620' title='bbox 351 2831 383 2858; x_wconf 80' lang='lat' dir='ltr'>de</span> <span class='ocrx_word' id='word_1_621' title='bbox 404 2832 526 2869; x_wconf 71' lang='lat' dir='ltr'>public-&#39;un</span> <span class='ocrx_word' id='word_1_622' title='bbox 555 2836 595 2860; x_wconf 54' lang='lat'>39.</span> <span class='ocrx_word' id='word_1_623' title='bbox 617 2836 638 2860; x_wconf 80' lang='grc'>4.</span> <span class='ocrx_word' id='word_1_624' title='bbox 665 2834 693 2860; x_wconf 72' lang='lat' dir='ltr'>fr.</span> <span class='ocrx_word' id='word_1_625' title='bbox 714 2836 773 2860; x_wconf 75' lang='lat'>210.</span> <span class='ocrx_word' id='word_1_626' title='bbox 799 2833 831 2860; x_wconf 77' lang='lat' dir='ltr'>de</span> <span class='ocrx_word' id='word_1_627' title='bbox 855 2833 885 2861; x_wconf 76' lang='lat' dir='ltr'>R.</span> <span class='ocrx_word' id='word_1_628' title='bbox 905 2833 923 2860; x_wconf 88' lang='lat'>1.</span> <span class='ocrx_word' id='word_1_629' title='bbox 943 2836 983 2860; x_wconf 84' lang='lat'>50.</span> <span class='ocrx_word' id='word_1_630' title='bbox 1007 2836 1044 2860; x_wconf 83' lang='lat'>17.</span> <span class='ocrx_word' id='word_1_631' title='bbox 1082 2834 1129 2861; x_wconf 88' lang='lat' dir='ltr'>lni-</span> <span class='ocrx_word' id='word_1_632' title='bbox 1150 2856 1152 2868; x_wconf 87' lang='grc'><strong>,</strong></span> 
     </span>
    </p>
   </div>
   <div class='ocr_carea' id='block_1_6' title="bbox 1103 180 1173 212">
    <p class='ocr_par' dir='ltr' id='par_1_8' title="bbox 1103 180 1173 212">
     <span class='ocr_line' id='line_1_64' title="bbox 1103 180 1173 212; baseline 0.014 -1"><span class='ocrx_word' id='word_1_633' title='bbox 1103 180 1173 212; x_wconf 79' lang='lat' dir='ltr'>INI.</span> 
     </span>
    </p>
   </div>
   <div class='ocr_carea' id='block_1_7' title="bbox 1163 261 2003 343">
    <p class='ocr_par' dir='ltr' id='par_1_9' title="bbox 1163 261 2003 343">
     <span class='ocr_line' id='line_1_65' title="bbox 1163 261 2003 302; baseline 0.004 -13"><span class='ocrx_word' id='word_1_634' title='bbox 1163 263 1208 290; x_wconf 87' lang='lat' dir='ltr'>tio.</span> <span class='ocrx_word' id='word_1_635' title='bbox 1229 275 1259 280; x_wconf 90' lang='grc'>-</span> <span class='ocrx_word' id='word_1_636' title='bbox 1279 261 1345 289; x_wconf 88' lang='lat' dir='ltr'>Post</span> <span class='ocrx_word' id='word_1_637' title='bbox 1364 262 1469 300; x_wconf 82' lang='lat' dir='ltr'>longum</span> <span class='ocrx_word' id='word_1_638' title='bbox 1492 268 1597 302; x_wconf 79' lang='lat' dir='ltr'>tempus</span> <span class='ocrx_word' id='word_1_639' title='bbox 1621 269 1765 302; x_wconf 87' lang='lat' dir='ltr'>peractum.</span> <span class='ocrx_word' id='word_1_640' title='bbox 1788 263 1819 291; x_wconf 79' lang='lat' dir='ltr'>fr.</span> <span class='ocrx_word' id='word_1_641' title='bbox 1842 266 1884 292; x_wconf 86' lang='lat'>31.</span> <span class='ocrx_word' id='word_1_642' title='bbox 1909 275 1952 302; x_wconf 86' lang='lat' dir='ltr'>pr.</span> <span class='ocrx_word' id='word_1_643' title='bbox 1970 265 2003 292; x_wconf 88' lang='lat' dir='ltr'>de</span> 
     </span>
     <span class='ocr_line' id='line_1_66' title="bbox 1163 306 2003 343; baseline 0.001 -10"><span class='ocrx_word' id='word_1_644' title='bbox 1163 315 1252 343; x_wconf 85' lang='lat' dir='ltr'>usurp.</span> <span class='ocrx_word' id='word_1_645' title='bbox 1270 307 1312 333; x_wconf 85' lang='grc'>41.</span> <span class='ocrx_word' id='word_1_646' title='bbox 1335 307 1359 332; x_wconf 90' lang='grc'>3.</span> <span class='ocrx_word' id='word_1_647' title='bbox 1396 306 1472 333; x_wconf 84' lang='lat' dir='ltr'>Initio</span> <span class='ocrx_word' id='word_1_648' title='bbox 1497 308 1571 339; x_wconf 76' lang='lat' dir='ltr'>anni,</span> <span class='ocrx_word' id='word_1_649' title='bbox 1590 323 1623 327; x_wconf 92' lang='lat'><strong>—</strong></span> <span class='ocrx_word' id='word_1_650' title='bbox 1643 306 1846 340; x_wconf 78' lang='lat' dir='ltr'>consummato,</span> <span class='ocrx_word' id='word_1_651' title='bbox 1869 317 1891 334; x_wconf 86' lang='lat' dir='ltr'>s.</span> <span class='ocrx_word' id='word_1_652' title='bbox 1915 307 2003 334; x_wconf 86' lang='lat' dir='ltr'>Finito</span> 
     </span>
    </p>
   </div>
   <div class='ocr_carea' id='block_1_8' title="bbox 1139 348 2002 384">
    <p class='ocr_par' dir='ltr' id='par_1_10' title="bbox 1139 348 2002 384">
     <span class='ocr_line' id='line_1_67' title="bbox 1139 348 2002 384; baseline 0.003 -9"><span class='ocrx_word' id='word_1_653' title='bbox 1139 366 1141 379; x_wconf 85' lang='grc'>,</span> <span class='ocrx_word' id='word_1_654' title='bbox 1162 349 1264 382; x_wconf 87' lang='lat' dir='ltr'>(anno.)</span> <span class='ocrx_word' id='word_1_655' title='bbox 1284 348 1315 375; x_wconf 81' lang='lat' dir='ltr'>fr.</span> <span class='ocrx_word' id='word_1_656' title='bbox 1334 350 1358 375; x_wconf 84' lang='lat'>8.</span> <span class='ocrx_word' id='word_1_657' title='bbox 1378 349 1399 383; x_wconf 84' lang='lat'>§.</span> <span class='ocrx_word' id='word_1_658' title='bbox 1419 350 1443 376; x_wconf 89' lang='grc'>6.</span> <span class='ocrx_word' id='word_1_659' title='bbox 1462 349 1495 376; x_wconf 88' lang='lat' dir='ltr'>de</span> <span class='ocrx_word' id='word_1_660' title='bbox 1514 354 1636 377; x_wconf 81' lang='lat' dir='ltr'>transact.</span> <span class='ocrx_word' id='word_1_661' title='bbox 1655 351 1680 376; x_wconf 89' lang='lat'>2.</span> <span class='ocrx_word' id='word_1_662' title='bbox 1700 352 1740 377; x_wconf 88' lang='lat'>15.</span> <span class='ocrx_word' id='word_1_663' title='bbox 1767 349 1798 376; x_wconf 80' lang='lat' dir='ltr'>fr.</span> <span class='ocrx_word' id='word_1_664' title='bbox 1819 352 1859 377; x_wconf 89' lang='lat'>12.</span> <span class='ocrx_word' id='word_1_665' title='bbox 1884 351 1907 384; x_wconf 89' lang='lat'>§.</span> <span class='ocrx_word' id='word_1_666' title='bbox 1928 353 1951 378; x_wconf 95' lang='lat'>1.</span> <span class='ocrx_word' id='word_1_667' title='bbox 1970 350 2002 378; x_wconf 83' lang='lat' dir='ltr'>fr.</span> 
     </span>
    </p>
   </div>
   <div class='ocr_carea' id='block_1_9' title="bbox 1162 391 2011 1885">
    <p class='ocr_par' dir='ltr' id='par_1_11' title="bbox 1162 391 2008 1148">
     <span class='ocr_line' id='line_1_68' title="bbox 1162 391 2003 429; baseline 0.001 -11"><span class='ocrx_word' id='word_1_668' title='bbox 1162 394 1203 418; x_wconf 89' lang='lat'>26.</span> <span class='ocrx_word' id='word_1_669' title='bbox 1223 392 1245 426; x_wconf 62' lang='grc' dir='ltr'>ξ.</span> <span class='ocrx_word' id='word_1_670' title='bbox 1264 394 1289 419; x_wconf 87' lang='lat'>2.</span> <span class='ocrx_word' id='word_1_671' title='bbox 1310 391 1362 428; x_wconf 85' lang='lat' dir='ltr'>Qu.</span> <span class='ocrx_word' id='word_1_672' title='bbox 1382 391 1439 418; x_wconf 85' lang='lat' dir='ltr'>dies</span> <span class='ocrx_word' id='word_1_673' title='bbox 1457 392 1533 429; x_wconf 86' lang='lat' dir='ltr'>legat.</span> <span class='ocrx_word' id='word_1_674' title='bbox 1551 394 1593 419; x_wconf 85' lang='lat'>36.</span> <span class='ocrx_word' id='word_1_675' title='bbox 1613 395 1637 419; x_wconf 79' lang='lat'>2.</span> <span class='ocrx_word' id='word_1_676' title='bbox 1674 392 1717 419; x_wconf 92' lang='lat'>111.</span> <span class='ocrx_word' id='word_1_677' title='bbox 1736 394 1801 421; x_wconf 76' lang='lat' dir='ltr'>Cn.</span> <span class='ocrx_word' id='word_1_678' title='bbox 1821 392 1936 419; x_wconf 85' lang='lat' dir='ltr'>Omissis</span> <span class='ocrx_word' id='word_1_679' title='bbox 1955 394 2003 420; x_wconf 87' lang='lat' dir='ltr'>ini-</span> 
     </span>
     <span class='ocr_line' id='line_1_69' title="bbox 1164 435 2003 473; baseline 0.001 -12"><span class='ocrx_word' id='word_1_680' title='bbox 1164 436 1221 467; x_wconf 88' lang='lat' dir='ltr'>tiis,</span> <span class='ocrx_word' id='word_1_681' title='bbox 1245 439 1324 472; x_wconf 87' lang='lat' dir='ltr'>atque</span> <span class='ocrx_word' id='word_1_682' title='bbox 1347 435 1447 471; x_wconf 79' lang='lat' dir='ltr'>origine</span> <span class='ocrx_word' id='word_1_683' title='bbox 1470 445 1523 462; x_wconf 90' lang='lat' dir='ltr'>non</span> <span class='ocrx_word' id='word_1_684' title='bbox 1545 437 1666 473; x_wconf 82' lang='lat' dir='ltr'>repetita.</span> <span class='ocrx_word' id='word_1_685' title='bbox 1691 435 1722 463; x_wconf 77' lang='lat' dir='ltr'>fr.</span> <span class='ocrx_word' id='word_1_686' title='bbox 1746 437 1769 462; x_wconf 95' lang='lat' dir='ltr'>l.</span> <span class='ocrx_word' id='word_1_687' title='bbox 1794 435 1826 462; x_wconf 85' lang='lat' dir='ltr'>de</span> <span class='ocrx_word' id='word_1_688' title='bbox 1845 435 1878 462; x_wconf 90' lang='lat' dir='ltr'>O.</span> <span class='ocrx_word' id='word_1_689' title='bbox 1898 435 1916 462; x_wconf 90' lang='grc' dir='ltr'>Ι.</span> <span class='ocrx_word' id='word_1_690' title='bbox 1937 438 1959 463; x_wconf 93' lang='lat' dir='ltr'>l.</span> <span class='ocrx_word' id='word_1_691' title='bbox 1977 438 2003 463; x_wconf 90' lang='lat'>2.</span> 
     </span>
     <span class='ocr_line' id='line_1_70' title="bbox 1163 478 2004 516; baseline 0.001 -12"><span class='ocrx_word' id='word_1_692' title='bbox 1163 479 1238 514; x_wconf 77' lang='lat' dir='ltr'>Quae</span> <span class='ocrx_word' id='word_1_693' title='bbox 1257 478 1318 504; x_wconf 86' lang='lat' dir='ltr'>talis</span> <span class='ocrx_word' id='word_1_694' title='bbox 1338 483 1444 504; x_wconf 89' lang='lat' dir='ltr'>naturae</span> <span class='ocrx_word' id='word_1_695' title='bbox 1463 483 1538 510; x_wconf 89' lang='lat' dir='ltr'>sunt,</span> <span class='ocrx_word' id='word_1_696' title='bbox 1558 483 1585 505; x_wconf 89' lang='lat' dir='ltr'>ut</span> <span class='ocrx_word' id='word_1_697' title='bbox 1606 479 1711 516; x_wconf 76' lang='lat' dir='ltr'>saepius</span> <span class='ocrx_word' id='word_1_698' title='bbox 1731 479 1757 505; x_wconf 92' lang='lat' dir='ltr'>in</span> <span class='ocrx_word' id='word_1_699' title='bbox 1776 488 1822 505; x_wconf 87' lang='lat' dir='ltr'>sua</span> <span class='ocrx_word' id='word_1_700' title='bbox 1841 478 1924 515; x_wconf 81' lang='lat' dir='ltr'>redigi</span> <span class='ocrx_word' id='word_1_701' title='bbox 1942 488 2004 516; x_wconf 89' lang='lat' dir='ltr'>pos-</span> 
     </span>
     <span class='ocr_line' id='line_1_71' title="bbox 1163 520 2004 558; baseline 0.001 -11"><span class='ocrx_word' id='word_1_702' title='bbox 1163 522 1216 548; x_wconf 89' lang='lat' dir='ltr'>sint</span> <span class='ocrx_word' id='word_1_703' title='bbox 1235 522 1316 547; x_wconf 83' lang='lat' dir='ltr'>initia.</span> <span class='ocrx_word' id='word_1_704' title='bbox 1336 520 1368 547; x_wconf 87' lang='lat' dir='ltr'>fr.</span> <span class='ocrx_word' id='word_1_705' title='bbox 1389 522 1429 547; x_wconf 83' lang='lat'>78.</span> <span class='ocrx_word' id='word_1_706' title='bbox 1449 520 1471 554; x_wconf 79' lang='lat'>§.</span> <span class='ocrx_word' id='word_1_707' title='bbox 1491 523 1516 547; x_wconf 89' lang='grc'>4.</span> <span class='ocrx_word' id='word_1_708' title='bbox 1536 520 1569 548; x_wconf 84' lang='lat' dir='ltr'>de</span> <span class='ocrx_word' id='word_1_709' title='bbox 1587 521 1663 558; x_wconf 84' lang='lat' dir='ltr'>legat.</span> <span class='ocrx_word' id='word_1_710' title='bbox 1683 521 1726 548; x_wconf 93' lang='lat'>111.</span> <span class='ocrx_word' id='word_1_711' title='bbox 1746 522 1813 555; x_wconf 85' lang='lat'>(32.)</span> <span class='ocrx_word' id='word_1_712' title='bbox 1850 521 1888 548; x_wconf 85' lang='lat' dir='ltr'>Ita</span> <span class='ocrx_word' id='word_1_713' title='bbox 1907 526 2004 548; x_wconf 76' lang='lat' dir='ltr'>statum</span> 
     </span>
     <span class='ocr_line' id='line_1_72' title="bbox 1163 564 2003 601; baseline 0 -11"><span class='ocrx_word' id='word_1_714' title='bbox 1163 568 1272 590; x_wconf 84' lang='lat' dir='ltr'>eventus</span> <span class='ocrx_word' id='word_1_715' title='bbox 1291 564 1405 601; x_wconf 87' lang='lat' dir='ltr'>capiunt,</span> <span class='ocrx_word' id='word_1_716' title='bbox 1423 564 1447 589; x_wconf 89' lang='lat' dir='ltr'>si</span> <span class='ocrx_word' id='word_1_717' title='bbox 1465 564 1568 590; x_wconf 88' lang='lat' dir='ltr'>initium</span> <span class='ocrx_word' id='word_1_718' title='bbox 1587 574 1692 601; x_wconf 83' lang='lat' dir='ltr'>quoque</span> <span class='ocrx_word' id='word_1_719' title='bbox 1717 565 1775 591; x_wconf 87' lang='lat' dir='ltr'>sine</span> <span class='ocrx_word' id='word_1_720' title='bbox 1793 565 1858 590; x_wconf 74' lang='lat' dir='ltr'>vitio</span> <span class='ocrx_word' id='word_1_721' title='bbox 1878 565 2003 601; x_wconf 83' lang='lat' dir='ltr'>ceperint.</span> 
     </span>
     <span class='ocr_line' id='line_1_73' title="bbox 1163 605 2005 642; baseline 0 -9"><span class='ocrx_word' id='word_1_722' title='bbox 1163 606 1193 633; x_wconf 85' lang='lat' dir='ltr'>fr.</span> <span class='ocrx_word' id='word_1_723' title='bbox 1212 608 1271 633; x_wconf 90' lang='grc'>201.</span> <span class='ocrx_word' id='word_1_724' title='bbox 1291 606 1323 633; x_wconf 74' lang='lat' dir='ltr'>de</span> <span class='ocrx_word' id='word_1_725' title='bbox 1341 605 1372 633; x_wconf 87' lang='lat' dir='ltr'>R.</span> <span class='ocrx_word' id='word_1_726' title='bbox 1392 606 1409 633; x_wconf 88' lang='grc' dir='ltr'>Ι.</span> <span class='ocrx_word' id='word_1_727' title='bbox 1429 607 1470 633; x_wconf 87' lang='grc'>50.</span> <span class='ocrx_word' id='word_1_728' title='bbox 1495 608 1536 633; x_wconf 86' lang='grc'>17.</span> <span class='ocrx_word' id='word_1_729' title='bbox 1579 606 1654 642; x_wconf 82' lang='lat' dir='ltr'>Quae</span> <span class='ocrx_word' id='word_1_730' title='bbox 1677 606 1760 633; x_wconf 87' lang='lat' dir='ltr'>semel</span> <span class='ocrx_word' id='word_1_731' title='bbox 1784 606 1884 634; x_wconf 89' lang='lat' dir='ltr'>utiliter</span> <span class='ocrx_word' id='word_1_732' title='bbox 1908 607 2005 633; x_wconf 88' lang='lat' dir='ltr'>consti-</span> 
     </span>
     <span class='ocr_line' id='line_1_74' title="bbox 1164 648 2004 687; baseline 0.001 -12"><span class='ocrx_word' id='word_1_733' title='bbox 1164 653 1217 676; x_wconf 89' lang='lat' dir='ltr'>tuta</span> <span class='ocrx_word' id='word_1_734' title='bbox 1237 654 1306 681; x_wconf 82' lang='lat' dir='ltr'>sunt,</span> <span class='ocrx_word' id='word_1_735' title='bbox 1326 649 1429 681; x_wconf 85' lang='lat' dir='ltr'>durent,</span> <span class='ocrx_word' id='word_1_736' title='bbox 1448 648 1511 676; x_wconf 85' lang='lat' dir='ltr'>licet</span> <span class='ocrx_word' id='word_1_737' title='bbox 1529 648 1575 676; x_wconf 90' lang='lat' dir='ltr'>ille</span> <span class='ocrx_word' id='word_1_738' title='bbox 1593 659 1669 676; x_wconf 84' lang='lat' dir='ltr'>casus</span> <span class='ocrx_word' id='word_1_739' title='bbox 1689 651 1829 682; x_wconf 80' lang='lat' dir='ltr'>exstiterit,</span> <span class='ocrx_word' id='word_1_740' title='bbox 1850 661 1863 676; x_wconf 91' lang='lat' dir='ltr'>a</span> <span class='ocrx_word' id='word_1_741' title='bbox 1883 660 1935 687; x_wconf 89' lang='lat' dir='ltr'>quo</span> <span class='ocrx_word' id='word_1_742' title='bbox 1956 650 2004 676; x_wconf 85' lang='lat' dir='ltr'>ini-</span> 
     </span>
     <span class='ocr_line' id='line_1_75' title="bbox 1163 692 2004 729; baseline 0.001 -11"><span class='ocrx_word' id='word_1_743' title='bbox 1163 693 1228 718; x_wconf 87' lang='lat' dir='ltr'>tium</span> <span class='ocrx_word' id='word_1_744' title='bbox 1253 702 1347 729; x_wconf 82' lang='lat' dir='ltr'>capere</span> <span class='ocrx_word' id='word_1_745' title='bbox 1369 702 1422 718; x_wconf 87' lang='lat' dir='ltr'>non</span> <span class='ocrx_word' id='word_1_746' title='bbox 1445 697 1596 729; x_wconf 85' lang='lat' dir='ltr'>potuerunt.</span> <span class='ocrx_word' id='word_1_747' title='bbox 1620 692 1651 719; x_wconf 83' lang='lat' dir='ltr'>fr.</span> <span class='ocrx_word' id='word_1_748' title='bbox 1675 693 1716 719; x_wconf 88' lang='lat'>85.</span> <span class='ocrx_word' id='word_1_749' title='bbox 1741 693 1763 727; x_wconf 66' lang='grc' dir='ltr'>ξ.</span> <span class='ocrx_word' id='word_1_750' title='bbox 1790 695 1812 720; x_wconf 90' lang='lat' dir='ltr'>l.</span> <span class='ocrx_word' id='word_1_751' title='bbox 1837 692 1871 720; x_wconf 91' lang='lat' dir='ltr'>ib.</span> <span class='ocrx_word' id='word_1_752' title='bbox 1896 694 1938 719; x_wconf 91' lang='lat'>50.</span> <span class='ocrx_word' id='word_1_753' title='bbox 1964 693 2004 719; x_wconf 89' lang='grc'>17.</span> 
     </span>
     <span class='ocr_line' id='line_1_76' title="bbox 1164 735 2005 772; baseline 0.001 -11"><span class='ocrx_word' id='word_1_754' title='bbox 1164 736 1217 771; x_wconf 85' lang='lat' dir='ltr'>Qui</span> <span class='ocrx_word' id='word_1_755' title='bbox 1237 735 1334 761; x_wconf 84' lang='lat' dir='ltr'>iustum</span> <span class='ocrx_word' id='word_1_756' title='bbox 1353 735 1455 761; x_wconf 87' lang='lat' dir='ltr'>initium</span> <span class='ocrx_word' id='word_1_757' title='bbox 1469 736 1649 772; x_wconf 82' lang='lat' dir='ltr'>possessionis</span> <span class='ocrx_word' id='word_1_758' title='bbox 1662 735 1761 768; x_wconf 85' lang='lat' dir='ltr'>habuit,</span> <span class='ocrx_word' id='word_1_759' title='bbox 1781 746 1829 763; x_wconf 82' lang='lat' dir='ltr'>nec</span> <span class='ocrx_word' id='word_1_760' title='bbox 1842 735 1929 762; x_wconf 86' lang='lat' dir='ltr'>medio</span> <span class='ocrx_word' id='word_1_761' title='bbox 1942 740 2005 762; x_wconf 83' lang='lat' dir='ltr'>tem-</span> 
     </span>
     <span class='ocr_line' id='line_1_77' title="bbox 1163 776 2005 816; baseline 0.001 -12"><span class='ocrx_word' id='word_1_762' title='bbox 1163 788 1228 816; x_wconf 79' lang='lat' dir='ltr'>pore</span> <span class='ocrx_word' id='word_1_763' title='bbox 1246 776 1430 815; x_wconf 82' lang='lat' dir='ltr'>interpellatus</span> <span class='ocrx_word' id='word_1_764' title='bbox 1455 783 1503 804; x_wconf 81' lang='lat' dir='ltr'>est.</span> <span class='ocrx_word' id='word_1_765' title='bbox 1528 777 1601 804; x_wconf 87' lang='lat' dir='ltr'>Paul.</span> <span class='ocrx_word' id='word_1_766' title='bbox 1621 777 1653 804; x_wconf 85' lang='lat' dir='ltr'>V.</span> <span class='ocrx_word' id='word_1_767' title='bbox 1672 780 1696 804; x_wconf 88' lang='lat'>2.</span> <span class='ocrx_word' id='word_1_768' title='bbox 1721 779 1741 812; x_wconf 88' lang='lat'>§.</span> <span class='ocrx_word' id='word_1_769' title='bbox 1762 780 1785 806; x_wconf 85' lang='lat'>4.</span> <span class='ocrx_word' id='word_1_770' title='bbox 1823 778 1964 816; x_wconf 87' lang='lat' dir='ltr'>Spectare,</span> <span class='ocrx_word' id='word_1_771' title='bbox 1983 788 2005 805; x_wconf 88' lang='lat' dir='ltr'>s.</span> 
     </span>
     <span class='ocr_line' id='line_1_78' title="bbox 1165 820 2006 858; baseline 0.002 -12"><span class='ocrx_word' id='word_1_772' title='bbox 1165 820 1273 851; x_wconf 84' lang='lat' dir='ltr'>Intueri,</span> <span class='ocrx_word' id='word_1_773' title='bbox 1290 820 1392 846; x_wconf 86' lang='lat' dir='ltr'>initium</span> <span class='ocrx_word' id='word_1_774' title='bbox 1411 821 1586 853; x_wconf 79' lang='lat' dir='ltr'>(contractus,</span> <span class='ocrx_word' id='word_1_775' title='bbox 1606 830 1630 847; x_wconf 87' lang='lat' dir='ltr'>v.</span> <span class='ocrx_word' id='word_1_776' title='bbox 1651 821 1842 858; x_wconf 66' lang='lat' dir='ltr'>usucapionis)</span> <span class='ocrx_word' id='word_1_777' title='bbox 1862 821 1892 849; x_wconf 84' lang='lat' dir='ltr'>sr.</span> <span class='ocrx_word' id='word_1_778' title='bbox 1914 823 1953 848; x_wconf 86' lang='lat'>12.</span> <span class='ocrx_word' id='word_1_779' title='bbox 1973 820 2006 848; x_wconf 81' lang='lat' dir='ltr'>ad</span> 
     </span>
     <span class='ocr_line' id='line_1_79' title="bbox 1164 862 2008 902; baseline 0.001 -12"><span class='ocrx_word' id='word_1_780' title='bbox 1164 863 1191 890; x_wconf 91' lang='lat' dir='ltr'>S.</span> <span class='ocrx_word' id='word_1_781' title='bbox 1204 862 1234 890; x_wconf 90' lang='lat' dir='ltr'>C.</span> <span class='ocrx_word' id='word_1_782' title='bbox 1259 863 1323 890; x_wconf 80' lang='lat' dir='ltr'>Mac.</span> <span class='ocrx_word' id='word_1_783' title='bbox 1350 864 1390 889; x_wconf 95' lang='lat' dir='ltr'>l4.</span> <span class='ocrx_word' id='word_1_784' title='bbox 1413 864 1437 890; x_wconf 89' lang='grc'>6.</span> <span class='ocrx_word' id='word_1_785' title='bbox 1461 863 1493 890; x_wconf 79' lang='lat' dir='ltr'>fr.</span> <span class='ocrx_word' id='word_1_786' title='bbox 1517 865 1541 890; x_wconf 92' lang='lat'>4.</span> <span class='ocrx_word' id='word_1_787' title='bbox 1565 864 1586 898; x_wconf 88' lang='lat'>§.</span> <span class='ocrx_word' id='word_1_788' title='bbox 1608 864 1648 890; x_wconf 91' lang='lat'>18.</span> <span class='ocrx_word' id='word_1_789' title='bbox 1674 863 1707 890; x_wconf 89' lang='lat' dir='ltr'>de</span> <span class='ocrx_word' id='word_1_790' title='bbox 1726 874 1814 902; x_wconf 86' lang='lat' dir='ltr'>usurp.</span> <span class='ocrx_word' id='word_1_791' title='bbox 1835 866 1876 891; x_wconf 85' lang='lat'>41.</span> <span class='ocrx_word' id='word_1_792' title='bbox 1895 866 1919 891; x_wconf 91' lang='grc'>3.</span> <span class='ocrx_word' id='word_1_793' title='bbox 1957 864 2008 891; x_wconf 91' lang='lat' dir='ltr'>lni-</span> 
     </span>
     <span class='ocr_line' id='line_1_80' title="bbox 1164 905 2006 940; baseline 0.001 -7"><span class='ocrx_word' id='word_1_794' title='bbox 1164 907 1229 933; x_wconf 88' lang='lat' dir='ltr'>tium</span> <span class='ocrx_word' id='word_1_795' title='bbox 1249 905 1334 932; x_wconf 83' lang='lat' dir='ltr'>facere</span> <span class='ocrx_word' id='word_1_796' title='bbox 1352 907 1502 933; x_wconf 85' lang='lat' dir='ltr'>testamenti</span> <span class='ocrx_word' id='word_1_797' title='bbox 1525 906 1569 939; x_wconf 82' lang='lat' dir='ltr'>(ab</span> <span class='ocrx_word' id='word_1_798' title='bbox 1595 906 1701 933; x_wconf 80' lang='lat' dir='ltr'>heredis</span> <span class='ocrx_word' id='word_1_799' title='bbox 1725 907 1912 940; x_wconf 86' lang='lat' dir='ltr'>institutione.)</span> <span class='ocrx_word' id='word_1_800' title='bbox 1932 907 1962 934; x_wconf 73' lang='lat' dir='ltr'>fr.</span> <span class='ocrx_word' id='word_1_801' title='bbox 1983 909 2006 934; x_wconf 94' lang='lat' dir='ltr'>l.</span> 
     </span>
     <span class='ocr_line' id='line_1_81' title="bbox 1165 947 2006 987; baseline 0.001 -11"><span class='ocrx_word' id='word_1_802' title='bbox 1165 960 1204 987; x_wconf 87' lang='lat' dir='ltr'>pr.</span> <span class='ocrx_word' id='word_1_803' title='bbox 1224 948 1257 976; x_wconf 87' lang='lat' dir='ltr'>de</span> <span class='ocrx_word' id='word_1_804' title='bbox 1276 947 1366 975; x_wconf 73' lang='lat' dir='ltr'>hex-ed.</span> <span class='ocrx_word' id='word_1_805' title='bbox 1385 948 1446 975; x_wconf 81' lang='lat' dir='ltr'>inst.</span> <span class='ocrx_word' id='word_1_806' title='bbox 1465 950 1507 976; x_wconf 89' lang='lat'>28.</span> <span class='ocrx_word' id='word_1_807' title='bbox 1526 951 1550 976; x_wconf 88' lang='lat'>5.</span> <span class='ocrx_word' id='word_1_808' title='bbox 1578 949 1656 976; x_wconf 83' lang='lat' dir='ltr'>Initio</span> <span class='ocrx_word' id='word_1_809' title='bbox 1676 949 1803 977; x_wconf 86' lang='lat' dir='ltr'>formulae</span> <span class='ocrx_word' id='word_1_810' title='bbox 1819 951 1952 977; x_wconf 84' lang='lat' dir='ltr'>nominato</span> <span class='ocrx_word' id='word_1_811' title='bbox 1966 960 2006 982; x_wconf 75' lang='lat' dir='ltr'>eu,</span> 
     </span>
     <span class='ocr_line' id='line_1_82' title="bbox 1165 990 2007 1020; baseline 0.002 -3"><span class='ocrx_word' id='word_1_812' title='bbox 1165 1006 1198 1011; x_wconf 86' lang='lat'>——</span> <span class='ocrx_word' id='word_1_813' title='bbox 1218 991 1377 1018; x_wconf 81' lang='lat' dir='ltr'>adiiciuntur</span> <span class='ocrx_word' id='word_1_814' title='bbox 1395 1001 1424 1017; x_wconf 84' lang='lat' dir='ltr'>ea</span> <span class='ocrx_word' id='word_1_815' title='bbox 1442 990 1530 1018; x_wconf 88' lang='lat' dir='ltr'>verba.</span> <span class='ocrx_word' id='word_1_816' title='bbox 1550 991 1607 1019; x_wconf 87' lang='lat' dir='ltr'>Gai.</span> <span class='ocrx_word' id='word_1_817' title='bbox 1622 992 1721 1019; x_wconf 59' lang='lat' dir='ltr'>{vl-16.</span> <span class='ocrx_word' id='word_1_818' title='bbox 1759 993 1788 1019; x_wconf 89' lang='lat' dir='ltr'>Si</span> <span class='ocrx_word' id='word_1_819' title='bbox 1808 992 1839 1019; x_wconf 89' lang='lat' dir='ltr'>ab</span> <span class='ocrx_word' id='word_1_820' title='bbox 1859 994 1933 1019; x_wconf 89' lang='lat' dir='ltr'>initio</span> <span class='ocrx_word' id='word_1_821' title='bbox 1947 1003 2007 1020; x_wconf 87' lang='lat' dir='ltr'>con-</span> 
     </span>
     <span class='ocr_line' id='line_1_83' title="bbox 1164 1033 2007 1071; baseline 0.001 -10"><span class='ocrx_word' id='word_1_822' title='bbox 1164 1036 1239 1062; x_wconf 86' lang='lat' dir='ltr'>venit</span> <span class='ocrx_word' id='word_1_823' title='bbox 1263 1034 1296 1061; x_wconf 86' lang='lat' dir='ltr'>de</span> <span class='ocrx_word' id='word_1_824' title='bbox 1320 1038 1368 1060; x_wconf 83' lang='lat' dir='ltr'>etc.</span> <span class='ocrx_word' id='word_1_825' title='bbox 1392 1033 1423 1060; x_wconf 78' lang='lat' dir='ltr'>fr.</span> <span class='ocrx_word' id='word_1_826' title='bbox 1446 1034 1488 1060; x_wconf 84' lang='lat'>24.</span> <span class='ocrx_word' id='word_1_827' title='bbox 1513 1034 1604 1071; x_wconf 73' lang='lat' dir='ltr'>depos.</span> <span class='ocrx_word' id='word_1_828' title='bbox 1628 1036 1669 1062; x_wconf 91' lang='grc'>16.</span> <span class='ocrx_word' id='word_1_829' title='bbox 1694 1037 1718 1062; x_wconf 90' lang='lat'>3.</span> <span class='ocrx_word' id='word_1_830' title='bbox 1757 1035 1853 1062; x_wconf 84' lang='lat' dir='ltr'>Statim</span> <span class='ocrx_word' id='word_1_831' title='bbox 1872 1035 1904 1062; x_wconf 88' lang='lat' dir='ltr'>ab</span> <span class='ocrx_word' id='word_1_832' title='bbox 1923 1036 2007 1062; x_wconf 85' lang='lat' dir='ltr'>initio.</span> 
     </span>
     <span class='ocr_line' id='line_1_84' title="bbox 1166 1075 2006 1115; baseline -0.001 -10"><span class='ocrx_word' id='word_1_833' title='bbox 1166 1078 1223 1105; x_wconf 87' lang='lat' dir='ltr'>Gai.</span> <span class='ocrx_word' id='word_1_834' title='bbox 1243 1077 1272 1104; x_wconf 91' lang='lat' dir='ltr'>II.</span> <span class='ocrx_word' id='word_1_835' title='bbox 1294 1078 1352 1104; x_wconf 88' lang='lat'>123.</span> <span class='ocrx_word' id='word_1_836' title='bbox 1373 1077 1430 1103; x_wconf 85' lang='lat'>148.</span> <span class='ocrx_word' id='word_1_837' title='bbox 1449 1075 1494 1103; x_wconf 92' lang='lat' dir='ltr'>IV.</span> <span class='ocrx_word' id='word_1_838' title='bbox 1515 1079 1572 1104; x_wconf 77' lang='lat'>172.</span> <span class='ocrx_word' id='word_1_839' title='bbox 1591 1088 1631 1115; x_wconf 88' lang='lat' dir='ltr'>sq.</span> <span class='ocrx_word' id='word_1_840' title='bbox 1651 1079 1681 1105; x_wconf 82' lang='lat' dir='ltr'>lr.</span> <span class='ocrx_word' id='word_1_841' title='bbox 1702 1080 1742 1105; x_wconf 89' lang='lat'>73.</span> <span class='ocrx_word' id='word_1_842' title='bbox 1763 1079 1784 1113; x_wconf 87' lang='lat'>§.</span> <span class='ocrx_word' id='word_1_843' title='bbox 1799 1080 1823 1105; x_wconf 90' lang='grc'>5.</span> <span class='ocrx_word' id='word_1_844' title='bbox 1843 1078 1875 1105; x_wconf 87' lang='lat' dir='ltr'>ad</span> <span class='ocrx_word' id='word_1_845' title='bbox 1894 1077 1925 1105; x_wconf 90' lang='lat' dir='ltr'>L.</span> <span class='ocrx_word' id='word_1_846' title='bbox 1936 1077 2006 1105; x_wconf 84' lang='lat' dir='ltr'>Falc.</span> 
     </span>
     <span class='ocr_line' id='line_1_85' title="bbox 1165 1123 1250 1148; baseline 0 0"><span class='ocrx_word' id='word_1_847' title='bbox 1165 1123 1206 1148; x_wconf 88' lang='lat'>35.</span> <span class='ocrx_word' id='word_1_848' title='bbox 1225 1123 1250 1148; x_wconf 78' lang='lat'>2.</span> 
     </span>
    </p>

    <p class='ocr_par' dir='ltr' id='par_1_12' title="bbox 1165 1162 2009 1329">
     <span class='ocr_line' id='line_1_86' title="bbox 1200 1162 2009 1198; baseline -0.001 -7"><span class='ocrx_word' id='word_1_849' title='bbox 1200 1163 1409 1191; x_wconf 67' lang='lat' dir='ltr'>Iniunctio.</span> <span class='ocrx_word' id='word_1_850' title='bbox 1447 1164 1567 1190; x_wconf 72' lang='lat' dir='ltr'><em>Munus</em></span> <span class='ocrx_word' id='word_1_851' title='bbox 1587 1165 1785 1198; x_wconf 72' lang='lat' dir='ltr'>impositum.</span> <span class='ocrx_word' id='word_1_852' title='bbox 1823 1163 1866 1190; x_wconf 92' lang='lat' dir='ltr'>III.</span> <span class='ocrx_word' id='word_1_853' title='bbox 1887 1164 1953 1192; x_wconf 76' lang='lat' dir='ltr'>Cn.</span> <span class='ocrx_word' id='word_1_854' title='bbox 1972 1162 2009 1191; x_wconf 76' lang='lat' dir='ltr'>Vt</span> 
     </span>
     <span class='ocr_line' id='line_1_87' title="bbox 1166 1205 2009 1243; baseline 0 -9"><span class='ocrx_word' id='word_1_855' title='bbox 1166 1206 1265 1234; x_wconf 92' lang='lat' dir='ltr'>nullam</span> <span class='ocrx_word' id='word_1_856' title='bbox 1284 1207 1486 1238; x_wconf 78' lang='lat' dir='ltr'>iniunctionem,</span> <span class='ocrx_word' id='word_1_857' title='bbox 1505 1205 1604 1232; x_wconf 90' lang='lat' dir='ltr'>nnllam</span> <span class='ocrx_word' id='word_1_858' title='bbox 1623 1206 1832 1234; x_wconf 85' lang='lat' dir='ltr'>sollicitudinem</span> <span class='ocrx_word' id='word_1_859' title='bbox 1850 1207 1948 1243; x_wconf 74' lang='lat' dir='ltr'>privati</span> <span class='ocrx_word' id='word_1_860' title='bbox 1965 1206 2009 1234; x_wconf 83' lang='lat' dir='ltr'>vel</span> 
     </span>
     <span class='ocr_line' id='line_1_88' title="bbox 1166 1248 2008 1287; baseline 0.001 -11"><span class='ocrx_word' id='word_1_861' title='bbox 1166 1249 1266 1287; x_wconf 88' lang='lat' dir='ltr'>publici</span> <span class='ocrx_word' id='word_1_862' title='bbox 1287 1250 1385 1285; x_wconf 82' lang='lat' dir='ltr'>negotii</span> <span class='ocrx_word' id='word_1_863' title='bbox 1404 1265 1437 1269; x_wconf 87' lang='lat'><em>-</em></span> <span class='ocrx_word' id='word_1_864' title='bbox 1456 1250 1589 1276; x_wconf 85' lang='lat' dir='ltr'>sustinere</span> <span class='ocrx_word' id='word_1_865' title='bbox 1607 1250 1720 1287; x_wconf 85' lang='lat' dir='ltr'>possint.</span> <span class='ocrx_word' id='word_1_866' title='bbox 1740 1259 1762 1276; x_wconf 86' lang='lat' dir='ltr'>c.</span> <span class='ocrx_word' id='word_1_867' title='bbox 1782 1250 1821 1276; x_wconf 87' lang='lat'>14.</span> <span class='ocrx_word' id='word_1_868' title='bbox 1842 1248 1874 1276; x_wconf 85' lang='lat' dir='ltr'>de</span> <span class='ocrx_word' id='word_1_869' title='bbox 1887 1249 1967 1276; x_wconf 83' lang='lat' dir='ltr'>Palat.</span> <span class='ocrx_word' id='word_1_870' title='bbox 1980 1250 2008 1277; x_wconf 90' lang='lat' dir='ltr'>S.</span> 
     </span>
     <span class='ocr_line' id='line_1_89' title="bbox 1165 1293 1361 1329; baseline -0.01 -9"><span class='ocrx_word' id='word_1_871' title='bbox 1165 1293 1244 1329; x_wconf 77' lang='lat' dir='ltr'>lai-gg.</span> <span class='ocrx_word' id='word_1_872' title='bbox 1266 1293 1306 1318; x_wconf 93' lang='lat'>12.</span> <span class='ocrx_word' id='word_1_873' title='bbox 1319 1293 1361 1318; x_wconf 75' lang='grc'>24.</span> 
     </span>
    </p>

    <p class='ocr_par' dir='ltr' id='par_1_13' title="bbox 1166 1334 2011 1629">
     <span class='ocr_line' id='line_1_90' title="bbox 1201 1334 2008 1368; baseline 0 -6"><span class='ocrx_word' id='word_1_874' title='bbox 1201 1335 1438 1362; x_wconf 76' lang='lat' dir='ltr'>lui-metum.</span> <span class='ocrx_word' id='word_1_875' title='bbox 1476 1334 1606 1368; x_wconf 85' lang='lat' dir='ltr'>(Partic.)</span> <span class='ocrx_word' id='word_1_876' title='bbox 1647 1335 1679 1368; x_wconf 83' lang='lat'>§·</span> <span class='ocrx_word' id='word_1_877' title='bbox 1707 1336 1743 1361; x_wconf 89' lang='lat'>1.</span> <span class='ocrx_word' id='word_1_878' title='bbox 1781 1336 2008 1362; x_wconf 73' lang='lat' dir='ltr'>Coniunctum.</span> 
     </span>
     <span class='ocr_line' id='line_1_91' title="bbox 1168 1376 2009 1414; baseline -0.001 -9"><span class='ocrx_word' id='word_1_879' title='bbox 1168 1378 1187 1406; x_wconf 93' lang='lat' dir='ltr'>I.</span> <span class='ocrx_word' id='word_1_880' title='bbox 1208 1379 1270 1413; x_wconf 74' lang='lat' dir='ltr'>Sy.</span> <span class='ocrx_word' id='word_1_881' title='bbox 1289 1377 1417 1405; x_wconf 88' lang='lat' dir='ltr'>Iunctum.</span> <span class='ocrx_word' id='word_1_882' title='bbox 1437 1376 1479 1405; x_wconf 85' lang='lat' dir='ltr'>Cf.</span> <span class='ocrx_word' id='word_1_883' title='bbox 1498 1388 1522 1405; x_wconf 80' lang='lat' dir='ltr'>v.</span> <span class='ocrx_word' id='word_1_884' title='bbox 1541 1377 1658 1409; x_wconf 86' lang='lat' dir='ltr'>Iunctus,</span> <span class='ocrx_word' id='word_1_885' title='bbox 1676 1387 1701 1404; x_wconf 82' lang='lat' dir='ltr'>v.</span> <span class='ocrx_word' id='word_1_886' title='bbox 1719 1377 1864 1414; x_wconf 83' lang='lat' dir='ltr'>Iniungere.</span> <span class='ocrx_word' id='word_1_887' title='bbox 1879 1393 1911 1398; x_wconf 90' lang='lat'>——</span> <span class='ocrx_word' id='word_1_888' title='bbox 1925 1378 1956 1411; x_wconf 64' lang='grc' dir='ltr'>ξ.</span> <span class='ocrx_word' id='word_1_889' title='bbox 1972 1379 2009 1405; x_wconf 69' lang='grc'>3.</span> 
     </span>
     <span class='ocr_line' id='line_1_92' title="bbox 1167 1419 2010 1456; baseline -0.002 -7"><span class='ocrx_word' id='word_1_890' title='bbox 1167 1423 1373 1456; x_wconf 79' lang='lat' dir='ltr'>Impertrtum.</span> <span class='ocrx_word' id='word_1_891' title='bbox 1387 1422 1579 1455; x_wconf 74' lang='lat' dir='ltr'>Impositum</span> <span class='ocrx_word' id='word_1_892' title='bbox 1593 1422 1855 1455; x_wconf 68' lang='lat' dir='ltr'>onuepublicum.</span> <span class='ocrx_word' id='word_1_893' title='bbox 1868 1419 2010 1454; x_wconf 79' lang='lat' dir='ltr'>(Cf.v.1n-</span> 
     </span>
     <span class='ocr_line' id='line_1_93' title="bbox 1166 1462 2011 1501; baseline -0.001 -10"><span class='ocrx_word' id='word_1_894' title='bbox 1166 1465 1281 1501; x_wconf 83' lang='lat' dir='ltr'>iungere.</span> <span class='ocrx_word' id='word_1_895' title='bbox 1295 1464 1317 1498; x_wconf 84' lang='lat'>§.</span> <span class='ocrx_word' id='word_1_896' title='bbox 1330 1464 1369 1497; x_wconf 92' lang='grc'>3.)</span> <span class='ocrx_word' id='word_1_897' title='bbox 1385 1463 1503 1491; x_wconf 69' lang='lat' dir='ltr'>lucu.</span> <span class='ocrx_word' id='word_1_898' title='bbox 1516 1463 1540 1490; x_wconf 88' lang='lat' dir='ltr'><strong>A</strong></span> <span class='ocrx_word' id='word_1_899' title='bbox 1560 1463 1656 1500; x_wconf 89' lang='lat' dir='ltr'>quibus</span> <span class='ocrx_word' id='word_1_900' title='bbox 1675 1462 1775 1500; x_wconf 88' lang='lat' dir='ltr'>publici</span> <span class='ocrx_word' id='word_1_901' title='bbox 1793 1464 1909 1490; x_wconf 84' lang='lat' dir='ltr'>muneris</span> <span class='ocrx_word' id='word_1_902' title='bbox 1927 1464 2011 1490; x_wconf 85' lang='lat' dir='ltr'>iniun-</span> 
     </span>
     <span class='ocr_line' id='line_1_94' title="bbox 1168 1505 2010 1543; baseline -0.002 -9"><span class='ocrx_word' id='word_1_903' title='bbox 1168 1512 1208 1534; x_wconf 89' lang='lat' dir='ltr'>cta</span> <span class='ocrx_word' id='word_1_904' title='bbox 1228 1511 1359 1534; x_wconf 85' lang='lat' dir='ltr'>curantur.</span> <span class='ocrx_word' id='word_1_905' title='bbox 1389 1505 1440 1533; x_wconf 87' lang='lat' dir='ltr'>Tb.</span> <span class='ocrx_word' id='word_1_906' title='bbox 1461 1506 1492 1533; x_wconf 91' lang='lat' dir='ltr'>C.</span> <span class='ocrx_word' id='word_1_907' title='bbox 1511 1506 1544 1533; x_wconf 92' lang='lat' dir='ltr'>X.</span> <span class='ocrx_word' id='word_1_908' title='bbox 1570 1508 1610 1532; x_wconf 90' lang='grc'>10.</span> <span class='ocrx_word' id='word_1_909' title='bbox 1635 1516 1656 1532; x_wconf 92' lang='lat' dir='ltr'>c.</span> <span class='ocrx_word' id='word_1_910' title='bbox 1676 1507 1717 1532; x_wconf 81' lang='lat'>29.</span> <span class='ocrx_word' id='word_1_911' title='bbox 1741 1505 1762 1539; x_wconf 84' lang='lat'>§.</span> <span class='ocrx_word' id='word_1_912' title='bbox 1781 1508 1805 1532; x_wconf 87' lang='lat'>3.</span> <span class='ocrx_word' id='word_1_913' title='bbox 1830 1505 1863 1533; x_wconf 83' lang='lat' dir='ltr'>de</span> <span class='ocrx_word' id='word_1_914' title='bbox 1888 1507 1963 1543; x_wconf 85' lang='lat' dir='ltr'>petit.</span> <span class='ocrx_word' id='word_1_915' title='bbox 1984 1511 2010 1532; x_wconf 90' lang='lat' dir='ltr'>et</span> 
     </span>
     <span class='ocr_line' id='line_1_95' title="bbox 1168 1548 2011 1577; baseline -0.001 0"><span class='ocrx_word' id='word_1_916' title='bbox 1168 1550 1237 1577; x_wconf 87' lang='lat' dir='ltr'>ultro</span> <span class='ocrx_word' id='word_1_917' title='bbox 1260 1549 1312 1576; x_wconf 84' lang='lat' dir='ltr'>dat.</span> <span class='ocrx_word' id='word_1_918' title='bbox 1349 1549 1391 1575; x_wconf 87' lang='lat' dir='ltr'>Ab</span> <span class='ocrx_word' id='word_1_919' title='bbox 1417 1548 1540 1576; x_wconf 89' lang='lat' dir='ltr'>omnibus</span> <span class='ocrx_word' id='word_1_920' title='bbox 1561 1564 1591 1569; x_wconf 93' lang='lat'>—</span> <span class='ocrx_word' id='word_1_921' title='bbox 1611 1549 1735 1575; x_wconf 87' lang='lat' dir='ltr'>iniunctis</span> <span class='ocrx_word' id='word_1_922' title='bbox 1759 1548 1903 1576; x_wconf 82' lang='lat' dir='ltr'>habeantur</span> <span class='ocrx_word' id='word_1_923' title='bbox 1921 1550 2011 1576; x_wconf 86' lang='lat' dir='ltr'>immu-</span> 
     </span>
     <span class='ocr_line' id='line_1_96' title="bbox 1169 1591 1976 1629; baseline -0.002 -9"><span class='ocrx_word' id='word_1_924' title='bbox 1169 1603 1224 1620; x_wconf 85' lang='lat' dir='ltr'>nes.</span> <span class='ocrx_word' id='word_1_925' title='bbox 1246 1593 1283 1619; x_wconf 93' lang='lat' dir='ltr'>1b.</span> <span class='ocrx_word' id='word_1_926' title='bbox 1304 1591 1347 1619; x_wconf 67' lang='lat' dir='ltr'>VI.</span> <span class='ocrx_word' id='word_1_927' title='bbox 1366 1594 1408 1619; x_wconf 85' lang='lat'>35.</span> <span class='ocrx_word' id='word_1_928' title='bbox 1429 1602 1450 1619; x_wconf 91' lang='lat' dir='ltr'>c.</span> <span class='ocrx_word' id='word_1_929' title='bbox 1472 1594 1511 1619; x_wconf 89' lang='lat'>11.</span> <span class='ocrx_word' id='word_1_930' title='bbox 1532 1591 1564 1619; x_wconf 88' lang='lat' dir='ltr'>de</span> <span class='ocrx_word' id='word_1_931' title='bbox 1583 1592 1649 1628; x_wconf 86' lang='lat' dir='ltr'>priv.</span> <span class='ocrx_word' id='word_1_932' title='bbox 1670 1601 1724 1618; x_wconf 87' lang='lat' dir='ltr'>eor.</span> <span class='ocrx_word' id='word_1_933' title='bbox 1743 1602 1786 1629; x_wconf 89' lang='lat' dir='ltr'>qu.</span> <span class='ocrx_word' id='word_1_934' title='bbox 1805 1593 1830 1618; x_wconf 93' lang='lat' dir='ltr'>in</span> <span class='ocrx_word' id='word_1_935' title='bbox 1850 1591 1878 1619; x_wconf 94' lang='lat' dir='ltr'>S.</span> <span class='ocrx_word' id='word_1_936' title='bbox 1898 1592 1976 1629; x_wconf 83' lang='lat' dir='ltr'>palat.</span> 
     </span>
    </p>

    <p class='ocr_par' dir='ltr' id='par_1_14' title="bbox 1166 1634 2011 1885">
     <span class='ocr_line' id='line_1_97' title="bbox 1204 1634 2010 1670; baseline -0.001 -7"><span class='ocrx_word' id='word_1_937' title='bbox 1204 1636 1430 1669; x_wconf 77' lang='lat' dir='ltr'>Iniungere.</span> <span class='ocrx_word' id='word_1_938' title='bbox 1459 1634 1489 1667; x_wconf 83' lang='lat'>§.</span> <span class='ocrx_word' id='word_1_939' title='bbox 1510 1636 1544 1661; x_wconf 84' lang='lat' dir='ltr'>l.</span> <span class='ocrx_word' id='word_1_940' title='bbox 1575 1636 1794 1670; x_wconf 76' lang='lat' dir='ltr'>Cnniungere,</span> <span class='ocrx_word' id='word_1_941' title='bbox 1813 1636 2010 1670; x_wconf 77' lang='lat' dir='ltr'>Adinngere.</span> 
     </span>
     <span class='ocr_line' id='line_1_98' title="bbox 1166 1676 2010 1714; baseline 0 -10"><span class='ocrx_word' id='word_1_942' title='bbox 1166 1679 1185 1706; x_wconf 87' lang='grc' dir='ltr'>Ι,</span> <span class='ocrx_word' id='word_1_943' title='bbox 1200 1680 1262 1712; x_wconf 73' lang='lat' dir='ltr'>Sy.</span> <span class='ocrx_word' id='word_1_944' title='bbox 1282 1677 1399 1713; x_wconf 83' lang='lat' dir='ltr'>Iungere,</span> <span class='ocrx_word' id='word_1_945' title='bbox 1418 1676 1534 1704; x_wconf 85' lang='lat' dir='ltr'>Sociare.</span> <span class='ocrx_word' id='word_1_946' title='bbox 1553 1677 1590 1704; x_wconf 86' lang='lat' dir='ltr'>lb.</span> <span class='ocrx_word' id='word_1_947' title='bbox 1610 1676 1654 1704; x_wconf 74' lang='lat' dir='ltr'>Vl.</span> <span class='ocrx_word' id='word_1_948' title='bbox 1673 1679 1698 1704; x_wconf 84' lang='grc'>4.</span> <span class='ocrx_word' id='word_1_949' title='bbox 1719 1687 1740 1704; x_wconf 92' lang='lat' dir='ltr'>c.</span> <span class='ocrx_word' id='word_1_950' title='bbox 1759 1679 1800 1704; x_wconf 84' lang='grc'>25.</span> <span class='ocrx_word' id='word_1_951' title='bbox 1819 1687 1859 1714; x_wconf 89' lang='lat' dir='ltr'>pr.</span> <span class='ocrx_word' id='word_1_952' title='bbox 1879 1677 1911 1704; x_wconf 86' lang='lat' dir='ltr'>de</span> <span class='ocrx_word' id='word_1_953' title='bbox 1924 1677 2010 1704; x_wconf 83' lang='lat' dir='ltr'>Praet.</span> 
     </span>
     <span class='ocr_line' id='line_1_99' title="bbox 1168 1719 2009 1757; baseline -0.002 -9"><span class='ocrx_word' id='word_1_954' title='bbox 1168 1726 1193 1748; x_wconf 88' lang='lat' dir='ltr'>et</span> <span class='ocrx_word' id='word_1_955' title='bbox 1213 1722 1264 1757; x_wconf 79' lang='lat' dir='ltr'>Qu.</span> <span class='ocrx_word' id='word_1_956' title='bbox 1284 1720 1328 1747; x_wconf 68' lang='lat' dir='ltr'>w.</span> <span class='ocrx_word' id='word_1_957' title='bbox 1347 1721 1389 1746; x_wconf 87' lang='grc'>24.</span> <span class='ocrx_word' id='word_1_958' title='bbox 1409 1729 1430 1746; x_wconf 89' lang='lat' dir='ltr'>c.</span> <span class='ocrx_word' id='word_1_959' title='bbox 1449 1721 1474 1746; x_wconf 85' lang='lat'>2.</span> <span class='ocrx_word' id='word_1_960' title='bbox 1494 1729 1516 1746; x_wconf 89' lang='lat' dir='ltr'>c.</span> <span class='ocrx_word' id='word_1_961' title='bbox 1534 1721 1558 1746; x_wconf 88' lang='lat'>5.</span> <span class='ocrx_word' id='word_1_962' title='bbox 1580 1720 1613 1747; x_wconf 88' lang='lat' dir='ltr'>de</span> <span class='ocrx_word' id='word_1_963' title='bbox 1631 1719 1742 1746; x_wconf 87' lang='lat' dir='ltr'>domest.</span> <span class='ocrx_word' id='word_1_964' title='bbox 1767 1725 1792 1747; x_wconf 85' lang='lat' dir='ltr'>et</span> <span class='ocrx_word' id='word_1_965' title='bbox 1816 1724 1928 1757; x_wconf 86' lang='lat' dir='ltr'>protect.</span> <span class='ocrx_word' id='word_1_966' title='bbox 1965 1719 2009 1747; x_wconf 89' lang='lat'>111.</span> 
     </span>
     <span class='ocr_line' id='line_1_100' title="bbox 1168 1762 2011 1800; baseline -0.004 -8"><span class='ocrx_word' id='word_1_967' title='bbox 1168 1766 1234 1792; x_wconf 75' lang='lat' dir='ltr'>Gn.</span> <span class='ocrx_word' id='word_1_968' title='bbox 1254 1763 1386 1790; x_wconf 86' lang='lat' dir='ltr'>Omnibus</span> <span class='ocrx_word' id='word_1_969' title='bbox 1406 1763 1482 1789; x_wconf 88' lang='lat' dir='ltr'>etiam</span> <span class='ocrx_word' id='word_1_970' title='bbox 1502 1762 1587 1789; x_wconf 86' lang='lat' dir='ltr'>titulis</span> <span class='ocrx_word' id='word_1_971' title='bbox 1611 1762 1653 1789; x_wconf 87' lang='lat' dir='ltr'>hic</span> <span class='ocrx_word' id='word_1_972' title='bbox 1677 1763 1739 1800; x_wconf 86' lang='lat' dir='ltr'>(pro</span> <span class='ocrx_word' id='word_1_973' title='bbox 1761 1763 1932 1800; x_wconf 85' lang='lat' dir='ltr'>possessore)</span> <span class='ocrx_word' id='word_1_974' title='bbox 1951 1762 2011 1789; x_wconf 83' lang='lat' dir='ltr'>hae-</span> 
     </span>
     <span class='ocr_line' id='line_1_101' title="bbox 1169 1805 2010 1843; baseline -0.002 -9"><span class='ocrx_word' id='word_1_975' title='bbox 1169 1812 1218 1839; x_wconf 86' lang='lat' dir='ltr'>ret,</span> <span class='ocrx_word' id='word_1_976' title='bbox 1238 1812 1264 1834; x_wconf 88' lang='lat' dir='ltr'>et</span> <span class='ocrx_word' id='word_1_977' title='bbox 1283 1807 1358 1843; x_wconf 84' lang='lat' dir='ltr'>quasi</span> <span class='ocrx_word' id='word_1_978' title='bbox 1379 1806 1512 1832; x_wconf 89' lang='lat' dir='ltr'>iniunctus</span> <span class='ocrx_word' id='word_1_979' title='bbox 1532 1810 1579 1832; x_wconf 82' lang='lat' dir='ltr'>est.</span> <span class='ocrx_word' id='word_1_980' title='bbox 1600 1805 1629 1832; x_wconf 77' lang='lat' dir='ltr'>fr.</span> <span class='ocrx_word' id='word_1_981' title='bbox 1651 1807 1691 1832; x_wconf 85' lang='lat'>13.</span> <span class='ocrx_word' id='word_1_982' title='bbox 1711 1806 1733 1839; x_wconf 85' lang='lat'>§.</span> <span class='ocrx_word' id='word_1_983' title='bbox 1754 1807 1776 1832; x_wconf 94' lang='lat'>1.</span> <span class='ocrx_word' id='word_1_984' title='bbox 1797 1805 1830 1832; x_wconf 88' lang='lat' dir='ltr'>de</span> <span class='ocrx_word' id='word_1_985' title='bbox 1849 1805 1937 1832; x_wconf 84' lang='lat' dir='ltr'>bered.</span> <span class='ocrx_word' id='word_1_986' title='bbox 1957 1810 2010 1843; x_wconf 86' lang='lat' dir='ltr'>pet.</span> 
     </span>
     <span class='ocr_line' id='line_1_102' title="bbox 1167 1847 2011 1885; baseline -0.002 -8"><span class='ocrx_word' id='word_1_987' title='bbox 1167 1852 1192 1877; x_wconf 96' lang='lat'>5.</span> <span class='ocrx_word' id='word_1_988' title='bbox 1210 1852 1235 1876; x_wconf 86' lang='lat'>3.</span> <span class='ocrx_word' id='word_1_989' title='bbox 1273 1849 1326 1885; x_wconf 77' lang='lat' dir='ltr'>Qui</span> <span class='ocrx_word' id='word_1_990' title='bbox 1347 1848 1453 1875; x_wconf 88' lang='lat' dir='ltr'>domum</span> <span class='ocrx_word' id='word_1_991' title='bbox 1471 1847 1593 1881; x_wconf 79' lang='lat' dir='ltr'>habebat,</span> <span class='ocrx_word' id='word_1_992' title='bbox 1613 1859 1698 1875; x_wconf 80' lang='lat' dir='ltr'>aream</span> <span class='ocrx_word' id='word_1_993' title='bbox 1716 1849 1859 1875; x_wconf 82' lang='lat' dir='ltr'>iniunctam</span> <span class='ocrx_word' id='word_1_994' title='bbox 1878 1849 1901 1874; x_wconf 89' lang='lat' dir='ltr'>ei</span> <span class='ocrx_word' id='word_1_995' title='bbox 1921 1847 2011 1875; x_wconf 84' lang='lat' dir='ltr'>domui</span> 
     </span>
    </p>
   </div>
   <div class='ocr_carea' id='block_1_10' title="bbox 1145 1890 2011 1928">
    <p class='ocr_par' dir='ltr' id='par_1_15' title="bbox 1145 1890 2011 1928">
     <span class='ocr_line' id='line_1_103' title="bbox 1145 1890 2011 1928; baseline -0.003 -8"><span class='ocrx_word' id='word_1_996' title='bbox 1145 1915 1146 1924; x_wconf 63' lang='grc'>,</span> <span class='ocrx_word' id='word_1_997' title='bbox 1168 1909 1200 1913; x_wconf 92' lang='lat'>—-</span> <span class='ocrx_word' id='word_1_998' title='bbox 1220 1893 1361 1920; x_wconf 78' lang='lat' dir='ltr'>locaverat.</span> <span class='ocrx_word' id='word_1_999' title='bbox 1381 1891 1411 1918; x_wconf 83' lang='lat' dir='ltr'>sr.</span> <span class='ocrx_word' id='word_1_1000' title='bbox 1429 1893 1471 1918; x_wconf 84' lang='lat'>57.</span> <span class='ocrx_word' id='word_1_1001' title='bbox 1492 1891 1568 1918; x_wconf 86' lang='lat' dir='ltr'>locat.</span> <span class='ocrx_word' id='word_1_1002' title='bbox 1590 1893 1630 1918; x_wconf 91' lang='lat'>19.</span> <span class='ocrx_word' id='word_1_1003' title='bbox 1643 1893 1667 1918; x_wconf 90' lang='lat'>2.</span> <span class='ocrx_word' id='word_1_1004' title='bbox 1704 1890 1765 1918; x_wconf 63' lang='lat' dir='ltr'>Non</span> <span class='ocrx_word' id='word_1_1005' title='bbox 1784 1901 1813 1918; x_wconf 87' lang='lat' dir='ltr'>ea</span> <span class='ocrx_word' id='word_1_1006' title='bbox 1832 1896 1932 1918; x_wconf 87' lang='lat' dir='ltr'>tantum</span> <span class='ocrx_word' id='word_1_1007' title='bbox 1950 1900 2011 1928; x_wconf 83' lang='lat' dir='ltr'>pos-</span> 
     </span>
    </p>
   </div>
   <div class='ocr_carea' id='block_1_11' title="bbox 1168 1933 2010 2014">
    <p class='ocr_par' dir='ltr' id='par_1_16' title="bbox 1168 1933 2010 2014">
     <span class='ocr_line' id='line_1_104' title="bbox 1168 1933 2010 1971; baseline -0.004 -9"><span class='ocrx_word' id='word_1_1008' title='bbox 1168 1936 1262 1967; x_wconf 85' lang='lat' dir='ltr'>sessio,</span> <span class='ocrx_word' id='word_1_1009' title='bbox 1282 1950 1315 1954; x_wconf 95' lang='lat'>——</span> <span class='ocrx_word' id='word_1_1010' title='bbox 1335 1944 1402 1971; x_wconf 84' lang='lat' dir='ltr'>quae</span> <span class='ocrx_word' id='word_1_1011' title='bbox 1421 1935 1499 1960; x_wconf 86' lang='lat' dir='ltr'>morti</span> <span class='ocrx_word' id='word_1_1012' title='bbox 1519 1934 1567 1968; x_wconf 88' lang='lat' dir='ltr'>[al.</span> <span class='ocrx_word' id='word_1_1013' title='bbox 1592 1935 1684 1961; x_wconf 87' lang='lat' dir='ltr'>mortis</span> <span class='ocrx_word' id='word_1_1014' title='bbox 1704 1934 1839 1971; x_wconf 86' lang='lat' dir='ltr'>tempore]</span> <span class='ocrx_word' id='word_1_1015' title='bbox 1859 1933 1908 1960; x_wconf 82' lang='lat' dir='ltr'>suit</span> <span class='ocrx_word' id='word_1_1016' title='bbox 1926 1934 2010 1959; x_wconf 92' lang='lat' dir='ltr'>iniun-</span> 
     </span>
     <span class='ocr_line' id='line_1_105' title="bbox 1169 1975 2009 2014; baseline -0.004 -9"><span class='ocrx_word' id='word_1_1017' title='bbox 1169 1984 1222 2011; x_wconf 81' lang='lat' dir='ltr'>cta,</span> <span class='ocrx_word' id='word_1_1018' title='bbox 1248 1988 1338 2005; x_wconf 79' lang='lat' dir='ltr'>verum</span> <span class='ocrx_word' id='word_1_1019' title='bbox 1362 1988 1391 2004; x_wconf 80' lang='lat' dir='ltr'>ea</span> <span class='ocrx_word' id='word_1_1020' title='bbox 1416 1987 1522 2014; x_wconf 87' lang='lat' dir='ltr'>quoque</span> <span class='ocrx_word' id='word_1_1021' title='bbox 1547 1987 1613 2014; x_wconf 82' lang='lat' dir='ltr'>quae</span> <span class='ocrx_word' id='word_1_1022' title='bbox 1637 1987 1750 2014; x_wconf 83' lang='lat' dir='ltr'>unquam</span> <span class='ocrx_word' id='word_1_1023' title='bbox 1770 1977 1904 2004; x_wconf 84' lang='lat' dir='ltr'>testatoris</span> <span class='ocrx_word' id='word_1_1024' title='bbox 1923 1975 2009 2002; x_wconf 79' lang='lat' dir='ltr'>suerit.</span> 
     </span>
    </p>
   </div>
   <div class='ocr_carea' id='block_1_12' title="bbox 1145 2019 2011 2141">
    <p class='ocr_par' dir='ltr' id='par_1_17' title="bbox 1145 2019 2011 2141">
     <span class='ocr_line' id='line_1_106' title="bbox 1145 2019 2011 2055; baseline -0.005 -6"><span class='ocrx_word' id='word_1_1025' title='bbox 1145 2025 1146 2050; x_wconf 71' lang='lat'>1</span> <span class='ocrx_word' id='word_1_1026' title='bbox 1168 2022 1198 2049; x_wconf 74' lang='lat' dir='ltr'>l&#39;r.</span> <span class='ocrx_word' id='word_1_1027' title='bbox 1221 2023 1260 2048; x_wconf 85' lang='lat'>13.</span> <span class='ocrx_word' id='word_1_1028' title='bbox 1279 2021 1301 2055; x_wconf 59' lang='grc' dir='ltr'>ξ.</span> <span class='ocrx_word' id='word_1_1029' title='bbox 1321 2023 1345 2047; x_wconf 91' lang='grc'>5.</span> <span class='ocrx_word' id='word_1_1030' title='bbox 1365 2020 1398 2047; x_wconf 85' lang='lat' dir='ltr'>de</span> <span class='ocrx_word' id='word_1_1031' title='bbox 1410 2020 1442 2047; x_wconf 87' lang='lat' dir='ltr'>A.</span> <span class='ocrx_word' id='word_1_1032' title='bbox 1461 2030 1486 2047; x_wconf 83' lang='lat' dir='ltr'>v.</span> <span class='ocrx_word' id='word_1_1033' title='bbox 1505 2019 1537 2046; x_wconf 87' lang='lat' dir='ltr'>A.</span> <span class='ocrx_word' id='word_1_1034' title='bbox 1557 2019 1585 2046; x_wconf 91' lang='lat' dir='ltr'>P.</span> <span class='ocrx_word' id='word_1_1035' title='bbox 1605 2021 1646 2046; x_wconf 91' lang='lat'>41.</span> <span class='ocrx_word' id='word_1_1036' title='bbox 1665 2022 1689 2046; x_wconf 80' lang='lat'>2.</span> <span class='ocrx_word' id='word_1_1037' title='bbox 1721 2035 1754 2040; x_wconf 90' lang='lat'>-—</span> <span class='ocrx_word' id='word_1_1038' title='bbox 1787 2020 1817 2052; x_wconf 79' lang='lat'>§.</span> <span class='ocrx_word' id='word_1_1039' title='bbox 1841 2019 1876 2045; x_wconf 70' lang='lat'>8.</span> <span class='ocrx_word' id='word_1_1040' title='bbox 1908 2019 2011 2054; x_wconf 77' lang='lat' dir='ltr'>Infli-</span> 
     </span>
     <span class='ocr_line' id='line_1_107' title="bbox 1146 2060 2009 2101; baseline -0.006 -8"><span class='ocrx_word' id='word_1_1041' title='bbox 1146 2090 1147 2094; x_wconf 72' lang='grc'>,</span> <span class='ocrx_word' id='word_1_1042' title='bbox 1165 2075 1254 2101; x_wconf 77' lang='lat' dir='ltr'>gere,</span> <span class='ocrx_word' id='word_1_1043' title='bbox 1273 2065 1409 2100; x_wconf 84' lang='lat' dir='ltr'>Inferre.</span> <span class='ocrx_word' id='word_1_1044' title='bbox 1430 2063 1449 2089; x_wconf 89' lang='lat' dir='ltr'>I.</span> <span class='ocrx_word' id='word_1_1045' title='bbox 1469 2064 1531 2098; x_wconf 73' lang='lat' dir='ltr'>Sy.</span> <span class='ocrx_word' id='word_1_1046' title='bbox 1552 2062 1726 2089; x_wconf 78' lang='lat' dir='ltr'>Constituere</span> <span class='ocrx_word' id='word_1_1047' title='bbox 1748 2061 1893 2098; x_wconf 86' lang='lat' dir='ltr'>(poenam.)</span> <span class='ocrx_word' id='word_1_1048' title='bbox 1914 2060 2009 2098; x_wconf 85' lang='lat' dir='ltr'>le.1.</span> 
     </span>
     <span class='ocr_line' id='line_1_108' title="bbox 1146 2096 2009 2141; baseline -0.003 -7"><span class='ocrx_word' id='word_1_1049' title='bbox 1146 2096 1147 2120; x_wconf 51' lang='lat' dir='ltr'>l</span> <span class='ocrx_word' id='word_1_1050' title='bbox 1168 2111 1192 2134; x_wconf 89' lang='grc'>2.</span> <span class='ocrx_word' id='word_1_1051' title='bbox 1212 2107 1282 2134; x_wconf 88' lang='lat' dir='ltr'>Coll.</span> <span class='ocrx_word' id='word_1_1052' title='bbox 1301 2106 1353 2134; x_wconf 89' lang='lat' dir='ltr'>LL.</span> <span class='ocrx_word' id='word_1_1053' title='bbox 1373 2104 1443 2132; x_wconf 66' lang='lat' dir='ltr'>XVI.</span> <span class='ocrx_word' id='word_1_1054' title='bbox 1463 2107 1487 2132; x_wconf 89' lang='lat'>3.</span> <span class='ocrx_word' id='word_1_1055' title='bbox 1524 2104 1566 2131; x_wconf 91' lang='lat'>111.</span> <span class='ocrx_word' id='word_1_1056' title='bbox 1586 2106 1651 2133; x_wconf 79' lang='lat' dir='ltr'>Gn.</span> <span class='ocrx_word' id='word_1_1057' title='bbox 1676 2105 1751 2140; x_wconf 78' lang='lat' dir='ltr'>Quae</span> <span class='ocrx_word' id='word_1_1058' title='bbox 1771 2104 1820 2136; x_wconf 86' lang='lat' dir='ltr'>(sc.</span> <span class='ocrx_word' id='word_1_1059' title='bbox 1840 2105 1952 2141; x_wconf 84' lang='lat' dir='ltr'>poenae)</span> <span class='ocrx_word' id='word_1_1060' title='bbox 1967 2110 2009 2131; x_wconf 88' lang='lat' dir='ltr'>aut</span> 
     </span>
    </p>
   </div>
   <div class='ocr_carea' id='block_1_13' title="bbox 1169 2147 2011 2315">
    <p class='ocr_par' dir='ltr' id='par_1_18' title="bbox 1169 2147 2011 2315">
     <span class='ocr_line' id='line_1_109' title="bbox 1169 2147 2010 2182; baseline -0.004 -5"><span class='ocrx_word' id='word_1_1061' title='bbox 1169 2152 1247 2177; x_wconf 87' lang='lat' dir='ltr'>vitam</span> <span class='ocrx_word' id='word_1_1062' title='bbox 1267 2149 1388 2180; x_wconf 81' lang='lat' dir='ltr'>adimant,</span> <span class='ocrx_word' id='word_1_1063' title='bbox 1409 2152 1452 2174; x_wconf 86' lang='lat' dir='ltr'>aut</span> <span class='ocrx_word' id='word_1_1064' title='bbox 1470 2148 1625 2174; x_wconf 82' lang='lat' dir='ltr'>servitutem</span> <span class='ocrx_word' id='word_1_1065' title='bbox 1644 2147 1790 2182; x_wconf 83' lang='lat' dir='ltr'>iniungant,</span> <span class='ocrx_word' id='word_1_1066' title='bbox 1815 2151 1859 2172; x_wconf 86' lang='lat' dir='ltr'>ant</span> <span class='ocrx_word' id='word_1_1067' title='bbox 1879 2147 2010 2174; x_wconf 81' lang='lat' dir='ltr'>civitatem</span> 
     </span>
     <span class='ocr_line' id='line_1_110' title="bbox 1170 2188 2008 2228; baseline -0.005 -8"><span class='ocrx_word' id='word_1_1068' title='bbox 1170 2194 1293 2220; x_wconf 83' lang='lat' dir='ltr'>auferant.</span> <span class='ocrx_word' id='word_1_1069' title='bbox 1319 2191 1348 2218; x_wconf 87' lang='lat' dir='ltr'>fr.</span> <span class='ocrx_word' id='word_1_1070' title='bbox 1368 2194 1392 2218; x_wconf 85' lang='lat'>6.</span> <span class='ocrx_word' id='word_1_1071' title='bbox 1416 2193 1438 2226; x_wconf 65' lang='grc' dir='ltr'>ξ.</span> <span class='ocrx_word' id='word_1_1072' title='bbox 1457 2193 1481 2217; x_wconf 85' lang='grc'>2.</span> <span class='ocrx_word' id='word_1_1073' title='bbox 1506 2190 1538 2217; x_wconf 85' lang='lat' dir='ltr'>de</span> <span class='ocrx_word' id='word_1_1074' title='bbox 1563 2200 1639 2228; x_wconf 84' lang='lat' dir='ltr'>poen.</span> <span class='ocrx_word' id='word_1_1075' title='bbox 1663 2190 1704 2215; x_wconf 83' lang='lat'>48.</span> <span class='ocrx_word' id='word_1_1076' title='bbox 1730 2190 1769 2215; x_wconf 88' lang='lat'>19.</span> <span class='ocrx_word' id='word_1_1077' title='bbox 1807 2188 1893 2215; x_wconf 84' lang='lat' dir='ltr'>Hodie</span> <span class='ocrx_word' id='word_1_1078' title='bbox 1913 2190 1955 2222; x_wconf 78' lang='lat' dir='ltr'>iis.</span> <span class='ocrx_word' id='word_1_1079' title='bbox 1976 2206 2008 2210; x_wconf 89' lang='lat'><em>-</em></span> 
     </span>
     <span class='ocr_line' id='line_1_111' title="bbox 1169 2230 2009 2274; baseline -0.006 -11"><span class='ocrx_word' id='word_1_1080' title='bbox 1169 2247 1254 2274; x_wconf 87' lang='lat' dir='ltr'>poena</span> <span class='ocrx_word' id='word_1_1081' title='bbox 1273 2236 1416 2271; x_wconf 76' lang='lat' dir='ltr'>iniungitur</span> <span class='ocrx_word' id='word_1_1082' title='bbox 1435 2232 1648 2261; x_wconf 85' lang='lat' dir='ltr'>extraordinaria.</span> <span class='ocrx_word' id='word_1_1083' title='bbox 1668 2231 1698 2258; x_wconf 79' lang='lat' dir='ltr'>fr.</span> <span class='ocrx_word' id='word_1_1084' title='bbox 1717 2234 1740 2258; x_wconf 82' lang='lat'>2.</span> <span class='ocrx_word' id='word_1_1085' title='bbox 1762 2230 1794 2257; x_wconf 82' lang='lat' dir='ltr'>de</span> <span class='ocrx_word' id='word_1_1086' title='bbox 1812 2233 1954 2268; x_wconf 80' lang='lat' dir='ltr'>praevaric.</span> <span class='ocrx_word' id='word_1_1087' title='bbox 1968 2234 2009 2258; x_wconf 77' lang='lat'>47.</span> 
     </span>
     <span class='ocr_line' id='line_1_112' title="bbox 1172 2274 2011 2315; baseline -0.005 -9"><span class='ocrx_word' id='word_1_1088' title='bbox 1172 2282 1210 2306; x_wconf 91' lang='lat'>15.</span> <span class='ocrx_word' id='word_1_1089' title='bbox 1248 2278 1340 2315; x_wconf 62' lang='lat' dir='ltr'>Neque</span> <span class='ocrx_word' id='word_1_1090' title='bbox 1360 2277 1399 2309; x_wconf 85' lang='lat' dir='ltr'>id,</span> <span class='ocrx_word' id='word_1_1091' title='bbox 1424 2275 1495 2314; x_wconf 90' lang='lat' dir='ltr'>quod</span> <span class='ocrx_word' id='word_1_1092' title='bbox 1514 2275 1627 2303; x_wconf 85' lang='lat' dir='ltr'>fataliter</span> <span class='ocrx_word' id='word_1_1093' title='bbox 1645 2275 1770 2305; x_wconf 57' lang='lat' dir='ltr'>accessu,</span> <span class='ocrx_word' id='word_1_1094' title='bbox 1794 2275 1870 2300; x_wconf 88' lang='lat' dir='ltr'>matri</span> <span class='ocrx_word' id='word_1_1095' title='bbox 1889 2274 2011 2302; x_wconf 81' lang='lat' dir='ltr'>damnum</span> 
     </span>
    </p>
   </div>
   <div class='ocr_carea' id='block_1_14' title="bbox 1147 2316 2009 2358">
    <p class='ocr_par' dir='ltr' id='par_1_19' title="bbox 1147 2316 2009 2358">
     <span class='ocr_line' id='line_1_113' title="bbox 1147 2316 2009 2358; baseline -0.009 -9"><span class='ocrx_word' id='word_1_1096' title='bbox 1147 2317 1148 2331; x_wconf 49' lang='lat' dir='ltr'>l</span> <span class='ocrx_word' id='word_1_1097' title='bbox 1171 2323 1305 2358; x_wconf 80' lang='lat' dir='ltr'>iniungere</span> <span class='ocrx_word' id='word_1_1098' title='bbox 1324 2320 1410 2347; x_wconf 85' lang='lat' dir='ltr'>debet.</span> <span class='ocrx_word' id='word_1_1099' title='bbox 1431 2320 1461 2347; x_wconf 80' lang='lat' dir='ltr'>ir.</span> <span class='ocrx_word' id='word_1_1100' title='bbox 1482 2321 1539 2346; x_wconf 83' lang='lat'>135.</span> <span class='ocrx_word' id='word_1_1101' title='bbox 1564 2317 1596 2345; x_wconf 84' lang='lat' dir='ltr'>de</span> <span class='ocrx_word' id='word_1_1102' title='bbox 1615 2316 1646 2343; x_wconf 81' lang='lat' dir='ltr'>V.</span> <span class='ocrx_word' id='word_1_1103' title='bbox 1668 2316 1694 2343; x_wconf 92' lang='lat' dir='ltr'>S.</span> <span class='ocrx_word' id='word_1_1104' title='bbox 1720 2319 1760 2343; x_wconf 84' lang='lat'>50.</span> <span class='ocrx_word' id='word_1_1105' title='bbox 1783 2319 1821 2343; x_wconf 82' lang='lat'>16.</span> <span class='ocrx_word' id='word_1_1106' title='bbox 1854 2333 1886 2337; x_wconf 89' lang='lat'><em>-</em></span> <span class='ocrx_word' id='word_1_1107' title='bbox 1918 2318 1948 2351; x_wconf 60' lang='grc' dir='ltr'>ς.</span> <span class='ocrx_word' id='word_1_1108' title='bbox 1972 2319 2009 2345; x_wconf 79' lang='grc'>3.</span> 
     </span>
    </p>
   </div>
   <div class='ocr_carea' id='block_1_15' title="bbox 1172 2359 2009 2440">
    <p class='ocr_par' dir='ltr' id='par_1_20' title="bbox 1172 2359 2009 2440">
     <span class='ocr_line' id='line_1_114' title="bbox 1172 2359 2009 2399; baseline -0.005 -8"><span class='ocrx_word' id='word_1_1109' title='bbox 1172 2367 1355 2399; x_wconf 76' lang='lat' dir='ltr'>lmponere,</span> <span class='ocrx_word' id='word_1_1110' title='bbox 1377 2365 1542 2390; x_wconf 67' lang='lat' dir='ltr'>Mandat-e.</span> <span class='ocrx_word' id='word_1_1111' title='bbox 1562 2360 1617 2394; x_wconf 71' lang='lat' dir='ltr'>(Cl&#39;.</span> <span class='ocrx_word' id='word_1_1112' title='bbox 1631 2370 1654 2386; x_wconf 89' lang='lat' dir='ltr'>v.</span> <span class='ocrx_word' id='word_1_1113' title='bbox 1670 2359 1824 2386; x_wconf 75' lang='lat' dir='ltr'>lnIunetum.</span> <span class='ocrx_word' id='word_1_1114' title='bbox 1838 2360 1860 2394; x_wconf 63' lang='grc' dir='ltr'>ξ.</span> <span class='ocrx_word' id='word_1_1115' title='bbox 1873 2360 2009 2395; x_wconf 77' lang='lat' dir='ltr'>2.)1.Sy.</span> 
     </span>
     <span class='ocr_line' id='line_1_115' title="bbox 1172 2402 2008 2440; baseline -0.007 -5"><span class='ocrx_word' id='word_1_1116' title='bbox 1172 2408 1291 2439; x_wconf 65' lang='lat' dir='ltr'>Darem,</span> <span class='ocrx_word' id='word_1_1117' title='bbox 1310 2406 1451 2433; x_wconf 66' lang='lat' dir='ltr'>Nominare</span> <span class='ocrx_word' id='word_1_1118' title='bbox 1475 2404 1507 2431; x_wconf 87' lang='lat' dir='ltr'>ad</span> <span class='ocrx_word' id='word_1_1119' title='bbox 1526 2403 1664 2437; x_wconf 86' lang='lat' dir='ltr'>(munus.)</span> <span class='ocrx_word' id='word_1_1120' title='bbox 1684 2402 1768 2430; x_wconf 70' lang='lat' dir='ltr'>Yatic.</span> <span class='ocrx_word' id='word_1_1121' title='bbox 1793 2403 1830 2437; x_wconf 55' lang='grc' dir='ltr'>ἐξ.</span> <span class='ocrx_word' id='word_1_1122' title='bbox 1851 2404 1908 2430; x_wconf 88' lang='lat'>191.</span> <span class='ocrx_word' id='word_1_1123' title='bbox 1928 2413 1968 2440; x_wconf 91' lang='lat' dir='ltr'>sq.</span> <span class='ocrx_word' id='word_1_1124' title='bbox 1988 2413 2008 2429; x_wconf 85' lang='lat' dir='ltr'>c.</span> 
     </span>
    </p>
   </div>
   <div class='ocr_carea' id='block_1_16' title="bbox 1148 2443 2008 2486">
    <p class='ocr_par' dir='ltr' id='par_1_21' title="bbox 1148 2443 2008 2486">
     <span class='ocr_line' id='line_1_116' title="bbox 1148 2443 2008 2486; baseline -0.006 -9"><span class='ocrx_word' id='word_1_1125' title='bbox 1148 2443 1150 2455; x_wconf 31' lang='grc' dir='ltr'>ἰ</span> <span class='ocrx_word' id='word_1_1126' title='bbox 1171 2453 1195 2477; x_wconf 87' lang='grc'>2.</span> <span class='ocrx_word' id='word_1_1127' title='bbox 1216 2451 1277 2486; x_wconf 79' lang='lat' dir='ltr'>Quo</span> <span class='ocrx_word' id='word_1_1128' title='bbox 1297 2451 1384 2486; x_wconf 84' lang='lat' dir='ltr'>quisq.</span> <span class='ocrx_word' id='word_1_1129' title='bbox 1404 2447 1460 2474; x_wconf 87' lang='lat' dir='ltr'>ord.</span> <span class='ocrx_word' id='word_1_1130' title='bbox 1481 2448 1520 2473; x_wconf 95' lang='lat'>11.</span> <span class='ocrx_word' id='word_1_1131' title='bbox 1539 2448 1581 2472; x_wconf 82' lang='lat'>35.</span> <span class='ocrx_word' id='word_1_1132' title='bbox 1602 2445 1782 2481; x_wconf 77' lang='lat' dir='ltr'>Adstringere.</span> <span class='ocrx_word' id='word_1_1133' title='bbox 1802 2445 1833 2472; x_wconf 72' lang='grc' dir='ltr'>[Γ.</span> <span class='ocrx_word' id='word_1_1134' title='bbox 1854 2446 1877 2472; x_wconf 84' lang='lat'>8.</span> <span class='ocrx_word' id='word_1_1135' title='bbox 1897 2445 1928 2472; x_wconf 81' lang='lat' dir='ltr'>de</span> <span class='ocrx_word' id='word_1_1136' title='bbox 1942 2445 2008 2472; x_wconf 87' lang='lat' dir='ltr'>alim.</span> 
     </span>
    </p>
   </div>
   <div class='ocr_carea' id='block_1_17' title="bbox 1172 2487 2009 2740">
    <p class='ocr_par' dir='ltr' id='par_1_22' title="bbox 1172 2487 2009 2740">
     <span class='ocr_line' id='line_1_117' title="bbox 1172 2487 2008 2526; baseline -0.007 -6"><span class='ocrx_word' id='word_1_1137' title='bbox 1172 2503 1196 2519; x_wconf 87' lang='lat' dir='ltr'>v.</span> <span class='ocrx_word' id='word_1_1138' title='bbox 1222 2493 1301 2519; x_wconf 85' lang='lat' dir='ltr'>cibar.</span> <span class='ocrx_word' id='word_1_1139' title='bbox 1324 2493 1365 2518; x_wconf 75' lang='lat'>34.</span> <span class='ocrx_word' id='word_1_1140' title='bbox 1387 2493 1409 2517; x_wconf 91' lang='lat' dir='ltr'>l.</span> <span class='ocrx_word' id='word_1_1141' title='bbox 1445 2489 1582 2526; x_wconf 75' lang='lat' dir='ltr'>Imponere</span> <span class='ocrx_word' id='word_1_1142' title='bbox 1610 2488 1807 2522; x_wconf 83' lang='lat' dir='ltr'>(servitutem.)</span> <span class='ocrx_word' id='word_1_1143' title='bbox 1837 2487 1867 2515; x_wconf 82' lang='lat' dir='ltr'>fr.</span> <span class='ocrx_word' id='word_1_1144' title='bbox 1887 2490 1911 2515; x_wconf 87' lang='lat'>3.</span> <span class='ocrx_word' id='word_1_1145' title='bbox 1936 2488 1966 2515; x_wconf 84' lang='lat' dir='ltr'>fr.</span> <span class='ocrx_word' id='word_1_1146' title='bbox 1985 2490 2008 2514; x_wconf 90' lang='lat'>5.</span> 
     </span>
     <span class='ocr_line' id='line_1_118' title="bbox 1173 2531 2009 2572; baseline -0.006 -10"><span class='ocrx_word' id='word_1_1147' title='bbox 1173 2545 1232 2572; x_wconf 89' lang='lat' dir='ltr'>sqq.</span> <span class='ocrx_word' id='word_1_1148' title='bbox 1253 2545 1343 2561; x_wconf 89' lang='lat' dir='ltr'>comm.</span> <span class='ocrx_word' id='word_1_1149' title='bbox 1363 2532 1450 2571; x_wconf 80' lang='lat' dir='ltr'>praed.</span> <span class='ocrx_word' id='word_1_1150' title='bbox 1470 2535 1495 2558; x_wconf 82' lang='lat'>8.</span> <span class='ocrx_word' id='word_1_1151' title='bbox 1515 2534 1539 2559; x_wconf 87' lang='grc'>4.</span> <span class='ocrx_word' id='word_1_1152' title='bbox 1576 2531 1617 2558; x_wconf 89' lang='lat'>111.</span> <span class='ocrx_word' id='word_1_1153' title='bbox 1637 2533 1703 2560; x_wconf 70' lang='grc' dir='ltr'>οη.</span> <span class='ocrx_word' id='word_1_1154' title='bbox 1723 2531 1751 2558; x_wconf 89' lang='lat' dir='ltr'>lu</span> <span class='ocrx_word' id='word_1_1155' title='bbox 1771 2532 1881 2557; x_wconf 80' lang='lat' dir='ltr'>caeteris</span> <span class='ocrx_word' id='word_1_1156' title='bbox 1901 2532 2009 2558; x_wconf 80' lang='lat' dir='ltr'>muneri-</span> 
     </span>
     <span class='ocr_line' id='line_1_119' title="bbox 1173 2574 2007 2614; baseline -0.007 -9"><span class='ocrx_word' id='word_1_1157' title='bbox 1173 2578 1222 2605; x_wconf 85' lang='lat' dir='ltr'>bus</span> <span class='ocrx_word' id='word_1_1158' title='bbox 1247 2582 1325 2614; x_wconf 82' lang='lat' dir='ltr'>atque</span> <span class='ocrx_word' id='word_1_1159' title='bbox 1348 2575 1506 2608; x_wconf 81' lang='lat' dir='ltr'>bonoribus,</span> <span class='ocrx_word' id='word_1_1160' title='bbox 1533 2585 1598 2611; x_wconf 85' lang='lat' dir='ltr'>quac</span> <span class='ocrx_word' id='word_1_1161' title='bbox 1621 2584 1670 2611; x_wconf 80' lang='lat' dir='ltr'>per</span> <span class='ocrx_word' id='word_1_1162' title='bbox 1692 2574 1810 2600; x_wconf 88' lang='lat' dir='ltr'>iniuriam</span> <span class='ocrx_word' id='word_1_1163' title='bbox 1834 2574 2007 2610; x_wconf 75' lang='lat' dir='ltr'>iniungantur.</span> 
     </span>
     <span class='ocr_line' id='line_1_120' title="bbox 1173 2615 2009 2654; baseline -0.008 -6"><span class='ocrx_word' id='word_1_1164' title='bbox 1173 2621 1203 2648; x_wconf 82' lang='lat' dir='ltr'>fr.</span> <span class='ocrx_word' id='word_1_1165' title='bbox 1225 2623 1265 2647; x_wconf 87' lang='lat'>13.</span> <span class='ocrx_word' id='word_1_1166' title='bbox 1285 2620 1306 2653; x_wconf 62' lang='grc' dir='ltr'>ξ.</span> <span class='ocrx_word' id='word_1_1167' title='bbox 1326 2621 1350 2645; x_wconf 88' lang='grc'>5.</span> <span class='ocrx_word' id='word_1_1168' title='bbox 1370 2618 1402 2645; x_wconf 87' lang='lat' dir='ltr'>de</span> <span class='ocrx_word' id='word_1_1169' title='bbox 1421 2619 1496 2645; x_wconf 88' lang='lat' dir='ltr'>iniur.</span> <span class='ocrx_word' id='word_1_1170' title='bbox 1516 2619 1557 2644; x_wconf 78' lang='lat'>47.</span> <span class='ocrx_word' id='word_1_1171' title='bbox 1579 2619 1618 2643; x_wconf 91' lang='grc'>10.</span> <span class='ocrx_word' id='word_1_1172' title='bbox 1655 2616 1695 2643; x_wconf 66' lang='lat' dir='ltr'>Nc</span> <span class='ocrx_word' id='word_1_1173' title='bbox 1714 2615 1879 2654; x_wconf 83' lang='lat' dir='ltr'>impossibile</span> <span class='ocrx_word' id='word_1_1174' title='bbox 1897 2617 2009 2652; x_wconf 76' lang='lat' dir='ltr'>iniunga—</span> 
     </span>
     <span class='ocr_line' id='line_1_121' title="bbox 1174 2658 2006 2697; baseline -0.006 -7"><span class='ocrx_word' id='word_1_1175' title='bbox 1174 2669 1216 2691; x_wconf 83' lang='lat' dir='ltr'>tur</span> <span class='ocrx_word' id='word_1_1176' title='bbox 1235 2662 1331 2690; x_wconf 84' lang='lat' dir='ltr'>tutelae</span> <span class='ocrx_word' id='word_1_1177' title='bbox 1351 2671 1454 2691; x_wconf 76' lang='lat' dir='ltr'>niunuS.</span> <span class='ocrx_word' id='word_1_1178' title='bbox 1474 2660 1545 2697; x_wconf 86' lang='lat' dir='ltr'>quod</span> <span class='ocrx_word' id='word_1_1179' title='bbox 1565 2659 1632 2686; x_wconf 87' lang='lat' dir='ltr'>obiri</span> <span class='ocrx_word' id='word_1_1180' title='bbox 1651 2670 1664 2685; x_wconf 86' lang='lat' dir='ltr'>a</span> <span class='ocrx_word' id='word_1_1181' title='bbox 1683 2659 1779 2685; x_wconf 82' lang='lat' dir='ltr'>liberto</span> <span class='ocrx_word' id='word_1_1182' title='bbox 1799 2668 1850 2685; x_wconf 90' lang='lat' dir='ltr'>non</span> <span class='ocrx_word' id='word_1_1183' title='bbox 1863 2663 1957 2696; x_wconf 87' lang='lat' dir='ltr'>potest.</span> <span class='ocrx_word' id='word_1_1184' title='bbox 1977 2658 2006 2685; x_wconf 82' lang='lat' dir='ltr'>sr.</span> 
     </span>
     <span class='ocr_line' id='line_1_122' title="bbox 1175 2702 2007 2740; baseline -0.006 -8"><span class='ocrx_word' id='word_1_1185' title='bbox 1175 2708 1216 2732; x_wconf 86' lang='lat'>45.</span> <span class='ocrx_word' id='word_1_1186' title='bbox 1236 2706 1257 2740; x_wconf 82' lang='lat'>§.</span> <span class='ocrx_word' id='word_1_1187' title='bbox 1277 2707 1301 2731; x_wconf 82' lang='grc'>4.</span> <span class='ocrx_word' id='word_1_1188' title='bbox 1322 2704 1353 2730; x_wconf 71' lang='lat' dir='ltr'>tle</span> <span class='ocrx_word' id='word_1_1189' title='bbox 1374 2708 1500 2730; x_wconf 77' lang='lat' dir='ltr'>excusatt.</span> <span class='ocrx_word' id='word_1_1190' title='bbox 1513 2705 1554 2730; x_wconf 81' lang='grc'>27.</span> <span class='ocrx_word' id='word_1_1191' title='bbox 1571 2705 1592 2729; x_wconf 94' lang='lat'>1.</span> <span class='ocrx_word' id='word_1_1192' title='bbox 1630 2702 1659 2728; x_wconf 85' lang='lat' dir='ltr'>Si</span> <span class='ocrx_word' id='word_1_1193' title='bbox 1673 2703 1731 2738; x_wconf 85' lang='lat' dir='ltr'>quis</span> <span class='ocrx_word' id='word_1_1194' title='bbox 1752 2703 1875 2739; x_wconf 77' lang='lat' dir='ltr'>imparem</span> <span class='ocrx_word' id='word_1_1195' title='bbox 1894 2710 1922 2727; x_wconf 80' lang='lat' dir='ltr'>se</span> <span class='ocrx_word' id='word_1_1196' title='bbox 1935 2702 2007 2727; x_wconf 83' lang='lat' dir='ltr'>oneri</span> 
     </span>
    </p>
   </div>
   <div class='ocr_carea' id='block_1_18' title="bbox 1150 2743 2008 2783">
    <p class='ocr_par' dir='ltr' id='par_1_23' title="bbox 1150 2743 2008 2783">
     <span class='ocr_line' id='line_1_123' title="bbox 1150 2743 2008 2783; baseline -0.007 -8"><span class='ocrx_word' id='word_1_1197' title='bbox 1150 2772 1152 2776; x_wconf 91' lang='lat'>.</span> <span class='ocrx_word' id='word_1_1198' title='bbox 1176 2749 1292 2775; x_wconf 83' lang='lat' dir='ltr'>iniuncto</span> <span class='ocrx_word' id='word_1_1199' title='bbox 1312 2747 1396 2783; x_wconf 81' lang='lat' dir='ltr'>possit</span> <span class='ocrx_word' id='word_1_1200' title='bbox 1418 2746 1520 2773; x_wconf 79' lang='lat' dir='ltr'>docere.</span> <span class='ocrx_word' id='word_1_1201' title='bbox 1547 2745 1628 2772; x_wconf 58' lang='lat' dir='ltr'>vatic.</span> <span class='ocrx_word' id='word_1_1202' title='bbox 1649 2745 1686 2779; x_wconf 50' lang='grc' dir='ltr'>ἐξ.</span> <span class='ocrx_word' id='word_1_1203' title='bbox 1706 2747 1765 2771; x_wconf 85' lang='grc'>240.</span> <span class='ocrx_word' id='word_1_1204' title='bbox 1785 2745 1842 2770; x_wconf 80' lang='grc'>243.</span> <span class='ocrx_word' id='word_1_1205' title='bbox 1880 2743 1933 2778; x_wconf 77' lang='lat' dir='ltr'>Qui</span> <span class='ocrx_word' id='word_1_1206' title='bbox 1952 2745 2008 2770; x_wconf 70' lang='lat' dir='ltr'>via·-</span> 
     </span>
    </p>
   </div>
   <div class='ocr_carea' id='block_1_19' title="bbox 1173 2786 2008 2868">
    <p class='ocr_par' dir='ltr' id='par_1_24' title="bbox 1173 2786 2008 2868">
     <span class='ocr_line' id='line_1_124' title="bbox 1174 2786 2008 2826; baseline -0.005 -10"><span class='ocrx_word' id='word_1_1207' title='bbox 1174 2800 1261 2817; x_wconf 84' lang='lat' dir='ltr'>curam</span> <span class='ocrx_word' id='word_1_1208' title='bbox 1281 2789 1357 2816; x_wconf 82' lang='lat' dir='ltr'>habet</span> <span class='ocrx_word' id='word_1_1209' title='bbox 1379 2789 1409 2815; x_wconf 87' lang='lat' dir='ltr'>ab</span> <span class='ocrx_word' id='word_1_1210' title='bbox 1430 2789 1588 2826; x_wconf 72' lang='lat' dir='ltr'>Imperatorev</span> <span class='ocrx_word' id='word_1_1211' title='bbox 1607 2789 1757 2814; x_wconf 85' lang='lat' dir='ltr'>iniunctam.</span> <span class='ocrx_word' id='word_1_1212' title='bbox 1776 2786 1812 2813; x_wconf 89' lang='lat' dir='ltr'>lb.</span> <span class='ocrx_word' id='word_1_1213' title='bbox 1832 2786 1853 2819; x_wconf 62' lang='grc' dir='ltr'>ξ.</span> <span class='ocrx_word' id='word_1_1214' title='bbox 1876 2787 1930 2812; x_wconf 77' lang='grc'>136,</span> <span class='ocrx_word' id='word_1_1215' title='bbox 1959 2786 2008 2812; x_wconf 65' lang='lat' dir='ltr'>Nc·-</span> 
     </span>
     <span class='ocr_line' id='line_1_125' title="bbox 1173 2827 2006 2868; baseline -0.006 -8"><span class='ocrx_word' id='word_1_1216' title='bbox 1173 2834 1322 2860; x_wconf 78' lang='lat' dir='ltr'>ecssitatem</span> <span class='ocrx_word' id='word_1_1217' title='bbox 1344 2833 1365 2858; x_wconf 79' lang='lat' dir='ltr'>ei</span> <span class='ocrx_word' id='word_1_1218' title='bbox 1387 2833 1483 2868; x_wconf 73' lang='lat' dir='ltr'>iniungi</span> <span class='ocrx_word' id='word_1_1219' title='bbox 1504 2832 1646 2864; x_wconf 81' lang='lat' dir='ltr'>(actionum</span> <span class='ocrx_word' id='word_1_1220' title='bbox 1666 2827 1898 2867; x_wconf 83' lang='lat' dir='ltr'>praestandarmn.)</span> <span class='ocrx_word' id='word_1_1221' title='bbox 1918 2829 1947 2855; x_wconf 83' lang='lat' dir='ltr'>l&#39;r.</span> <span class='ocrx_word' id='word_1_1222' title='bbox 1966 2832 2006 2855; x_wconf 74' lang='lat'>25.</span> 
     </span>
    </p>
   </div>
   <div class='ocr_carea' id='block_1_20' title="bbox 1985 2876 2005 2905">
    <p class='ocr_par' dir='ltr' id='par_1_25' title="bbox 1985 2876 2005 2905">
     <span class='ocr_line' id='line_1_126' title="bbox 1985 2876 2005 2905; baseline 0 -8"><span class='ocrx_word' id='word_1_1223' title='bbox 1985 2876 2005 2905; x_wconf 68' lang='grc' dir='ltr'>ς.</span> 
     </span>
    </p>
   </div>
  </div>
 </body>
</html>
