2197 3121
215 176 278 206 611
970 165 1073 197 NAU.

217 257 330 292 navique
354 258 501 291 expugnata
525 257 642 289 raptum,
667 254 838 286 susceptum,
857 257 1067 286 suppressumve

218 299 305 326 suerit.
327 297 398 324 Paul.
419 296 450 322 V.
469 298 493 322 3.
514 296 535 329 5
555 297 579 321 2.
600 293 629 320 fr.
644 295 668 320 3.
689 303 728 330 pr.
749 291 782 318 de
801 292 882 318 scriis.
895 294 920 318 2.
937 293 976 317 12.
997 290 1027 317 fr.
1044 292 1066 316 1.

217 352 257 380 pr.
282 342 303 374 5.
324 343 348 366 5.
375 339 405 365 l'r.
425 340 448 364 3.
475 348 512 375 pr.
538 337 567 363 l'r.
588 339 611 362 5.
636 336 669 362 de
693 334 796 362 incend.
821 335 904 361 ruina.
927 335 969 360 47.
989 335 1013 360 9.
1035 347 1067 353 -
1089 366 1090 369 Ἴ

218 386 250 418 §.
272 385 307 410 2.
330 385 402 413 Res,
422 391 502 415 qnae
521 381 643 408 amissa
663 385 722 410 ecl,
740 379 962 412 periclitante
981 386 1067 404 nave.

218 426 261 453 111.
282 427 348 453 Cn.
377 424 469 451 Licere
499 423 641 458 unicuique
669 420 832 455 naufragium
861 429 937 445 suum
962 419 1069 456 impune

219 468 352 503 colligere.
374 466 402 493 sr.
420 468 456 491 12.
472 475 510 502 pr.
525 465 560 491 ib.
573 466 613 491 47.
628 466 651 490 9.
691 462 745 489 Sed
766 473 813 488 nee
833 462 994 488 intervenire
1007 471 1068 488 nau·
1090 478 1091 506 ἶ

219 512 308 546 fragiis
329 508 485 545 colligendis
506 513 550 534 aut
569 507 692 538 militem,
712 510 756 532 aut
775 506 913 543 privatum.
938 504 969 531 l'r.
991 505 1013 531 7.
1033 504 1068 531 ib.
1090 507 1091 522 ³

219 556 260 580 47.
280 555 304 579 9.

252 595 483 627 Naufragus.
524 594 586 626 Qui
613 592 839 627 naufragium
867 599 984 624 passus
1014 589 1092 616 est}

219 638 264 665 111.
276 639 342 666 (711.
362 636 483 672 Quorum
502 634 594 662 fraude
613 639 657 661 aut
673 633 785 660 consilio
800 632 918 669 naufragi
930 633 1070 669 suppressi
1091 653 1092 662 .

219 692 267 719 per
286 681 338 706 vim
358 679 479 706 fuissent.
499 677 530 704 fr.
550 679 573 704 3.
594 678 615 711 5.
636 680 660 703 8.
680 676 696 703 1.
717 676 734 703 l.
753 677 794 702 47.
809 676 833 702 9.
854 675 896 702 Cf.
915 685 940 702 v.
960 674 1069 702 Naufra-

219 725 297 760 gium.
317 723 383 757 51.

253 765 465 793 Nax-icona.
503 763 544 790 Cf.
565 773 588 789 v.
610 761 745 788 Mucella.

254 807 455 835 Navicula.
498 808 607 833 Parva
632 805 732 830 navis.
775 802 818 829 111.
844 804 910 830 Gn·
939 802 1070 840 Scapham

219 853 303 888 ipsam
319 860 367 887 per
380 860 409 876 se
423 858 530 887 parvam
545 846 691 873 naviculam
705 856 772 872 esse.
793 846 822 872 fr.
837 848 879 872 44.
900 845 933 872 de
946 847 1070 883 eviction.
1092 860 1093 864 =

218 896 261 921 2l.
274 895 299 920 2.
333 892 418 923 Retia,
439 896 464 918 et
484 900 584 921 nassae,
606 894 630 915 et
650 888 777 920 fuscinae,
798 893 824 914 et
838 888 981 921 naviculae,
1001 888 1070 915 hami

219 946 326 974 quoque
345 940 371 962 et
391 938 491 961 caetera
512 932 642 959 eiusmodi
662 931 755 959 usibus
775 930 914 958 destinata.
934 931 1007 958 Paul.
1026 931 1069 958 111.
1091 937 1093 968 l

219 982 242 1006 6.
281 980 347 1005 .66.

254 980 510 1049 {Invictum-is.
529 1017 660 1051 (Adiect.)
686 1019 835 1045 Navalis.
872 1016 916 1045 111.
938 1018 1004 1045 011·
1025 1016 1071 1043 Pa·
1091 1036 1093 1055 J

219 1065 336 1092 triinonii
355 1067 417 1089 suut
437 1071 555 1088 munera:
576 1061 613 1087 rei
633 1059 803 1091 vehicularis,
823 1061 885 1086 item
901 1059 1070 1091 navicuhris,

219 1107 449 1144 decemprimatuS.
470 1104 499 1131 fr.
523 1106 545 1130 1.
565 1104 587 1138 5.
609 1105 630 1130 1.
651 1103 683 1130 dc
702 1113 802 1129 muner.
823 1107 849 1129 et
867 1102 929 1129 hon.
948 1104 990 1129 50.
1011 1104 1035 1128 4.

256 1147 541 1178 Nax-icularius.
588 1147 767 1173 Exere-ilor-
795 1147 904 1177 nanis,
933 1146 1093 1176 Naue-lem

219 1204 282 1220 rns.
318 1191 363 1218 111.
384 1192 451 1218 Cn.
470 1188 664 1221 Navieularius‚
685 1188 727 1215 vel
747 1189 870 1224 magister
890 1189 973 1214 navis.
995 1187 1026 1214 fr.
1048 1189 1070 1213 l.
1092 1217 1093 1224 ἵ

219 1238 240 1270 5.
261 1238 285 1262 3.
306 1239 376 1261 naut.
398 1242 472 1270 caup.
493 1233 516 1258 4.
537 1233 561 1258 9.
589 1231 638 1258 Th.
660 1231 691 1258 C.
710 1231 779 1257 Xlll.
799 1233 823 1257 5.
845 1241 866 1257 c.
885 1233 928 1257 37.
948 1230 982 1257 de
1000 1231 1071 1256 navi·

220 1278 271 1305 cul.
307 1276 510 1313 Negotiatores,
536 1276 581 1311 qui
601 1284 729 1301 annonam
749 1273 823 1300 urbis
843 1273 981 1305 adiuvant,
1008 1274 1071 1299 item
1092 1294 1094 1327 Ι

219 1320 382 1351 navicularii,
403 1319 448 1355 qui
468 1328 586 1344 annonae
606 1317 679 1344 urbis
699 1318 827 1343 serviunt.
848 1316 878 1343 l'r.
899 1319 922 1343 5.
943 1316 981 1350 55.
1001 1317 1026 1342 3.
1046 1316 1070 1342 9.

220 1363 253 1390 de
273 1364 329 1390 iure
349 1363 455 1388 immun.
475 1362 516 1387 50.
537 1362 562 1387 6.
583 1360 613 1387 cf.
635 1360 664 1386 fr.
685 1361 708 1386 9.
728 1360 750 1394 §.
773 1361 795 1386 1.
822 1359 854 1386 de
874 1359 1008 1386 decurion.
1028 1360 1070 1385 50.
1092 1349 1094 1373 l

219 1408 242 1432 2.
282 1404 402 1439 Collegia
421 1403 521 1430 Romae
542 1408 612 1430 certa
632 1407 708 1434 sunt,
729 1419 760 1422 —
781 1402 863 1428 veluti
883 1403 1023 1439 pistorum,
1046 1406 1072 1428 et
1093 1388 1094 1445 l

220 1446 385 1485 quorundam
405 1446 524 1478 aliorum,
545 1451 570 1472 et
590 1445 827 1477 naviculariorum,
852 1446 897 1481 qui
922 1450 947 1471 et
966 1446 993 1471 in
1012 1454 1072 1482 pro-

220 1491 315 1517 vinciis
336 1494 405 1516 sunt.
426 1488 456 1515 fr.
473 1491 495 1515 1.
515 1499 554 1525 pr.
575 1488 628 1524 Qu.
648 1489 698 1515 cui.
719 1488 788 1514 univ.
809 1497 879 1513 nom.
892 1489 916 1514 3.
930 1489 954 1513 4.
975 1486 1026 1514 Th.
1040 1486 1071 1513 C.

219 1533 264 1560 Vl.
284 1534 326 1559 29.
351 1542 371 1558 c.
395 1533 434 1557 11.
455 1532 476 1565 §.
498 1533 519 1558 l.
541 1530 574 1557 de
593 1531 690 1557 curios.
727 1529 889 1557 *Navicularii
912 1529 944 1556 ad
964 1539 1071 1556 consor·
1093 1539 1094 1544 ¹

219 1577 284 1602 tium
308 1575 439 1612 pistorum
464 1573 616 1600 urbicorum
640 1574 775 1599 nominati.
804 1573 843 1600 lb.
862 1572 932 1600 X111.
952 1574 977 1599 5.
1005 1583 1026 1599 c.
1046 1574 1071 1598 2.
1093 1571 1094 1598 l

219 1618 249 1645 Si
269 1616 447 1644 navicularius
467 1616 603 1652 originalis
623 1615 826 1642 levamentarius
847 1615 932 1642 suerit.
953 1614 989 1641 lb.
1010 1625 1032 1642 c.
1048 1616 1070 1640 1.

220 1661 236 1687 l.
258 1660 274 1686 l.
311 1659 457 1686 Linteones
477 1663 503 1685 et
523 1657 685 1685 navicularii.
705 1658 742 1684 lb.
763 1668 785 1684 c.
808 1659 846 1684 13.
867 1657 884 1684 l.
904 1657 921 1684 1.
1092 1670 1094 1683 ι

255 1701 539 1730 NaviculariuS.
582 1700 722 1734 (Adiect.)
764 1702 813 1727 ..111
840 1702 1071 1727 navicularios

217 1747 400 1781 pertinens.
437 1743 456 1770 1.
472 1745 535 1778 Sy.
555 1743 673 1775 Navalis,
693 1742 859 1769 Navicularia
879 1743 994 1776 (functio
1007 1744 1071 1777 etc.)

220 1788 271 1815 Th.
286 1788 317 1815 C.
333 1787 377 1813 Vl.
390 1789 415 1813 2.
436 1797 457 1813 e.
474 1788 514 1813 13.
535 1786 567 1813 de
587 1786 676 1812 Senat.
697 1790 723 1812 et
742 1785 775 1812 dc
794 1785 862 1822 gleb.
882 1785 951 1812 XIII.
965 1787 989 1812 6.
1011 1796 1032 1812 c.
1046 1788 1070 1812 9.

221 1841 261 1867 sq.
281 1830 313 1857 de
333 1829 423 1867 praed.
443 1829 556 1856 navicul.
593 1829 636 1855 111.
658 1830 725 1857 Cn.
746 1828 853 1866 Corpus
873 1827 1070 1855 navicularium.

221 1873 258 1899 lb.
280 1884 300 1899 c.
313 1875 336 1899 4.
352 1873 367 1899 l.
383 1872 399 1899 1.
428 1871 611 1899 Navieulariae
631 1871 812 1898 translationis
826 1881 930 1899 munus.
949 1871 986 1898 lb.
1002 1871 1071 1898 XIII.
1093 1890 1095 1917 ἱ

220 1918 245 1943 5.
265 1926 286 1942 e.
303 1917 342 1941 18.
357 1914 389 1941 cs.
411 1925 431 1941 c.
448 1916 488 1940 12.
509 1914 541 1941 de
561 1914 673 1941 navicul.
712 1913 868 1941 Conditioni
888 1914 1071 1946 naviculariae,
1093 1924 1094 1941 l

220 1958 282 1990 luri,
303 1968 323 1984 s.
344 1957 450 1984 Nomiui
470 1957 630 1984 naviculario
651 1957 830 1990 (obnoxium.)
856 1957 893 1983 lb.
913 1967 935 1985 c.
954 1959 997 1984 35.
1017 1958 1034 1984 l.
1054 1958 1070 1984 1.
1093 1946 1095 2002 ἱ

221 2001 292 2028 XIII.
308 2002 331 2027 6.
352 2010 374 2027 c.
388 2001 412 2026 3.
428 2009 448 2025 c.
463 2001 487 2025 5.
508 1999 658 2026 Facultates
672 1999 855 2026 naviculariae.
876 1999 913 2026 lb.
934 2011 955 2027 c.
966 2000 1021 2027 4.1.
1037 2000 1053 2028 l.
1093 2003 1095 2024 l

256 2042 508 2077 Navigamus.
534 2041 664 2075 (Adieet.)
695 2044 758 2075 Qui
777 2045 939 2078 navigari
954 2050 1071 2078 potest.

222 2085 268 2112 111.
289 2087 355 2113 Gn.
382 2084 446 2110 Sive
464 2084 599 2110 derivetur
618 2094 692 2120 aqua,
713 2090 741 2111 nt
761 2086 880 2121 exiguior
899 2085 966 2113 sacta
985 2087 1072 2112 minus

221 2130 257 2154 sa
276 2127 440 2163 navigabilis.
461 2126 491 2153 [ν.
515 2129 535 2153 l.
556 2128 578 2161 ξ.
601 2129 640 2153 15.
661 2126 693 2153 de
713 2127 956 2155 ssumi1.;b.13.12.
985 2128 1014 2156 si
1029 2134 1071 2155 aut
1093 2122 1095 2156 k

221 2170 368 2205 navigabile
388 2174 428 2195 est
450 2172 502 2201 (sc.
524 2168 658 2207 publicum
679 2170 809 2203 flumen.)
835 2176 878 2197 aut
898 2181 930 2198 ex
950 2182 981 2198 eo
1001 2171 1071 2198 aliud

222 2212 369 2248 navigabile
390 2213 426 2238 lit.
448 2212 479 2239 sr.
499 2214 524 2238 2.
543 2212 575 2238 cf.
596 2211 626 2238 sr.
649 2214 670 2238 1.
696 2213 779 2246 §.12.
800 2213 834 2239 ib.
856 2215 896 2240 43.
918 2216 958 2241 12.
979 2214 1009 2241 fr.
1032 2217 1072 2242 10.
1094 2214 1095 2224 ¹

221 2257 243 2290 5.
263 2258 287 2281 2.
308 2254 340 2281 de
360 2264 425 2290 aqua
447 2260 472 2281 rt
491 2266 549 2292 aqu.
570 2254 605 2292 pl.
625 2256 667 2281 39.
686 2257 710 2281 3.
1094 2253 1095 2265 ¹

257 2297 462 2331 Navigat-e..

502 2300 618 2324 Navem
638 2308 744 2332 agere.
775 2300 837 2324 Per
856 2309 973 2333 aquam
993 2302 1072 2326 velli.
1094 2294 1095 2326 l

223 2340 241 2366 1.
263 2343 324 2375 Sy.
349 2339 435 2365 Trans
456 2350 539 2371 mare,
560 2340 730 2376 Navigatuui,
750 2339 932 2377 Navigandum
951 2343 1072 2376 (mittere

222 2383 336 2415 navem.)
358 2382 387 2408 fr.
403 2383 442 2408 16.
463 2382 522 2416 5.1.
545 2382 573 2408 l'r.
593 2385 634 2409 36.
655 2383 677 2416 5.
698 2384 720 2409 l.
741 2382 774 2409 de
793 2383 823 2410 11.
845 2383 876 2410 V.
897 2386 921 2411 6.
942 2386 964 2411 1.
985 2385 1016 2411 sr.
1032 2387 1072 2412 12.

223 2426 245 2459 5.
269 2427 289 2451 l.
310 2425 342 2451 de
363 2425 445 2451 ususr.
467 2426 490 2451 7.
513 2427 534 2450 1.
572 2424 639 2451 vehi
659 2430 730 2452 trans
751 2436 829 2452 mare.
855 2426 885 2453 sr.
908 2429 929 2454 1.
950 2427 982 2454 de
1002 2433 1072 2455 naut.
1094 2415 1095 2424 l

224 2468 292 2494 soen.
306 2471 347 2493 22.
368 2470 391 2494 2.
430 2467 472 2494 Ill.
494 2468 561 2495 Cn.
581 2466 610 2493 Si
631 2469 689 2503 quis
710 2469 736 2494 in
756 2470 819 2495 inari
840 2470 945 2506 piscari,
966 2475 1009 2497 aut
1029 2481 1072 2497 na·
1094 2467 1096 2494 ἷ

224 2511 311 2545 rigara-
331 2510 510 2547 proliilwatnr.
532 2509 561 2536 l'r.
581 2512 605 2535 2.
626 2510 647 2543 5.
670 2512 693 2536 9.
714 2521 746 2537 ne
766 2522 808 2548 qu.
830 2513 855 2538 in
876 2512 934 2539 loeo
954 2512 1016 2549 pub.
1031 2515 1072 2540 43.

224 2555 248 2578 ts.
286 2554 314 2578 Si
336 2553 409 2579 solus
430 2554 543 2588 naviget,
562 2553 585 2578 si
604 2552 678 2578 solus
696 2556 885 2589 peregrinetur.
906 2555 992 2582 [1:29.
1012 2556 1034 2590 §.
1051 2558 1072 2583 1.
1095 2551 1096 2594 l

226 2604 273 2630 pro
295 2605 349 2622 soe.
372 2597 411 2622 17.
431 2598 454 2622 2.
476 2595 507 2621 cs.
529 2595 558 2621 l'r.
573 2597 597 2621 2.
617 2594 639 2629 §.
654 2596 678 2620 8.
699 2596 721 2621 si
741 2606 783 2631 qu.
804 2600 976 2625 cautt.2.11.
1000 2597 1073 2625 Paul.
1095 2595 1097 2616 l

226 2636 255 2661 11.
276 2639 316 2662 253.
338 2638 359 2671 5.
382 2640 403 2664 l.
425 2637 466 2664 Ill.
488 2639 509 2663 7.
536 2638 557 2671 §.
580 2639 600 2663 1.
639 2636 714 2664 Licet
733 2640 813 2673 gratis
835 2641 1012 2676 navigaveris,
1031 2640 1073 2667 vel
1096 2638 1097 2653 ³

227 2679 252 2704 in
274 2688 389 2715 caupona
410 2681 489 2715 gratis
510 2679 665 2707 deverteris.
685 2680 715 2707 fr.
729 2682 753 2706 6.
773 2691 812 2717 pr.
832 2688 902 2709 naut.
923 2694 997 2720 caup.
1011 2686 1034 2710 «1.
1049 2686 1073 2711 9.
1096 2670 1097 2686 l

227 2720 262 2747 Vt
282 2731 328 2757 per
348 2721 445 2754 laeum,
471 2722 585 2755 fossam,
610 2728 730 2760 stagnum
749 2722 883 2760 publicum
905 2727 1026 2762 navigare
1045 2726 1074 2752 li-

227 2768 291 2789 ceat.
317 2763 344 2789 l'r.
370 2766 391 2789 1.
412 2775 449 2800 pr.
476 2771 503 2791 ut
528 2767 553 2792 in
578 2766 650 2792 ssum.
674 2766 737 2803 pub.
758 2767 799 2792 43.
821 2768 860 2792 13.
882 2767 913 2793 cl'.
940 2768 970 2794 [ι’.
991 2771 1014 2794 5.
1034 2778 1074 2805 pr.

227 2805 260 2831 (le
279 2805 309 2832 11.
330 2805 363 2832 D.
387 2807 407 2831 l.
428 2810 451 2833 8.
473 2807 500 2834 Ι“ι·.
524 2810 544 2834 l.
565 2808 586 2842 §.
606 2810 630 2835 6.
651 2808 683 2835 de
703 2819 788 2836 exere.
809 2813 858 2835 act.
880 2811 919 2836 14.
942 2812 964 2836 1.
994 2810 1075 2837 Inter-

1119 165 1222 196 NAV.

1090 273 1091 278 ,
1113 251 1161 279 est,
1181 251 1268 273 utrum
1288 247 1365 273 etiam
1384 248 1458 284 ipsae
1477 248 1526 281 (sc.
1545 248 1659 281 merces)
1679 248 1797 285 periculo
1817 249 1958 276 creditoris

1113 291 1244 325 navigent.
1269 289 1300 316 fr.
1322 291 1343 315 l.
1368 288 1401 316 de
1425 295 1494 317 naut.
1519 290 1588 317 soen.
1611 292 1653 318 22.
1677 292 1702 316 2.
1746 290 1826 318 Navis
1850 291 1882 318 ad
1909 291 1959 319 hoe

1112 337 1233 369 paratur,
1254 336 1282 358 nt
1302 333 1413 368 naviget.
1438 332 1468 359 fr.
1489 335 1529 359 12.
1550 334 1572 367 5.
1593 335 1616 359 1.
1637 332 1669 360 de
1688 332 1770 359 ususr.
1791 335 1813 360 7.
1835 335 1856 360 1.
1885 333 1957 361 Paul.

1112 375 1142 402 ll.
1159 376 1198 401 14.
1219 375 1240 409 §.
1254 376 1278 401 3.
1309 375 1363 410 Qui
1383 375 1410 401 in
1429 385 1458 401 ea
1478 377 1534 402 navi
1554 375 1694 412 navigandi
1713 385 1791 402 causa
1810 375 1912 403 fuisset.
1926 393 1959 397 —-

1114 418 1167 453 Qui
1187 417 1361 449 adhibentur,
1380 421 1409 443 ut
1427 418 1502 444 navis
1522 419 1634 454 naviget.
1658 418 1688 445 t'r.
1711 420 1731 445 1.
1752 428 1791 455 pr.
1811 418 1833 452 §.
1856 421 1878 445 l.
1897 419 1960 446 furti

1113 460 1171 487 adv.
1191 465 1262 487 naut.
1282 462 1324 486 47.
1344 462 1367 486 5.
1388 459 1419 486 cf.
1440 460 1471 487 sr.
1492 462 1514 487 1.
1533 461 1570 495 55
1589 464 1613 488 2.
1633 471 1672 498 sq.
1693 465 1764 488 naut.
1784 471 1859 498 caup.
1875 463 1898 488 4.
1918 463 1942 489 9.

1148 522 1364 556 Navigatio.
1405 524 1507 549 Actus
1539 525 1732 559 navigandi.
1770 523 1790 550 1.
1818 524 1880 558 Sy.
1908 523 1961 551 Iter

1090 558 1091 577 ³
1113 566 1217 601 navigii.
1246 566 1276 592 fr.
1300 567 1321 591 ι.
1345 575 1383 602 pr.
1413 565 1449 599 ξς.
1472 567 1512 592 12.
1534 567 1573 591 1⁴.
1594 575 1633 602 sq.
1659 566 1691 593 de
1711 565 1839 593 flumina..
1858 567 1898 592 43.
1920 567 1960 592 12.

1113 608 1157 635 111.
1175 609 1241 636 Cn.
1266 608 1295 635 Si
1316 607 1380 645 qnid
1399 608 1458 640 fiat,
1479 618 1532 644 quo
1551 607 1668 637 deterior
1685 609 1765 635 statio
1785 613 1811 635 et
1829 609 1960 645 navigatio

1115 652 1168 678 liat.
1196 650 1226 677 sr.
1250 653 1270 677 1.
1295 651 1394 685 55.1·2.
1416 653 1455 677 15.
1476 650 1492 677 1.
1513 650 1529 677 l.
1549 652 1592 677 43.
1613 652 1651 677 12.
1679 651 1708 677 sr.
1730 653 1751 677 l.
1776 661 1814 688 pr.
1839 652 1860 686 §.
1880 654 1904 677 2.
1928 650 1962 677 de

1115 695 1171 732 ripa
1190 704 1261 720 mun.
1283 695 1324 720 43.
1348 696 1386 720 15.
1423 693 1578 730 Diplomatc
1596 703 1673 725 usim,
1700 699 1743 720 aut
1768 693 1838 720 felici
1858 694 1961 730 naviga·

1116 738 1195 768 tione,
1216 737 1356 770 (maturius
1374 736 1534 774 pervenire.)
1555 735 1584 762 fr.
1606 738 1662 762 137.
1683 736 1706 770 5.
1724 738 1750 763 2.
1768 736 1801 763 de
1820 736 1852 763 V.
1872 736 1905 763 O.
1919 739 1960 763 45.

1117 782 1139 806 1.
1177 779 1349 817 Impendente
1367 784 1438 805 metu
1458 779 1564 809 mortis.
1588 783 1616 805 ut
1636 784 1676 805 est.
1695 779 1868 811 valetudinis,
1887 789 1962 816 pere-

1115 823 1284 859 grinationis,
1308 822 1496 858 navigationis.
1521 820 1563 847 vel
1587 820 1659 848 belli.
1688 821 1760 848 Paul.
1780 821 1810 848 Π.
1829 824 1870 849 23.
1895 823 1960 857 5.1.

1116 866 1145 892 fr.
1164 867 1188 892 3.
1209 865 1241 892 de
1260 875 1294 892 rn.
1315 876 1335 891 c.
1357 865 1416 891 don.
1432 865 1474 890 39.
1488 865 1511 890 6.

1149 919 1365 954 Navigium.
1403 919 1434 953 §.
1454 920 1490 946 1.
1511 920 1620 946 Naris.
1658 918 1676 945 Ι.
1694 920 1756 954 Sy.
1777 918 1867 945 Navis.
1887 918 1918 945 ἲν.
1939 920 1960 946 l.

1115 963 1136 997 5.
1158 964 1198 988 14.
1219 961 1252 988 de
1272 961 1401 988 ssuminib.
1419 963 1461 988 43.
1483 964 1523 988 12.
1544 961 1594 988 Th.
1610 960 1641 987 C.
1657 961 1727 988 XIII.
1747 964 1770 990 5.
1792 972 1813 988 c.
1835 963 1874 988 14.
1894 962 1961 996 5.1.

1091 994 1093 1004 l
1115 1005 1147 1032 de
1167 1004 1279 1031 navicul.
1299 1004 1370 1031 XIV.
1384 1006 1426 1031 21.
1447 1015 1468 1031 c.
1484 1006 1505 1031 1.
1527 1004 1559 1031 de
1579 1009 1648 1030 naut.
1669 1003 1728 1030 Tib.
1765 1004 1808 1031 111.
1826 1006 1892 1033 Cn.
1912 1004 1962 1031 Na-

1114 1049 1177 1084 vigii
1197 1047 1375 1085 adpellationc
1394 1048 1471 1073 etiam
1490 1052 1560 1074 rates
1580 1047 1756 1073 eontinentur.
1783 1047 1814 1074 fr.
1836 1049 1858 1074 l.
1878 1048 1900 1082 5.
1921 1049 1962 1074 14.

1091 1094 1092 1099 ¹
1115 1091 1147 1117 de
1167 1090 1295 1117 fluminib.
1309 1091 1351 1116 43.
1367 1091 1408 1116 12.
1445 1089 1485 1116 Ne
1505 1089 1568 1126 quid
1587 1091 1615 1116 in
1634 1089 1741 1116 flumine
1760 1090 1878 1127 publico,
1896 1100 1964 1117 neve

1115 1135 1141 1160 in
1161 1135 1216 1171 ripa
1237 1134 1293 1160 eius
1317 1133 1456 1164 immittas,
1481 1142 1533 1168 quo
1557 1133 1636 1159 statio
1660 1133 1744 1159 iterve
1768 1134 1871 1169 navigio
1891 1132 1963 1160 dete-

1115 1177 1170 1203 rior
1189 1177 1232 1208 sit,
1252 1175 1306 1202 fiat.
1326 1174 1356 1202 fr.
1379 1177 1401 1201 l.
1420 1185 1459 1212 pr.
1480 1174 1518 1208 55.
1540 1176 1579 1201 14.
1600 1176 1641 1201 17.
1661 1174 1696 1201 ib.
1710 1176 1808 1202 4312.
1828 1191 1860 1195 —
1880 1177 1912 1210 §0
1926 1177 1962 1203 2.

1115 1221 1218 1246 Actus
1243 1219 1434 1254 navigandi.
1477 1217 1496 1244 1.
1516 1218 1579 1251 Sy.
1603 1216 1750 1254 Navigatio.
1780 1228 1801 1245 c.
1821 1220 1844 1245 2.
1865 1229 1905 1255 sq.
1930 1218 1964 1245 de

1092 1274 1094 1290 ι
1115 1267 1185 1289 naut.
1205 1261 1274 1288 soen.
1289 1262 1312 1286 4.
1326 1262 1368 1287 23.
1397 1260 1441 1286 111.
1456 1261 1522 1288 Cu.
1542 1259 1658 1287 Mutuam
1676 1262 1814 1298 pecuniam
1833 1262 1963 1288 nauticam

1115 1305 1231 1342 accepit,
1252 1320 1282 1325 -—
1304 1303 1385 1340 idque
1404 1303 1533 1330 creditum
1554 1313 1613 1329 esse
1633 1304 1659 1329 in
1679 1313 1770 1331 omnes
1789 1305 1886 1341 navigii
1906 1303 1963 1331 dies

1116 1353 1166 1375 etc.
1186 1348 1216 1374 fr.
1238 1348 1296 1374 122.
1316 1347 1338 1381 §.
1360 1348 1382 1372 1.
1402 1345 1435 1373 de
1454 1345 1486 1372 V.
1507 1345 1540 1372 Ο.
1561 1347 1602 1372 45.
1624 1347 1646 1372 1.

1150 1402 1279 1430 Navis.
1322 1402 1383 1428 Vas
1402 1402 1522 1433 main-⁹,
1542 1402 1574 1428 in
1594 1411 1654 1436 quo
1671 1411 1728 1435 per
1746 1411 1861 1436 aquam
1880 1404 1963 1429 vehi-

1093 1457 1095 1479 ¹.
1115 1456 1190 1472 mur.
1220 1445 1238 1472 1.
1251 1446 1313 1479 Sy.
1333 1443 1480 1480 Navigium.
1501 1443 1543 1471 Cf.
1557 1443 1583 1470 h.
1598 1453 1622 1470 v.
1642 1444 1663 1478 5.
1686 1445 1709 1470 1.
1746 1443 1789 1470 III.
1804 1445 1870 1473 οη.
1891 1445 1964 1481 Quo·

1093 1512 1094 1522 .
1115 1490 1201 1515 minus
1215 1488 1254 1514 illi
1273 1489 1300 1514 in
1314 1487 1422 1513 flumine
1435 1486 1544 1524 publico
1559 1496 1659 1518 navem,
1678 1491 1760 1513 ratem
1773 1498 1857 1524 agere,
1877 1497 1963 1524 quove

1116 1533 1202 1558 minus
1215 1541 1263 1568 per
1276 1531 1360 1567 ripam
1373 1539 1491 1561 onerare,
1511 1539 1656 1556 exonerare
1668 1529 1754 1562 liceat,
1773 1530 1963 1564 (interdicam.)

1116 1574 1147 1601 l'r.
1168 1576 1190 1600 1.
1211 1583 1250 1611 pr.
1277 1578 1305 1601 ut
1330 1574 1355 1599 in
1380 1572 1451 1599 ssum.
1471 1572 1534 1610 pub.
1553 1574 1595 1598 43.
1616 1573 1657 1598 14.
1699 1572 1728 1600 Si
1751 1573 1815 1610 quid
1838 1574 1864 1600 in
1888 1583 1963 1605 nave,

1117 1622 1219 1647 rateve,
1243 1616 1360 1653 perierit.
1387 1614 1460 1642 Paul.
1480 1614 1510 1641 11.
1530 1616 1572 1641 31.
1596 1615 1680 1648 §.18.
1722 1615 1821 1643 Navem
1843 1617 1965 1653 accipere

1117 1659 1253 1691 debemus,
1274 1659 1331 1685 sive
1350 1659 1484 1690 marinam,
1505 1658 1579 1690 (sive
1598 1657 1779 1691 ssuviatilem‚)
1798 1659 1854 1685 sive
1874 1660 1901 1685 in
1919 1658 1965 1685 ali-

1117 1712 1169 1739 quo
1194 1707 1286 1738 stagno
1311 1701 1428 1737 naviget,
1458 1701 1515 1726 sive
1539 1699 1647 1727 schedia
1671 1701 1713 1727 sit.
1738 1701 1768 1728 fr.
1790 1703 1812 1727 1.
1838 1702 1860 1735 5.
1881 1703 1905 1728 6.
1932 1701 1964 1728 de

1092 1769 1094 1783 Ι
1117 1755 1203 1772 exerc.
1228 1749 1276 1771 act.
1298 1746 1338 1770 14.
1360 1745 1382 1770 l.
1425 1742 1513 1769 Naves
1538 1742 1630 1779 longae
1656 1748 1734 1780 atque
1757 1745 1908 1776 onerariae3
1931 1760 1964 1764 —

1116 1788 1283 1825 piscatoriae,
1304 1791 1347 1813 ant
1366 1787 1389 1813 si
1407 1796 1474 1823 quae
1488 1787 1618 1812 actuariae
1630 1785 1777 1823 voluptatis
1791 1796 1876 1814 causa.
1897 1787 1928 1814 fr.
1938 1789 1963 1814 2.

1117 1841 1156 1868 pr.
1177 1830 1209 1857 de
1229 1830 1324 1867 captiv.
1338 1831 1380 1856 49.
1399 1831 1436 1855 15.
1457 1828 1488 1856 cf.
1509 1828 1539 1856 fr.
1561 1831 1582 1855 l.
1603 1830 1680 1863 §.12.
1700 1829 1733 1856 de
1752 1840 1838 1856 exerc.
1858 1835 1908 1857 act.
1923 1831 1963 1857 14.

1120 1876 1139 1900 1.
1178 1872 1238 1900 Non
1263 1873 1391 1899 minorem
1416 1881 1493 1908 quam
1516 1871 1542 1898 Χ
1565 1871 1675 1898 millium
1700 1872 1848 1899 modiorum
1872 1882 1964 1899 navem

1117 1916 1253 1947 fabricare,
1274 1920 1300 1942 et
1317 1914 1428 1941 Romam
1442 1913 1477 1940 VI
1495 1915 1570 1940 annis
1590 1914 1748 1941 frumentum
1767 1920 1881 1952 portare.
1902 1914 1963 1952 le.

1117 1959 1159 1986 lll.
1179 1961 1207 1986 6.
1226 1958 1258 1985 cf.
1280 1960 1302 1985 l.
1322 1957 1353 1985 sr.
1372 1959 1397 1984 3.
1418 1957 1451 1984 de
1470 1967 1525 1983 vac.
1546 1962 1572 1983 et
1591 1967 1680 1984 exous.
1700 1959 1742 1984 50.
1761 1960 1785 1984 5.
1805 1957 1835 1985 fr.
1855 1960 1878 1985 5.
1898 1958 1919 1991 §.
1939 1959 1962 1984 5.

1117 2002 1150 2028 de
1169 2003 1225 2028 iure
1244 2002 1351 2028 immun.
1370 2002 1412 2026 50.
1432 2000 1456 2026 6.
1494 1999 1523 2026 Si
1544 2015 1575 2019 -
1596 2010 1628 2027 ex
1652 2001 1717 2027 meis
1742 2000 1839 2027 tabulis
1862 2010 1963 2032 navem,

1093 2046 1094 2075 ]
1117 2049 1161 2071 aut
1180 2045 1332 2075 armarium,
1352 2048 1396 2070 aut
1415 2041 1573 2068 subsellium
1592 2042 1770 2070 fabricaveris.
1795 2042 1851 2068 Gai.
1869 2042 1902 2069 11.
1922 2044 1962 2070 79.

1117 2088 1146 2114 Si
1165 2087 1197 2114 ad
1217 2085 1375 2117 armandam,
1393 2084 1608 2111 instruendamvc
1627 2095 1728 2117 navem,
1748 2084 1791 2111 vel
1810 2090 1901 2111 nautas
1921 2096 1964 2113 ex-

1117 2129 1257 2160 hibendos,
1277 2133 1411 2155 mutuatus
1431 2132 1478 2153 est.
1501 2127 1530 2153 l'r.
1548 2129 1570 2153 1.
1589 2128 1610 2161 5.
1627 2129 1651 2154 8,
1671 2127 1702 2154 sr.
1722 2129 1745 2154 7.
1764 2137 1804 2164 pr.
1825 2126 1858 2154 de
1877 2138 1962 2155 exerc.

1117 2177 1165 2199 act.
1188 2173 1227 2198 14.
1249 2174 1271 2198 1.
1292 2171 1322 2197 fr.
1342 2172 1365 2197 6.
1387 2170 1419 2197 de
1438 2169 1468 2196 L.
1489 2169 1577 2196 Rhod.
1597 2172 1636 2196 14.
1656 2172 1680 2196 2.
1702 2170 1731 2196 fr.
1745 2171 1769 2196 5.
1783 2180 1823 2206 sq.
1845 2170 1898 2205 Qui
1918 2181 1963 2208 po-

1117 2216 1175 2241 tior.
1190 2216 1232 2241 20.
1245 2216 1269 2240 ⁴1.
1291 2213 1321 2240 fr.
1334 2214 1377 2239 26.
1398 2212 1430 2239 de
1450 2212 1504 2239 reb.
1525 2218 1592 2239 auct.
1613 2212 1666 2239 iud.
1686 2214 1726 2239 42.
1747 2214 1771 2239 5.
1808 2212 1906 2245 Arbor,
1920 2218 1965 2240 aut

1094 2277 1095 2291 ἶ
1117 2257 1188 2285 aliud
1207 2258 1281 2283 navis
1302 2257 1514 2282 instrumentum.
1551 2255 1718 2282 Armamenta
1739 2255 1820 2281 navis.
1842 2255 1871 2282 l'r.
1886 2257 1910 2282 3.
1931 2256 1964 2283 de

1117 2300 1147 2327 L.
1167 2299 1254 2327 Rhod.
1276 2301 1316 2325 14.
1336 2301 1360 2325 2.
1381 2299 1412 2325 ct'.
1434 2298 1464 2325 fr.
1478 2300 1502 2325 3.
1522 2299 1544 2332 §.
1565 2300 1587 2324 1.
1608 2297 1640 2324 (le
1660 2296 1690 2323 R.
1707 2296 1737 2323 V.
1753 2299 1776 2324 6.
1800 2299 1820 2324 1.
1859 2298 1963 2331 Omnia,

1118 2353 1184 2380 quae
1204 2343 1343 2369 coniuncta
1363 2342 1422 2368 navi
1443 2345 1550 2372 essent,
1569 2339 1642 2366 velut
1662 2339 1851 2375 gubernacula,
1879 2341 1964 2368 malus

1118 2391 1167 2413 etc.
1187 2385 1218 2412 l'r.
1238 2387 1279 2411 44.
1301 2384 1333 2411 de
1353 2385 1475 2411 eviction.
1495 2385 1536 2409 21.
1556 2385 1580 2408 2.
1601 2382 1631 2408 fr.
1651 2385 1692 2409 29.
1714 2382 1746 2408 de
1766 2383 1840 2409 instr.
1860 2382 1963 2419 leg.33.

1118 2431 1141 2455 7.
1180 2428 1234 2464 Qui
1254 2437 1344 2458 naves,
1364 2436 1505 2463 cauponas,
1524 2425 1627 2452 stabula
1647 2425 1816 2451 exercebunt.
1838 2425 1867 2452 sr.
1887 2427 1909 2452 1.
1924 2436 1963 2463 pr.

1118 2472 1180 2498 furti
1205 2471 1262 2498 adv.
1284 2474 1353 2496 naut.
1373 2471 1414 2495 47.
1434 2472 1457 2495 5.
1495 2467 1631 2503 Magister,
1653 2484 1683 2488 -
1704 2468 1856 2496 Exercitor.
1880 2469 1963 2495 navis.

1119 2515 1176 2541 Gai.
1196 2514 1241 2540 IV.
1262 2515 1302 2540 71.
1323 2512 1352 2539 sr.
1372 2513 1394 2538 l.
1413 2512 1450 2545 55.
1467 2512 1489 2536 1.
1508 2513 1532 2537 3.
1544 2512 1576 2537 3
1598 2513 1637 2537 12.
1657 2510 1690 2537 de
1710 2521 1796 2537 exere.
1815 2516 1863 2537 act.
1885 2512 1925 2537 14.
1940 2513 1963 2537 1.

1119 2557 1173 2592 Qui
1194 2556 1360 2586 adhibentur,
1380 2558 1408 2580 ut
1428 2553 1502 2579 navis
1523 2555 1626 2589 naviget
1644 2553 1688 2587 (h.
1709 2563 1730 2580 e.
1750 2554 1869 2586 nautae.)
1889 2553 1919 2580 fr.
1941 2554 1962 2579 1.

1119 2609 1157 2636 pr.
1178 2600 1200 2633 5.
1217 2601 1238 2625 l.
1259 2598 1321 2625 furti
1341 2595 1398 2622 adv.
1418 2600 1487 2622 naut.
1502 2597 1543 2622 117.
1557 2598 1580 2622 5.
1601 2596 1632 2623 cf.
1653 2596 1684 2622 l'r.
1700 2597 1721 2622 1.
1741 2595 1779 2629 55.
1793 2598 1818 2622 2.
1838 2605 1878 2632 sq.
1893 2599 1963 2622 naut.

1119 2651 1193 2678 caup.
1218 2642 1243 2667 4.
1262 2642 1286 2667 9.
1324 2638 1463 2674 Quidquid
1488 2649 1519 2665 ex
1544 2638 1679 2670 incendio,
1704 2639 1795 2670 ruina,
1821 2638 1962 2673 naufragio,

1119 2685 1232 2720 navique
1256 2686 1401 2718 expugnata
1427 2686 1543 2718 raptum,
1569 2685 1736 2717 susceptum.
1756 2689 1963 2718 suppressumve

1120 2726 1206 2753 suerit.
1230 2723 1302 2750 Paul.
1323 2723 1354 2750 V.
1374 2726 1398 2751 3.
1419 2724 1440 2758 5.
1461 2726 1484 2750 2.
1506 2723 1537 2750 cs.
1562 2723 1592 2749 ΙΙ.
1612 2724 1654 2750 31.
1674 2724 1757 2757 518.
1778 2723 1807 2750 fr.
1826 2724 1850 2749 3.
1870 2732 1909 2759 pr.
1930 2721 1963 2748 de

1119 2768 1200 2795 seriis.
1219 2769 1242 2793 2.
1265 2768 1304 2792 12.
1330 2766 1359 2793 sr,
1382 2769 1403 2793 1.
1424 2776 1463 2804 pr.
1489 2766 1519 2792 sr.
1538 2767 1562 2792 3.
1587 2766 1668 2799 551.
1693 2776 1752 2803 sqq.
1777 2765 1807 2792 fr.
1826 2765 1850 2790 6.
1875 2763 1908 2790 de
1926 2764 1962 2790 in-

1120 2809 1195 2836 cend.
1220 2810 1302 2835 ruina.
1322 2811 1363 2836 47.
1384 2812 1407 2836 9.
1446 2808 1489 2841 Si,
1515 2808 1640 2835 levandae
1665 2810 1739 2836 navis
1762 2807 1855 2844 gratia,
1879 2807 1962 2833 iactus
