2197 3121
1031 163 1132 196 COR.

220 247 308 275 hored.
328 253 380 285 pet.
401 250 424 275 5.
444 250 468 275 3.
489 248 519 275 fr.
539 249 562 275 9.
583 248 605 282 5.
624 249 647 273 5.
667 246 700 273 de
719 246 767 272 iur.
787 251 813 272 et
831 245 892 272 sacti
912 246 962 282 ign.
982 247 1059 272 226.

220 290 251 317 fr.
271 292 313 317 23.
337 290 366 317 fr.
386 293 428 317 25.
454 291 487 318 de
510 291 585 317 adim.
605 289 681 325 legat.
705 290 747 315 34.
767 290 791 315 4.
834 288 938 324 Quodsi
957 288 990 316 M.
1011 299 1061 315 am-

219 333 326 370 phoras.
347 344 457 371 corpore
477 344 529 360 non
548 333 734 363 demonstrato.
753 333 808 358 vini
820 331 947 358 vendidit.
976 331 1060 359 Vatic.

220 377 242 410 5.
263 377 302 402 16.
344 376 402 403 Nisi
426 377 493 403 forte.
518 377 544 402 in
568 376 672 401 nomino
696 380 795 401 tantum
819 376 1005 406 er1·averi1nuS‚
1034 375 1060 401 iu

221 429 334 456 corpore
353 419 572 446 consenserimus.
601 417 632 444 fr.
651 419 693 444 34.
713 428 752 455 pr.
773 417 805 444 de
824 417 855 443 A.
875 427 899 443 v.
919 417 950 443 A.
970 417 998 443 P.
1018 419 1059 443 41.

220 463 246 488 2.
273 461 306 488 cf.
327 462 357 488 sr.
377 463 419 488 36.
439 461 471 488 de
491 461 521 487 A.
541 460 572 487 R.
592 461 625 487 D.
645 462 686 487 41.
709 463 730 486 1.
750 477 782 480 —
802 460 832 493 §-
856 461 892 486 3.
912 460 942 486 Β.
973 462 1060 486 Scri-

219 510 319 538 ptura
348 506 546 531 authentica.
588 503 630 529 HJ.
654 505 720 531 Cn.
748 503 776 529 In
799 503 981 529 tractoriarum
1006 512 1061 528 cor-

220 556 285 583 pore
309 547 463 583 praefinitus
482 546 514 572 V.
534 546 634 573 dierum
657 555 780 572 numerus
805 545 976 572 adscribatur.
1009 545 1058 572 Th.

221 589 253 616 C.
274 588 342 616 VIII.
367 591 390 616 6.
416 600 437 616 c.
456 591 480 616 2.
505 589 537 615 de
556 593 630 615 tract.
656 594 681 615 et
700 593 759 615 stat.
790 604 823 608 —
855 588 885 621 ξ.
911 589 950 614 4.
984 590 1057 620 Res,

221 641 301 666 quae
328 634 361 658 in
388 634 478 659 bonis
509 638 591 658 sunt.
630 633 826 665 Corporales
854 641 910 657 res.
954 630 972 656 I.
996 632 1058 665 Sy.

220 674 309 706 Bona,
328 674 455 711 Corpora.
484 674 514 700 fr.
535 676 575 700 77.
601 675 623 708 5.
642 676 683 700 20.
708 673 740 700 de
760 673 835 710 legat.
855 673 885 699 11.
907 674 983 707 (31.)
1013 673 1058 700 IX.

220 718 262 743 42.
283 727 305 743 c.
323 719 347 743 3.
368 727 408 753 sq.
433 716 465 743 de
488 717 549 743 bon.
573 727 674 754 proscr.
710 715 773 743 Res.
802 726 823 742 c.
842 717 866 742 8.
887 726 919 742 ne
938 716 971 742 dc
989 721 1059 742 statu

221 759 335 786 defunct.
358 761 380 786 7.
393 761 435 786 21.
459 759 510 786 Th.
525 760 555 786 C.
570 759 613 786 IV.
633 761 675 785 21.
695 769 716 785 c.
732 761 754 785 1.
775 759 858 794 Quor.
878 759 971 785 bonor.
990 758 1058 785 VIII.

222 804 262 828 15.
283 812 304 828 c.
324 804 348 828 5.
368 802 406 836 55.
420 804 444 828 2.
464 812 503 838 sq.
524 802 556 829 de
575 802 599 828 h.
620 812 662 838 qu.
682 801 777 828 admin.
814 801 934 828 Pecunia.
954 801 985 828 sr.
1001 803 1058 828 178.

220 855 260 882 pr.
280 844 310 871 sr.
330 846 389 871 222.
410 844 443 871 de
462 844 493 871 Υ,
513 844 540 871 S.
560 845 656 871 5o.16.
693 843 854 881 Corporales
873 854 924 870 res.
957 844 1013 871 Gai.
1028 844 1058 871 11.

219 889 262 914 35.
282 887 324 914 111.
344 889 385 914 85.
414 887 475 925 le.
494 887 565 914 ΧΙΧ.
586 889 625 913 15.
668 886 710 913 111.
731 888 797 914 (Ὓη.
826 886 855 913 Si
874 887 1005 925 peculium
1024 887 1060 914 le-

220 935 303 966 getur.
324 935 349 956 et
368 931 403 956 sit
421 931 448 956 in
468 929 632 966 corporibus.
650 934 713 966 puta
728 930 809 961 fundi,
829 930 871 956 vel
886 930 971 957 aedes.
991 930 1022 956 sr.
1035 931 1059 956 6.

220 983 260 1010 pr.
281 972 313 999 de
331 972 417 1009 pecul.
437 972 485 1008 leg.
511 974 552 998 33.
572 973 596 998 8.
625 972 656 999 cf.
677 973 707 999 l'r.
727 975 751 999 5.
770 983 810 1010 pr.
840 973 872 1000 de
892 974 952 1010 imp.
973 974 999 999 in
1017 983 1060 999 res

221 1015 275 1042 dot.
289 1018 331 1042 25.
344 1017 366 1042 1.
391 1015 534 1042 Debitores
548 1016 696 1047 convenire,
711 1032 742 1035 —
757 1021 783 1042 et
797 1026 906 1053 corpora
919 1016 1060 1047 vindicare.

222 1063 248 1084 et
266 1058 437 1085 hereditatem
458 1057 583 1084 dividere.
614 1057 644 1084 fr.
666 1060 705 1084 15.
726 1058 747 1091 5.
766 1060 790 1084 2.
816 1058 848 1084 de
866 1059 938 1085 inoff.
958 1063 1060 1085 testam.

220 1103 245 1127 5.
264 1103 289 1127 2.
325 1100 477 1132 Hereditas,
501 1101 578 1127 etiam
597 1101 654 1127 sine
673 1100 727 1127 ullo
756 1111 879 1138 corpore,
904 1103 968 1128 iuris
987 1102 1062 1129 intel·

221 1143 318 1170 lectum
341 1143 426 1169 habet.
457 1143 487 1169 fr.
511 1145 553 1170 50.
572 1153 612 1180 pr.
638 1143 671 1170 de
694 1143 782 1170 hered.
808 1149 860 1181 pet.
889 1146 913 1170 5.
936 1146 961 1171 3.
1008 1145 1061 1180 Qui

222 1196 317 1224 corpus
336 1186 523 1212 hereditarium
542 1186 670 1223 possidet.
695 1186 724 1213 fr.
746 1188 785 1213 13.
806 1188 828 1221 5.
849 1189 888 1213 13.
910 1186 940 1213 fr.
961 1188 1001 1214 19.
1020 1198 1061 1225 pr.

220 1229 256 1255 ib.
279 1231 303 1255 5.
323 1230 347 1255 3.
385 1228 505 1266 Corpora
530 1230 585 1255 eius
610 1229 764 1255 hereditatis
788 1230 898 1266 perinde
917 1235 1061 1262 transeunt,

220 1288 254 1292 —
274 1282 303 1298 ac
322 1273 345 1298 si
365 1273 388 1298 ei
408 1272 509 1308 singula
529 1273 554 1298 in
575 1273 630 1298 iure
650 1282 724 1298 cessa
743 1272 863 1299 fuissent,
892 1272 949 1299 Gai.
970 1273 1003 1299 ll.
1019 1275 1061 1299 35.

220 1314 283 1352 le.
296 1315 367 1341 ΧΙΧ.
384 1317 423 1341 14.
444 1314 476 1341 cf.
491 1314 540 1341 Th.
556 1314 587 1341 C.
601 1314 644 1342 IV.
658 1317 700 1342 21.
715 1326 736 1341 c.
753 1317 774 1341 1.
794 1316 816 1349 5
826 1318 850 1342 2.
871 1315 954 1351 Quor.
968 1316 1061 1342 bonor.

221 1357 342 1395 Corpora
367 1357 455 1394 plura,
480 1368 533 1384 uon
557 1357 644 1384 soluta
667 1358 714 1384 sed
740 1359 784 1384 uni
808 1359 906 1385 nomini
936 1359 1061 1385 subiecta.

220 1400 252 1427 fr.
271 1402 313 1427 30.
333 1411 372 1437 pr.
393 1400 426 1427 de
445 1411 536 1438 usurp.
555 1402 596 1427 41.
616 1402 641 1427 3.
667 1401 698 1428 cs.
719 1400 749 1427 fr.
769 1403 811 1427 23.
835 1402 856 1435 5
877 1404 900 1427 5.
926 1401 958 1428 de
977 1402 1008 1428 R.
1028 1401 1060 1428 V.

220 1445 244 1470 6.
266 1445 289 1470 l.
325 1443 469 1470 Deditione
488 1444 571 1480 ipsius
592 1445 726 1481 corporis.
747 1444 818 1480 quod
837 1444 991 1481 deliquerit.
1011 1446 1062 1471 evi-

220 1491 277 1513 tare
295 1486 351 1512 litis
370 1487 584 1512 aestimationem.
616 1486 646 1513 fr.
669 1489 690 1513 l.
717 1486 749 1513 de
774 1497 834 1514 nox.
860 1493 908 1514 act.
933 1489 957 1514 9.
975 1490 999 1514 4.
1030 1487 1061 1514 cf.

221 1528 252 1555 fr.
271 1531 313 1556 22.
332 1530 354 1563 5.
376 1531 398 1555 l.
418 1528 450 1554 fr.
469 1530 511 1554 37.
531 1530 552 1562 5.
574 1531 596 1555 1.
617 1529 649 1555 ad
668 1529 698 1556 L.
713 1531 781 1566 Aqu.
801 1531 824 1556 9.
839 1532 862 1556 2.
900 1530 1063 1557 Privatarum

221 1582 308 1598 rerum
327 1576 491 1599 nostrarum.
512 1571 581 1598 Fisci
601 1573 694 1604 nostri.
714 1583 832 1610 corpora.
862 1572 911 1599 Th.
929 1572 960 1599 C.
980 1573 1023 1600 lv.
1038 1575 1062 1600 9.

223 1624 244 1640 c.
263 1616 287 1641 3.
316 1614 349 1641 ad
367 1614 394 1641 S.
416 1613 447 1640 C.
468 1614 561 1641 Claud.
587 1614 641 1641 VII.
663 1617 702 1642 19.
727 1626 748 1642 c.
770 1618 792 1642 1.
817 1626 856 1653 pr.
881 1615 914 1642 de
932 1615 1062 1642 Saturian.

223 1672 256 1676 —
275 1657 306 1690 ξ.
325 1658 362 1684 5.
395 1659 604 1684 l'niversitas
624 1668 744 1690 rernm,
765 1660 931 1694 Callet-tio.
963 1658 981 1685 1.
1001 1660 1062 1693 Sy.

223 1699 352 1726 Vniversa
371 1701 469 1736 scripta
490 1699 643 1737 (Papiniani
663 1702 738 1734 etc).
768 1701 804 1727 lb.
824 1701 842 1727 I.
862 1702 887 1727 4.
911 1712 933 1727 c.
953 1703 976 1728 1.
997 1712 1018 1728 c.
1037 1703 1062 1728 3.

224 1741 339 1776 (ch.)
364 1742 396 1769 de
420 1752 488 1779 resp.
515 1742 592 1779 prud.
634 1742 719 1770 Totus
747 1743 920 1777 (Homerus).
958 1744 1063 1781 Corpus

223 1784 364 1817 (Homeri).
383 1785 414 1811 sr.
428 1787 468 1811 52.
489 1786 526 1819 55.
548 1787 569 1811 1.
590 1795 630 1822 sq.
650 1785 771 1822 delegat.
785 1786 827 1812 111.
841 1786 908 1819 (32.)
938 1786 980 1813 111.
997 1788 1063 1814 Cn.

223 1827 331 1864 Corpus
350 1827 481 1864 quoddam
501 1838 644 1855 servorum.
683 1828 777 1864 Gregis
797 1839 875 1855 unum
895 1839 999 1866 corpus
1032 1829 1062 1855 fr.

224 1871 281 1896 195.
309 1870 330 1903 5.
349 1872 374 1896 3.
399 1869 431 1896 de
450 1869 481 1896 V.
502 1870 530 1896 S.
549 1873 590 1897 50.
612 1872 651 1896 16.
678 1871 699 1904 5.
722 1872 760 1897 18.
781 1871 799 1897 1.
826 1871 858 1897 de
877 1871 952 1907 legat.
977 1873 1001 1897 2.
1020 1873 1063 1897 20.

224 1912 319 1939 Omnia
339 1922 386 1938 suo
407 1914 521 1950 corpori,
541 1923 607 1949 quae
626 1918 688 1939 sunt
707 1913 814 1945 avulsa,
834 1914 980 1940 restituere.
1013 1913 1062 1940 Th.

224 1954 256 1982 C.
276 1955 309 1981 X.
330 1957 352 1981 l.
373 1965 394 1981 c.
415 1958 454 1981 15.
480 1956 512 1982 de
531 1957 587 1982 iure
606 1956 673 1982 fisci.
714 1956 743 1982 In
762 1957 832 1982 omni
851 1966 934 1993 paene
953 1966 1063 1993 corpore

223 1998 288 2024 iuris
309 1998 403 2030 (effusa
422 1998 486 2031 res).
507 2008 528 2024 c.
543 2000 565 2024 1.
585 2008 624 2035 pr.
644 1998 677 2025 de
695 1998 725 2025 R.
746 1999 778 2025 V.
798 1999 829 2025 A.
850 2001 874 2025 5.
890 2001 929 2025 13.
966 1999 995 2025 Ιιι
1009 2009 1064 2026 cor·

223 2050 273 2078 pus
294 2041 370 2067 unius
391 2040 489 2066 codicis
504 2057 535 2060 -—
549 2040 700 2078 Principum
719 2043 920 2068 constitutiones
940 2058 972 2061 —
992 2042 1064 2069 rede—

224 2084 315 2119 gimus.
343 2082 410 2109 Nov.
432 2082 481 2109 Th.
502 2082 532 2109 II.
557 2083 589 2109 de
609 2085 726 2111 confirm.
750 2084 803 2111 LL.
823 2094 882 2110 nov.
906 2084 924 2111 Ι.
951 2087 973 2111 1.
999 2096 1019 2111 c.
1040 2087 1063 2111 l.

224 2136 264 2163 pr.
301 2125 349 2152 Hic
369 2125 452 2152 codex
472 2141 503 2145 -—
522 2135 571 2162 per
589 2127 638 2153 tria
652 2137 761 2164 corpora
775 2127 951 2154 transferatur.
982 2128 1064 2155 Gesta

226 2170 253 2194 in
272 2168 332 2195 Sen.
358 2168 390 2195 de
413 2179 465 2195 ree.
495 2168 544 2195 Tb.
566 2168 598 2195 C.
621 2168 717 2202 (ch.
742 2180 767 2207 p.
787 2172 811 2197 6.
831 2172 889 2207 sq.)
918 2170 950 2197 cf.
969 2170 1063 2197 Const.

226 2210 357 2238 Valentia.
378 2211 409 2237 ad
430 2212 640 2238 constitutionar.
661 2212 708 2243 (ib.
728 2223 752 2249 p.
767 2213 805 2246 8.)
843 2213 1064 2246 Theodosianum,

228 2263 248 2279 5.
269 2252 447 2280 Theodosiani
467 2254 575 2283 codicis.
595 2264 700 2291 corpus.
727 2254 793 2281 Nov.
815 2255 864 2282 Th.
884 2255 914 2282 ΙΙ.
935 2256 967 2283 de
985 2262 1064 2283 tutor.

227 2296 246 2322 1.
268 2297 306 2321 11.
327 2306 347 2322 c.
368 2298 390 2323 1.
410 2296 442 2322 de
461 2301 562 2323 testam.
583 2297 600 2323 1.
622 2299 661 2323 16.
682 2308 702 2323 (·.
719 2299 740 2323 1.
769 2299 839 2324 Nov.
853 2298 956 2325 Valent.
975 2299 1017 2325 111.
1033 2299 1065 2326 de

228 2340 309 2376 episc.
329 2338 381 2364 iud.
400 2338 430 2364 II.
449 2341 490 2365 35.
512 2350 532 2366 c.
549 2342 570 2366 1.
589 2351 628 2377 pr.
661 2339 840 2367 Theodosiani
860 2351 963 2378 corpus.
996 2341 1066 2368 Con-

228 2380 289 2406 sult.
309 2384 360 2406 vet.
380 2379 434 2407 leti.
459 2392 479 2408 c.
499 2384 523 2409 3.
548 2394 569 2409 (·.
593 2385 615 2409 7.
636 2393 693 2419 sqq.
736 2383 937 2419 Gregorianum‚
961 2395 982 2411 s.
1002 2385 1065 2411 Gre-

228 2423 341 2458 goriani.
362 2421 559 2459 llermogeniani
579 2427 719 2462 (corpus).
748 2426 785 2452 Ib.
806 2436 827 2452 c.
848 2428 870 2453 1.
891 2437 948 2463 sqq.
983 2428 1064 2465 Corp.

228 2511 253 2534 2.
291 2523 323 2526 —
363 2508 394 2541 §-
416 2508 454 2534 6.
490 2510 694 2538 Vniversitas
722 2514 867 2546 plurium
897 2514 1064 2540 leontinum.

229 2551 248 2577 l.
272 2552 333 2584 Sy.
362 2550 443 2576 Plebs
463 2555 488 2576 et
506 2556 602 2587 patres.
638 2553 784 2591 Vtrumque
804 2565 908 2592 corpus.
933 2556 963 2581 l‘r.
983 2558 1007 2582 2.
1027 2557 1064 2590 55.

229 2595 271 2619 25.
286 2603 326 2629 sq.
347 2592 380 2619 de
399 2592 432 2618 Ο.
453 2592 471 2619 I.
492 2595 514 2619 l.
528 2595 552 2619 2.
588 2595 681 2623 Plures
700 2607 836 2634 personae.
866 2598 971 2635 Corpus
985 2599 1066 2635 quod-

231 2636 297 2662 dam.
328 2635 357 2661 sr.
381 2637 436 2661 195.
461 2636 542 2669 551.
563 2647 602 2673 sq.
622 2638 654 2665 de
673 2639 704 2666 V.
725 2640 751 2666 S.
771 2642 812 2667 50.
832 2642 872 2667 16.
909 2641 1064 2678 Collegium.

232 2678 273 2705 Cf.
294 2678 318 2704 h.
338 2689 362 2704 v.
382 2677 486 2709 Militia.
513 2677 619 2716 Corpus
637 2681 755 2709 militare.
787 2683 837 2710 Th.
857 2683 888 2710 C.
908 2683 952 2710 VI.
976 2687 1016 2711 14.
1043 2696 1064 2712 c.

230 2724 255 2747 2.
275 2721 307 2747 de
328 2722 414 2747 comit.
433 2720 464 2747 R.
484 2721 516 2748 M.
558 2721 600 2748 111.
620 2724 686 2750 οη.
717 2724 780 2752 Sive
798 2726 936 2762 singularis
955 2729 990 2754 sit
1008 2738 1065 2765 per-

232 2773 309 2796 sona,
334 2763 375 2790 vcl
395 2764 523 2801 populuS,
549 2764 592 2791 vel
611 2766 696 2797 curia,
718 2767 760 2793 vel
779 2768 929 2805 collegium,
948 2770 991 2796 vel
1011 2781 1066 2797 cor-

232 2816 290 2843 pus.
320 2806 349 2832 fr.
369 2808 392 2833 9.
418 2807 482 2840 5.1.
508 2807 559 2842 Qu.
579 2813 638 2834 met.
660 2818 680 2834 c.
706 2810 729 2834 4.
748 2811 772 2835 2.
802 2810 833 2837 cf.
852 2811 883 2838 fr.
904 2813 960 2838 195.
984 2813 1064 2847 551.

1881 171 1943 201 225

1105 256 1145 283 sq.
1166 246 1182 273 l.
1202 248 1244 273 50.
1262 248 1301 273 16.
1340 248 1494 286 Municipes.
1515 255 1541 276 et
1559 251 1709 283 societates,
1727 255 1753 276 et
1772 250 1900 283 decuriae,
1917 256 1943 277 et

1106 300 1223 327 corpora.
1253 289 1283 316 l'r.
1302 292 1326 316 3.
1346 291 1368 325 5.
1388 293 1412 317 4.
1432 291 1465 318 de
1483 292 1513 318 B.
1533 291 1561 319 P.
1580 294 1621 319 37.
1641 294 1663 318 1.
1683 293 1714 319 cl'.
1734 292 1870 327 Vatic.55.
1885 295 1942 320 158.

1104 334 1164 359 235.
1215 332 1320 368 Quibus
1343 335 1501 370 permissum
1526 340 1565 361 est
1591 345 1687 372 corpus
1710 335 1806 362 habere
1830 336 1942 372 collegii,

1105 376 1254 408 societatis,
1275 376 1332 402 sive
1351 378 1477 413 cuiusque
1496 377 1603 404 alterius
1623 388 1713 404 eorum
1732 380 1844 405 nomine.
1873 379 1904 406 fr.
1919 382 1941 406 1.

1104 428 1144 454 pr.
1164 418 1230 451 5.1.
1260 418 1311 454 Qu.
1331 420 1380 445 cui.
1401 421 1470 446 univ.
1491 430 1559 446 nom.
1579 423 1603 447 3.
1617 422 1640 447 4.
1678 421 1813 456 Quaedam
1833 422 1943 459 collegia

1104 460 1145 486 vel
1170 470 1292 497 corpora⁷
1318 462 1413 498 quibus
1437 463 1478 489 ius
1502 463 1613 489 eo'eundi
1637 463 1693 499 lege
1717 465 1875 500 permissum
1894 470 1942 491 est.

1105 502 1134 528 sr.
1154 505 1178 529 5.
1198 504 1281 536 5.12.
1304 503 1336 530 de
1355 505 1410 530 iure
1430 506 1534 532 immun.
1555 508 1595 532 50.
1615 508 1639 532 6.
1670 506 1701 532 cf.
1722 506 1751 532 l'r.
1771 509 1812 533 20.
1837 507 1869 533 de
1887 508 1942 534 reb.

1104 545 1164 572 dub.
1184 548 1226 572 34.
1246 549 1269 573 5.
1308 546 1422 577 Civitas,
1442 548 1485 574 vel
1504 559 1613 586 corpus.
1633 549 1675 575 vel
1695 549 1825 581 officinm.
1846 551 1872 576 in
1891 560 1943 586 quo

1104 589 1216 624 quisque
1236 594 1284 615 est.
1313 589 1343 616 sr.
1363 592 1404 616 36.
1425 590 1447 623 5.
1466 592 1491 616 2.
1512 590 1543 617 dc
1563 591 1648 617 fideic.
1668 591 1732 618 libb.
1752 594 1793 618 40.
1813 595 1836 619 5.
1869 592 1900 619 cf.
1920 604 1942 620 c.

1104 632 1126 656 7.
1147 631 1169 664 5
1191 633 1212 657 1.
1234 632 1266 658 de
1281 632 1333 659 div.
1346 643 1426 659 rescr.
1448 634 1470 659 1.
1488 635 1530 659 23.
1566 634 1607 660 Ex
1627 644 1715 660 eorum
1736 645 1847 672 corpore
1865 640 1943 672 atque

1103 673 1203 700 ordine.
1234 674 1283 701 Th.
1307 675 1338 702 C.
1357 675 1375 701 Ι.
1395 677 1419 701 5.
1440 686 1461 702 e.
1481 676 1504 702 8.
1525 676 1640 710 (ch.)
1660 677 1693 703 de
1713 678 1756 704 off.
1776 678 1828 704 Prs.
1848 678 1890 705 Pr.
1911 679 1942 705 cf.

1103 715 1170 743 VIII.
1192 719 1214 743 1.
1235 728 1256 744 c.
1280 720 1300 744 l.
1320 718 1352 744 de
1372 729 1499 745 numerar.

1131 760 1413 793 Corpusculum.
1433 764 1492 788 Res
1506 764 1649 788 minutae
1661 763 1943 798 fig11rr1e.III.Gn.

1104 801 1133 827 Si
1154 812 1245 829 aurum
1264 803 1336 830 dedit
1355 804 1465 835 aurifici.
1484 809 1512 830 ut
1532 814 1584 831 non
1603 809 1702 831 tantum
1722 815 1754 831 ex
1774 816 1804 831 eo
1825 817 1886 833 auro
1899 808 1943 833 sse-

1104 849 1144 870 ret
1163 845 1213 871 sibi
1233 845 1340 882 aliquod
1359 847 1557 883 corpusculum.
1577 847 1624 873 sed
1651 858 1683 874 ex
1703 847 1762 873 alio.
1787 848 1816 875 sr.
1841 851 1883 876 34.
1903 860 1942 887 pr.

1105 886 1137 913 de
1156 897 1218 913 auro
1238 898 1289 924 arg.
1308 891 1350 915 34.
1369 891 1394 915 2.

1141 930 1365 962 Con-radere,
1387 942 1407 957 5.
1424 932 1655 960 Corn-adero.
1675 934 1706 966 §.
1718 934 1752 960 1.
1773 936 1942 962 Abradere.

1105 972 1147 999 III.
1170 975 1235 1001 Gn.
1264 974 1293 1000 Si
1312 975 1449 1000 tectorium
1469 991 1501 994 -
1520 977 1690 1013 picturasque
1712 976 1851 1003 corradere
1868 977 1943 1007 velis.

1105 1015 1171 1042 nihil
1189 1016 1289 1043 laturus
1310 1017 1361 1042 nisi
1380 1021 1408 1042 ut
1427 1016 1535 1043 ol'ficias.
1565 1018 1594 1044 fr.
1612 1019 1654 1044 38.
1675 1018 1707 1045 de
1726 1018 1757 1046 R.
1777 1019 1808 1046 V.
1829 1021 1852 1047 6.
1874 1022 1896 1047 1.
1912 1037 1944 1040 —

1106 1060 1136 1092 ξ.
1163 1060 1197 1086 2.
1231 1061 1446 1094 conquirere,
1479 1062 1650 1096 Colligere.
1688 1060 1706 1087 1.
1734 1063 1795 1096 Sy.
1826 1062 1945 1089 Reficere

1106 1104 1259 1134 (nummum.
1278 1112 1302 1128 v.
1323 1103 1470 1135 summam).
1499 1102 1528 1128 fr.
1544 1105 1567 1129 5.
1584 1113 1622 1140 pr.
1644 1103 1676 1130 de
1697 1104 1762 1130 adm.
1785 1109 1810 1131 et
1828 1115 1883 1142 per.
1902 1108 1943 1132 26.

1106 1147 1129 1171 7.
1166 1145 1209 1171 111.
1229 1146 1294 1172 Gn.
1322 1144 1386 1171 Inde
1406 1155 1530 1171 conrasas
1548 1147 1673 1182 pecunias
1693 1146 1831 1173 Praesides
1851 1148 1883 1174 ad
1902 1149 1945 1175 fis-

1107 1198 1164 1214 cum
1184 1189 1393 1214 transmiserunt.
1423 1188 1454 1214 fr.
1474 1189 1498 1214 6.
1523 1188 1555 1214 de
1574 1188 1634 1215 bon.
1655 1189 1766 1215 damnat.
1786 1192 1826 1216 48.
1846 1193 1887 1217 20.
1913 1192 1943 1218 cl‘.

1107 1230 1136 1256 fr.
1154 1232 1178 1257 3.
1199 1232 1220 1265 5
1240 1233 1264 1257 9.
1285 1230 1316 1257 de
1336 1230 1452 1257 statulib.
1473 1233 1514 1257 40.
1535 1233 1558 1257 7.

1142 1274 1347 1301 eorrectio.
1391 1276 1601 1309 Castigatio‚
1628 1276 1802 1302 coercitio.
1840 1276 1858 1302 l.
1884 1277 1945 1310 Sy.

1105 1316 1273 1347 Emendatio.
1294 1316 1495 1343 Animadversio
1516 1316 1681 1350 (domestica,
1701 1328 1721 1344 s.
1742 1319 1864 1355 privata).
1895 1318 1955 1356 Th:

1107 1359 1138 1386 C.
1157 1359 1202 1385 ΙΧ.
1224 1361 1263 1386 13,
1284 1370 1305 1386 c.
1327 1361 1348 1385 1.
1370 1359 1401 1386 de
1422 1359 1522 1386 emend.
1542 1361 1683 1397 propinqu.
1719 1360 1762 1387 111.
1778 1363 1843 1389 Cn.
1862 1361 1946 1388 Excu-

1107 1403 1158 1428 sari
1181 1402 1250 1429 solet
1273 1412 1351 1435 sexu,
1379 1402 1421 1429 vel
1445 1407 1543 1435 aetate,
1569 1402 1611 1429 vel
1641 1404 1716 1429 etiam
1741 1403 1868 1441 puniendi
1891 1414 1946 1431 cor-

1107 1447 1238 1475 rectione,
1256 1455 1322 1482 quae
1341 1445 1365 1471 b.
1386 1445 1402 1472 f.
1423 1446 1571 1473 intervenit.
1600 1446 1630 1473 sr.
1650 1448 1691 1472 38.
1712 1447 1734 1480 5.
1756 1449 1778 1473 7.
1799 1447 1830 1473 ad
1849 1447 1878 1473 L.
1898 1447 1944 1474 Iul.

1107 1489 1139 1515 de
1159 1488 1239 1515 adult.
1259 1491 1300 1515 48,
1320 1490 1344 1514 5.

1143 1532 1354 1559 corrector.
1400 1534 1616 1566 Praepositus
1654 1534 1946 1560 administrationi

1108 1577 1245 1606 Italiae,
1270 1577 1318 1601 vel
1338 1577 1595 1608 provinciarum.
1636 1574 1655 1601 1.
1674 1576 1736 1609 Sy.
1764 1574 1802 1607 Is,
1823 1577 1867 1611 qui
1886 1586 1946 1612 pro-

1106 1618 1208 1644 vinciae
1234 1622 1347 1654 praeest.
1392 1617 1518 1649 Praeses,
1548 1617 1591 1644 vel
1615 1617 1758 1644 Corrector
1786 1619 1945 1654 provinciae.

1084 1682 1086 1698 ἱ
1107 1660 1137 1687 fr.
1158 1662 1181 1687 7.
1201 1661 1222 1694 5.
1242 1663 1266 1686 2.
1292 1660 1324 1686 de
1347 1660 1391 1687 off.
1412 1660 1487 1686 l'roc.
1511 1665 1537 1686 et
1554 1659 1617 1696 Leg.
1643 1662 1664 1686 l.
1686 1661 1725 1686 16.
1755 1660 1785 1686 fr.
1805 1664 1828 1687 8.
1850 1671 1890 1698 sq.
1914 1662 1944 1688 fr.

1109 1705 1148 1728 10.
1169 1712 1227 1739 sqq.
1252 1702 1283 1729 fr.
1302 1705 1344 1729 20.
1364 1703 1396 1729 de
1421 1703 1464 1729 off.
1484 1702 1571 1728 Praes.
1598 1705 1619 1729 l.
1641 1705 1680 1729 18.
1718 1702 1890 1730 Provincialis
1909 1706 1946 1731 iu-

1108 1745 1167 1777 dex,
1186 1745 1229 1771 vel
1248 1747 1315 1771 intra
1335 1745 1441 1771 Italiam.
1479 1744 1617 1771 Praesides
1637 1750 1662 1771 et
1682 1745 1865 1779 Correctores,
1884 1748 1946 1774 item

1108 1787 1278 1819 Consulares
1298 1787 1395 1814 Vicarii
1415 1798 1528 1824 quoque,
1548 1787 1670 1813 Procoss.
1700 1787 1749 1814 Th.
1765 1788 1795 1815 C.
1815 1788 1859 1815 IX.
1880 1791 1903 1816 1.
1924 1800 1945 1816 c.

1109 1832 1149 1857 13.
1169 1830 1201 1856 de
1220 1840 1304 1856 accus,
1325 1835 1351 1856 ct
1369 1831 1448 1856 inscr.
1484 1830 1527 1856 Ill.
1543 1832 1608 1858 Gn.
1627 1830 1667 1857 Ex
1686 1830 1743 1857 VV.
1759 1830 1799 1857 Cl.
1818 1831 1946 1858 Praesidi-

1108 1873 1157 1900 bus
1176 1873 1379 1910 provinciarum,
1398 1873 1440 1900 vel
1454 1872 1655 1905 consularibus,
1674 1878 1718 1899 aut
1732 1873 1944 1906 correctoribus.

1107 1915 1150 1942 vel
1170 1917 1214 1952 qui
1234 1915 1467 1942 administrationis
1486 1917 1591 1942 maioris
1606 1915 1701 1943 insulas
1714 1918 1864 1944 meruerint.
1885 1929 1905 1944 c.
1922 1920 1944 1944 1.

1107 1968 1146 1995 pr.
1172 1963 1200 1985 ut
1219 1969 1287 1984 omn.
1307 1958 1360 1984 iud.
1386 1961 1407 1985 1.
1428 1960 1469 1986 49.
1499 1958 1531 1985 cf.
1552 1958 1601 1985 Th.
1621 1958 1651 1986 C.
1672 1958 1740 1986 VIII.
1767 1961 1791 1985 4.
1816 1970 1837 1986 c.
1857 1963 1880 1987 8.
1905 1971 1943 1997 pr.

1108 2001 1141 2028 de
1160 2001 1286 2028 cohortal.
1325 2001 1469 2028 Corrector
1487 2001 1608 2033 Tusciae,
1628 2001 1759 2034 Vmbriae,
1779 2002 1943 2040 Campaniae.

1108 2044 1145 2071 lb.
1165 2044 1210 2071 IX.
1232 2046 1254 2070 1.
1275 2054 1296 2070 c.
1310 2045 1334 2070 8.
1372 2044 1448 2071 Corr.
1468 2044 1566 2071 Piceni.
1594 2044 1677 2071 Vatic.
1691 2046 1712 2079 5
1726 2047 1768 2071 35.
1806 2045 1882 2072 Corr.
1895 2046 1945 2072 Lu-

1109 2088 1197 2114 caniae
1216 2091 1242 2113 ct
1260 2086 1431 2113 Bruttiorum.
1461 2087 1510 2114 Th.
1532 2087 1562 2114 C.
1583 2087 1649 2114 VIII.
1669 2090 1693 2114 5.
1713 2099 1734 2114 c.
1754 2089 1795 2114 28.
1816 2088 1848 2115 de
1867 2099 1942 2115 cursu

1108 2130 1170 2167 pub.
1195 2129 1240 2156 IX.
1261 2131 1300 2155 19.
1322 2140 1342 2155 c.
1364 2131 1386 2156 l.
1407 2130 1439 2156 ad
1458 2129 1487 2156 L.
1508 2130 1588 2157 Corn,
1608 2130 1640 2156 de
1660 2130 1716 2157 fals.

1145 2172 1353 2205 Correptio.
1385 2175 1618 2207 Adprehensio,
1640 2175 1871 2207 Deprehensiv.
1901 2174 1941 2200 111.

1110 2217 1175 2243 Gn.
1207 2214 1243 2241 Vt
1262 2216 1288 2241 in
1308 2216 1384 2241 unius
1405 2217 1571 2252 correptione
1589 2226 1726 2253 personae.
1746 2217 1769 2242 si
1788 2216 1820 2243 ad
1839 2217 1865 2243 id
1885 2227 1942 2242 con-

1109 2259 1219 2285 tinuatio
1238 2259 1339 2295 peccati
1363 2258 1508 2295 impulerit,
1533 2260 1614 2284 trinae
1633 2259 1812 2285 tantummodo
1831 2260 1856 2284 in
1876 2269 1942 2284 anno

1109 2301 1335 2328 condemnationis
1356 2317 1388 2320 —
1408 2303 1533 2328 severitas
1554 2307 1712 2328 exerceatur.
1742 2312 1762 2328 c.
1783 2304 1806 2327 6.
1826 2302 1846 2334 5.
1866 2302 1889 2326 3.
1910 2300 1942 2326 de

1109 2344 1187 2371 modo
1207 2344 1308 2370 multar.
1330 2345 1351 2369 1.
1371 2345 1412 2370 54.

1145 2388 1322 2417 Correus,
1344 2396 1364 2412 s.
1386 2387 1564 2414 Conreus.
1603 2389 1638 2414 111
1663 2390 1796 2414 solidum
1816 2388 1940 2421 obliga-

1086 2446 1087 2459 ι
1109 2437 1160 2457 tus
1180 2440 1246 2457 cum
1267 2431 1361 2461 aliis,
1381 2432 1429 2456 vel
1445 2432 1664 2463 promittendo
1686 2431 1938 2462 adstipulando.

229 2465 392 2492 novellarum
412 2464 556 2494 Theodosii
580 2473 605 2494 et
624 2468 808 2495 Yalentiniani.
841 2469 870 2496 L.
890 2469 965 2496 Rom.
986 2471 1064 2507 Burg.
1086 2463 1087 2469 ¹

1109 2472 1127 2498 Ι.
1148 2473 1209 2506 Sy.
1240 2472 1301 2498 Duo
1322 2473 1358 2498 rei
1377 2472 1542 2509 (stipulandi,
1561 2483 1584 2499 v.
1599 2471 1787 2509 promittendi).
1824 2471 1875 2498 Vbi
1889 2472 1940 2498 duo

1110 2516 1146 2541 rei
1171 2515 1231 2541 l'acti
1256 2519 1329 2543 sunt,
1354 2525 1374 2541 s.
1400 2517 1543 2542 constituti.
1586 2515 1686 2541 Correi.
1719 2514 1749 2540 l'r.
1767 2515 1791 2540 3.
1820 2515 1840 2548 5.
1860 2516 1884 2541 3.
1908 2515 1940 2541 de

1109 2558 1210 2584 liberat.
1230 2557 1279 2593 leg.
1298 2559 1339 2583 34.
1359 2559 1383 2583 3.
1403 2557 1433 2584 fr.
1452 2560 1476 2584 3.
1496 2568 1535 2595 pr.
1555 2559 1618 2592 5.1.
1638 2557 1667 2582 fr.
1687 2558 1710 2583 4.
1730 2566 1789 2593 sqq.
1809 2557 1841 2583 de
1860 2557 1938 2584 duob.

1109 2601 1169 2626 reis.
1188 2602 1229 2626 45.
1249 2602 1273 2626 2.
1315 2600 1389 2632 Duo.
1409 2601 1545 2638 pluresve.
1565 2599 1680 2625 eiusdem
1698 2598 1866 2635 obligationis
1884 2611 1939 2637 par-

1109 2644 1212 2680 ticipes.
1250 2642 1317 2669 Cum
1343 2643 1395 2669 duo
1419 2643 1525 2669 eandem
1544 2642 1678 2677 pecuniam
1702 2647 1745 2668 aut
1763 2644 1938 2679 promiserint.

1110 2690 1154 2712 aut
1172 2685 1291 2723 stipulati
1311 2691 1379 2713 sunt.
1412 2686 1442 2712 sr.
1461 2688 1484 2711 2.
1510 2685 1543 2710 ib.
1564 2685 1604 2709 45.
1623 2686 1647 2710 2.
1676 2684 1707 2711 fr.
1728 2686 1767 2712 16.
1787 2696 1825 2722 pr.
1850 2686 1881 2712 de
1900 2698 1938 2713 ac-

1108 2727 1195 2765 ceptil.
1214 2730 1256 2755 46.
1275 2730 1299 2755 4.

1145 2771 1356 2805 corrigere.
1385 2771 1414 2803 §-
1435 2771 1468 2795 1.
1494 2770 1635 2801 Mutare,
1655 2771 1811 2806 Refirere.
1840 2771 1857 2797 l.
1877 2773 1936 2805 Sy.

1109 2813 1265 2845 Emendare,
1285 2813 1391 2840 Mutare.
1420 2813 1441 2845 5.
1455 2813 1478 2837 3.
1498 2811 1516 2838 I.
1536 2812 1568 2839 de
1587 2812 1700 2840 libertin.
1721 2816 1742 2840 l.
1757 2816 1779 2840 5.
1799 2814 1830 2840 fr.
1843 2816 1884 2840 20.
1896 2824 1935 2850 sq.

1464 2855 1498 2881 29
