2197 3121
271 170 334 202 706

272 262 321 290 pro
341 261 399 278 suo.
419 252 460 277 41.
483 252 522 277 10.
543 250 575 277 cf.
596 249 657 288 ΠΡ.
677 249 775 277 XXIV.
794 251 836 277 33.
875 249 904 277 Si
922 260 997 287 perp.
1017 248 1121 276 conses-

271 305 318 323 sus
338 295 425 321 suerit.
446 294 475 321 fr.
497 295 519 320 7.
541 293 573 320 de
592 294 682 320 interr.
703 293 728 319 in
748 294 813 320 iure.
829 295 868 320 11.
891 295 912 320 1.

310 340 465 371 Perpes.
485 336 615 369 (Adiect.)
636 339 826 370 Perpetuus.
863 336 882 362 1.
897 337 959 371 Sy.
978 335 1008 362 Iu
1026 345 1120 373 perpe-

272 386 345 408 tuum
358 390 470 407 manere.
491 379 594 406 Tenere
608 385 743 417 perpetem
762 380 920 406 firmitatem.
941 378 991 405 Tb.
1007 378 1038 405 C.
1050 378 1119 405 XIII.

270 426 295 451 3.
317 435 338 451 c.
359 426 399 450 14.
419 432 459 459 sq.
483 421 516 449 de
535 422 628 450 medic.
649 427 675 449 et
693 422 761 459 prof.
798 422 840 449 III.
861 423 928 450 Cn.
952 421 1059 459 Perpeti
1078 431 1120 448 au-

272 468 393 495 ctoritate
412 466 552 492 sancimus.
584 465 621 492 lb.
643 465 715 492 XIV.
741 468 780 493 15.
810 476 831 492 c.
854 466 877 492 6.
908 464 940 491 de
965 475 1020 491 can.
1043 464 1119 491 frum.

271 510 328 537 urb.
344 509 374 536 Ii.
396 508 514 535 Domiuii
533 510 653 547 pei-petis
672 508 863 543 (durabilitas.)
882 507 921 535 Ib.
940 507 973 534 V.
993 510 1034 535 14.
1055 518 1076 535 c.
1096 509 1119 534 1.

272 552 386 586 (wok.)

308 595 477 628 Perpeti.
518 596 687 627 Talea-are,
707 596 872 630 Perferre.
910 593 954 620 III.
970 594 1037 621 Gn.
1057 592 1118 619 Non

272 639 340 665 enim
360 637 487 675 ampliora
506 648 586 665 onera
606 638 710 675 perpeti
729 637 853 663 videntur
872 637 922 671 (sc.
935 636 1055 670 rhedae.)
1081 636 1118 663 lb.

271 681 382 708 V111.5.
407 691 428 708 c.
447 682 472 707 8.
496 681 518 715 5.
541 683 563 708 l.
588 681 621 708 de
647 691 726 707 cursu
753 680 815 717 pub.
853 679 947 717 'Neque
973 679 1069 706 auferri
1088 679 1119 706 ab

271 724 360 761 aliquo
380 740 412 744 —
436 725 608 761 perpetimur.
639 724 677 751 Ib.
696 723 742 750 lx.
761 725 804 750 44.
829 733 851 750 c.
872 725 895 750 l.
922 723 955 750 de
978 722 1004 749 h.
1025 732 1068 759 qu.
1088 722 1120 749 ad

272 772 332 794 stat.

310 810 519 844 Perpefim.
537 810 660 843 (Advb.)
687 812 855 844 Perpetuo.
893 809 936 836 111.
957 810 1024 837 Cn-
1045 809 1121 845 Quae

272 869 304 873 —
324 853 421 880 habere
444 853 566 880 volumus
590 853 720 890 perpetim
745 852 794 885 [al.
815 857 968 890 perpetem,
988 862 1009 879 s.
1029 862 1121 890 perpe-

270 896 352 929 tuam]
373 896 530 922 firmitatem.
552 895 601 922 Th.
616 895 648 922 C.
661 895 733 922 XVI.
747 897 771 922 5.
792 906 813 922 c.
827 898 869 922 55.
889 895 921 922 de
934 895 1031 922 haeret.
1055 895 1120 922 lust.

272 938 304 966 C.
325 949 346 966 c.
367 941 391 966 6.
411 938 444 965 de
466 949 494 965 re
513 938 566 965 iud.
587 940 610 966 7.
631 941 673 965 52.

311 983 556 1015 Perpetrare.
602 984 785 1017 Peragere,
818 983 1056 1009 Consnmmare.
1099 982 1118 1009 I.

271 1026 334 1059 Sy.
363 1024 498 1061 peragere.
528 1024 559 1051 fr.
578 1026 621 1051 38.
649 1025 671 1059 5.
693 1026 733 1051 12.
757 1024 790 1051 de
812 1035 891 1062 poen.
911 1027 952 1052 48.
979 1026 1019 1052 19.
1043 1025 1075 1052 I'r.
1094 1026 1118 1051 3.

271 1068 293 1102 5.
313 1070 335 1094 6.
357 1067 389 1094 de
409 1068 469 1094 bon.
491 1078 545 1094 eor.
565 1069 607 1095 48.
627 1070 669 1094 21.
705 1067 749 1094 III.
771 1069 837 1096 Gn.
865 1068 932 1103 Qui,
962 1078 1020 1095 cum
1039 1067 1121 1094 vellet

271 1110 401 1142 occidere,
421 1110 448 1137 id
467 1122 530 1138 casu
550 1110 638 1148 aliquo
658 1115 774 1148 perpetr.
787 1120 841 1137 non
854 1112 979 1147 potuerit.
999 1110 1071 1138 Paul.
1086 1110 1118 1138 V.

269 1155 311 1180 23.
332 1154 353 1187 5.
373 1156 397 1180 3.
417 1153 448 1180 fr.
467 1156 493 1181 3.
517 1155 539 1188 5.
559 1156 583 1181 6.
603 1154 620 1181 l.
640 1156 682 1180 45.
702 1156 744 1180 21.
780 1153 811 1180 ln
831 1164 880 1190 qna
900 1154 949 1187 (sc.
969 1154 1119 1191 provincia)

270 1197 372 1224 facinus
391 1198 561 1234 perpetravit.
582 1197 632 1224 Th.
648 1196 678 1224 C.
692 1197 738 1224 IX.
754 1198 777 1223 l.
797 1207 818 1223 c.
834 1199 857 1223 1.
877 1196 910 1223 de
924 1207 1010 1223 accus.
1034 1196 1120 1224 Luere

270 1245 428 1277 perpetrata.
450 1240 486 1266 Ib.
500 1240 545 1266 IX.
567 1242 607 1267 10.
628 1250 648 1266 c.
669 1241 692 1266 4.
712 1250 752 1278 pr.
772 1239 805 1266 ad
822 1239 853 1266 L.
873 1239 920 1267 Iul.
942 1239 974 1266 de
993 1241 1019 1267 vi
1038 1240 1100 1278 pub.

308 1285 562 1317 Perpetuare.
603 1285 802 1317 Perpetuam
829 1285 970 1310 reddere.
1013 1283 1032 1309 1.
1057 1284 1119 1318 Sy.

271 1325 429 1363 Perpetuam
449 1326 555 1352 ellicere
575 1325 796 1362 (obligationem.)
816 1326 847 1353 sr.
861 1328 902 1352 24.
923 1326 945 1360 5.
958 1328 982 1352 2.
1001 1325 1034 1352 de
1047 1336 1118 1352 usur.

269 1372 312 1396 22.
335 1372 357 1396 1.
377 1369 408 1396 fr.
428 1371 469 1396 91.
490 1370 527 1403 55.
547 1370 572 1395 3.
592 1379 650 1405 sqq.
672 1368 705 1395 de
723 1368 753 1395 V.
769 1369 802 1395 O.
822 1371 864 1396 45.
886 1371 908 1396 1.
946 1369 988 1395 Ad
1008 1369 1119 1396 heredes

270 1414 392 1443 transire,
412 1412 565 1449 Perpetuari
585 1412 749 1445 (actionem.)
770 1411 854 1439 Vatic.
874 1412 969 1446 5.112.
999 1412 1029 1439 11.
1051 1414 1119 1447 ΟΡ.

270 1454 433 1493 Perpetuari.
454 1471 486 1475 —
506 1455 644 1492 Deperire.
665 1466 685 1482 c.
706 1458 729 1482 5.
750 1455 772 1489 5.
792 1458 816 1482 3.
837 1455 870 1482 de
889 1460 968 1493 temp.
989 1460 1015 1482 et
1035 1466 1118 1493 repar.

272 1500 295 1525 7.
315 1500 357 1524 63.
395 1498 437 1524 III.
462 1500 528 1526 Cn.
554 1497 647 1524 Vtrum
667 1498 797 1535 duplicari
818 1499 841 1525 ei
861 1503 978 1536 tempora
998 1498 1118 1530 debeant,

271 1552 303 1568 an
322 1551 384 1568 vero
404 1541 572 1578 perpetuari?
602 1540 633 1567 sr.
653 1542 677 1567 8.
703 1542 725 1575 5.
746 1543 768 1568 7.
795 1541 828 1568 de
851 1552 928 1578 poen.
948 1544 989 1568 48.
1010 1543 1051 1568 19.
1087 1541 1117 1568 L.

271 1584 333 1611 Cne
357 1589 383 1610 et
406 1583 532 1621 poenales
556 1584 674 1610 actiones
704 1585 920 1611 transmittuntur
948 1584 979 1611 ab
1008 1589 1119 1621 utraque

270 1632 353 1664 parte,
373 1632 399 1653 et
418 1626 577 1664 temporales
598 1631 798 1663 perpetuantur.
822 1626 852 1653 fr.
872 1630 897 1653 8.
917 1627 939 1661 5.
961 1629 983 1654 l.
1003 1627 1036 1654 de
1055 1627 1119 1654 fide-

271 1671 337 1697 iuss.
357 1675 404 1697 tut.
424 1672 466 1697 27.
488 1672 510 1696 7.
531 1670 562 1696 cs.
583 1669 613 1696 fr.
634 1671 657 1696 9.
678 1669 700 1703 5.
713 1672 737 1696 3.
758 1669 791 1696 de
810 1671 916 1696 iureiur.
934 1671 973 1697 12.
988 1672 1012 1696 2.
1051 1670 1118 1697 Cuin

270 1713 339 1740 facto
363 1722 411 1739 suo
436 1723 496 1740 reus
522 1712 710 1749 obligationem
734 1717 886 1750 perpetuat,
911 1714 989 1739 etiam
1012 1713 1118 1740 fideius-

270 1757 340 1783 soris
360 1756 437 1782 dnrat
455 1755 590 1789 obligatio.
610 1756 640 1782 fr.
660 1757 701 1782 55.
721 1756 743 1790 5.
765 1759 787 1782 1.
807 1756 840 1782 de
858 1755 977 1782 fideiuss.
996 1757 1038 1782 46.
1060 1758 1082 1782 1.

311 1799 601 1832 Perpetuarius.
630 1798 760 1832 (Adiect.)
791 1801 854 1832 Qui
870 1805 1027 1833 perpetuo
1048 1801 1118 1826 iure

270 1844 474 1869 constitutus
494 1848 548 1868 est.
586 1841 604 1868 1.
626 1843 689 1876 Sy.
721 1842 774 1877 Qui
798 1843 854 1868 iure
880 1846 1008 1879 perpetuo
1028 1851 1119 1879 posse-

271 1885 379 1916 derunt,
402 1895 423 1911 s.
443 1886 558 1911 retinent
577 1886 706 1921 (privatae
726 1885 763 1911 rei
782 1884 910 1921 praedia.)
946 1884 1118 1922 Perpetuarii.

271 1927 322 1955 Th.
343 1927 374 1954 C.
395 1927 426 1954 V.
449 1930 487 1954 13.
509 1938 529 1954 c.
549 1930 591 1954 30.
612 1938 634 1954 c.
653 1930 695 1954 33.
715 1927 828 1961 (Wek.)
848 1927 893 1954 XI.
914 1929 955 1954 16.
982 1938 1004 1954 c.
1026 1929 1065 1954 12.
1086 1927 1119 1954 de

271 1975 338 1997 extr.
358 1980 380 1996 S.
400 1970 471 1997 sord.
492 1970 537 1997 XI.
559 1973 598 1997 19.
619 1981 640 1997 c.
655 1972 678 1997 4.
699 1970 732 1997 de
751 1970 812 1997 coll.
832 1970 906 1997 fund.
926 1971 1029 2008 patrim.
1059 1970 1119 1997 Per·

271 2014 346 2051 petui
365 2014 438 2045 iuris.
460 2013 622 2050 perpetu-arii
642 2013 750 2046 (fundi.)
770 2014 807 2040 lb.
822 2013 878 2040 Vll.
893 2015 933 2040 13.
954 2024 975 2040 c.
997 2015 1036 2040 14.
1057 2013 1079 2047 5.
1096 2015 1117 2039 l.

272 2056 305 2083 de
323 2058 402 2083 tiron.
421 2055 480 2083 XV.
502 2059 541 2082 14.
562 2067 583 2083 c.
605 2058 645 2082 10.
665 2057 698 2083 de
717 2057 811 2083 infirm.
831 2056 856 2082 h.
877 2066 920 2093 qn.
940 2066 961 2083 s.
982 2061 1032 2092 tyr.
1059 2056 1119 2083 Em-

272 2099 507 2137 pbyteuticarium,
528 2099 725 2136 Perpetuarium
745 2100 829 2132 (ius.)
849 2110 870 2126 c.
892 2101 914 2126 1.
934 2099 967 2126 de
986 2099 1030 2126 off.
1051 2109 1117 2126 com.

273 2143 301 2169 S.
321 2142 372 2179 pal.
394 2145 415 2169 l.
434 2144 477 2169 34.
514 2142 557 2169 Ill.
579 2144 644 2170 Gn.
664 2142 850 2168 Conductores
869 2144 1038 2179 perpetuarii.
1058 2152 1079 2169 c.
1093 2144 1116 2168 3.

273 2185 306 2212 de
330 2185 379 2212 loc.
407 2185 495 2223 praed.
521 2186 570 2213 civ.
592 2187 632 2212 ll.
653 2187 693 2212 70.
730 2184 894 2222 Perpetuarii
917 2187 982 2212 iuris
1006 2186 1117 2212 exactio.

274 2228 324 2255 Tb.
345 2228 376 2255 C.
395 2228 414 2255 I.
434 2231 474 2256 11.
495 2240 516 2255 c.
539 2231 560 2255 1.
580 2228 684 2262 (welf.)
704 2228 737 2255 de
756 2229 800 2255 off.
821 2238 886 2254 com.
906 2230 942 2255 rei
962 2230 1029 2266 priv.

312 2272 567 2304 Perpetuitas.
594 2273 811 2298 continuatio
833 2278 1001 2305 perpetua.
1039 2274 1116 2299 Per-

273 2317 410 2342 ennitas.
452 2314 495 2340 III.
521 2316 587 2342 011.
610 2314 769 2341 Continuata
792 2319 940 2352 temporum
964 2319 990 2340 et
1014 2324 1118 2341 succes-

274 2359 378 2385 sionum
402 2358 572 2394 perpetuitas.
598 2368 619 2383 c.
639 2359 680 2384 61.
705 2357 737 2384 de
761 2357 895 2384 decurion.
919 2359 958 2384 10.
979 2359 1020 2384 31.
1058 2357 1117 2384 Per-

273 2402 427 2438 petuitatein
451 2399 513 2426 dare
537 2399 762 2437 (provincialibus
781 2400 943 2433 advocatis.)
971 2400 1038 2427 Nov.
1059 2400 1116 2427 Yal.

273 2443 316 2470 Ill.
337 2443 368 2470 de
389 2443 507 2469 conlirm.
526 2442 550 2468 b.
571 2452 614 2478 qu.
634 2443 774 2470 adinin.11.
787 2446 829 2470 32.
850 2454 870 2470 c.
886 2446 908 2470 1.
928 2444 950 2477 5.
964 2445 988 2470 5.
1010 2443 1041 2470 cf.
1067 2443 1117 2471 Th.

274 2486 307 2513 C.
326 2485 396 2513 XIV.
418 2487 457 2512 17.
484 2496 505 2511 c.
525 2486 549 2511 9.
569 2485 602 2511 de
621 2495 714 2512 annon.
735 2487 783 2513 civ.
820 2486 863 2513 Ius
888 2486 996 2513 dominii
1016 2491 1041 2512 et
1061 2497 1118 2524 per-

274 2531 397 2567 petuitas.
417 2528 454 2555 lb.
475 2527 506 2554 V.
528 2529 566 2555 15.
587 2539 608 2555 c.
629 2530 653 2555 4.
673 2528 778 2562 (ch.)
798 2529 829 2556 cf.
850 2528 934 2555 Vatic.
952 2529 975 2562 5.
994 2531 1035 2555 35.

312 2573 517 2605 Perpetuo.
546 2570 671 2604 (Advb.)
699 2570 730 2604 ξ.
751 2573 785 2598 l.
807 2573 981 2604 Coutinue,
1003 2574 1118 2598 Peren·
1139 2588 1140 2596 η

1140 2627 1141 2630 ’
1162 2615 1195 2641 ad
1214 2615 1293 2641 finem
1311 2612 1544 2640 constitutionibus
1568 2612 1754 2639 introductum.
1791 2611 1820 2638 In
1838 2617 2001 2650 perpetuum.

275 2617 368 2641 niter.
404 2614 423 2641 I.
444 2615 505 2649 Sy.
525 2614 553 2640 In
573 2618 737 2652 perpetuum.
758 2613 814 2640 Gai.
835 2614 878 2640 111.
899 2616 956 2641 121.
977 2614 1006 2641 sr.
1020 2616 1061 2641 28.
1077 2625 1117 2651 sq.

276 2656 309 2683 de
328 2657 352 2683 (1.
373 2667 404 2683 in.
420 2659 444 2684 4.
457 2659 481 2683 3.
502 2656 532 2684 l'r.
547 2659 570 2683 4.
591 2658 668 2691 5.1().
688 2656 721 2684 de
741 2656 825 2683 damn.
845 2657 890 2683 inl'.
903 2659 945 2684 39.
959 2659 984 2683 2.
1003 2657 1034 2684 11.
1050 2659 1117 2692 ⁰1)-

276 2698 416 2736 Temporis
436 2710 521 2726 causa.
558 2700 600 2727 Ad
621 2705 732 2737 tempus.
752 2700 782 2726 sr.
799 2701 837 2725 17.
857 2700 878 2733 5.
895 2701 917 2726 7.
938 2700 970 2727 de
989 2701 1021 2727 A.
1040 2701 1070 2728 E.
1086 2700 1117 2727 V.

278 2743 318 2769 19.
339 2743 361 2768 1.
382 2742 412 2768 fr.
430 2745 471 2769 32.
491 2743 524 2770 de
543 2744 645 2780 pignor.
664 2746 706 2769 20.
728 2745 750 2769 l.
770 2742 800 2769 fr.
814 2744 837 2770 6.
857 2742 890 2769 de
907 2753 966 2770 ann.
986 2743 1061 2779 legat.
1074 2745 1116 2770 33.

278 2786 302 2811 1.
338 2784 407 2811 Intra
425 2796 527 2812 annum.
546 2786 576 2812 In
595 2796 679 2813 annos
695 2785 826 2822 (singulos
844 2786 906 2819 etc.)
929 2785 985 2812 Gai.
999 2785 1042 2813 IV.
1058 2788 1116 2813 110.

278 2837 317 2865 sq.
337 2827 367 2854 fr.
387 2831 411 2854 ὅ.
430 2828 467 2862 55.
486 2830 510 2854 3.
531 2838 571 2866 sq.
591 2829 623 2855 de
643 2833 766 2856 transact.
785 2831 809 2855 2.
830 2830 870 2855 15.
907 2828 951 2855 111.
966 2830 1032 2857 Cn.
1052 2829 1116 2856 Tam
1137 2862 1139 2874 Ι

1102 167 1196 197 PER.

1165 253 1308 286 perpetuo,
1332 253 1384 275 tam
1407 250 1573 276 continenter
1591 250 1676 283 (ire.)
1696 250 1728 277 fr.
1749 253 1789 278 14.
1808 262 1848 289 pr.
1868 252 1901 279 de
1920 253 2009 279 servit.

1164 294 1188 319 ὅ.
1210 294 1232 319 l.
1269 292 1366 328 lugiter
1390 297 1468 329 atque
1493 303 1568 330 perp.
1589 294 1748 326 (comitetur
1772 295 1881 333 poena.)
1908 295 1960 322 Tb.
1979 295 2009 323 C.

1164 334 1236 362 ΧΥΙ.
1257 337 1280 362 7.
1300 346 1322 362 c.
1336 337 1360 362 3.
1381 345 1419 373 pr.
1440 335 1473 362 de
1491 341 1603 373 apostat.
1641 336 1700 363 Etsi
1719 347 1772 364 uon
1791 337 1901 365 adsidue
1919 338 1958 370 fit.
1978 348 2010 365 ex

1165 378 1277 405 naturali
1295 383 1382 404 tamen
1401 388 1478 405 causa
1497 379 1539 411 fit,
1565 384 1590 406 et
1613 379 1673 406 ideo
1695 385 1825 417 perpetuo
1845 380 1902 408 {ieri
1921 382 2011 408 existi-

1164 426 1257 448 matur.
1277 421 1307 448 fr.
1321 423 1363 448 28.
1383 420 1416 447 de
1436 420 1463 448 S.
1483 420 1512 448 P.
1532 420 1564 448 V.
1583 424 1607 449 8.
1627 424 1652 448 2.
1689 421 1726 448 lta
1746 422 1886 460 deponere,
1907 429 1935 450 ut
1953 434 2011 461 per-

1164 469 1245 501 petuo
1264 464 1381 491 haberet.
1401 463 1432 490 fr.
1445 465 1486 491 35.
1507 464 1529 498 5.
1543 465 1567 491 3.
1587 464 1620 491 de
1639 464 1728 492 hered.
1748 466 1809 492 inst.
1823 468 1865 494 28.
1879 468 1903 493 5.
1932 466 2009 504 Perp.

1164 506 1255 534 relicta
1274 507 1430 541 (alimenta.)
1451 506 1481 534 fr.
1501 508 1524 534 8.
1544 508 1565 541 5.
1582 509 1607 534 3.
1628 507 1660 534 de
1679 511 1895 536 trausact.2.15.
1933 509 2009 547 Perp.

1165 549 1233 582 dari,
1257 560 1279 577 s.
1299 555 1449 587 competere
1468 551 1629 584 (actiones.)
1654 550 1684 577 fr.
1706 553 1745 577 15.
1766 551 1799 578 de
1818 553 1879 578 inst.
1899 557 1948 579 act.
1969 554 2010 579 14.

1163 594 1188 619 3.
1208 592 1239 619 fr.
1259 595 1283 620 4.
1303 594 1324 628 5.
1346 595 1386 619 10.
1406 593 1436 620 fr.
1458 595 1498 620 17.
1522 594 1544 627 5.
1563 595 1588 620 3.
1608 593 1641 620 de
1660 593 1745 621 damn.
1765 594 1809 621 inf.
1828 596 1870 622 39.
1889 598 1914 622 2.
1934 594 1964 622 fr.
1984 596 2010 622 3.

1165 635 1186 669 5.
1208 638 1230 662 l.
1251 635 1283 663 de
1302 637 1328 663 vi
1347 640 1373 662 et
1390 637 1417 662 vi
1437 646 1500 662 arm.
1519 638 1560 663 43.
1582 638 1621 663 16.
1641 653 1674 656 -
1694 638 1725 671 §.
1744 639 1779 665 Β.
1801 639 2009 665 Constanter.

1164 678 1207 705 Ill.
1228 679 1294 706 Cn.
1320 678 1397 716 Perp.
1421 678 1537 706 Sabinus
1560 679 1684 717 probavit
1707 686 1825 708 veterum
1849 681 2010 718 opinionem.

1165 721 1195 748 fr.
1215 723 1240 748 6.
1265 721 1298 748 de
1321 722 1397 749 cond.
1417 722 1451 748 ob
1472 727 1541 759 turp.
1561 732 1583 749 c.
1606 724 1645 749 12.
1665 725 1689 749 5.
1709 723 1740 750 cf.
1761 723 1791 750 fr.
1811 725 1852 750 34.
1873 723 1906 750 de
1924 723 1957 750 N.
1977 722 2009 750 G.

1164 766 1188 792 3.
1209 766 1233 792 5.
1270 764 1368 792 Rerum
1387 770 1516 803 perpetuo
1535 765 1658 792 similiter
1673 766 1844 794 iudicatarum
1858 768 2009 794 auctoritas.

1166 808 1196 835 fr.
1214 809 1256 834 38.
1277 807 1310 834 de
1328 807 1382 835 LL.
1402 810 1425 834 1.
1444 810 1469 835 3.

1202 852 1429 884 Perpetuus.
1448 850 1578 885 (Adiect.)
1602 852 1634 885 ξ.
1651 853 1686 879 l.
1707 854 1906 884 Continuus,
1926 853 2008 879 Diu-

1164 900 1290 921 turnus.
1326 893 1345 920 I.
1361 894 1423 928 Sy.
1442 893 1553 932 Semper
1572 895 1610 921 uti
1628 905 1717 932 posse,
1738 895 1824 922 Tutus
1844 906 1905 923 esse
1918 906 2010 934 perpe-

1165 942 1208 963 tua
1233 937 1434 974 (exceptione.)
1466 936 1550 964 Vatic.
1575 938 1596 972 5.
1615 940 1676 964 266.
1717 938 1802 965 Etiam
1827 943 1890 976 post
1915 948 2011 965 annum

1165 985 1322 1017 competere,
1347 979 1507 1017 Perpetuam
1526 990 1585 1007 esse
1604 981 1755 1014 (iudicium,
1774 991 1799 1008 v.
1818 981 2010 1014 iuterdIctum.)

1165 1022 1195 1050 fr.
1216 1025 1239 1049 7.
1259 1023 1282 1057 5.
1302 1024 1326 1048 6.
1346 1027 1416 1049 naut.
1436 1033 1510 1060 caup.
1529 1024 1553 1050 4.
1573 1025 1597 1050 9.
1618 1024 1648 1051 fr.
1667 1026 1707 1050 20.
1729 1025 1751 1058 5.
1772 1025 1812 1051 16.
1832 1024 1865 1051 de
1884 1024 1917 1051 Ο.
1931 1024 1963 1051 N.
1977 1023 2009 1051 N.

1163 1067 1205 1093 39.
1226 1068 1248 1093 l.
1286 1065 1317 1092 Π.
1338 1067 1406 1100 Op·
1426 1065 1601 1102 Temporalis,
1620 1077 1641 1094 s.
1662 1066 1842 1105 Temporaria.
1863 1084 1894 1088 —
1915 1067 2010 1105 Perpe-

1163 1114 1208 1136 tua
1228 1110 1327 1141 (actio,
1346 1118 1370 1135 v.
1391 1109 1464 1141 exe.)
1490 1109 1520 1135 l'r.
1541 1111 1564 1136 l.
1583 1111 1624 1144 55.
1644 1113 1665 1138 1.
1684 1112 1708 1137 3.
1730 1111 1782 1146 Qu.
1802 1110 1835 1137 de
1853 1110 1940 1148 pecul.
1960 1115 2009 1137 act.

1165 1154 1205 1179 15.
1224 1154 1249 1179 2.
1270 1152 1301 1178 fr.
1320 1154 1345 1178 4.
1365 1152 1430 1186 51.
1451 1151 1483 1178 de
1502 1162 1572 1179 mun.
1592 1158 1618 1179 et
1635 1153 1697 1180 hon.
1717 1155 1758 1180 50.
1778 1156 1803 1180 4.
1822 1154 1854 1180 fr.
1868 1156 1910 1181 55.
1930 1153 1963 1181 de
1977 1152 2010 1180 V.

1164 1195 1191 1222 S.
1206 1197 1248 1221 50.
1270 1196 1309 1222 16.
1346 1194 1390 1221 Ad
1408 1199 1565 1232 tempus.—
1584 1195 1613 1222 Iu
1626 1202 1790 1234 perpetuum.
1810 1196 1894 1223 Yatic.
1913 1198 1936 1231 5.
1949 1198 2010 1223 222.

1164 1238 1221 1265 Gai.
1242 1238 1283 1265 Ill.
1304 1239 1362 1264 145.
1386 1236 1417 1264 fr.
1439 1239 1461 1264 l.
1481 1247 1520 1275 pr.
1546 1238 1568 1272 5.
1589 1240 1612 1265 1.
1632 1238 1663 1266 fr.
1682 1241 1705 1266 3.
1727 1241 1750 1266 si
1769 1250 1806 1276 ag.
1826 1241 1920 1276 vectig.
1939 1241 1964 1266 6.
1983 1241 2009 1266 3.

1164 1282 1196 1308 fr.
1216 1283 1259 1308 28.
1279 1281 1344 1315 5.1.
1365 1280 1398 1307 de
1417 1290 1495 1318 poen.
1514 1282 1556 1308 48.
1577 1283 1618 1308 19.
1653 1281 1724 1309 Intra
1742 1293 1845 1309 annum.
1882 1282 1911 1309 In
1931 1282 2008 1309 diem.

1164 1341 1196 1344 —
1217 1324 1246 1351 Iu
1269 1329 1435 1362 perpetuum.
1464 1323 1549 1351 vatic.
1569 1324 1591 1358 5.
1613 1326 1670 1351 144.
1694 1325 1726 1352 fr.
1744 1328 1768 1352 3.
1789 1336 1829 1362 sq.
1853 1325 1885 1352 de
1903 1335 2008 1363 procur.

1163 1370 1188 1395 3.
1207 1369 1232 1395 3.
1252 1368 1283 1395 fr.
1302 1369 1345 1394 31.
1365 1368 1386 1402 5.
1400 1369 1424 1394 2.
1445 1367 1478 1394 de
1496 1367 1570 1404 relig.
1587 1369 1627 1395 ll.
1648 1369 1671 1394 7.
1708 1367 1902 1396 Conductionis
1921 1368 2009 1400 titulo,

1164 1427 1196 1431 —
1221 1410 1354 1448 Perpetuo
1377 1412 1434 1437 iure
1458 1411 1592 1445 (tenere.)
1619 1410 1669 1437 Th.
1689 1410 1720 1438 C.
1740 1411 1784 1438 XI.
1806 1414 1845 1439 16.
1870 1422 1890 1438 e.
1909 1413 1951 1438 20.
1976 1411 2009 1438 de

1164 1459 1229 1481 extr.
1249 1463 1270 1480 s.
1290 1453 1362 1480 sord.
1399 1453 1539 1481 Liberatus
1560 1464 1619 1480 esse
1638 1455 1735 1491 (poena
1754 1454 1842 1491 legis)
1863 1469 1892 1474 —-
1914 1454 2009 1492 Perpe-

1164 1498 1216 1524 tuis
1239 1498 1333 1534 poenis
1357 1498 1449 1524 teneri.
1478 1496 1539 1534 le.
1558 1496 1630 1523 XVI.
1649 1499 1674 1523 3.
1715 1497 1885 1524 Intervallum
1908 1497 2009 1524 habens

1163 1540 1271 1573 (furor.)
1291 1539 1321 1566 fr.
1335 1542 1377 1567 22.
1396 1540 1418 1574 5.
1433 1542 1456 1566 7.
1476 1540 1526 1566 sol.
1546 1541 1657 1567 matrim.
1670 1542 1713 1567 24.
1729 1543 1753 1567 3.
1790 1540 1832 1567 111.
1847 1542 1914 1569 Cn.
1932 1539 2009 1567 Prae-

1163 1583 1229 1610 sidis
1249 1582 1385 1614 officiales,
1406 1583 1466 1619 quia
1484 1584 1607 1620 perpetui
1625 1588 1687 1610 sunt
1701 1588 1749 1610 etc.
1768 1584 1799 1611 fr.
1811 1585 1852 1610 34.
1872 1593 1911 1621 pr.
1931 1583 1964 1610 de
1975 1583 2008 1610 R.

1165 1626 1195 1652 C.
1211 1628 1250 1652 12.
1266 1627 1289 1652 1.
1327 1625 1461 1652 Naturalis
1482 1631 1507 1652 et
1526 1631 1652 1663 perpetua
1672 1636 1749 1653 causa
1769 1636 1828 1653 esse
1847 1626 1926 1653 debet
1940 1626 2009 1659 (stil-

1164 1669 1246 1695 licidii
1273 1668 1453 1701 immittendi.)
1477 1668 1508 1695 fr.
1527 1670 1570 1695 28.
1590 1669 1623 1696 de
1642 1668 1670 1696 S.
1690 1669 1718 1696 P.
1739 1668 1770 1696 V.
1789 1670 1813 1696 8.
1832 1671 1857 1696 2.
1878 1669 1909 1696 cf.
1933 1668 1965 1696 fr.
1985 1671 2008 1695 l.

1163 1712 1185 1746 5.
1205 1713 1229 1738 4.
1254 1711 1286 1738 de
1309 1711 1382 1738 fonte
1406 1713 1447 1738 43.
1466 1713 1508 1738 22.
1555 1712 1584 1739 Si
1613 1711 1687 1738 lacus
1711 1717 1854 1749 perpetuus
1877 1713 1904 1739 in
1926 1711 2009 1739 fundo

1163 1760 1208 1781 tuo
1229 1759 1277 1781 est.
1300 1754 1333 1781 fr.
1352 1756 1395 1780 23.
1419 1754 1440 1788 5.
1462 1756 1484 1781 1.
1509 1754 1542 1781 de
1561 1755 1588 1781 S.
1608 1754 1636 1782 P.
1656 1754 1688 1782 R.
1707 1756 1731 1781 S.
1750 1757 1775 1782 3.
1813 1755 1894 1790 Quod
1921 1756 2009 1782 animo

1163 1803 1314 1835 perpetuam
1342 1797 1522 1824 constituendi
1545 1797 1740 1825 dissensionem
1764 1799 1802 1825 fit.
1826 1798 1856 1825 fr.
1874 1800 1899 1825 3.
1919 1798 1953 1825 de
1971 1798 2009 1825 di-

1162 1846 1230 1867 vort.
1248 1843 1290 1867 24.
1310 1842 1334 1867 2.
1371 1840 1451 1867 Dotis
1471 1851 1548 1868 causa
1568 1845 1694 1878 perpetua
1708 1846 1757 1874 est,
1777 1852 1835 1868 cum
1848 1857 1881 1861 —
1894 1843 1931 1868 ita
1940 1840 2009 1868 'cou-

1162 1884 1288 1916 trahitur,
1314 1888 1343 1910 ut
1366 1894 1471 1921 semper
1495 1883 1564 1920 apud
1588 1885 1709 1911 maritum
1734 1885 1777 1911 sit.
1802 1884 1832 1911 l'r.
1853 1886 1876 1911 l.
1901 1883 1934 1911 de
1951 1885 2008 1911 iure

1163 1927 1217 1954 dot.
1231 1929 1273 1953 23.
1286 1928 1310 1954 3.
1339 1926 1470 1964 Perpetuo
1489 1928 1545 1954 iure
1565 1931 1591 1953 et
1609 1927 1685 1953 firmo
1705 1926 1821 1954 dominio
1835 1926 2008 1964 (possidere.)

1164 1970 1214 1998 Th.
1235 1970 1267 1997 C.
1288 1970 1317 1996 ll.
1336 1972 1378 1996 23.
1405 1981 1426 1997 c.
1448 1972 1470 1996 l.
1489 1980 1528 2007 pr.
1548 1969 1581 1996 de
1599 1969 1631 1996 R.
1652 1969 1684 1996 V.
1722 1970 1775 2005 Qui
1800 1970 1906 2008 praedia
1929 1970 2007 2007 patri-

1162 2013 1284 2040 monialia
1304 2018 1330 2040 et
1349 2013 1544 2050 emphyteutica
1559 2029 1588 2033 —
1603 2017 1732 2050 perpetuo
1753 2014 1809 2040 iure
1827 2014 1948 2040 retinent.
1968 2012 2006 2039 lb.

1163 2056 1208 2083 XI.
1223 2059 1263 2083 19.
1283 2058 1341 2083 c.1.
1362 2056 1394 2083 de
1414 2055 1501 2082 collat.
1522 2055 1594 2082 fund.
1614 2056 1645 2082 cf.
1666 2055 1863 2083 Nov.Val.111.
1883 2055 2007 2082 deXXX

1163 2109 1221 2126 ann.
1241 2109 1354 2136 praescr.
1372 2099 1403 2125 11.
1417 2100 1458 2125 27.
1478 2108 1500 2124 c.
1521 2100 1543 2125 l.
1564 2108 1601 2134 pr.
1639 2099 1721 2134 Quod
1740 2098 1930 2125 iurisdictionis
1949 2108 2007 2135 per-

1163 2147 1256 2180 petuae
1275 2152 1365 2174 causa,
1389 2151 1442 2168 non
1461 2140 1546 2177 quod,
1571 2146 1650 2178 prout
1669 2152 1712 2168 res
1730 2141 1835 2173 incidit,
1856 2157 1886 2161 —-
1911 2151 2006 2178 propo-

1163 2187 1242 2212 situm
1270 2186 1327 2212 erit.
1356 2184 1387 2211 fr.
1407 2186 1431 2211 7.
1454 2194 1492 2222 pr.
1517 2184 1550 2210 de
1575 2184 1666 2211 iurisd.
1690 2187 1714 2211 2.
1740 2186 1762 2210 l.
1802 2183 1873 2210 Haec
1900 2184 2006 2216 iudicia,

1163 2229 1283 2266 quamvis
1308 2227 1446 2254 honoraria
1471 2231 1546 2259 sunt,
1574 2231 1660 2254 tamen
1683 2231 1809 2263 perpetua
1833 2231 1902 2253 sunt.
1930 2226 1961 2254 fr.
1982 2229 2004 2254 7.

1163 2272 1184 2306 5.
1204 2273 1228 2298 6.
1254 2276 1323 2297 naut.
1346 2280 1419 2307 caup.
1439 2271 1463 2296 4.
1482 2272 1507 2296 9.
1549 2269 1606 2296 Hoc
1628 2269 1752 2296 iudicium
1775 2274 1932 2306 perpetuum
1955 2275 2006 2303 est,

1163 2320 1189 2342 et
1207 2316 1235 2341 in
1254 2313 1366 2340 heredes
1389 2318 1415 2340 et
1438 2312 1580 2340 heredibus
1604 2312 1687 2339 datur.
1712 2312 1742 2339 fr.
1762 2315 1786 2338 2.
1811 2312 1832 2345 5.
1852 2314 1876 2339 5.
1896 2312 1929 2340 de
1948 2323 2004 2349 cap.

1163 2359 1253 2384 minut.
1273 2359 1297 2383 4.
1317 2359 1341 2383 5.
1370 2355 1400 2383 fr.
1420 2357 1444 2382 5.
1469 2356 1491 2389 5.
1511 2358 1534 2382 5.
1563 2355 1595 2381 de
1618 2354 1642 2381 b.
1668 2365 1712 2391 qu.
1736 2354 1817 2381 deiec.
1838 2356 1861 2382 9.
1881 2357 1906 2382 3.
1943 2355 2005 2382 Non

1163 2400 1249 2427 solum
1268 2401 1291 2427 si
1310 2400 1416 2426 omnino
1436 2408 1489 2424 non
1508 2398 1646 2428 debeatur,
1667 2397 1714 2423 sed
1740 2403 1765 2424 et
1783 2398 1806 2424 si
1826 2408 1873 2435 per
1891 2398 2004 2435 aliquam

1140 2450 1141 2459 ¹
1163 2445 1344 2481 exceptionem
1363 2452 1436 2479 perp.
1452 2442 1504 2477 peti
1525 2450 1577 2467 non
1596 2445 1706 2478 poterat.
1727 2439 1757 2467 t'r.
1776 2442 1817 2467 26.
1837 2441 1858 2474 5.
1876 2443 1901 2468 3.
1919 2440 2004 2468 fr.40.

1162 2497 1200 2524 pr.
1215 2486 1248 2513 de
1268 2485 1343 2512 cond.
1363 2484 1450 2512 indeb.
1466 2485 1504 2510 12.
1515 2485 1540 2510 6.
1552 2483 1583 2510 ct'.
1602 2483 1632 2510 fr.
1647 2485 1686 2509 14.
1699 2493 1738 2520 pr.
1759 2483 1810 2519 Qu.
1829 2488 1890 2510 met.
1910 2494 1932 2510 c.
1943 2485 1968 2511 4.
1979 2485 2003 2511 2.

1162 2529 1193 2556 fr.
1214 2531 1254 2556 10.
1275 2529 1307 2555 de
1326 2527 1358 2555 V.
1378 2527 1405 2553 S.
1425 2528 1466 2552 50.
1489 2528 1527 2553 16,
1547 2541 1580 2546 -
1599 2527 1630 2560 §.
1645 2527 1731 2553 LA.
1751 2528 1869 2560 Spatio
1889 2528 2003 2559 XXX,

1163 2575 1210 2599 vel
1230 2573 1289 2599 XL
1307 2579 1479 2601 annorum,
1497 2571 1774 2603 circumscriptus.
1804 2569 1822 2596 Ι.
1837 2570 1899 2604 Sy.
1912 2569 2003 2606 Vsque

1163 2668 1184 2684 c.
1204 2659 1228 2684 3.
1249 2667 1288 2693 sq.
1313 2656 1345 2682 de
1370 2665 1486 2692 praescr.
1506 2655 1592 2681 XXX.
1618 2657 1640 2682 7.
1659 2656 1700 2681 39.
1723 2654 1766 2681 Pr.
1785 2655 1804 2682 1.
1830 2654 1863 2682 de
1886 2664 1956 2692 perp.
1976 2658 2002 2680 et

1163 2705 1240 2737 temp.
1260 2703 1308 2726 act.
1329 2700 1352 2724 4.
1374 2700 1414 2724 12.
1435 2714 1466 2717 —
1492 2698 1522 2731 §-
1539 2699 1574 2725 20
1602 2699 1652 2725 Ex
1670 2707 1770 2732 aequo
1789 2700 2001 2732 complectens

1162 2745 1277 2770 omnia.
1314 2740 1357 2767 111.
1378 2742 1445 2769 Cn.
1475 2741 1608 2768 Constans
1637 2745 1664 2767 et
1686 2745 1812 2778 perpetua
1837 2739 2001 2774 (voluntas.)

1162 2786 1192 2812 fr.
1213 2787 1252 2811 10.
1272 2794 1310 2821 pr.
1330 2783 1363 2811 dc
1381 2784 1399 2811 I.
1420 2789 1446 2811 et
1464 2784 1481 2811 1.
1500 2786 1522 2810 l.
1537 2785 1560 2810 l.
1596 2782 1670 2810 Nihil
1688 2784 1715 2810 in
1734 2788 1896 2820 perpetuum,
1915 2791 2000 2817 neque

1160 2827 1316 2865 generaliter
1334 2827 1457 2861 (definire
1469 2827 1633 2865 possumus.)
1651 2825 1682 2853 fr.
1698 2828 1737 2853 14.
1751 2836 1790 2863 pr.
1804 2825 1836 2852 de
1854 2824 1906 2851 div.
1920 2828 1998 2860 temp.
