2197 3121
937 150 1176 182 NlT—NOC.

182 233 350 260 voluntatem.
372 243 393 260 c.
405 235 429 259 5.
449 233 482 259 (10
493 231 547 259 LL.
564 234 586 259 1.
600 233 640 258 14.
654 247 683 252 -
706 231 737 264 §·
749 232 784 258 2.
805 232 925 263 Inniti.
946 234 1025 259 Ful-

182 278 252 303 ciri.
290 276 333 302 IlI.
349 277 415 304 Cn.
435 275 487 302 Sua
508 276 637 312 aequitate
650 275 742 300 nititur
755 275 853 307 (omnis
868 276 1024 307 excusatio.)

182 318 212 345 fr.
237 320 260 345 l.
284 329 323 356 pr.
349 319 381 345 de
405 323 487 344 vacat.
513 323 539 344 et
564 327 619 344 exc.
643 319 684 343 50.
710 319 733 343 5.
776 317 845 353 Quia
869 317 939 343 nulla
963 317 988 343 b.
1008 317 1024 344 f.
1046 325 1047 338 ³

182 361 342 397 obligatione
362 362 495 399 possimus
517 361 572 392 niti,
592 370 650 386 cum
670 360 742 386 linita
762 361 797 386 sit
810 359 871 386 dum
889 361 1024 386 amittitur.
1046 340 1049 395 l

182 404 212 430 fr.
232 406 273 430 21.
294 405 315 438 ξ.
336 406 359 430 4.
381 404 432 439 Qu.
453 408 512 429 met.
532 413 554 429 c.
574 405 598 428 4.
618 404 642 428 2.

216 447 335 474 Nitor.
373 448 534 473 Claritas.
572 445 590 471 Ι.
609 446 670 479 Sy.
691 444 794 471 Publici
813 443 965 481 splendoris
985 455 1015 471 or

182 494 267 516 natus.
303 489 409 516 Nitores
429 488 537 526 publici.
558 487 608 514 Tb.
623 487 727 521 QXV.
748 489 770 513 l.
791 497 811 513 0.
830 488 872 512 25.
893 486 925 513 cf.
947 497 968 513 c.
982 490 1016 513 20

183 531 215 558 (10
234 542 294 569 opp.
314 532 376 569 pub.
1045 542 1047 566 )

216 575 405 602 Nivarius.
443 573 573 606 (Adiect.)
610 575 657 600 Ad
680 575 782 599 nivem
799 573 1023 606 recipiendam
1045 573 1047 595 ἰ

181 619 323 644 idonens.
352 616 395 643 III.
411 618 477 643 Cn.
498 615 593 642 Colum
612 617 747 646 nivarium.
767 619 794 641 et
811 614 919 641 urceoli.
939 614 969 641 fr.
982 617 1023 641 21.

182 670 220 696 pr.
241 659 272 686 de
291 670 354 686 auro
373 669 425 695 arg.
445 660 486 685 34.
503 661 526 685 2.

216 703 299 729 Nix.
319 704 440 730 Pluvia
459 703 581 733 tenuis,
601 703 632 727 in
646 702 775 737 floccos
791 702 954 735 glaciata.
980 699 1021 726 III.
1044 708 1045 731 1

182 745 248 772 Gn.
271 745 309 771 Ea
329 745 456 771 frumenta
481 745 556 771 nives
582 748 767 780 corruperunt;
793 744 814 769 si
838 738 1045 781 immoderatae}

181 786 294 817 suerunt.
315 793 340 814 et
356 793 446 814 contra
460 786 676 813 consuetudinem
690 787 854 823 tempestatis
869 791 917 812 etc.
937 785 967 812 [1.
983 787 1022 812 78.
1044 790 1045 816 I

181 829 203 863 ξ.
222 831 246 856 3.
270 830 302 856 (10
321 836 405 857 contr.
426 836 485 857 emt.
507 831 547 856 18.
568 831 590 855 1.

216 873 371 900 Nobilis.
394 873 523 906 (Adieet.)
560 872 591 905 §.
611 872 646 897 l·
667 872 830 906 Insignis.
852 873 1019 903 Famosus,
1043 863 1045 904 l

180 917 344 941 Eximius.
383 915 401 941 I.
423 917 484 949 Sy.
508 914 623 941 Illustris
644 913 775 946 (fabrica.)
796 913 845 940 Th.
866 913 897 940 C.
917 914 976 941 XV.
999 916 1021 940 1.
1043 918 1045 942 ξ

182 967 203 983 0.
224 959 262 984 16.
283 968 304 984 c.
322 960 361 985 19.
383 958 414 984 de
434 968 494 995 opp.
514 957 575 994 pub.
597 957 707 993 Optimi.
728 955 838 982 Nobiles
858 958 1023 994 (praecepto-
1044 981 1045 988 ,

180 1002 248 1031 rcs.)
275 1001 312 1027 lb.
333 1001 400 1027 Xlll.
420 1003 443 1027 3
469 1011 489 1027 c.
512 1001 550 1026 ll.
577 999 609 1025 de
631 999 724 1025 medic.
744 1004 769 1025 et
788 999 855 1036 prol'.
892 999 935 1026 III.
956 1002 1021 1028 Cn.

180 1042 401 1080 Splendidissima
421 1043 563 1078 Tyriorum
582 1042 693 1073 colonia,
709 1058 738 1062 —
754 1042 851 1068 nobilis
870 1043 1022 1078 regionibus

181 1091 231 1112 etc.
255 1086 285 1112 sr.
306 1089 329 1113 1.
355 1096 394 1123 pr.
419 1085 451 1112 de
475 1085 574 1112 censib.
599 1088 640 1111 50.
662 1087 701 1110 15.
742 1084 889 1111 palmarum
913 1096 1022 1112 numero

180 1128 331 1165 gloriosum.
352 1134 377 1155 et
396 1128 536 1154 celebratis
557 1129 687 1164 utrimque
706 1129 826 1154 victoriis
846 1128 942 1155 nobile.
971 1128 1021 1155 Th.

181 1171 212 1198 C.
231 1171 287 1198 XV.
309 1174 331 1197 7.
352 1181 373 1197 c.
393 1172 416 1197 6.
437 1170 469 1197 (10
488 1172 599 1197 30301110.
638 1170 756 1203 Nobilis.
777 1171 906 1208 prudens⁷
926 1171 1022 1203 fideliS,
1044 1164 1045 1175 l

180 1215 277 1251 optimc
296 1214 347 1240 sibi
367 1215 489 1240 conscius
509 1214 634 1247 (custos.)
655 1213 692 1239 lb.
712 1213 757 1240 XI.
772 1215 811 1239 14.
833 1224 854 1240 0.
871 1216 890 1241 l.
911 1214 943 1240 de
963 1224 1022 1241 cou-

180 1256 226 1283 dit.
246 1258 271 1283 in
292 1257 354 1294 pub.
374 1257 444 1283 horr.
470 1273 501 1276 —
528 1257 559 1289 ξ.
576 1258 612 1283 ².
638 1257 721 1283 Ortu
744 1263 772 1283 et
794 1267 924 1291 genere,
950 1258 1023 1290 (vel

178 1301 359 1334 imaginum
381 1302 482 1328 iure.)
502 1301 707 1333 praeclarus.
745 1299 787 1326 111.
804 1301 868 1327 Cn.
885 1299 1022 1331 Patricius,

179 1347 205 1368 et
224 1343 329 1374 nobilis.
350 1348 375 1369 et
395 1352 486 1369 causas
506 1352 592 1368 oranS.
613 1341 642 1368 fr.
662 1345 686 1368 2.
707 1343 728 1376 ξ.
749 1344 790 1368 43.
810 1342 842 1369 de
863 1342 895 1369 O.
915 1342 933 1369 1.
955 1345 977 1370 1.
997 1346 1021 1369 2.

178 1385 327 1412 Industrius
348 1386 473 1421 quisquc.
499 1390 524 1411 et
548 1384 637 1411 labore
656 1395 708 1410 non
728 1386 813 1411 minus
834 1396 910 1422 quam
928 1396 1022 1422 genere

178 1428 283 1454 nobilis.
305 1427 354 1454 Th.
370 1428 400 1455 C.
414 1428 432 1455 I.
447 1430 471 1455 9.
493 1439 513 1454 c.
528 1430 551 1454 3.
572 1427 677 1461 (ch.)
697 1427 729 1454 de
748 1428 791 1454 off.
811 1438 875 1465 mag.
896 1429 939 1456 off.
969 1429 1022 1464 Qui

178 1481 211 1497 ex
230 1481 324 1507 genere
344 1481 434 1497 eorum
454 1471 597 1497 nobiliores
618 1475 687 1497 sunt.
708 1481 728 1497 c.
746 1473 788 1497 28.
810 1471 842 1497 (10
862 1472 942 1508 episc.
963 1472 1020 1499 aud.

178 1515 202 1540 1.
223 1516 246 1540 4.
284 1514 435 1540 Nobiliores
456 1514 594 1546 natalibus.
616 1519 641 1540 et
660 1514 789 1539 honorum
802 1512 860 1539 luce
877 1517 1020 1552 conspicui.
1043 1512 1044 1524 ³

179 1567 200 1583 0.
213 1558 237 1583 3.
258 1556 290 1583 (10
311 1567 447 1583 0001111010.
468 1562 493 1583 01
513 1567 591 1583 merc.
607 1559 629 1583 4.
649 1558 690 1583 (53.
727 1555 894 1583 Honestioris
914 1558 1022 1585 nobilis-

179 1609 230 1635 que
249 1610 378 1637 personae
398 1604 423 1625 et
443 1599 538 1625 decore
558 1605 583 1626 et
602 1601 657 1626 iure
677 1601 782 1636 privari.
812 1599 861 1626 Tb.
883 1599 914 1627 C.
934 1600 977 1627 III.
997 1604 1020 1627 8.

180 1652 202 1667 0.
224 1644 245 1668 1.
266 1643 297 1669 de.
317 1653 368 1669 sec.
389 1647 462 1679 nupt.

214 1685 486 1712 Nobilissilnus.
508 1687 718 1712 Honorurins
737 1688 859 1712 titulus
874 1686 1021 1718 (1111οΡ1111-

180 1727 231 1763 cipi
257 1728 323 1764 ipsi,
348 1738 424 1764 quam
448 1727 538 1754 heredi
563 1729 678 1765 imperii,
703 1729 884 1765 proximisque
904 1730 1021 1765 cognatis

179 1769 347 1806 Imperatoris
366 1770 507 1803 tributus.)
544 1770 587 1797 111.
607 1773 672 1798 Gn.
697 1771 885 1797 Sanctissimus
905 1776 929 1797 ct
949 1771 1022 1797 nobi-

180 1812 297 1839 lissimus
318 1813 468 1850 Imperator.
494 1813 524 1839 fr.
544 1816 568 1839 3.
595 1813 627 1839 de
652 1813 729 1839 natal.
750 1818 811 1839 rest.
831 1816 872 1839 40.
894 1815 932 1840 ll.
970 1814 1022 1840 No-

179 1855 325 1881 bilissiums
345 1856 450 1882 Caesar.
475 1855 641 1882 §obilissimi
655 1855 748 1882 Caess.
768 1866 789 1882 s.
809 1856 929 1892 Augusti.
950 1856 1020 1883 Coll.

178 1897 231 1924 LL.
253 1898 285 1924 JI.
306 1898 348 1924 11.
369 1901 392 1924 4.
412 1897 471 1924 XV.
490 1901 514 1924 3.
536 1908 555 1924 c.
576 1901 600 1924 5.
621 1898 652 1924 de
672 1900 719 1924 iur.
740 1903 766 1924 et
785 1898 845 1925 sacti
865 1900 915 1935 ign.
937 1902 959 1926 1.
981 1902 1021 1926 18.

180 1951 200 1967 0.
223 1943 262 1967 15.
287 1941 319 1967 de
338 1946 406 1978 pact.
426 1943 450 1966 2.
469 1943 492 1967 3.
519 1950 539 1966 0.
560 1942 583 1966 G.
608 1940 641 1967 de
665 1940 775 1967 liberali.
803 1952 823 1968 c.
845 1943 867 1968 7.
889 1943 929 1968 16.
954 1953 975 1969 c.
995 1945 1020 1969 3.

180 1984 232 2019 Qu.
258 1984 317 2010 bon.
343 1983 398 2010 ced.
424 1993 448 2020 p.
470 1985 492 2009 7.
514 1985 554 2009 71.
597 1983 785 2010 Nobilissimae
808 1984 926 2021 puellae,
951 1985 1021 2012 filiae

179 2036 258 2053 meae.
280 2026 328 2053 Th.
350 2026 380 2053 C.
395 2027 427 2052 X.
443 2028 483 2052 25.
505 2036 525 2052 0.
542 2028 564 2052 1.
585 2026 617 2052 (10
636 2028 702 2063 priv.
723 2026 791 2053 dom.
812 2028 877 2064 Aug.
899 2028 930 2054 cl‘.
950 2028 1019 2055 XIII.

180 2070 203 2095 1.
223 2079 243 2095 0.
263 2071 304 2095 21.
326 2069 357 2095 (10
377 2068 451 2095 lustr.
472 2069 532 2095 coll.

214 2113 436 2139 Nobilitare.
468 2114 654 2139 Illustrare.
692 2112 734 2138 III.
747 2114 813 2140 Cn.
833 2113 956 2140 Mulieres
975 2113 1021 2140 ho-

181 2163 244 2180 nore
262 2156 413 2181 maritorum
433 2156 566 2190 erigimus.
586 2164 679 2190 genere
699 2155 875 2182 nobilitamus.
895 2156 931 2183 Ib.
946 2156 976 2183 II.
998 2159 1020 2184 l.

183 2206 204 2221 c.
224 2197 246 2221 ’ῖ-
268 2197 299 2223 de
318 2198 409 2224 iurisd.
447 2197 475 2223 Si
496 2199 633 2223 comitivae
652 2199 729 2235 primi
748 2198 848 2225 ordinis
868 2199 1020 2226 nobilitave-

182 2240 216 2265 rit
235 2239 329 2274 gradus
348 2241 396 2272 (sc.
418 2240 584 2273 archiatros.)
603 2240 639 2266 lb.
661 2240 703 2267 Yl.
720 2243 758 2267 16.
779 2244 838 2268 c.1.
859 2242 890 2268 (10
910 2253 975 2269 00111.
996 2248 1021 2270 01

183 2280 302 2307 archiatr.

217 2325 412 2351 Nobilitas.
449 2327 479 2359 ξ.
495 2328 530 2353 1.
551 2328 769 2353 Excellcneia.
805 2327 846 2354 III.
863 2329 929 2355 Gn.
950 2328 1020 2354 Dum

183 2367 294 2393 cautium
320 2369 439 2393 ementita
465 2369 589 2395 nobilitas
613 2379 670 2395 cum
694 2369 873 2396 aedificiorum
895 2370 1020 2406 qualitate

183 2414 293 2435 taxatur.
314 2409 350 2435 lb.
370 2409 402 2435 X.
424 2412 462 2436 l9.
483 2422 504 2437 c.
525 2414 564 2438 14.
585 2411 618 2438 de
637 2412 733 2438 metall.
754 2428 785 2431 —
805 2414 835 2446 ὃ.
854 2414 889 2439 2.
910 2415 1020 2440 Clari-

183 2458 246 2483 tas,
268 2453 464 2487 Dignitatis
477 2455 580 2488 fama.
616 2454 633 2481 1.
649 2456 710 2489 Sy.
727 2454 868 2492 Splendor.
888 2455 955 2482 Nov.
970 2456 1018 2484 Th.

183 2493 213 2520 11.
234 2493 266 2519 de
285 2494 309 2520 h.
330 2504 373 2530 qu.
393 2504 432 2530 sp.
452 2504 520 2522 mun.
540 2496 558 2523 1.
577 2499 618 2524 22.
639 2508 660 2524 c.
681 2500 703 2524 1.
729 2498 767 2531 βξ,
785 2500 809 2524 3.
829 2508 868 2534 3(1.
905 2498 935 2524 II.
951 2501 1018 2533 (Bp.

183 2536 286 2562 VilitaS.
306 2536 344 2562 lb.
364 2536 380 2562 l.
400 2536 418 2562 1.
454 2536 497 2563 111.
517 2539 582 2565 Cn.
606 2540 746 2567 Iliensibus
766 2546 792 2567 et
810 2546 920 2578 propter
939 2541 1020 2577 incly-

183 2584 235 2604 13111
255 2578 417 2605 nubilitatem
438 2580 559 2611 civitatis,
579 2586 605 2607 et
622 2589 731 2620 propter
746 2585 956 2610 coniunctionem
970 2586 1020 2611 ori-

183 2622 250 2657 ginis
271 2631 333 2648 rom.
354 2622 514 2654 (tributum.)
535 2622 565 2649 sr.
580 2625 619 2649 17.
638 2625 660 2657 §.
675 2628 696 2652 l.
718 2626 749 2652 de
769 2632 895 2653 excusatt.
915 2629 957 2653 27.
978 2629 1000 2653 1.
1041 2633 1042 2642 ¹

218 2666 376 2691 Nocens.
414 2664 542 2697 (Partic.)
584 2666 615 2698 ξ.
638 2668 672 2693 1.
698 2670 840 2702 Νοειιιιε,
870 2672 1018 2697 Inutilis.

183 2706 224 2733 III.
242 2708 307 2734 Cn.
327 2706 502 2734 Novatiouum
523 2709 643 2734 nocentia
662 2712 826 2748 (corrigere.)
846 2723 867 2739 c.
880 2713 904 2738 8.
924 2712 956 2739 de
976 2722 1020 2738 no-

183 2755 234 2776 vat.
254 2751 278 2775 S.
298 2751 339 2776 42.
376 2749 433 2776 Iura
457 2752 584 2777 nocentia.
610 2761 631 2777 0.
653 2753 675 2777 1.
699 2752 731 2778 de
753 2765 860 2791 usucap.
885 2756 974 2782 transf.
996 2757 1019 2781 7.
1041 2771 1042 2777 .

185 2794 225 2818 31.
240 2809 269 2813 —
291 2793 321 2826 §.
337 2793 372 2818 2.
394 2794 552 2820 Criminis
572 2800 703 2827 auctor,
722 2799 769 2822 vel
787 2800 902 2825 socius.
928 2798 946 2825 1.
959 2800 1020 2833 Sy·
1041 2792 1043 2802 =.

1849 157 1912 187 625

1071 233 1175 260 Sontes.
1203 232 1344 260 Nocentes.
1369 235 1399 261 fr.
1419 236 1460 261 65.
1485 236 1506 269 ξ,
1529 237 1553 262 l.
1572 235 1604 262 (10
1623 235 1710 262 Aedil.
1730 236 1808 263 edict.
1826 239 1867 264 21.
1889 240 1911 264 l.

1071 276 1216 308 Convinci,
1236 277 1262 302 iu
1282 287 1310 303 ea
1331 288 1397 304 noxa
1418 278 1508 305 fuisse.
1546 277 1652 305 Nocens
1672 280 1790 305 inveniri.
1816 279 1873 306 Gai.
1892 280 1910 306 I.

1074 322 1110 346 13.
1131 319 1191 357 le.
1212 319 1229 346 I.
1251 321 1290 346 ll.
1328 319 1359 347 II.
1381 323 1447 355 Op.
1468 321 1604 348 Innocens.
1626 321 1667 348 Cf.
1687 322 1712 348 11.
1732 333 1756 349 v.
1776 323 1797 356 ξ.
1818 325 1841 348 2.
1872 322 1912 349 In-

1069 364 1177 394 noxius.
1198 362 1301 389 Poenae
1320 363 1482 390 eximendus.
1507 364 1536 390 11.
1560 366 1589 389 12
1619 364 1651 391 (10
1669 365 1731 402 pub.
1752 365 1804 392 iud.
1825 367 1866 392 48.
1888 367 1910 392 1.

1070 405 1100 432 t'r.
1119 408 1161 432 22.
1181 406 1218 439 §§.
1241 407 1262 432 l.
1276 406 1300 431 4.
1321 405 1353 431 (10
1372 405 1400 432 L.
1423 406 1503 432 Corn.
1524 406 1556 432 de
1576 407 1632 434 sals.
1647 409 1688 434 48.
1705 410 1743 434 10.
1781 408 1822 434 III.
1844 410 1910 436 Cn.

1070 448 1153 483 Quasi
1174 449 1281 480 conscii,
1300 447 1343 474 vel
1363 450 1437 485 quasi
1458 448 1583 475 noc'entes
1604 451 1717 484 (servi.)
1737 451 1768 478 11.
1786 453 1824 478 12.
1845 453 1866 486 ξ.
1886 454 1910 478 6.

1070 491 1123 526 Qui
1144 496 1169 518 et
1188 502 1200 517 a
1221 501 1264 528 qu.
1289 501 1354 517 man.
1375 493 1416 518 40.
1436 493 1459 517 9.
1497 491 1609 519 Facinus
1636 495 1765 520 nocentis.
1801 494 1911 521 Peccata

1070 535 1226 560 nocentium.
1253 534 1282 560 fr.
1308 536 1347 559 15.
1373 544 1411 570 pr.
1436 533 1468 560 de.
1491 536 1567 561 iniur.
1588 537 1629 562 47.
1652 539 1690 562 10.
1715 536 1746 563 fr.
1766 539 1789 563 5.
1814 548 1853 574 pr.
1878 537 1911 564 (10

1069 587 1145 614 poen.
1166 579 1207 603 45.
1229 578 1268 603 19.
1306 575 1393 614 Caput
1412 578 1531 603 nocentis
1551 584 1678 614 sequatur
1696 582 1797 613 (noxa.)
1818 580 1848 607 fr.
1869 583 1909 608 18.

1069 619 1101 645 de
1121 619 1180 646 surt.
1201 621 1241 645 47.
1261 621 1286 645 2.

1102 664 1304 690 Noeenter.
1324 662 1437 693 (Advb.)
1458 665 1575 695 Noxie,
1597 664 1762 692 Damnose.
1794 666 1823 693 11.
1842 668 1910 701 Op·

1068 705 1231 731 1000000101.
1254 705 1294 731 Cf.
1312 705 1336 731 11.
1351 715 1375 732 v.
1405 705 1448 732 III.
1464 707 1530 733 (7η.
1549 705 1605 732 Nec
1625 708 1840 743 reprebendimus
1860 712 1909 741 (sc.

1067 747 1293 784 haruspicinam.)
1313 748 1360 774 sed
1380 759 1438 775 noc.
1458 750 1574 775 exerceri
1594 754 1719 776 vetamus.
1744 751 1793 778 Th.
1814 752 1844 779 C.
1864 753 1909 780 IX.

1070 792 1108 817 16.
1130 801 1150 817 0.
1171 792 1194 817 9.
1216 790 1248 816 de
1267 790 1377 817 malelic.

1101 835 1259 861 Nocere.
1297 834 1327 867 ξ.
1344 835 1378 860 l.
1401 835 1556 860 Damnum
1577 836 1719 870 inferre,
1741 839 1909 865 Pernicio-

1066 886 1134 902 sum
1155 886 1227 902 exse.
1265 876 1283 902 I.
1299 877 1359 910 Sy.
1381 876 1491 902 Noxiam
1506 878 1676 910 committere.
1697 888 1717 905 s.
1732 889 1834 907 1100010.
1858 881 1910 908 No-

1068 928 1126 945 cere
1147 919 1190 954 (p.
1216 929 1244 944 se
1262 920 1337 955 pos.)
1362 919 1392 945 l'r.
1414 921 1435 945 1.
1462 929 1501 956 pr.
1530 920 1551 953 ξ.
1573 922 1612 946 12.
1637 922 1660 946 si
1685 922 1812 959 quadrup.
1840 925 1863 950 9.
1886 927 1908 951 l.

1068 961 1097 987 11.
1118 963 1141 988 4.
1162 972 1201 998 pr.
1227 960 1259 987 (10
1283 971 1344 987 nox.
1369 967 1416 988 act.
1436 964 1460 988 9.
1480 965 1504 988 4.
1532 963 1562 990 fr.
1582 965 1622 990 45.
1648 964 1670 997 ξ.
1692 967 1714 991 1.
1739 965 1771 991 de
1795 965 1871 1002 legat.
1890 968 1908 994 I.

1067 1005 1134 1036 (30.)
1172 1004 1302 1030 Damnum
1322 1003 1390 1030 dare.
1412 1004 1441 1030 l'r.
1463 1006 1484 1031 1.
1504 1006 1540 1039 ξῇ
1562 1008 1584 1033 5.
1602 1008 1640 1032 10.
1661 1008 1683 1033 31
1704 1007 1830 1045 quadrup.
1847 1011 1870 1036 9.
1887 1012 1908 1036 l.

1068 1047 1098 1073 fr.
1119 1049 1141 1073 5.
1162 1047 1200 1081 §§
1219 1048 1243 1072 6.
1263 1047 1287 1072 8.
1309 1048 1348 1072 10.
1364 1049 1403 1073 12.
1425 1047 1456 1074 (10
1476 1047 1500 1074 11.
1522 1059 1563 1085 qu.
1585 1049 1663 1076 effud.
1683 1051 1707 1076 9.
1727 1053 1751 1077 3.
1771 1050 1800 1077 fr.
1817 1053 1856 1078 16.
1877 1052 1910 1079 (10

1067 1100 1132 1126 aqua
1153 1095 1178 1116 et
1198 1099 1255 1126 aqu.
1276 1089 1312 1126 pl.
1326 1091 1367 1116 39.
1384 1091 1407 1116 3
1446 1091 1611 1118 Deteriorem
1632 1092 1723 1119 facere.
1744 1094 1774 1120 fr.
1787 1096 1811 1120 2.
1831 1095 1853 1129 §.
1866 1097 1908 1122 31.

1067 1143 1099 1159 110
1119 1143 1161 1169 qu.
1184 1134 1210 1158 in
1230 1132 1279 1159 loc.
1299 1132 1361 1170 pub.
1376 1135 1416 1159 43,
1434 1134 1457 1159 8.
1495 1133 1536 1160 Ill.
1552 1136 1618 1162 Cn.
1639 1135 1667 1161 Si
1687 1145 1739 1161 11011
1759 1138 1853 1165 animo.
1873 1139 1910 1164 vi—

1043 1208 1045 1215 !
1068 1177 1125 1202 cino
1150 1175 1276 1207 nocendi,
1302 1175 1349 1202 sed
1373 1186 1447 1202 suum
1468 1186 1556 1212 agrum
1575 1177 1709 1204 meliorem
1733 1179 1860 1213 faciendi⁷
1882 1181 1909 1208 id

1043 1239 1044 1246 1
1067 1218 1136 1244 fecit.
1157 1218 1187 1244 11.
1210 1220 1231 1244 l.
1251 1219 1272 1252 ᾗ.
1295 1220 1334 1244 12.
1355 1218 1385 1245 cf.
1406 1219 1444 1252 §§.
1464 1221 1487 1246 2.
1508 1221 1532 1245 6.
1553 1222 1592 1246 14.
1613 1230 1652 1257 sq.
1674 1223 1714 1247 17.
1734 1222 1763 1248 fr.
1783 1224 1807 1248 2.
1828 1223 1849 1256 ξ.
1868 1226 1909 1252 10.

1066 1261 1098 1287 (10
1117 1271 1182 1297 aqua
1203 1265 1229 1287 et
1252 1271 1309 1297 aqu.
1330 1261 1366 1298 pl.
1385 1262 1427 1287 39.
1446 1263 1470 1288 3.
1509 1262 1617 1289 Furtum
1642 1263 1703 1290 fecit
1727 1274 1838 1295 servus.
1864 1272 1908 1293 aut

1067 1314 1161 1330 noxam
1181 1305 1277 1330 nocuit.
1298 1304 1328 1330 fr.
1349 1306 1390 1330 45.
1411 1305 1432 1338 ξ.
1448 1307 1470 1331 1.
1491 1305 1523 1331 de
1543 1305 1618 1342 legat.
1638 1306 1739 1339 1.(30.)
1760 1307 1789 1334 fr.
1809 1309 1849 1335 63.
1869 1318 1908 1346 pr.

1067 1347 1099 1373 ad
1118 1346 1147 1373 L.
1168 1346 1237 1373 Falc.
1257 1348 1299 1373 35.
1318 1348 1342 1373 2.
1380 1346 1436 1374 Lex
1455 1348 1554 1381 voluit,
1583 1354 1626 1375 aut
1650 1349 1705 1376 dari
1730 1349 1755 1376 id
1776 1351 1845 1387 quod
1865 1362 1910 1378 110-

1068 1391 1129 1421 cuit,
1149 1406 1181 1409 —
1202 1394 1245 1416 aut
1264 1390 1472 1417 aestimationem
1492 1393 1585 1418 noxiae
1605 1393 1708 1419 offerre.
1733 1393 1763 1419 fr.
1785 1396 1806 1419 1.
1828 1404 1867 1431 pr.
1887 1396 1909 1421 si

1068 1432 1194 1469 quadrup.
1209 1434 1233 1459 9.
1254 1434 1276 1458 l.
1314 1432 1343 1459 Si
1362 1434 1479 1460 nocitum
1498 1434 1597 1461 homini
1616 1435 1701 1462 libero
1721 1446 1780 1462 esse
1800 1437 1910 1465 dicetur.

1067 1476 1097 1502 fr.
1116 1477 1157 1501 42.
1178 1475 1210 1501 de
1230 1475 1316 1501 Aedil.
1337 1475 1414 1502 edict.
1428 1479 1470 1503 21.
1492 1479 1514 1502 1.
1552 1478 1581 1504 Si
1602 1480 1681 1511 vivet,
1701 1480 1871 1517 nocitumque
1886 1482 1910 1507 01

1067 1528 1126 1545 0330
1155 1518 1264 1544 dicetur.
1294 1518 1323 1544 11.
1345 1521 1368 1544 1.
1393 1529 1431 1555 pr.
1461 1519 1482 1552 ξ.
1503 1520 1526 1545 6.
1556 1519 1588 1546 de
1612 1520 1636 1546 h.
1663 1531 1705 1557 qu.
1730 1521 1811 1548 deiec.
1836 1525 1860 1549 9.
1884 1525 1908 1550 3.

1067 1561 1172 1597 Quodsi
1193 1571 1224 1587 ex
1244 1561 1293 1587 boc
1314 1563 1419 1598 corpori
1439 1562 1566 1593 alicuius,
1586 1564 1667 1596 vitae,
1687 1564 1845 1591 membrisve
1864 1576 1909 1592 no-

1067 1609 1162 1630 ceatur.
1193 1603 1265 1630 Paul.
1291 1603 1322 1629 V.
1341 1606 1366 1630 3.
1392 1604 1414 1637 ξ.
1436 1605 1458 1630 l.
1504 1604 1544 1630 Ex
1571 1605 1666 1641 quibus
1691 1606 1770 1633 saluti
1795 1607 1909 1635 bominis

1066 1648 1155 1673 noceri
1175 1648 1269 1684 possit.
1307 1647 1417 1678 Omnia,
1443 1657 1473 1673 ex
1493 1647 1589 1683 quibus
1610 1649 1706 1685 singuli
1726 1649 1844 1677 1101011103
1865 1662 1909 1678 no-

1067 1701 1125 1716 cere
1149 1695 1270 1727 possunt.
1302 1689 1339 1715 11).
1365 1689 1395 1715 V.
1419 1691 1443 1715 3.
1469 1690 1490 1723 ξ.
1510 1692 1535 1717 3.
1560 1690 1591 1716 V.
1610 1693 1652 1717 23.
1679 1692 1700 1725 ξ.
1722 1694 1744 1718 7.
1783 1693 1857 1728 Quae
1877 1711 1909 1714 —

1066 1732 1131 1759 adeo
1151 1732 1263 1758 nocendi
1283 1737 1399 1758 naturam
1419 1732 1564 1768 deponunt,
1585 1738 1613 1759 ut
1632 1745 1664 1760 ex
1684 1734 1724 1761 his
1742 1751 1774 1754 —
1794 1735 1909 1763 salubria

1066 1775 1253 1801 medicamenta
1279 1775 1458 1801 conficiantur.
1483 1775 1513 1801 fr.
1533 1777 1575 1802 35.
1600 1776 1621 1809 ξ.
1641 1779 1665 1803 2.
1690 1777 1722 1804 (10
1747 1783 1828 1804 contr.
1849 1785 1908 1806 emt.

1042 1807 1043 1850 l
1067 1820 1106 1844 15.
1129 1819 1150 1843 l.
1172 1833 1203 1837 —-
1223 1818 1254 1850 ξ.
1269 1819 1303 1844 2.
1327 1818 1453 1849 obesse,
1474 1820 1643 1852 Impedire.
1680 1819 1773 1854 [Sy.
1794 1821 1909 1854 Obesse,

1042 1858 1043 1861 ¹
1066 1860 1189 1887 01131310.
1215 1860 1244 1886 sr.
1266 1861 1289 1886 7.
1315 1860 1336 1894 ᾗ.
1358 1862 1397 1886 19.
1423 1860 1453 1886 l'r.
1475 1862 1514 1886 10.
1534 1871 1573 1898 pr.
1598 1862 1620 1895 ξ.
1639 1864 1663 1888 2.
1684 1862 1716 1889 de
1736 1868 1802 1900 pact.
1823 1866 1847 1891 2.
1868 1867 1907 1892 14.

1065 1903 1096 1929 11.
1117 1905 1156 1929 13.
1177 1903 1208 1929 t'r.
1230 1904 1269 1929 17.
1290 1902 1322 1928 (10
1342 1913 1412 1929 exce.
1433 1905 1473 1929 44.
1496 1905 1517 1930 1.
1538 1904 1567 1930 fr.
1590 1906 1629 1930 11.
1649 1915 1688 1942 pr.
1708 1905 1746 1938 ἐξ.
1768 1908 1789 1932 l.
1804 1916 1861 1944 sqq.
1876 1907 1908 1934 de

1066 1956 1121 1972 exc.
1141 1946 1178 1972 rei
1198 1945 1250 1972 iud.
1269 1947 1310 1971 44.
1329 1948 1353 1972 2.
1375 1945 1403 1972 l'r.
1418 1948 1441 1972 2.
1462 1956 1500 1983 pr.
1521 1946 1558 1979 ῷξ.
1574 1948 1596 1972 l.
1611 1948 1633 1973 7.
1654 1946 1686 1973 de
1705 1949 1761 1974 iure
1782 1949 1848 1975 lisci.
1864 1952 1906 1977 49.

1041 2003 1043 2021 ¹.
1067 1989 1105 2014 14.
1144 1987 1252 2018 Vitiare.
1273 1987 1412 2015 Perimere.
1433 1987 1504 2015 Paul.
1524 1989 1566 2015 III.
1587 1990 1641 2016 4A.
1662 1990 1700 2024 ἕξ.
1717 1993 1756 2017 10.
1773 1993 1811 2018 13.
1832 1992 1861 2018 sr.
1884 1995 1906 2019 l.

1041 2047 1043 2065 ¹.
1065 2031 1086 2064 ξ.
1105 2031 1128 2056 8.
1155 2030 1186 2057 ad
1206 2029 1274 2057 S.C.
1294 2029 1366 2057 Tert.
1385 2033 1427 2057 3⁸.
1449 2033 1488 2058 17.

1042 2101 1043 2106 ¹
1065 2083 1150 2110 neque
1169 2073 1299 2110 prodesse
1319 2073 1452 2107 (heredi.)
1477 2074 1506 2101 fr.
1529 2077 1568 2101 17.
1594 2076 1615 2108 ξ.
1635 2077 1658 2101 6.
1683 2075 1715 2102 (10
1734 2081 1801 2113 pact.
1821 2079 1844 2104 2.
1866 2080 1906 2105 14.

1529 2031 1571 2058 111.
1593 2034 1659 2060 Cn.
1687 2033 1780 2069 Neque
1804 2045 1906 2067 nocere.

1065 2115 1100 2143 Vt
1119 2126 1196 2142 nemo
1216 2126 1266 2153 ope
1285 2116 1405 2143 videatur
1429 2117 1539 2148 secisse,
1563 2119 1614 2144 nisi
1634 2123 1682 2144 etc.
1703 2135 1734 2138 ——
1755 2129 1803 2146 nec
1823 2122 1907 2148 consi-

1065 2159 1127 2185 lium
1153 2158 1277 2184 habuisse
1305 2165 1411 2191 noceat,
1439 2161 1489 2186 nisi
1514 2165 1539 2187 et
1562 2161 1658 2187 sactum
1677 2167 1796 2188 secutum
1820 2163 1905 2190 fuerit.

1065 2202 1095 2228 11.
1116 2204 1156 2228 53.
1178 2202 1200 2235 ξ.
1221 2203 1244 2227 l.
1265 2201 1297 2227 de
1310 2201 1342 2228 V.
1356 2202 1384 2229 S.
1399 2205 1439 2228 50.
1462 2204 1501 2229 10.
1540 2202 1594 2229 Nec
1614 2203 1677 2230 alias
1697 2204 1810 2231 dubitari
1830 2216 1905 2243 opor-

1065 2249 1114 2275 tet.
1140 2245 1203 2280 quin
1228 2254 1280 2270 non
1305 2246 1331 2271 in
1351 2245 1427 2271 aliam
1447 2256 1500 2272 rem
1520 2256 1615 2272 nocere
1635 2245 1760 2276 debeant.
1785 2258 1859 2284 quom
1878 2249 1905 2275 in

1065 2297 1120 2314 eam
1140 2292 1189 2313 etc.
1214 2287 1243 2313 sr.
1263 2289 1287 2313 2.
1311 2289 1332 2322 §.
1354 2290 1376 2315 l.
1401 2288 1433 2314 de
1457 2290 1512 2314 iure
1536 2289 1603 2314 fisci.
1627 2290 1669 2315 49.
1690 2292 1730 2315 14.
1772 2290 1905 2316 Interdum

1065 2331 1165 2359 evenit.
1186 2334 1214 2356 ut
1233 2331 1370 2367 exceptio,
1399 2341 1465 2367 quae
1490 2332 1573 2367 prima
1596 2331 1661 2358 sacia
1684 2333 1751 2359 iusta
1776 2332 1903 2363 videatur.

1064 2373 1153 2409 inique
1177 2378 1270 2398 noceat
1293 2374 1383 2399 actori.
1408 2373 1465 2399 Gai.
1485 2373 1529 2400 IV.
1550 2376 1606 2401 126.
1628 2385 1685 2411 3(](1.
1724 2374 1819 2400 Testes
1842 2377 1904 2402 utri-

1064 2426 1115 2452 que
1134 2431 1165 2435 -—
1186 2416 1243 2441 lieri
1263 2421 1390 2452 possunt,
1411 2432 1442 2435 —
1463 2418 1584 2453 quoniam
1603 2417 1668 2443 1111111
1687 2422 1777 2447 nocet,
1802 2427 1834 2444 ex
1854 2428 1904 2444 uua

1065 2458 1142 2485 domo
1162 2457 1252 2494 plures
1278 2463 1359 2484 testes
1384 2458 1468 2485 alieno
1488 2461 1592 2496 negotio
1612 2459 1737 2485 adhiberi.
1763 2459 1823 2496 Ylp.
1843 2461 1903 2488 XX.

1064 2503 1088 2527 6.
1126 2500 1199 2527 Nihil
1223 2510 1330 2532 nocere,
1355 2503 1495 2538 quominus
1516 2506 1558 2535 (et
1581 2512 1640 2528 reus
1665 2506 1691 2527 et
1708 2501 1851 2530 fideiussor
1868 2509 1904 2531 te-

1065 2544 1184 2575 neatur.)
1210 2543 1239 2569 fr.
1260 2544 1301 2569 92.
1321 2543 1353 2570 de
1372 2544 1402 2571 R.
1423 2545 1441 2571 Ι.
1461 2547 1502 2571 50.
1523 2546 1562 2570 17.
1599 2544 1632 2570 Et
1657 2546 1775 2580 quamvis
1793 2546 1852 2583 ipse
1870 2563 1904 2567 —-

1066 2586 1194 2622 intelligat
1214 2586 1326 2612 alienum
1346 2598 1404 2614 esse
1424 2587 1538 2617 fundum,
1558 2591 1644 2612 tamen
1663 2586 1728 2613 nihil
1746 2587 1797 2614 1100
1816 2589 1853 2621 (b.
1873 2589 1903 2622 f.)

1064 2630 1218 2666 possessori
1237 2629 1268 2655 ad
1287 2632 1472 2668 usucapionem
1486 2634 1570 2655 uocet.
1591 2628 1647 2654 Gai.
1662 2628 1691 2655 ll.
1705 2631 1745 2656 51.
1782 2631 1904 2668 Aequum

1065 2682 1117 2698 11011
1137 2677 1193 2703 031,
1218 2682 1266 2698 nos
1286 2675 1374 2699 noceri
1394 2673 1455 2703 1100,
1476 2671 1545 2708 quod
1565 2671 1691 2698 adversus
1712 2683 1769 2699 eum
1788 2684 1840 2700 non
1859 2684 1903 2701 uo-

1065 2715 1130 2745 cuit.
1149 2716 1175 2740 in
1195 2716 1268 2741 cuius
1288 2715 1374 2742 locum
1398 2715 1582 2741 successimus.
1607 2714 1636 2741 fr.
1657 2716 1680 2741 3.
1705 2716 1727 2749 ξ.
1747 2718 1770 2742 2.
1795 2716 1827 2742 (10
1845 2718 1900 2743 itin.

1065 2762 1150 2793 actuq.
1171 2759 1236 2794 priv.
1257 2760 1297 2783 43.
1319 2760 1357 2783 19.

1100 2802 1231 2827 Noctu.
1270 2800 1389 2833 (Advb.)
1429 2801 1582 2834 Tempore
1604 2808 1770 2827 nocturno.
1807 2801 1825 2827 1.
1839 2802 1899 2835 Sy.

1427 2845 1460 2870 79
