2197 3121
935 165 1025 207 REQ
1037 185 1079 190 —
1090 165 1180 198 RES.

203 251 233 278 fr.
253 252 276 278 8.
302 250 332 277 fr.
351 252 393 277 25.
418 252 440 285 ξ.
459 253 483 278 2.
507 250 583 277 locat.
608 251 647 276 19.
666 250 691 276 2.
727 248 916 286 Reputatioues
940 249 1035 275 tutoris

202 304 255 320 non
277 293 409 331 improbas
432 293 574 320 admittere.
599 292 629 319 fr.
648 294 673 318 2.
693 302 732 329 pr.
755 292 798 318 ubi
818 302 880 329 pup.
898 292 940 317 27.
959 293 983 318 2.
1003 291 1034 318 cf.

203 335 255 363 Tit.
275 336 306 363 C.
327 336 358 363 de
376 337 532 374 reputation.
551 337 575 361 2.
594 336 636 361 48.

238 379 419 412 Requies.
456 380 700 410 Laxamentum,
721 378 878 404 Cessatio.
914 375 956 402 111.
969 377 1034 404 Gn·

203 421 266 448 Sine
279 422 433 453 cessatione,
447 422 504 448 siue
516 422 614 458 requie,
633 421 753 458 protinus
766 419 862 452 (ablata
876 418 1034 452 redhibere.)

203 464 252 491 Th.
273 464 303 492 C.
323 464 351 491 11.
370 465 412 491 33.
432 474 453 491 c.
469 466 493 490 2.
513 463 545 490 de
564 473 634 490 usur.
671 463 798 500 Accipere
817 462 932 498 requiem
952 461 1035 495 (labo-

202 508 248 539 ris,
266 517 290 534 v.
309 506 492 539 vinculorum.)
512 506 549 533 lb.
562 506 591 533 11.
605 508 629 533 8.
649 516 670 532 c.
683 508 707 532 2.
727 515 765 543 pr.
785 505 818 532 (le
835 504 916 531 seriis.
934 504 978 531 IX.
992 506 1034 532 38.

203 560 224 576 c.
243 550 266 576 8.
286 549 318 576 de
336 549 432 586 indulg.
452 550 522 576 crim.

237 592 506 625 Requiescere.
544 593 734 626 Impositum
761 600 827 617 esse
849 595 955 617 certae
977 591 1032 616 rei.

201 633 319 662 mon.
339 633 419 670 Quod
438 635 471 661 ita
490 634 689 672 proveheretur,
708 639 736 661 ut
748 642 875 669 nusquam
889 633 1035 669 requiesce-

201 681 249 709 ret,
271 676 355 713 qualia
374 678 513 703 maeniana.
533 677 564 704 fr.
582 679 642 704 242.
661 678 683 711 §.
706 679 727 703 1.
747 675 779 702 de
798 674 830 701 V.
850 674 877 701 S.
897 677 939 702 50.
960 676 999 702 16.

236 719 464 752 Requirere.
504 721 535 753 §.
556 722 590 747 1.
618 721 790 753 Quaerere,
822 719 1033 753 Conquirere,

199 763 440 798 Per-vestigare.
475 762 492 788 I.
513 764 574 797 sy.
599 762 731 798 Quaerere
752 761 944 795 (thesaurum.)
969 771 989 787 c.
1011 762 1033 787 l.

200 803 233 831 de
251 804 365 831 thesaur.
387 806 427 832 10.
447 806 488 831 15.
506 805 636 841 lndagare.
656 803 697 831 Cf.
717 804 741 831 h.
758 815 782 831 v.
801 804 944 840 Inquirere‚
962 803 1035 829 Inve-

199 847 303 883 stigare.
332 846 362 874 fr.
388 849 410 874 1.
435 858 475 885 pr.
498 849 534 882 βξ.
557 850 578 875 1.
602 857 642 883 sq.
666 846 696 873 fr.
715 849 740 873 3.
766 847 798 873 de
822 846 920 882 fugitiv.
947 847 986 872 ll.
1009 847 1033 872 4.

199 889 230 916 fr.
245 891 285 916 14.
304 890 326 923 §.
341 891 365 916 6.
385 890 418 917 de
438 895 502 917 eust.
516 900 582 917 reor.
597 890 638 916 48.
653 891 677 916 3.
714 889 756 916 ΙΠ.
771 891 837 917 Gn.
857 888 922 915 Post
939 887 1033 924 fugam,

198 931 362 969 requirendi,
383 932 575 969 reducendique
593 933 649 958 eius
669 942 746 959 causa
765 931 859 965 (factae
879 931 1033 968 impensae.)

200 974 231 1001 fr.
255 976 292 1001 18.
313 975 334 1008 ξ
354 977 378 1001 2.
398 975 523 1002 commod.
545 977 583 1001 13.
603 976 625 1001 6.
647 985 668 1001 c.
688 977 711 1001 5.
735 973 768 1001 de
786 984 853 1000 serv.
874 973 945 1010 fugit.
965 975 989 1000 6.
1009 975 1032 1000 1.

198 1017 258 1044 Non
279 1017 364 1049 citati,
388 1017 435 1044 sed
454 1018 573 1054 requisiti
592 1017 780 1054 (litigatores.)
801 1027 822 1043 c.
844 1018 883 1044 15.
903 1017 936 1044 de
954 1016 1033 1044 indic.

197 1061 222 1087 3.
246 1062 268 1086 1.
304 1060 448 1086 Absentem
470 1060 574 1098 capitali
598 1062 705 1087 crimine
728 1060 843 1087 accusari
867 1070 919 1086 non
943 1069 1033 1097 posse,

197 1102 245 1129 sed
263 1102 446 1139 requirendum
465 1103 643 1129 tantummodo
662 1103 779 1129 adnotari
798 1102 893 1129 solere.
914 1113 935 1129 c.
954 1104 977 1129 6.
1000 1102 1034 1129 de

197 1155 283 1172 accus.
303 1147 327 1171 9.
345 1146 369 1171 2.
390 1144 422 1172 cf.
446 1144 476 1171 fr.
498 1147 518 1172 1.
543 1146 580 1180 ἕξ.
602 1147 624 1172 1.
644 1155 700 1182 sqq.
722 1145 753 1172 fr.
772 1147 796 1171 2.
816 1155 854 1183 pr.
874 1145 903 1172 fr.
923 1147 946 1172 4.
966 1145 988 1178 §.
1007 1147 1033 1172 2.

197 1187 230 1214 de
252 1189 347 1224 requir.
371 1189 431 1214 reis.
464 1189 504 1214 48.
525 1190 564 1215 17.
605 1187 831 1225 Requirendorum
855 1188 922 1215 bona
947 1188 1034 1221 (obsi-

195 1231 288 1267 gnari.)
307 1229 337 1256 fr.
350 1232 374 1256 5.
388 1240 426 1268 pr.
447 1230 480 1257 ib.
495 1231 535 1257 48.
551 1232 590 1257 17.
629 1230 657 1257 Si
677 1231 825 1257 invenerint
843 1241 886 1258 eas
905 1232 955 1265 (sc.
967 1232 1032 1264 res,)

194 1273 337 1305 ablaturos,
355 1277 381 1299 et
399 1274 422 1299 si
440 1274 567 1310 suspicati
584 1273 681 1300 fuerint
700 1274 725 1300 in
745 1284 822 1310 quem
835 1274 921 1301 locum
935 1275 1031 1301 eiectae

194 1321 265 1348 sunt,
283 1317 464 1352 requisituros
484 1316 515 1342 fr.
534 1317 557 1343 8.
578 1315 609 1342 ad
628 1315 657 1343 L.
677 1316 762 1343 Rhod.
785 1319 823 1343 14.
842 1319 867 1344 2.
904 1317 974 1344 Dum
994 1318 1031 1343 vi-

194 1363 264 1385 ctum
282 1359 426 1394 requirnnt.
446 1358 495 1385 Tb.
511 1358 540 1385 C.
561 1358 602 1385 111.
622 1360 646 1385 3.
666 1369 687 1385 e.
702 1361 725 1385 l.
745 1359 778 1386 de
796 1365 861 1397 patr.
882 1370 924 1397 qu.
944 1359 981 1386 fil.
999 1376 1030 1380 —

194 1402 225 1435 ἓ.
245 1403 279 1428 2.
299 1403 498 1436 Exquirere,
524 1403 706 1436 Inquiren,
733 1405 894 1430 Scrutari.
929 1402 948 1429 1.
968 1404 1030 1437 Sy.

193 1444 335 1480 Quaerere.
365 1443 406 1471 Cf.
431 1444 456 1470 h.
480 1454 504 1471 v.
533 1444 555 1478 ξ.
578 1446 603 1471 2.
639 1444 785 1482 Explorare
812 1450 838 1472 et
864 1447 1030 1482 investigare.

192 1486 224 1513 fr.
245 1488 269 1513 8.
288 1497 327 1524 pr.
350 1486 380 1513 fr.
401 1488 441 1513 10.
460 1487 482 1520 §.
501 1487 525 1513 6.
550 1486 583 1513 de
602 1488 746 1524 quaestion.
766 1489 806 1515 48.
828 1489 866 1515 18.
903 1488 945 1515 111.
964 1490 1030 1516 Cn.

194 1529 296 1556 Tuetur
317 1528 426 1556 Praetor
449 1539 520 1561 eum,
545 1545 575 1550 ·—
600 1539 685 1566 neque
709 1532 793 1567 exiget
816 1531 846 1557 ab
871 1541 901 1558 eo
927 1536 975 1558 etc.
998 1547 1030 1551 ——

192 1582 272 1599 unum
295 1577 394 1598 tantum
417 1573 540 1609 requirit,
564 1582 625 1599 num
649 1572 716 1599 sorte
739 1579 787 1600 etc.
812 1574 842 1600 fr.
864 1576 886 1600 l.
911 1574 932 1608 §.
952 1576 976 1600 2.
998 1574 1031 1601 de

193 1615 315 1652 superfie.
334 1617 375 1642 43.
396 1616 436 1642 18.
472 1614 681 1648 Condemnatur,
702 1632 733 1636 —
752 1627 800 1643 nee
819 1618 973 1654 requiritur,
999 1627 1030 1643 an

194 1662 243 1685 etc.
262 1657 318 1684 Gai.
339 1657 382 1683 IV.
404 1658 460 1683 180.
481 1657 512 1684 cf.
530 1657 573 1684 111.
594 1660 634 1685 10.
651 1658 681 1685 fr.
700 1660 741 1685 36.
761 1669 800 1696 pr.
820 1659 852 1686 de
870 1659 901 1686 R.
917 1659 948 1686 V.
967 1661 991 1686 6.
1007 1661 1029 1686 1.

192 1699 274 1726 Iudex
294 1714 324 1718 —
344 1699 409 1726 illud
431 1699 533 1727 seilicet
557 1702 666 1738 requirit
685 1706 732 1728 etc.
757 1702 814 1729 Gai.
834 1702 877 1729 lV.
900 1704 956 1729 166.
993 1702 1029 1729 Vt

193 1742 313 1774 civiliter,
332 1744 388 1769 sive
407 1743 582 1775 criminaliter,
602 1759 633 1763 -
652 1754 732 1781 super
750 1744 850 1781 prolata
865 1745 977 1782 epistola
991 1755 1029 1772 re·

193 1786 318 1821 qniratur.
348 1784 396 1812 Th.
422 1785 452 1812 C.
477 1785 522 1812 IV.
546 1788 569 1812 4.
594 1796 614 1812 c.
633 1788 657 1812 2.
682 1797 721 1823 pr.
745 1787 778 1813 de
801 1792 901 1814 testam.
926 1793 952 1814 et
970 1787 1028 1814 cod.

192 1827 313 1865 Inprimis
333 1827 468 1854 advertere
487 1828 621 1859 debemus,
643 1845 672 1849 —
694 1829 788 1855 deinde
807 1831 976 1866 requiremus,
997 1840 1028 1856 an

192 1875 240 1897 ete.
261 1870 317 1897 Gai.
339 1870 367 1896 11.
388 1872 444 1897 114.
466 1870 496 1897 cf.
519 1873 574 1898 116.
612 1871 691 1906 Quod
712 1882 742 1897 an
762 1871 902 1899 debeamus
922 1872 1028 1899 credere

191 1914 279 1939 verius
303 1923 375 1944 esse,
399 1913 549 1949 diligentius
573 1915 743 1951 requiremus.
767 1914 804 1941 Ib.
831 1915 873 1942 IV.
896 1917 936 1941 60.
973 1915 1028 1942 Nec

191 1961 277 1982 tamen
302 1971 332 1975 -
356 1955 442 1982 locum
468 1956 553 1982 babet.
594 1956 684 1992 ltaque
707 1957 772 1983 nihil
797 1959 953 1994 requirimus
978 1963 1026 1985 etc.

190 1998 228 2025 Ib.
248 1998 266 2024 I.
287 1999 343 2025 139.
364 1998 395 2025 cf.
417 2000 455 2025 18.
478 2015 507 2019 --
529 1999 607 2032 §.3-
628 2001 816 2032 Postulan,
837 2003 1026 2028 Provocare.

190 2041 233 2068 III.
250 2043 316 2069 Cn.
335 2040 448 2067 Iudicem
468 2043 607 2068 certiorare
626 2041 740 2074 festinet,
760 2048 887 2079 quatenus
906 2044 950 2070 ille
970 2054 1026 2070 eum

190 2085 348 2121 requisierit.
368 2093 389 2110 c.
403 2085 426 2110 3.
447 2084 468 2117 ᾗ.
482 2086 505 2110 2.
526 2084 558 2111 de
577 2086 632 2111 iure
650 2084 718 2111 dom.
740 2086 841 2122 impetr.
860 2087 884 2113 8.
897 2088 938 2113 34.
957 2086 1027 2113 Iuste

192 2136 222 2152 ac
240 2131 381 2164 temperate
406 2131 465 2152 tuos
491 2131 614 2159 tractare,
639 2132 667 2154 ut
691 2132 716 2154 et
735 2128 811 2154 facile
829 2130 962 2165 requirere
981 2139 1026 2156 eos

192 2170 288 2205 possis.
308 2168 377 2195 Coll.
397 2168 448 2195 LL.
468 2169 500 2196 M.
521 2169 562 2196 111.
582 2173 606 2197 3.

227 2212 451 2244 Requisitio.
488 2213 518 2245 ξ.
534 2214 567 2239 l.
583 2215 770 2248 Indagatio.
807 2213 849 2240 III.
863 2215 928 2242 Gn.
942 2214 1025 2251 Requ.

194 2254 231 2280 rei
250 2252 366 2280 furtivae.
385 2256 407 2289 ς’.
425 2257 448 2281 4.
469 2255 485 2282 I.
506 2255 538 2281 de
558 2255 609 2281 obl.
631 2266 673 2292 qu.
694 2267 725 2282 ex
746 2256 795 2283 del.
815 2258 838 2283 4.
855 2259 875 2283 l.
898 2274 927 2277 —
948 2258 978 2290 §.
991 2259 1025 2285 2.

194 2297 386 2330 Inquisitio,
404 2300 626 2325 Examinatio.
663 2298 681 2325 I.
703 2300 766 2333 Sy.
790 2299 934 2336 Inquisitio.
958 2300 1025 2326 Nov.

192 2340 233 2365 36.
271 2337 313 2364 ΙΙΙ,
328 2339 392 2365 Gn.
410 2339 557 2376 Requisitio
577 2351 634 2367 cum
654 2343 723 2368 omni
743 2343 852 2368 veritate
871 2347 948 2378 atque
966 2343 1026 2368 sub-

192 2382 286 2408 tilitate
305 2380 392 2406 habita
410 2382 435 2407 in
455 2383 539 2410 reditu
553 2394 582 2410 eo
596 2389 645 2410 etc.
664 2384 710 2410 lul.
725 2395 764 2421 ep.
780 2395 838 2411 nov.
859 2395 880 2411 c.
895 2386 917 2411 7.
937 2386 959 2418 §.
972 2387 1013 2412 34.

228 2423 461 2456 acquisitus,
482 2424 601 2459 (Partic.)
620 2428 650 2461 §.
666 2429 699 2454 l.
722 2429 910 2460 Quaesitus,
931 2429 1025 2455 Inda-

191 2473 297 2502 gatus.
335 2464 376 2492 Cf.
396 2475 420 2491 v.
440 2465 588 2502 Requirere.
608 2470 630 2503 ξ.
652 2472 674 2496 1.
694 2486 725 2490 —
745 2471 776 2504 ᾖ.
795 2472 829 2496 2.
850 2472 1025 2497 Examina-

193 2517 250 2537 tus.
287 2508 328 2535 III.
344 2509 409 2536 Gn.
429 2507 501 2534 Nihil
520 2511 628 2546 posthae
646 2512 694 2539 tihi
713 2512 851 2549 quodlibet
870 2513 983 2549 speciale
996 2524 1025 2540 ac

192 2553 346 2588 requisitum
364 2567 397 2570 —
416 2551 572 2578 audiendum
591 2559 636 2581 est.
662 2555 712 2582 Th.
732 2555 763 2582 C.
783 2555 828 2582 XI.
848 2556 889 2581 30.
909 2565 930 2582 c.
949 2558 972 2582 5.
993 2556 1025 2583 de

192 2595 250 2632 adp.
271 2599 296 2620 et
314 2604 390 2631 poen.

226 2637 333 2664 Reri.
372 2638 526 2671 Opinari,
547 2639 687 2665 Censet-e.
721 2640 764 2666 111.
779 2642 844 2668 (7η.
864 2640 968 2673 Remur,
988 2640 1024 2667 fu-

191 2685 278 2706 turum
297 2688 363 2705 esse.
382 2680 419 2706 11).
438 2679 482 2706 VI.
501 2682 542 2707 29.
563 2691 584 2707 c.
604 2682 629 2706 7.
647 2680 679 2706 de
697 2684 791 2709 curios.
818 2683 883 2710 Nov.
904 2682 961 2710 Val.
981 2683 1021 2710 III.

192 2722 225 2749 de
242 2722 327 2748 libert.
348 2726 373 2747 et
391 2732 463 2749 succ.
480 2722 510 2749 Il.
529 2725 570 2749 25.
596 2733 615 2749 c.
638 2724 658 2748 1.
683 2723 704 2756 §.
725 2727 747 2751 1.
783 2725 866 2752 Ratus
890 2731 930 2752 est
948 2725 1023 2753 Prae-

192 2770 234 2791 tor
253 2770 300 2791 etc.
321 2764 350 2791 fr.
372 2766 393 2791 l.
413 2765 434 2798 ξ.
453 2766 477 2791 3.
497 2765 528 2791 de
547 2764 644 2802 postul.
663 2766 687 2791 3.
708 2767 730 2792 l.

226 2809 317 2836 Res.
345 2807 376 2841 ἓ.
390 2809 424 2835 1.
447 2809 611 2835 Obiectum
630 2817 716 2835 omne
735 2811 819 2837 iuris
837 2814 1018 2846 exercendi,

1853 170 1913 200 837

1079 249 1195 286 (praeter
1212 249 1359 286 personas.)
1388 249 1405 276 Ι.
1421 251 1481 285 Sy.
1502 250 1581 286 Quod
1595 255 1643 283 est,
1662 250 1715 277 Res
1733 249 1827 283 (divini
1840 251 1913 282 iuris,

1079 301 1102 318 V.
1123 291 1254 324 humani.)
1278 290 1334 318 Gai.
1354 291 1384 318 Il.
1403 294 1427 318 2.
1448 303 1487 330 sq.
1511 296 1534 320 9.
1554 303 1613 330 sqq.
1649 293 1680 320 ΙΙ.
1698 295 1764 327 011.
1789 291 1912 319 Persona.

1080 333 1120 361 Cf.
1144 334 1169 360 h.
1189 344 1213 360 v.
1240 334 1261 367 §.
1281 335 1304 359 4.
1342 334 1463 371 Singulas
1487 346 1542 369 res,
1570 352 1602 356 —
1630 336 1680 363 Per
1708 336 1912 367 universitatem,

1080 376 1260 413 (adquirere.)
1287 376 1324 403 Id.
1349 377 1379 403 11.
1399 379 1438 404 97.
1460 380 1516 405 191.
1555 379 1595 406 111.
1616 380 1681 407 Cn·
1705 378 1783 410 Rem,
1806 378 1849 405 vel
1872 379 1913 404 ius

1079 429 1166 452 suum,
1191 429 1355 446 conservare.
1375 419 1404 446 sr.
1425 422 1465 447 41.
1486 421 1518 448 de
1536 421 1589 448 LL.
1611 424 1632 448 l.
1651 424 1676 448 3.
1711 421 1765 448 Res
1783 421 1913 448 bonorum

1079 463 1144 488 eius.
1170 461 1200 488 sr.
1219 463 1261 488 31.
1285 462 1307 496 §.
1326 463 1350 488 6.
1374 462 1407 489 de
1431 462 1461 490 N.
1483 464 1514 490 G.
1538 466 1561 491 3.
1581 467 1605 491 5.
1641 463 1707 496 Res,
1732 474 1798 500 quae
1820 463 1863 490 vel
1886 465 1913 490 in

1078 510 1170 531 nostro
1188 505 1344 542 patrimonio
1363 510 1433 537 sunt,
1453 506 1495 533 vel
1514 512 1585 534 extra
1599 512 1717 533 nostrum
1730 507 1914 544 patrimonium

1078 547 1214 575 habentur.
1239 547 1295 574 Gai.
1314 548 1344 575 II.
1367 550 1388 575 l.
1426 548 1551 581 Pecunia,
1576 549 1617 576 vel
1642 549 1690 576 alia
1714 549 1839 586 quaedam
1862 559 1912 576 res.

1079 590 1109 617 fr.
1129 592 1152 618 6.
1173 591 1195 624 ξ.
1214 593 1238 617 2.
1258 590 1275 617 1.
1295 590 1311 617 l.
1330 592 1355 618 3.
1374 593 1398 618 5.
1419 591 1475 618 Gai.
1494 591 1536 618 III.
1558 594 1614 618 124.
1630 594 1686 619 141.
1706 591 1749 619 IV.
1766 594 1806 619 33.
1827 592 1856 618 fr.
1871 593 1912 619 88.

1078 632 1111 659 de
1130 632 1161 660 V.
1181 633 1208 660 S.
1227 635 1269 660 50.
1290 635 1329 660 16.
1366 633 1465 661 Omnes
1484 644 1535 667 res,
1557 639 1609 660 tam
1628 635 1678 661 soli
1697 645 1772 672 quam
1790 634 1911 661 mobiles.

1078 675 1108 702 fr.
1128 677 1187 702 222.
1213 676 1246 702 ib.
1269 678 1311 703 50.
1332 678 1372 703 16.
1408 676 1475 710 Res,
1498 687 1564 714 quae
1587 678 1612 703 in
1636 688 1722 704 rerum
1746 682 1836 704 natura
1859 687 1913 704 non

1078 723 1131 750 est,
1156 719 1178 744 si
1197 718 1275 745 modo
1299 719 1384 746 sutura
1409 724 1457 746 est.
1483 719 1539 746 Gai.
1559 719 1589 746 11.
1608 722 1668 747 203.
1704 720 1809 747 Summa
1827 730 1914 748 rerum

1078 760 1182 787 divisio.
1206 760 1243 787 ld.
1267 761 1296 788 11.
1315 764 1339 788 2.
1359 772 1416 799 sqq.
1453 762 1553 789 Omnes
1576 773 1619 789 res
1643 768 1687 790 aut
1709 764 1820 800 mancipi
1845 769 1914 795 sunt,

1078 808 1122 830 aut
1146 813 1194 830 nee
1215 805 1335 842 mancipi.
1360 804 1421 842 le.
1440 805 1511 832 xlx.
1533 807 1555 832 l.
1591 805 1658 838 Res,
1686 816 1751 843 quae
1778 807 1804 832 in
1831 806 1914 833 abusu

1079 847 1251 873 eontinentur.
1273 847 1310 873 Id.
1329 847 1425 874 XXIV.
1445 849 1487 874 27.
1507 862 1538 867 —
1564 848 1594 881 ξ.
1615 850 1698 876 LA.
1719 851 1913 876 Substantia

1077 891 1134 915 rei.
1170 888 1189 915 Ι.
1203 890 1264 924 Sy.
1284 890 1445 922 Substantia,
1465 890 1580 928 Corpus,
1599 890 1652 917 Res
1666 892 1703 928 (p.
1717 901 1746 918 se
1759 892 1829 928 pos.)
1849 891 1914 918 Cor-

1077 931 1177 968 poralis
1196 941 1246 958 res.
1267 932 1297 959 fr.
1311 935 1336 959 2.
1355 934 1392 967 ςξ.
1411 935 1434 960 2.
1450 935 1489 959 l5.
1510 943 1557 970 pro
1573 938 1632 960 emt.
1651 935 1693 960 41.
1706 936 1730 960 4.
1749 934 1780 960 fr.
1796 936 1834 961 13.
1854 935 1875 968 ξ.
1891 936 1913 960 1.

1078 974 1108 1001 fr.
1123 976 1162 1001 14.
1182 984 1221 1011 pr.
1241 974 1271 1000 fr.
1288 976 1343 1001 178.
1363 986 1401 1012 pr.
1421 975 1451 1002 fr.
1465 977 1523 1002 222.
1545 975 1576 1002 de
1590 975 1621 1003 V.
1636 976 1663 1003 S.
1678 978 1718 1002 50.
1734 978 1772 1003 16.
1801 977 1831 1003 11.
1847 979 1914 1011 01).

1078 1016 1201 1044 PretIum.
1226 1016 1256 1043 fr.
1278 1019 1317 1043 14.
1342 1027 1380 1054 pr.
1405 1017 1435 1044 fr.
1459 1019 1500 1045 97.
1525 1017 1541 1044 l.
1565 1020 1607 1046 50.
1629 1020 1668 1045 16.
1704 1019 1856 1049 Actionem„
1882 1034 1913 1039 —

1077 1059 1142 1086 Rem
1161 1059 1293 1093 (habere.)
1313 1059 1341 1086 fr.
1355 1062 1413 1086 204.
1434 1060 1465 1086 de
1484 1061 1514 1087 R.
1530 1061 1546 1087 I.
1566 1063 1607 1088 50.
1623 1063 1662 1088 17.
1698 1061 1741 1088 III.
1754 1063 1820 1090 Cn.
1840 1062 1915 1098 Quae
1960 1070 1965 1075 ”

1078 1103 1127 1135 (se.
1147 1102 1267 1135 taberna)
1286 1107 1311 1129 et
1330 1102 1409 1129 rebus
1429 1107 1455 1129 et
1474 1103 1636 1137 hominibus,
1661 1104 1694 1130 ad
1712 1106 1914 1141 negotiationem

1077 1145 1184 1182 paratis,
1204 1150 1313 1172 constat.
1334 1145 1364 1172 fr.
1385 1147 1441 1173 185.
1461 1145 1494 1172 de
1514 1145 1544 1172 V.
1561 1146 1589 1173 S.
1609 1149 1650 1173 50.
1671 1148 1710 1173 16.
1733 1163 1761 1167 —-
1782 1148 1812 1182 ἓ.
1826 1149 1914 1175 1.B.

1079 1190 1192 1214 Status
1222 1190 1269 1214 rei
1296 1198 1456 1222 praesens.
1510 1190 1591 1216 Vera
1622 1200 1726 1217 rernm
1756 1193 1913 1218 conditio.

1076 1230 1119 1256 Ill.
1132 1232 1198 1258 Gn.
1216 1230 1280 1257 Plus
1299 1232 1325 1257 in
1345 1242 1372 1258 re
1391 1236 1440 1263 est,
1460 1242 1535 1268 quam
1555 1233 1581 1258 in
1601 1234 1792 1259 existimatione
1810 1234 1913 1260 mentis.

1076 1272 1106 1299 fr.
1127 1275 1150 1300 9.
1170 1274 1192 1307 ξ.
1211 1275 1235 1300 4.
1255 1273 1288 1300 de
1307 1274 1353 1301 iur.
1374 1279 1399 1301 et
1418 1274 1478 1301 facti
1498 1275 1547 1311 ign.
1567 1276 1609 1301 22.
1629 1276 1653 1302 6.
1673 1275 1703 1302 fr.
1723 1278 1746 1302 2.
1766 1277 1788 1310 §.
1807 1278 1845 1302 15.
1866 1286 1913 1313 pro

1077 1321 1135 1342 emt.
1155 1318 1196 1342 41.
1216 1317 1240 1342 4.
1277 1315 1316 1342 Re
1340 1317 1409 1354 ipsa,
1433 1327 1454 1344 s.
1477 1318 1518 1345 Ex
1542 1319 1598 1355 ipsa
1622 1328 1658 1344 re.
1685 1318 1714 1345 fr.
1734 1320 1757 1345 6.
1778 1319 1800 1352 ξ.
1822 1321 1860 1345 11.
1881 1318 1914 1345 de

1077 1358 1109 1385 N.
1130 1358 1162 1386 G.
1186 1360 1211 1386 3.
1230 1361 1254 1385 5.
1278 1358 1309 1386 sr.
1330 1361 1352 1386 l.
1376 1360 1398 1393 §.
1419 1362 1440 1387 1.
1466 1360 1498 1387 de
1522 1361 1595 1387 tutel.
1618 1362 1660 1387 26.
1681 1363 1703 1388 l.
1740 1361 1848 1388 Revera.
1872 1361 1913 1388 Cf.

1076 1401 1102 1428 h.
1120 1411 1144 1428 v.
1181 1401 1218 1428 Vt
1242 1411 1284 1428 res
1308 1403 1414 1439 patitur.
1440 1402 1471 1430 fr.
1490 1405 1514 1430 2.
1539 1403 1571 1430 de
1595 1409 1664 1430 statu
1683 1404 1752 1432 hom.
1772 1405 1794 1430 1.
1814 1406 1838 1430 5.
1874 1404 1914 1431 Ex

1076 1455 1104 1471 re
1129 1444 1350 1471 constituendum.
1377 1444 1406 1471 fr.
1428 1447 1450 1472 1.
1475 1446 1496 1479 ξ,
1518 1448 1542 1473 3.
1567 1446 1599 1473 ad
1622 1446 1652 1473 L.
1677 1446 1757 1473 Corn.
1783 1446 1815 1473 de
1839 1448 1914 1474 sicar.

1076 1488 1117 1513 48.
1131 1489 1154 1514 8.
1175 1487 1244 1514 Coll.
1264 1487 1317 1514 LL.
1336 1487 1369 1514 Μ.
1390 1487 1408 1514 l.
1428 1490 1452 1514 6.
1480 1489 1501 1514 E
1521 1498 1557 1519 re,
1577 1498 1597 1515 s.
1616 1489 1677 1515 Non
1696 1489 1727 1515 ab
1746 1499 1783 1521 re,
1803 1499 1871 1522 esse,
1889 1500 1913 1517 v.

1076 1531 1170 1567 putari.
1192 1530 1223 1557 fr.
1245 1532 1266 1557 1.
1287 1530 1319 1557 de
1338 1530 1370 1557 R.
1389 1530 1419 1556 C.
1441 1533 1479 1557 12.
1502 1533 1523 1557 l.
1544 1530 1572 1557 fr.
1594 1533 1616 1557 l.
1636 1542 1676 1569 pr.
1695 1531 1727 1558 de
1746 1542 1817 1558 succ.
1837 1532 1914 1559 edict.

1075 1574 1117 1600 38.
1137 1575 1160 1599 9.
1185 1572 1216 1599 fr.
1237 1574 1259 1599 1.
1283 1573 1304 1606 ξ.
1324 1575 1348 1598 2.
1374 1572 1406 1598 de
1425 1573 1556 1610 publican.
1575 1576 1618 1601 39.
1638 1576 1662 1600 4.
1686 1574 1716 1600 fr.
1738 1576 1777 1601 17.
1798 1575 1819 1609 §r-
1839 1576 1862 1601 6.
1882 1575 1915 1602 ad

1075 1615 1104 1642 L.
1119 1615 1165 1642 lul.
1185 1615 1218 1642 de
1236 1615 1316 1642 adult.
1337 1616 1377 1641 48.
1391 1617 1415 1642 5.
1452 1616 1582 1651 Quoniam
1601 1631 1635 1635 —
1654 1617 1680 1643 in
1699 1627 1727 1643 re
1746 1622 1794 1649 est,
1816 1623 1843 1644 ut
1856 1628 1915 1655 pos-

1076 1660 1111 1685 sit
1130 1663 1178 1685 ete.
1198 1658 1229 1684 fr.
1249 1660 1290 1685 33.
1311 1658 1342 1684 de
1362 1658 1392 1684 A.
1413 1668 1436 1684 v.
1457 1659 1490 1685 0.
1510 1659 1540 1685 11.
1560 1661 1601 1686 29.
1620 1662 1644 1686 2.
1682 1659 1741 1686 Non
1760 1671 1914 1693 consensus,

1076 1701 1123 1728 sed
1142 1711 1197 1732 res.
1222 1701 1376 1733 (coniunxit
1400 1700 1448 1727 hos
1468 1702 1500 1728 ad
1519 1703 1697 1735 societatem.)
1721 1702 1751 1729 fr.
1770 1705 1811 1730 25.
1831 1703 1852 1737 ᾗ.
1874 1705 1913 1730 16.

1076 1743 1133 1770 fam.
1153 1744 1246 1770 ercisc.
1269 1745 1308 1769 10.
1329 1745 1352 1769 2.
1390 1743 1417 1769 ln
1437 1754 1465 1770 re
1484 1755 1556 1776 esse,
1579 1755 1600 1771 s.
1620 1744 1679 1771 Non
1700 1756 1732 1772 ex
1750 1756 1791 1777 re,
1815 1745 1862 1772 sed
1882 1756 1915 1773 ex

1075 1796 1201 1823 persona,
1230 1786 1301 1817 fieri,
1330 1788 1469 1819 (moram.)
1498 1787 1528 1814 fr.
1552 1789 1593 1814 23.
1618 1788 1638 1821 §.
1661 1790 1682 1814 1.
1704 1788 1735 1815 cf.
1759 1788 1789 1815 fr.
1809 1790 1851 1815 32.
1873 1799 1912 1826 pr.

1076 1829 1106 1855 fr.
1124 1830 1165 1855 38.
1185 1829 1207 1862 §.
1230 1830 1251 1854 l.
1272 1828 1304 1855 de
1324 1838 1393 1855 usur.
1412 1831 1454 1855 22.
1477 1831 1497 1856 l.
1518 1846 1549 1849 —
1570 1831 1600 1863 §0
1615 1831 1697 1858 l.C.
1718 1833 1752 1858 In
1772 1842 1846 1863 rem,
1866 1834 1882 1858 i.
1893 1842 1913 1858 e.

1076 1873 1267 1908 Indefinite.
1306 1873 1373 1898 Non
1397 1873 1511 1899 habita
1531 1875 1662 1900 ratione
1680 1880 1786 1900 certae
1802 1884 1913 1908 perso-

1073 1925 1146 1946 nae,
1166 1918 1214 1941 vel
1231 1924 1354 1941 causae.
1393 1914 1409 1941 1.
1422 1916 1483 1949 Sy.
1505 1915 1676 1942 Generaliter.
1697 1916 1738 1942 Cf.
1758 1916 1783 1942 h.
1803 1927 1826 1943 v.
1846 1917 1868 1950 ξ.
1890 1919 1911 1944 l.

1073 1957 1209 1984 Adversus
1228 1959 1265 1984 rei
1284 1967 1467 1994 possessorem
1487 1959 1664 1992 (restitutio.)
1684 1958 1714 1985 fr.
1736 1961 1775 1985 13.
1795 1959 1816 1993 ξ.
1838 1961 1859 1985 l.
1880 1959 1912 1986 de

1072 2001 1165 2027 minor.
1189 2003 1212 2026 4.
1236 2002 1259 2027 4.
1301 2001 1331 2028 II.
1354 2003 1420 2035 ΟΡ.
1445 2001 1472 2027 In
1497 2011 1644 2038 personam.
1674 2001 1715 2028 Cf.
1739 2012 1763 2028 v.
1788 2001 1910 2028 Persona.

1072 2043 1094 2076 §.
1114 2044 1137 2069 4.
1174 2043 1215 2069 De
1234 2054 1280 2070 sua
1301 2054 1411 2081 persona
1431 2044 1550 2077 (iurare.)
1576 2043 1606 2070 fr.
1629 2046 1649 2070 1.
1669 2044 1690 2077 ξ.
1710 2045 1736 2070 3.
1763 2044 1844 2079 Quar.
1862 2054 1910 2071 rer.

1072 2090 1119 2112 act.
1139 2087 1179 2112 44.
1199 2088 1223 2112 5.
1259 2086 1303 2113 III.
1320 2088 1386 2114 Gn.
1406 2086 1435 2113 Si
1455 2097 1487 2114 ex
1506 2086 1587 2113 altera
1607 2092 1680 2124 parte
1699 2088 1725 2113 in
1744 2097 1807 2116 rem,
1827 2097 1858 2114 ex
1877 2087 1911 2114 al—

1071 2133 1126 2155 tera
1145 2130 1171 2155 in
1190 2138 1327 2166 personam
1348 2135 1450 2166 pactum
1470 2135 1626 2167 conceptum
1645 2129 1729 2156 fuerit.
1750 2128 1780 2155 fr.
1794 2131 1834 2156 57.
1851 2130 1872 2163 ξ.
1888 2132 1909 2156 1.

1071 2171 1102 2197 cf.
1123 2171 1152 2198 fr.
1174 2173 1195 2198 7.
1216 2172 1238 2205 §.
1257 2174 1281 2198 8.
1302 2172 1333 2198 fr.
1353 2174 1395 2199 28.
1415 2173 1436 2206 §.
1456 2175 1480 2198 2.
1500 2172 1534 2199 de
1552 2178 1619 2209 pact.
1639 2174 1662 2198 2.
1684 2173 1722 2198 14.
1761 2172 1828 2198 Cum
1848 2172 1911 2199 haee

1071 2215 1138 2240 actio
1162 2215 1188 2240 in
1213 2224 1266 2240 rem
1291 2216 1326 2241 sit
1345 2217 1451 2253 scripta.
1489 2215 1617 2252 Exceptio
1642 2215 1668 2240 in
1692 2224 1745 2241 rem
1765 2225 1814 2241 scr.
1834 2214 1864 2241 fr.
1884 2216 1908 2241 9.

1072 2257 1094 2290 ξ.
1114 2258 1138 2283 8.
1162 2256 1197 2283 ib.
1217 2258 1240 2283 4.
1260 2260 1284 2284 2.
1309 2257 1339 2284 fr.
1360 2260 1382 2284 4.
1407 2259 1428 2291 ξ.
1448 2260 1488 2284 353.
1513 2258 1546 2284 de
1571 2258 1594 2284 d.
1619 2268 1650 2284 m.
1672 2268 1726 2284 exc.
1746 2259 1786 2283 44.
1806 2259 1828 2283 4.
1854 2257 1908 2290 (Cf.

1070 2299 1095 2325 h.
1115 2309 1139 2326 v.
1159 2300 1183 2333 §.
1202 2299 1276 2333 5.B.)
1302 2317 1332 2321 —
1357 2302 1388 2334 ξ.
1408 2302 1442 2327 2.
1470 2302 1677 2327 Vniversitas
1700 2310 1816 2332 rerum,
1838 2310 1909 2334 per-

1069 2352 1269 2369 sonarumve.
1306 2343 1348 2369 ΙΙΙ.
1373 2344 1438 2370 Cn.
1467 2343 1578 2369 Divinae
1602 2348 1678 2379 atque
1706 2343 1830 2369 humanae
1857 2353 1908 2369 res.

1070 2385 1099 2411 fr.
1121 2387 1161 2411 10.
1185 2385 1206 2418 §.
1226 2387 1250 2411 2.
1275 2385 1307 2411 de
1326 2385 1343 2411 I.
1370 2390 1393 2411 et
1418 2385 1435 2412 I.
1458 2388 1479 2412 1.
1502 2388 1522 2412 l.
1560 2385 1587 2412 In
1607 2396 1692 2412 rerum
1712 2390 1814 2417 natura,
1838 2395 1858 2412 s.
1879 2385 1908 2412 ln

1069 2428 1148 2454 rebus
1169 2427 1296 2457 humanis,
1316 2438 1382 2454 esse.
1403 2428 1459 2454 Gai.
1474 2428 1502 2455 II.
1522 2430 1581 2454 203.
1600 2428 1630 2454 fr.
1646 2430 1668 2454 7.
1688 2428 1717 2454 fr.
1731 2429 1771 2454 26.
1792 2427 1825 2454 de
1838 2433 1908 2455 statu

1069 2471 1138 2496 hom.
1159 2472 1181 2496 1.
1201 2472 1224 2495 5.
1245 2470 1275 2496 fr.
1295 2472 1336 2496 49.
1358 2471 1390 2497 de
1409 2470 1440 2497 N.
1461 2471 1491 2497 G.
1512 2474 1535 2497 3.
1556 2473 1579 2497 5.
1603 2470 1769 2506 Respublica.
1790 2470 1829 2497 Cf
1843 2470 1867 2497 h.
1882 2481 1905 2498 v.

1069 2513 1190 2540 lllilitaris
1210 2522 1260 2538 reS.
1281 2512 1322 2539 Cf.
1342 2513 1367 2540 h.
1387 2523 1411 2540 v.
1437 2530 1468 2534 —
1492 2514 1523 2546 ξ.
1545 2514 1628 2539 2.A.
1654 2515 1906 2546 Patrimonium,

1069 2558 1166 2583 Bona.
1202 2554 1222 2580 I.
1243 2556 1305 2590 Sy·
1324 2556 1405 2582 Bona.
1425 2556 1465 2583 Cf.
1481 2556 1504 2582 h.
1520 2566 1542 2581 v.
1563 2556 1583 2589 ᾗ.
1600 2557 1621 2581 1.
1643 2554 1798 2581 Facultates.
1817 2555 1847 2582 fr.
1860 2558 1904 2584 27.

1068 2609 1107 2635 pr.
1127 2598 1159 2624 de
1179 2602 1224 2623 tut.
1245 2602 1271 2624 et
1291 2608 1344 2624 cur.
1364 2598 1415 2625 dat.
1435 2600 1476 2624 26.
1496 2600 1519 2624 5.
1541 2597 1589 2624 Th.
1605 2597 1635 2624 C.
1650 2597 1694 2623 IX.
1712 2599 1752 2624 21.
1774 2608 1794 2624 c.
1811 2600 1832 2624 1.
1847 2609 1904 2636 sqq.

1068 2641 1100 2668 de
1125 2640 1181 2667 sals.
1201 2650 1269 2666 mon.
1308 2641 1501 2667 Patrimonium.
1527 2640 1567 2666 Cf.
1588 2640 1612 2666 h.
1632 2650 1656 2665 v.
1676 2640 1696 2673 ξ.
1717 2642 1740 2666 2.
1777 2640 1819 2667 111.
1839 2643 1905 2669 Cn·

1068 2683 1246 2720 Dignitatibus
1272 2688 1297 2709 et
1323 2683 1401 2709 rebus
1427 2693 1526 2719 augere.
1551 2682 1600 2709 Th.
1621 2682 1651 2709 C.
1672 2682 1716 2709 IX.
1736 2685 1758 2710 l.
1783 2694 1804 2710 c.
1824 2686 1848 2710 4.
1873 2684 1905 2710 de

1067 2736 1151 2753 aecuS.
1181 2731 1206 2753 et
1234 2727 1313 2752 inser.
1351 2725 1463 2752 Idoneus
1487 2735 1528 2756 re,
1557 2725 1667 2761 fideque.
1697 2724 1779 2752 Vatie.
1804 2727 1825 2760 ξ.
1847 2728 1903 2752 157.

1065 2769 1130 2796 Rem
1149 2768 1201 2795 HS.
1221 2769 1299 2795 XXX
1318 2768 1429 2799 milium,
1453 2772 1495 2794 aut
1514 2767 1609 2801 filium,
1635 2778 1687 2794 non
1706 2767 1808 2795 habere.
1834 2768 1902 2795 Coll.

1064 2811 1118 2838 LL.
1142 2810 1176 2838 M.
1200 2810 1243 2839 IV.
1268 2813 1292 2838 5.
1330 2810 1414 2838 Sedes
1437 2815 1463 2837 et
1487 2810 1588 2838 tabulas
1612 2811 1721 2844 habere,
1747 2820 1903 2847 suarumque
