<?xml version="1.0" encoding="UTF-8"?>
<!DOCTYPE html PUBLIC "-//W3C//DTD XHTML 1.0 Transitional//EN"
    "http://www.w3.org/TR/xhtml1/DTD/xhtml1-transitional.dtd">
<html xmlns="http://www.w3.org/1999/xhtml" xml:lang="en" lang="en">
 <head>
  <title>
</title>
<meta http-equiv="Content-Type" content="text/html;charset=utf-8" />
  <meta name='ocr-system' content='tesseract 3.04.00' />
  <meta name='ocr-capabilities' content='ocr_page ocr_carea ocr_par ocr_line ocrx_word'/>
</head>
<body>
  <div class='ocr_page' id='page_1' title='image "./manualelatinitat00dirk_0164.png"; bbox 0 0 2197 3121; ppageno 0'>
   <div class='ocr_carea' id='block_1_1' title="bbox 289 188 351 218">
    <p class='ocr_par' dir='ltr' id='par_1_1' title="bbox 289 188 351 218">
     <span class='ocr_line' id='line_1_1' title="bbox 289 188 351 218; baseline -0.016 0"><span class='ocrx_word' id='word_1_1' title='bbox 289 188 351 218; x_wconf 75' lang='lat'>150</span> 
     </span>
    </p>
   </div>
   <div class='ocr_carea' id='block_1_2' title="bbox 289 265 1129 393">
    <p class='ocr_par' dir='ltr' id='par_1_2' title="bbox 289 265 1129 393">
     <span class='ocr_line' id='line_1_2' title="bbox 289 265 1128 304; baseline -0.005 -9"><span class='ocrx_word' id='word_1_2' title='bbox 289 269 382 296; x_wconf 84' lang='lat' dir='ltr'>dicatis</span> <span class='ocrx_word' id='word_1_3' title='bbox 403 273 480 304; x_wconf 73' lang='lat' dir='ltr'>atque</span> <span class='ocrx_word' id='word_1_4' title='bbox 499 267 697 294; x_wconf 84' lang='lat' dir='ltr'>adsimulaticiis</span> <span class='ocrx_word' id='word_1_5' title='bbox 717 268 872 293; x_wconf 83' lang='lat' dir='ltr'>vestiuntur.</span> <span class='ocrx_word' id='word_1_6' title='bbox 892 266 928 293; x_wconf 89' lang='lat' dir='ltr'>lb.</span> <span class='ocrx_word' id='word_1_7' title='bbox 943 265 987 292; x_wconf 72' lang='lat' dir='ltr'>VI.</span> <span class='ocrx_word' id='word_1_8' title='bbox 1006 267 1047 292; x_wconf 86' lang='lat'>22.</span> <span class='ocrx_word' id='word_1_9' title='bbox 1069 275 1090 291; x_wconf 90' lang='lat' dir='ltr'>c.</span> <span class='ocrx_word' id='word_1_10' title='bbox 1105 267 1128 291; x_wconf 89' lang='lat'>5.</span> 
     </span>
     <span class='ocr_line' id='line_1_3' title="bbox 290 307 1128 344; baseline -0.005 -6"><span class='ocrx_word' id='word_1_11' title='bbox 290 324 311 339; x_wconf 86' lang='lat' dir='ltr'>c.</span> <span class='ocrx_word' id='word_1_12' title='bbox 332 314 354 338; x_wconf 85' lang='lat'>7.</span> <span class='ocrx_word' id='word_1_13' title='bbox 379 311 444 344; x_wconf 69' lang='lat'>51.</span> <span class='ocrx_word' id='word_1_14' title='bbox 476 310 507 336; x_wconf 75' lang='lat' dir='ltr'>rs.</span> <span class='ocrx_word' id='word_1_15' title='bbox 527 310 585 336; x_wconf 74' lang='lat' dir='ltr'>XII.</span> <span class='ocrx_word' id='word_1_16' title='bbox 607 312 628 336; x_wconf 96' lang='lat'>1.</span> <span class='ocrx_word' id='word_1_17' title='bbox 653 320 673 336; x_wconf 94' lang='lat' dir='ltr'>c.</span> <span class='ocrx_word' id='word_1_18' title='bbox 693 311 735 335; x_wconf 77' lang='lat'>20.</span> <span class='ocrx_word' id='word_1_19' title='bbox 761 309 793 336; x_wconf 78' lang='lat' dir='ltr'>de</span> <span class='ocrx_word' id='word_1_20' title='bbox 813 309 946 336; x_wconf 62' lang='lat' dir='ltr'>docui-ion.</span> <span class='ocrx_word' id='word_1_21' title='bbox 990 308 1043 344; x_wconf 83' lang='lat' dir='ltr'>Qui</span> <span class='ocrx_word' id='word_1_22' title='bbox 1062 307 1128 334; x_wconf 83' lang='lat' dir='ltr'>alios</span> 
     </span>
     <span class='ocr_line' id='line_1_4' title="bbox 289 351 1129 393; baseline -0.005 -12"><span class='ocrx_word' id='word_1_23' title='bbox 289 354 463 393; x_wconf 70' lang='lat' dir='ltr'>promotionis</span> <span class='ocrx_word' id='word_1_24' title='bbox 489 357 618 389; x_wconf 73' lang='lat' dir='ltr'>tempore.</span> <span class='ocrx_word' id='word_1_25' title='bbox 644 357 669 378; x_wconf 82' lang='lat' dir='ltr'>et</span> <span class='ocrx_word' id='word_1_26' title='bbox 693 351 875 379; x_wconf 81' lang='lat' dir='ltr'>codicillorum</span> <span class='ocrx_word' id='word_1_27' title='bbox 895 351 1034 388; x_wconf 84' lang='lat' dir='ltr'>adeptione</span> <span class='ocrx_word' id='word_1_28' title='bbox 1054 361 1129 388; x_wconf 83' lang='lat' dir='ltr'>prae-</span> 
     </span>
    </p>
   </div>
   <div class='ocr_carea' id='block_1_3' title="bbox 290 394 883 424">
    <p class='ocr_par' dir='ltr' id='par_1_3' title="bbox 290 394 883 424">
     <span class='ocr_line' id='line_1_5' title="bbox 290 394 883 424; baseline -0.005 0"><span class='ocrx_word' id='word_1_29' title='bbox 290 398 407 424; x_wconf 77' lang='lat' dir='ltr'>cesserit.</span> <span class='ocrx_word' id='word_1_30' title='bbox 439 395 475 421; x_wconf 93' lang='lat' dir='ltr'>lb.</span> <span class='ocrx_word' id='word_1_31' title='bbox 496 394 539 422; x_wconf 55' lang='lat' dir='ltr'>tl.</span> <span class='ocrx_word' id='word_1_32' title='bbox 560 397 581 421; x_wconf 91' lang='lat'>7.</span> <span class='ocrx_word' id='word_1_33' title='bbox 603 405 623 421; x_wconf 82' lang='lat' dir='ltr'>c.</span> <span class='ocrx_word' id='word_1_34' title='bbox 645 396 667 421; x_wconf 93' lang='lat' dir='ltr'>l.</span> <span class='ocrx_word' id='word_1_35' title='bbox 687 394 720 420; x_wconf 78' lang='lat' dir='ltr'>de</span> <span class='ocrx_word' id='word_1_36' title='bbox 739 394 822 421; x_wconf 74' lang='lat' dir='ltr'>Praet&#39;.</span> <span class='ocrx_word' id='word_1_37' title='bbox 842 394 883 421; x_wconf 79' lang='lat' dir='ltr'>Pr.</span> 
     </span>
    </p>
   </div>
   <div class='ocr_carea' id='block_1_4' title="bbox 290 435 1128 474">
    <p class='ocr_par' dir='ltr' id='par_1_4' title="bbox 290 435 1128 474">
     <span class='ocr_line' id='line_1_6' title="bbox 290 435 1128 474; baseline -0.005 -7"><span class='ocrx_word' id='word_1_38' title='bbox 290 442 330 467; x_wconf 80' lang='lat' dir='ltr'>cio</span> <span class='ocrx_word' id='word_1_39' title='bbox 351 444 440 465; x_wconf 86' lang='lat' dir='ltr'>nostro</span> <span class='ocrx_word' id='word_1_40' title='bbox 461 448 489 464; x_wconf 79' lang='lat' dir='ltr'>se</span> <span class='ocrx_word' id='word_1_41' title='bbox 508 437 630 474; x_wconf 88' lang='lat' dir='ltr'>adeptum</span> <span class='ocrx_word' id='word_1_42' title='bbox 651 437 789 463; x_wconf 83' lang='lat' dir='ltr'>codicillos</span> <span class='ocrx_word' id='word_1_43' title='bbox 813 437 985 464; x_wconf 72' lang='lat' dir='ltr'>adstruxerit.</span> <span class='ocrx_word' id='word_1_44' title='bbox 1011 441 1036 462; x_wconf 78' lang='lat' dir='ltr'>et</span> <span class='ocrx_word' id='word_1_45' title='bbox 1059 435 1128 463; x_wconf 80' lang='lat' dir='ltr'>idem</span> 
     </span>
    </p>
   </div>
   <div class='ocr_carea' id='block_1_5' title="bbox 290 474 1150 519">
    <p class='ocr_par' dir='ltr' id='par_1_5' title="bbox 290 474 1150 519">
     <span class='ocr_line' id='line_1_7' title="bbox 290 474 1150 519; baseline -0.005 -10"><span class='ocrx_word' id='word_1_46' title='bbox 290 483 331 509; x_wconf 76' lang='lat' dir='ltr'>vel</span> <span class='ocrx_word' id='word_1_47' title='bbox 351 491 464 519; x_wconf 83' lang='lat' dir='ltr'>superna</span> <span class='ocrx_word' id='word_1_48' title='bbox 484 479 667 506; x_wconf 68' lang='lat' dir='ltr'>codicillorum</span> <span class='ocrx_word' id='word_1_49' title='bbox 686 481 840 518; x_wconf 77' lang='lat' dir='ltr'>impressio.</span> <span class='ocrx_word' id='word_1_50' title='bbox 865 480 907 506; x_wconf 75' lang='lat' dir='ltr'>vel</span> <span class='ocrx_word' id='word_1_51' title='bbox 933 480 1062 516; x_wconf 82' lang='lat' dir='ltr'>scriptura</span> <span class='ocrx_word' id='word_1_52' title='bbox 1085 479 1129 506; x_wconf 86' lang='lat' dir='ltr'>ad·</span> <span class='ocrx_word' id='word_1_53' title='bbox 1149 474 1150 481; x_wconf 42' lang='lat'>¹</span> 
     </span>
    </p>
   </div>
   <div class='ocr_carea' id='block_1_6' title="bbox 289 521 1133 986">
    <p class='ocr_par' dir='ltr' id='par_1_6' title="bbox 289 521 1131 722">
     <span class='ocr_line' id='line_1_8' title="bbox 289 521 1129 563; baseline -0.005 -11"><span class='ocrx_word' id='word_1_54' title='bbox 289 524 432 563; x_wconf 79' lang='lat' dir='ltr'>stipuletur</span> <span class='ocrx_word' id='word_1_55' title='bbox 455 523 571 550; x_wconf 80' lang='lat' dir='ltr'>interior.</span> <span class='ocrx_word' id='word_1_56' title='bbox 603 522 641 549; x_wconf 75' lang='grc' dir='ltr'><strong><em>ΙΙ).</em></strong></span> <span class='ocrx_word' id='word_1_57' title='bbox 662 522 704 550; x_wconf 60' lang='lat' dir='ltr'>VI.</span> <span class='ocrx_word' id='word_1_58' title='bbox 725 525 766 549; x_wconf 88' lang='lat'>22.</span> <span class='ocrx_word' id='word_1_59' title='bbox 793 534 814 550; x_wconf 85' lang='lat' dir='ltr'>c.</span> <span class='ocrx_word' id='word_1_60' title='bbox 836 525 858 549; x_wconf 94' lang='lat'>1.</span> <span class='ocrx_word' id='word_1_61' title='bbox 895 522 998 549; x_wconf 74' lang='lat' dir='ltr'>Ablatis</span> <span class='ocrx_word' id='word_1_62' title='bbox 1023 521 1129 549; x_wconf 86' lang='lat' dir='ltr'>codicil-</span> 
     </span>
     <span class='ocr_line' id='line_1_9' title="bbox 290 565 1128 602; baseline -0.004 -8"><span class='ocrx_word' id='word_1_63' title='bbox 290 568 375 594; x_wconf 81' lang='lat' dir='ltr'>lorum</span> <span class='ocrx_word' id='word_1_64' title='bbox 394 565 548 602; x_wconf 70' lang='lat' dir='ltr'>insignibus,</span> <span class='ocrx_word' id='word_1_65' title='bbox 568 570 594 591; x_wconf 84' lang='lat' dir='ltr'>et</span> <span class='ocrx_word' id='word_1_66' title='bbox 613 565 712 592; x_wconf 79' lang='lat' dir='ltr'>honore</span> <span class='ocrx_word' id='word_1_67' title='bbox 733 568 803 593; x_wconf 84' lang='lat' dir='ltr'>exuti</span> <span class='ocrx_word' id='word_1_68' title='bbox 824 571 872 592; x_wconf 82' lang='lat' dir='ltr'>etc.</span> <span class='ocrx_word' id='word_1_69' title='bbox 901 565 997 592; x_wconf 84' lang='grc' dir='ltr'><strong><em>11).1Χ.</em></strong></span> <span class='ocrx_word' id='word_1_70' title='bbox 1011 567 1053 592; x_wconf 84' lang='lat'>27.</span> <span class='ocrx_word' id='word_1_71' title='bbox 1068 575 1089 592; x_wconf 90' lang='lat' dir='ltr'>c.</span> <span class='ocrx_word' id='word_1_72' title='bbox 1106 567 1128 591; x_wconf 93' lang='lat'>1.</span> 
     </span>
     <span class='ocr_line' id='line_1_10' title="bbox 290 608 1131 646; baseline -0.004 -9"><span class='ocrx_word' id='word_1_73' title='bbox 290 610 323 637; x_wconf 86' lang='lat' dir='ltr'>ad</span> <span class='ocrx_word' id='word_1_74' title='bbox 341 610 370 637; x_wconf 91' lang='lat' dir='ltr'>L.</span> <span class='ocrx_word' id='word_1_75' title='bbox 391 609 437 635; x_wconf 93' lang='lat' dir='ltr'>Iul.</span> <span class='ocrx_word' id='word_1_76' title='bbox 463 612 544 645; x_wconf 85' lang='lat' dir='ltr'>repet.</span> <span class='ocrx_word' id='word_1_77' title='bbox 587 608 734 646; x_wconf 83' lang='lat' dir='ltr'>Dispendia</span> <span class='ocrx_word' id='word_1_78' title='bbox 756 619 805 646; x_wconf 86' lang='lat' dir='ltr'>pro</span> <span class='ocrx_word' id='word_1_79' title='bbox 829 608 1006 645; x_wconf 73' lang='lat' dir='ltr'>completione</span> <span class='ocrx_word' id='word_1_80' title='bbox 1031 608 1131 634; x_wconf 86' lang='lat' dir='ltr'>charta-</span> 
     </span>
     <span class='ocr_line' id='line_1_11' title="bbox 290 650 1129 685; baseline -0.002 -6"><span class='ocrx_word' id='word_1_81' title='bbox 290 663 360 680; x_wconf 86' lang='lat' dir='ltr'>rum.</span> <span class='ocrx_word' id='word_1_82' title='bbox 388 651 430 677; x_wconf 76' lang='lat' dir='ltr'>vel</span> <span class='ocrx_word' id='word_1_83' title='bbox 457 650 648 678; x_wconf 84' lang='lat' dir='ltr'>codicillorum.</span> <span class='ocrx_word' id='word_1_84' title='bbox 680 662 700 678; x_wconf 80' lang='lat' dir='ltr'>c.</span> <span class='ocrx_word' id='word_1_85' title='bbox 728 653 748 678; x_wconf 96' lang='lat' dir='ltr'>l.</span> <span class='ocrx_word' id='word_1_86' title='bbox 773 652 794 685; x_wconf 90' lang='lat'>5.</span> <span class='ocrx_word' id='word_1_87' title='bbox 815 653 838 677; x_wconf 90' lang='lat'>7.</span> <span class='ocrx_word' id='word_1_88' title='bbox 867 650 900 677; x_wconf 85' lang='lat' dir='ltr'>de</span> <span class='ocrx_word' id='word_1_89' title='bbox 927 651 970 677; x_wconf 75' lang='lat' dir='ltr'>ol&#39;s.</span> <span class='ocrx_word' id='word_1_90' title='bbox 1000 650 1051 677; x_wconf 80' lang='lat' dir='ltr'>Prf.</span> <span class='ocrx_word' id='word_1_91' title='bbox 1087 650 1129 677; x_wconf 88' lang='lat' dir='ltr'>Pr.</span> 
     </span>
     <span class='ocr_line' id='line_1_12' title="bbox 292 696 452 722; baseline -0.013 0"><span class='ocrx_word' id='word_1_92' title='bbox 292 696 347 722; x_wconf 64' lang='lat' dir='ltr'>At&#39;r.</span> <span class='ocrx_word' id='word_1_93' title='bbox 370 697 390 720; x_wconf 94' lang='grc'>1.</span> <span class='ocrx_word' id='word_1_94' title='bbox 410 696 452 720; x_wconf 82' lang='lat'>27.</span> 
     </span>
    </p>

    <p class='ocr_par' dir='ltr' id='par_1_7' title="bbox 326 736 811 773">
     <span class='ocr_line' id='line_1_13' title="bbox 326 736 811 773; baseline -0.006 -7"><span class='ocrx_word' id='word_1_95' title='bbox 326 737 584 771; x_wconf 73' lang='lat' dir='ltr'>Coele-Syria.</span> <span class='ocrx_word' id='word_1_96' title='bbox 622 736 663 764; x_wconf 78' lang='lat' dir='ltr'>Ct‘.</span> <span class='ocrx_word' id='word_1_97' title='bbox 683 746 707 763; x_wconf 93' lang='lat' dir='ltr'>v.</span> <span class='ocrx_word' id='word_1_98' title='bbox 727 736 811 773; x_wconf 79' lang='lat' dir='ltr'>Syria.</span> 
     </span>
    </p>

    <p class='ocr_par' dir='ltr' id='par_1_8' title="bbox 290 781 1133 986">
     <span class='ocr_line' id='line_1_14' title="bbox 326 781 1132 814; baseline -0.002 -6"><span class='ocrx_word' id='word_1_99' title='bbox 326 781 519 808; x_wconf 59' lang='lat' dir='ltr'>Coie‘mere.</span> <span class='ocrx_word' id='word_1_100' title='bbox 544 781 575 814; x_wconf 83' lang='lat'>§.</span> <span class='ocrx_word' id='word_1_101' title='bbox 592 781 627 806; x_wconf 90' lang='lat'>1.</span> <span class='ocrx_word' id='word_1_102' title='bbox 652 781 754 807; x_wconf 81' lang='lat' dir='ltr'>Plura</span> <span class='ocrx_word' id='word_1_103' title='bbox 773 782 870 806; x_wconf 72' lang='lat' dir='ltr'>simul</span> <span class='ocrx_word' id='word_1_104' title='bbox 888 789 994 806; x_wconf 82' lang='lat' dir='ltr'>emere.</span> <span class='ocrx_word' id='word_1_105' title='bbox 1016 781 1132 806; x_wconf 77' lang='lat' dir='ltr'>Emen-</span> 
     </span>
     <span class='ocr_line' id='line_1_15' title="bbox 290 821 1131 859; baseline -0.005 -7"><span class='ocrx_word' id='word_1_106' title='bbox 290 828 327 852; x_wconf 85' lang='lat' dir='ltr'>do</span> <span class='ocrx_word' id='word_1_107' title='bbox 345 825 503 859; x_wconf 78' lang='lat' dir='ltr'>colligere</span> <span class='ocrx_word' id='word_1_108' title='bbox 548 822 590 849; x_wconf 90' lang='grc'><strong><em>111.</em></strong></span> <span class='ocrx_word' id='word_1_109' title='bbox 607 824 673 850; x_wconf 77' lang='lat' dir='ltr'>Cn.</span> <span class='ocrx_word' id='word_1_110' title='bbox 701 821 741 849; x_wconf 68' lang='lat' dir='ltr'>Ne</span> <span class='ocrx_word' id='word_1_111' title='bbox 761 827 804 849; x_wconf 89' lang='lat' dir='ltr'>aut</span> <span class='ocrx_word' id='word_1_112' title='bbox 823 822 854 848; x_wconf 80' lang='lat' dir='ltr'>ab</span> <span class='ocrx_word' id='word_1_113' title='bbox 874 821 929 855; x_wconf 82' lang='lat' dir='ltr'>his,</span> <span class='ocrx_word' id='word_1_114' title='bbox 949 823 994 859; x_wconf 88' lang='lat' dir='ltr'>qui</span> <span class='ocrx_word' id='word_1_115' title='bbox 1014 826 1131 849; x_wconf 66' lang='lat' dir='ltr'>coemtas</span> 
     </span>
     <span class='ocr_line' id='line_1_16' title="bbox 291 864 1133 904; baseline -0.005 -9"><span class='ocrx_word' id='word_1_116' title='bbox 291 877 392 895; x_wconf 82' lang='lat' dir='ltr'>merces</span> <span class='ocrx_word' id='word_1_117' title='bbox 413 867 596 904; x_wconf 81' lang='lat' dir='ltr'>supprimunt,</span> <span class='ocrx_word' id='word_1_118' title='bbox 620 881 653 885; x_wconf 95' lang='lat'>—</span> <span class='ocrx_word' id='word_1_119' title='bbox 676 876 778 892; x_wconf 84' lang='lat' dir='ltr'>annona</span> <span class='ocrx_word' id='word_1_120' title='bbox 798 870 928 892; x_wconf 76' lang='lat' dir='ltr'>oneretur.</span> <span class='ocrx_word' id='word_1_121' title='bbox 949 865 979 891; x_wconf 85' lang='lat' dir='ltr'>sr.</span> <span class='ocrx_word' id='word_1_122' title='bbox 999 866 1023 891; x_wconf 87' lang='grc'>6.</span> <span class='ocrx_word' id='word_1_123' title='bbox 1042 875 1080 902; x_wconf 85' lang='lat' dir='ltr'>pr.</span> <span class='ocrx_word' id='word_1_124' title='bbox 1101 864 1133 891; x_wconf 81' lang='lat' dir='ltr'>de</span> 
     </span>
     <span class='ocr_line' id='line_1_17' title="bbox 291 908 1132 945; baseline -0.005 -7"><span class='ocrx_word' id='word_1_125' title='bbox 291 916 357 938; x_wconf 77' lang='lat' dir='ltr'>extr.</span> <span class='ocrx_word' id='word_1_126' title='bbox 378 911 449 936; x_wconf 90' lang='lat' dir='ltr'>crim.</span> <span class='ocrx_word' id='word_1_127' title='bbox 479 911 520 935; x_wconf 65' lang='lat'>⁴7.</span> <span class='ocrx_word' id='word_1_128' title='bbox 542 910 581 934; x_wconf 90' lang='lat'>11.</span> <span class='ocrx_word' id='word_1_129' title='bbox 625 908 712 944; x_wconf 83' lang='lat' dir='ltr'>Quem</span> <span class='ocrx_word' id='word_1_130' title='bbox 736 910 796 945; x_wconf 87' lang='lat' dir='ltr'>quis</span> <span class='ocrx_word' id='word_1_131' title='bbox 820 908 941 935; x_wconf 78' lang='lat' dir='ltr'>aedificio</span> <span class='ocrx_word' id='word_1_132' title='bbox 969 909 1132 945; x_wconf 77' lang='lat' dir='ltr'>praeposuit,</span> 
     </span>
     <span class='ocr_line' id='line_1_18' title="bbox 290 951 1132 986; baseline -0.004 -5"><span class='ocrx_word' id='word_1_133' title='bbox 290 954 332 981; x_wconf 78' lang='lat' dir='ltr'>vel</span> <span class='ocrx_word' id='word_1_134' title='bbox 352 954 481 980; x_wconf 79' lang='lat' dir='ltr'>frumento</span> <span class='ocrx_word' id='word_1_135' title='bbox 501 951 653 978; x_wconf 70' lang='lat' dir='ltr'>coemendo.</span> <span class='ocrx_word' id='word_1_136' title='bbox 683 951 714 978; x_wconf 76' lang='lat' dir='ltr'>fr.</span> <span class='ocrx_word' id='word_1_137' title='bbox 734 953 758 978; x_wconf 89' lang='lat'>5.</span> <span class='ocrx_word' id='word_1_138' title='bbox 778 952 801 986; x_wconf 86' lang='lat'>5.</span> <span class='ocrx_word' id='word_1_139' title='bbox 821 953 844 978; x_wconf 86' lang='lat' dir='ltr'>l.</span> <span class='ocrx_word' id='word_1_140' title='bbox 868 951 901 978; x_wconf 82' lang='lat' dir='ltr'>de</span> <span class='ocrx_word' id='word_1_141' title='bbox 919 953 1002 978; x_wconf 79' lang='lat' dir='ltr'>instit.</span> <span class='ocrx_word' id='word_1_142' title='bbox 1021 957 1071 978; x_wconf 87' lang='lat' dir='ltr'>act.</span> <span class='ocrx_word' id='word_1_143' title='bbox 1093 953 1132 977; x_wconf 82' lang='grc'><strong><em>1-1.</em></strong></span> 
     </span>
    </p>
   </div>
   <div class='ocr_carea' id='block_1_7' title="bbox 290 990 1156 1031">
    <p class='ocr_par' dir='ltr' id='par_1_9' title="bbox 290 990 1156 1031">
     <span class='ocr_line' id='line_1_19' title="bbox 290 990 1156 1031; baseline -0.005 -7"><span class='ocrx_word' id='word_1_144' title='bbox 290 1000 314 1024; x_wconf 88' lang='grc'>3.</span> <span class='ocrx_word' id='word_1_145' title='bbox 352 996 380 1023; x_wconf 87' lang='lat' dir='ltr'>Si</span> <span class='ocrx_word' id='word_1_146' title='bbox 401 1006 495 1022; x_wconf 75' lang='lat' dir='ltr'>novum</span> <span class='ocrx_word' id='word_1_147' title='bbox 520 996 652 1030; x_wconf 74' lang='lat' dir='ltr'>negotium</span> <span class='ocrx_word' id='word_1_148' title='bbox 672 1011 705 1014; x_wconf 97' lang='lat'><strong>—</strong></span> <span class='ocrx_word' id='word_1_149' title='bbox 724 996 829 1022; x_wconf 86' lang='lat' dir='ltr'>nominc</span> <span class='ocrx_word' id='word_1_150' title='bbox 853 996 910 1021; x_wconf 85' lang='lat' dir='ltr'>eius</span> <span class='ocrx_word' id='word_1_151' title='bbox 933 1005 1022 1031; x_wconf 63' lang='lat' dir='ltr'>geram,</span> <span class='ocrx_word' id='word_1_152' title='bbox 1051 994 1132 1021; x_wconf 78' lang='lat' dir='ltr'>veluti</span> <span class='ocrx_word' id='word_1_153' title='bbox 1155 990 1156 993; x_wconf 30' lang='lat'>¹</span> 
     </span>
    </p>
   </div>
   <div class='ocr_carea' id='block_1_8' title="bbox 290 1037 1138 2491">
    <p class='ocr_par' dir='ltr' id='par_1_10' title="bbox 290 1037 1134 1282">
     <span class='ocr_line' id='line_1_20' title="bbox 290 1037 1132 1074; baseline -0.004 -8"><span class='ocrx_word' id='word_1_154' title='bbox 290 1040 396 1066; x_wconf 79' lang='lat' dir='ltr'>venales</span> <span class='ocrx_word' id='word_1_155' title='bbox 415 1039 534 1064; x_wconf 75' lang='lat' dir='ltr'>novicios</span> <span class='ocrx_word' id='word_1_156' title='bbox 555 1037 714 1070; x_wconf 68' lang='lat' dir='ltr'>coemendo.</span> <span class='ocrx_word' id='word_1_157' title='bbox 734 1038 776 1064; x_wconf 78' lang='lat' dir='ltr'>vel</span> <span class='ocrx_word' id='word_1_158' title='bbox 796 1038 909 1074; x_wconf 77' lang='lat' dir='ltr'>aliquam</span> <span class='ocrx_word' id='word_1_159' title='bbox 928 1038 1132 1074; x_wconf 80' lang='lat' dir='ltr'>negotiationem</span> 
     </span>
     <span class='ocr_line' id='line_1_21' title="bbox 290 1080 1133 1115; baseline -0.005 -5"><span class='ocrx_word' id='word_1_160' title='bbox 290 1082 413 1110; x_wconf 86' lang='lat' dir='ltr'>ineundo.</span> <span class='ocrx_word' id='word_1_161' title='bbox 434 1081 464 1107; x_wconf 81' lang='lat' dir='ltr'>l&#39;r.</span> <span class='ocrx_word' id='word_1_162' title='bbox 482 1083 520 1107; x_wconf 94' lang='grc'>11.</span> <span class='ocrx_word' id='word_1_163' title='bbox 541 1080 574 1107; x_wconf 81' lang='lat' dir='ltr'>de.</span> <span class='ocrx_word' id='word_1_164' title='bbox 587 1080 618 1107; x_wconf 70' lang='lat' dir='ltr'>N.</span> <span class='ocrx_word' id='word_1_165' title='bbox 634 1080 666 1107; x_wconf 88' lang='lat' dir='ltr'>G.</span> <span class='ocrx_word' id='word_1_166' title='bbox 684 1082 708 1107; x_wconf 86' lang='lat'>3.</span> <span class='ocrx_word' id='word_1_167' title='bbox 723 1082 746 1107; x_wconf 86' lang='lat'>5.</span> <span class='ocrx_word' id='word_1_168' title='bbox 768 1097 799 1100; x_wconf 97' lang='lat'><strong>—</strong></span> <span class='ocrx_word' id='word_1_169' title='bbox 819 1082 850 1115; x_wconf 79' lang='lat'>§.</span> <span class='ocrx_word' id='word_1_170' title='bbox 873 1082 908 1107; x_wconf 70' lang='lat'>².</span> <span class='ocrx_word' id='word_1_171' title='bbox 932 1083 1046 1108; x_wconf 84' lang='lat' dir='ltr'>Pretio</span> <span class='ocrx_word' id='word_1_172' title='bbox 1065 1091 1133 1107; x_wconf 85' lang='lat' dir='ltr'>cor-</span> 
     </span>
     <span class='ocr_line' id='line_1_22' title="bbox 292 1123 1132 1159; baseline -0.004 -7"><span class='ocrx_word' id='word_1_173' title='bbox 292 1135 445 1159; x_wconf 77' lang='lat' dir='ltr'>rumpere.</span> <span class='ocrx_word' id='word_1_174' title='bbox 488 1123 518 1150; x_wconf 84' lang='lat' dir='ltr'>II.</span> <span class='ocrx_word' id='word_1_175' title='bbox 541 1125 608 1158; x_wconf 76' lang='lat' dir='ltr'>Op.</span> <span class='ocrx_word' id='word_1_176' title='bbox 642 1124 696 1159; x_wconf 78' lang='lat' dir='ltr'>Qui</span> <span class='ocrx_word' id='word_1_177' title='bbox 715 1123 844 1150; x_wconf 88' lang='lat' dir='ltr'>bonorum</span> <span class='ocrx_word' id='word_1_178' title='bbox 863 1125 979 1151; x_wconf 77' lang='lat' dir='ltr'>virorum</span> <span class='ocrx_word' id='word_1_179' title='bbox 998 1123 1132 1159; x_wconf 74' lang='lat' dir='ltr'>suffragio.</span> 
     </span>
     <span class='ocr_line' id='line_1_23' title="bbox 291 1166 1134 1204; baseline -0.002 -9"><span class='ocrx_word' id='word_1_180' title='bbox 291 1168 363 1195; x_wconf 86' lang='lat' dir='ltr'>nulla</span> <span class='ocrx_word' id='word_1_181' title='bbox 383 1167 441 1194; x_wconf 85' lang='lat' dir='ltr'>data</span> <span class='ocrx_word' id='word_1_182' title='bbox 460 1167 586 1204; x_wconf 79' lang='lat' dir='ltr'>pecunia.</span> <span class='ocrx_word' id='word_1_183' title='bbox 606 1166 730 1193; x_wconf 64' lang='lat' dir='ltr'>illustrati</span> <span class='ocrx_word' id='word_1_184' title='bbox 750 1171 800 1193; x_wconf 79' lang='lat' dir='ltr'>etc.</span> <span class='ocrx_word' id='word_1_185' title='bbox 820 1183 851 1186; x_wconf 98' lang='lat'><strong>—</strong></span> <span class='ocrx_word' id='word_1_186' title='bbox 873 1167 926 1203; x_wconf 85' lang='lat' dir='ltr'>Qui</span> <span class='ocrx_word' id='word_1_187' title='bbox 945 1168 1056 1194; x_wconf 65' lang='lat' dir='ltr'>coeuntis</span> <span class='ocrx_word' id='word_1_188' title='bbox 1075 1176 1134 1204; x_wconf 90' lang='lat' dir='ltr'>pro-</span> 
     </span>
     <span class='ocr_line' id='line_1_24' title="bbox 291 1209 1132 1241; baseline -0.002 -3"><span class='ocrx_word' id='word_1_189' title='bbox 291 1212 455 1238; x_wconf 70' lang='lat' dir='ltr'>curationum</span> <span class='ocrx_word' id='word_1_190' title='bbox 479 1209 763 1241; x_wconf 72' lang='lat' dir='ltr'>administrationibus,</span> <span class='ocrx_word' id='word_1_191' title='bbox 792 1211 955 1236; x_wconf 66' lang='lat' dir='ltr'>vacationem</span> <span class='ocrx_word' id='word_1_192' title='bbox 982 1211 1132 1237; x_wconf 75' lang='lat' dir='ltr'>meruerint.</span> 
     </span>
     <span class='ocr_line' id='line_1_25' title="bbox 292 1252 873 1282; baseline -0.005 0"><span class='ocrx_word' id='word_1_193' title='bbox 292 1255 344 1282; x_wconf 89' lang='lat' dir='ltr'>Th.</span> <span class='ocrx_word' id='word_1_194' title='bbox 362 1254 393 1281; x_wconf 97' lang='lat' dir='ltr'>C.</span> <span class='ocrx_word' id='word_1_195' title='bbox 413 1253 457 1280; x_wconf 66' lang='lat' dir='ltr'>YI.</span> <span class='ocrx_word' id='word_1_196' title='bbox 476 1255 518 1279; x_wconf 86' lang='lat'>22.</span> <span class='ocrx_word' id='word_1_197' title='bbox 539 1263 560 1279; x_wconf 91' lang='lat' dir='ltr'>c.</span> <span class='ocrx_word' id='word_1_198' title='bbox 583 1255 605 1279; x_wconf 94' lang='lat'>1.</span> <span class='ocrx_word' id='word_1_199' title='bbox 626 1252 658 1279; x_wconf 89' lang='lat' dir='ltr'>de</span> <span class='ocrx_word' id='word_1_200' title='bbox 677 1252 768 1279; x_wconf 91' lang='lat' dir='ltr'>honor.</span> <span class='ocrx_word' id='word_1_201' title='bbox 789 1253 873 1279; x_wconf 89' lang='lat' dir='ltr'>codic.</span> 
     </span>
    </p>

    <p class='ocr_par' dir='ltr' id='par_1_11' title="bbox 292 1296 1137 1967">
     <span class='ocr_line' id='line_1_26' title="bbox 327 1296 1133 1331; baseline -0.001 -7"><span class='ocrx_word' id='word_1_202' title='bbox 327 1296 508 1324; x_wconf 71' lang='lat' dir='ltr'>Co&#39;e&#39;mtio.</span> <span class='ocrx_word' id='word_1_203' title='bbox 537 1296 568 1328; x_wconf 67' lang='grc' dir='ltr'>ξ.</span> <span class='ocrx_word' id='word_1_204' title='bbox 583 1297 617 1322; x_wconf 88' lang='lat'>1.</span> <span class='ocrx_word' id='word_1_205' title='bbox 647 1297 769 1327; x_wconf 82' lang='lat' dir='ltr'>Emtio,</span> <span class='ocrx_word' id='word_1_206' title='bbox 790 1297 1016 1330; x_wconf 73' lang='lat' dir='ltr'>Comparatio.</span> <span class='ocrx_word' id='word_1_207' title='bbox 1036 1296 1055 1323; x_wconf 95' lang='lat' dir='ltr'>l.</span> <span class='ocrx_word' id='word_1_208' title='bbox 1070 1297 1133 1331; x_wconf 80' lang='lat' dir='ltr'>Sy.</span> 
     </span>
     <span class='ocr_line' id='line_1_27' title="bbox 292 1338 1135 1377; baseline -0.001 -10"><span class='ocrx_word' id='word_1_209' title='bbox 292 1340 462 1377; x_wconf 78' lang='lat' dir='ltr'>Comparatio</span> <span class='ocrx_word' id='word_1_210' title='bbox 483 1338 694 1371; x_wconf 73' lang='lat' dir='ltr'>(frumentaria).</span> <span class='ocrx_word' id='word_1_211' title='bbox 723 1338 759 1364; x_wconf 91' lang='lat' dir='ltr'>lb.</span> <span class='ocrx_word' id='word_1_212' title='bbox 778 1338 849 1365; x_wconf 73' lang='lat' dir='ltr'>XIV.</span> <span class='ocrx_word' id='word_1_213' title='bbox 871 1340 910 1365; x_wconf 89' lang='lat'>16.</span> <span class='ocrx_word' id='word_1_214' title='bbox 931 1349 954 1366; x_wconf 90' lang='lat' dir='ltr'>c.</span> <span class='ocrx_word' id='word_1_215' title='bbox 974 1341 996 1366; x_wconf 88' lang='lat'>1.</span> <span class='ocrx_word' id='word_1_216' title='bbox 1017 1350 1039 1366; x_wconf 88' lang='lat' dir='ltr'>c.</span> <span class='ocrx_word' id='word_1_217' title='bbox 1058 1341 1082 1366; x_wconf 83' lang='lat'>3.</span> <span class='ocrx_word' id='word_1_218' title='bbox 1103 1339 1135 1366; x_wconf 88' lang='lat' dir='ltr'>de</span> 
     </span>
     <span class='ocr_line' id='line_1_28' title="bbox 292 1381 1136 1415; baseline -0.002 -5"><span class='ocrx_word' id='word_1_219' title='bbox 292 1384 367 1410; x_wconf 80' lang='lat' dir='ltr'>frum.</span> <span class='ocrx_word' id='word_1_220' title='bbox 388 1382 444 1409; x_wconf 91' lang='lat' dir='ltr'>urb.</span> <span class='ocrx_word' id='word_1_221' title='bbox 464 1381 558 1408; x_wconf 87' lang='lat' dir='ltr'>Const.</span> <span class='ocrx_word' id='word_1_222' title='bbox 594 1381 637 1408; x_wconf 89' lang='lat'>111.</span> <span class='ocrx_word' id='word_1_223' title='bbox 659 1382 724 1409; x_wconf 73' lang='lat' dir='ltr'>Cn·</span> <span class='ocrx_word' id='word_1_224' title='bbox 753 1381 783 1407; x_wconf 88' lang='lat' dir='ltr'>Si</span> <span class='ocrx_word' id='word_1_225' title='bbox 803 1386 977 1415; x_wconf 78' lang='lat' dir='ltr'>commeatus,</span> <span class='ocrx_word' id='word_1_226' title='bbox 1001 1387 1028 1408; x_wconf 80' lang='lat' dir='ltr'>et</span> <span class='ocrx_word' id='word_1_227' title='bbox 1052 1382 1136 1409; x_wconf 87' lang='lat' dir='ltr'>basta-</span> 
     </span>
     <span class='ocr_line' id='line_1_29' title="bbox 292 1424 1136 1463; baseline -0.001 -11"><span class='ocrx_word' id='word_1_228' title='bbox 292 1436 350 1462; x_wconf 80' lang='lat' dir='ltr'>gas.</span> <span class='ocrx_word' id='word_1_229' title='bbox 370 1431 396 1452; x_wconf 85' lang='lat' dir='ltr'>ct</span> <span class='ocrx_word' id='word_1_230' title='bbox 414 1424 604 1463; x_wconf 79' lang='lat' dir='ltr'>paraveredos.</span> <span class='ocrx_word' id='word_1_231' title='bbox 625 1429 650 1451; x_wconf 82' lang='lat' dir='ltr'>et</span> <span class='ocrx_word' id='word_1_232' title='bbox 668 1425 786 1461; x_wconf 78' lang='lat' dir='ltr'>specles‚</span> <span class='ocrx_word' id='word_1_233' title='bbox 810 1435 859 1451; x_wconf 88' lang='lat' dir='ltr'>nec</span> <span class='ocrx_word' id='word_1_234' title='bbox 883 1435 936 1451; x_wconf 90' lang='lat' dir='ltr'>non</span> <span class='ocrx_word' id='word_1_235' title='bbox 959 1430 985 1452; x_wconf 81' lang='lat' dir='ltr'>et</span> <span class='ocrx_word' id='word_1_236' title='bbox 1011 1426 1136 1452; x_wconf 76' lang='lat' dir='ltr'>co&#39;emtio·</span> 
     </span>
     <span class='ocr_line' id='line_1_30' title="bbox 292 1467 1134 1505; baseline -0.001 -10"><span class='ocrx_word' id='word_1_237' title='bbox 292 1479 352 1501; x_wconf 74' lang='lat' dir='ltr'>nes,</span> <span class='ocrx_word' id='word_1_238' title='bbox 379 1484 411 1488; x_wconf 93' lang='lat'>—</span> <span class='ocrx_word' id='word_1_239' title='bbox 436 1473 462 1494; x_wconf 84' lang='lat' dir='ltr'>et</span> <span class='ocrx_word' id='word_1_240' title='bbox 485 1467 534 1494; x_wconf 88' lang='lat' dir='ltr'>alia</span> <span class='ocrx_word' id='word_1_241' title='bbox 560 1468 683 1494; x_wconf 76' lang='lat' dir='ltr'>universa</span> <span class='ocrx_word' id='word_1_242' title='bbox 708 1467 767 1494; x_wconf 85' lang='lat' dir='ltr'>fisci</span> <span class='ocrx_word' id='word_1_243' title='bbox 791 1467 900 1495; x_wconf 76' lang='lat' dir='ltr'>calculis</span> <span class='ocrx_word' id='word_1_244' title='bbox 925 1484 958 1488; x_wconf 90' lang='lat'>—</span> <span class='ocrx_word' id='word_1_245' title='bbox 977 1468 1134 1505; x_wconf 78' lang='lat' dir='ltr'>dependant.</span> 
     </span>
     <span class='ocr_line' id='line_1_31' title="bbox 292 1510 1134 1548; baseline 0 -10"><span class='ocrx_word' id='word_1_246' title='bbox 292 1512 360 1539; x_wconf 64' lang='lat' dir='ltr'>Nov.</span> <span class='ocrx_word' id='word_1_247' title='bbox 381 1510 432 1537; x_wconf 92' lang='lat' dir='ltr'>Th.</span> <span class='ocrx_word' id='word_1_248' title='bbox 452 1510 482 1537; x_wconf 90' lang='lat'>11.</span> <span class='ocrx_word' id='word_1_249' title='bbox 504 1510 535 1537; x_wconf 87' lang='lat' dir='ltr'>de</span> <span class='ocrx_word' id='word_1_250' title='bbox 555 1511 699 1548; x_wconf 44' lang='lat' dir='ltr'>patrimon.</span> <span class='ocrx_word' id='word_1_251' title='bbox 715 1510 733 1537; x_wconf 89' lang='lat' dir='ltr'>I.</span> <span class='ocrx_word' id='word_1_252' title='bbox 753 1512 777 1537; x_wconf 88' lang='lat'>3.</span> <span class='ocrx_word' id='word_1_253' title='bbox 803 1521 825 1537; x_wconf 90' lang='lat' dir='ltr'>c.</span> <span class='ocrx_word' id='word_1_254' title='bbox 844 1513 869 1538; x_wconf 97' lang='lat'>3.</span> <span class='ocrx_word' id='word_1_255' title='bbox 889 1511 917 1545; x_wconf 89' lang='lat'>5.</span> <span class='ocrx_word' id='word_1_256' title='bbox 932 1513 955 1538; x_wconf 89' lang='lat' dir='ltr'>l.</span> <span class='ocrx_word' id='word_1_257' title='bbox 983 1527 1016 1531; x_wconf 97' lang='lat'><strong>—</strong></span> <span class='ocrx_word' id='word_1_258' title='bbox 1048 1512 1078 1545; x_wconf 66' lang='grc' dir='ltr'><strong><em>ἓ.</em></strong></span> <span class='ocrx_word' id='word_1_259' title='bbox 1099 1513 1134 1538; x_wconf 72' lang='lat'>2.</span> 
     </span>
     <span class='ocr_line' id='line_1_32' title="bbox 293 1556 1136 1586; baseline 0 -5"><span class='ocrx_word' id='word_1_260' title='bbox 293 1557 409 1583; x_wconf 80' lang='lat' dir='ltr'>Forma</span> <span class='ocrx_word' id='word_1_261' title='bbox 435 1556 662 1580; x_wconf 70' lang='lat' dir='ltr'>conventionis</span> <span class='ocrx_word' id='word_1_262' title='bbox 686 1556 719 1580; x_wconf 81' lang='lat' dir='ltr'>in</span> <span class='ocrx_word' id='word_1_263' title='bbox 742 1564 868 1580; x_wconf 83' lang='lat' dir='ltr'>manum</span> <span class='ocrx_word' id='word_1_264' title='bbox 892 1556 1022 1586; x_wconf 82' lang='lat' dir='ltr'>mariti,</span> <span class='ocrx_word' id='word_1_265' title='bbox 1051 1565 1136 1582; x_wconf 78' lang='lat' dir='ltr'>man-</span> 
     </span>
     <span class='ocr_line' id='line_1_33' title="bbox 292 1596 1134 1632; baseline -0.001 -7"><span class='ocrx_word' id='word_1_266' title='bbox 292 1600 462 1632; x_wconf 76' lang='lat' dir='ltr'>cipatione</span> <span class='ocrx_word' id='word_1_267' title='bbox 489 1599 730 1623; x_wconf 79' lang='lat' dir='ltr'>interveniente</span> <span class='ocrx_word' id='word_1_268' title='bbox 758 1599 957 1624; x_wconf 81' lang='lat' dir='ltr'>celebranda.</span> <span class='ocrx_word' id='word_1_269' title='bbox 1000 1596 1042 1623; x_wconf 79' lang='grc'><strong><em>111.</em></strong></span> <span class='ocrx_word' id='word_1_270' title='bbox 1069 1599 1134 1625; x_wconf 78' lang='lat' dir='ltr'>Cn.</span> 
     </span>
     <span class='ocr_line' id='line_1_34' title="bbox 292 1638 1135 1676; baseline 0 -9"><span class='ocrx_word' id='word_1_271' title='bbox 292 1640 365 1667; x_wconf 91' lang='lat' dir='ltr'>Olim</span> <span class='ocrx_word' id='word_1_272' title='bbox 385 1642 472 1676; x_wconf 85' lang='lat' dir='ltr'>itaque</span> <span class='ocrx_word' id='word_1_273' title='bbox 492 1638 576 1665; x_wconf 85' lang='lat' dir='ltr'>tribus</span> <span class='ocrx_word' id='word_1_274' title='bbox 596 1639 682 1665; x_wconf 87' lang='lat' dir='ltr'>modis</span> <span class='ocrx_word' id='word_1_275' title='bbox 701 1640 727 1665; x_wconf 92' lang='lat' dir='ltr'>in</span> <span class='ocrx_word' id='word_1_276' title='bbox 741 1649 844 1666; x_wconf 88' lang='lat' dir='ltr'>manum</span> <span class='ocrx_word' id='word_1_277' title='bbox 858 1640 1057 1672; x_wconf 76' lang='lat' dir='ltr'>conveniebant.</span> <span class='ocrx_word' id='word_1_278' title='bbox 1077 1650 1135 1672; x_wconf 73' lang='lat' dir='ltr'>usu,</span> 
     </span>
     <span class='ocr_line' id='line_1_35' title="bbox 293 1681 1135 1715; baseline -0.001 -5"><span class='ocrx_word' id='word_1_279' title='bbox 293 1684 391 1715; x_wconf 74' lang='lat' dir='ltr'>farreo.</span> <span class='ocrx_word' id='word_1_280' title='bbox 412 1683 568 1709; x_wconf 65' lang='lat' dir='ltr'>coemtione.</span> <span class='ocrx_word' id='word_1_281' title='bbox 601 1681 658 1708; x_wconf 75' lang='lat' dir='ltr'>Gai.</span> <span class='ocrx_word' id='word_1_282' title='bbox 676 1681 694 1708; x_wconf 92' lang='lat' dir='ltr'>I.</span> <span class='ocrx_word' id='word_1_283' title='bbox 715 1684 772 1709; x_wconf 90' lang='lat'>110.</span> <span class='ocrx_word' id='word_1_284' title='bbox 810 1682 967 1709; x_wconf 67' lang='lat' dir='ltr'>Coiimtione.</span> <span class='ocrx_word' id='word_1_285' title='bbox 986 1684 1013 1709; x_wconf 91' lang='lat' dir='ltr'>in</span> <span class='ocrx_word' id='word_1_286' title='bbox 1032 1693 1135 1710; x_wconf 80' lang='lat' dir='ltr'>manum</span> 
     </span>
     <span class='ocr_line' id='line_1_36' title="bbox 293 1726 1136 1762; baseline 0 -9"><span class='ocrx_word' id='word_1_287' title='bbox 293 1727 455 1753; x_wconf 84' lang='lat' dir='ltr'>conveniunt</span> <span class='ocrx_word' id='word_1_288' title='bbox 473 1735 521 1762; x_wconf 87' lang='lat' dir='ltr'>per</span> <span class='ocrx_word' id='word_1_289' title='bbox 540 1726 767 1762; x_wconf 86' lang='lat' dir='ltr'>mancipationem.</span> <span class='ocrx_word' id='word_1_290' title='bbox 787 1726 803 1752; x_wconf 91' lang='lat' dir='ltr'>i.</span> <span class='ocrx_word' id='word_1_291' title='bbox 818 1736 839 1752; x_wconf 87' lang='lat' dir='ltr'>e.</span> <span class='ocrx_word' id='word_1_292' title='bbox 859 1736 906 1762; x_wconf 82' lang='lat' dir='ltr'>per</span> <span class='ocrx_word' id='word_1_293' title='bbox 925 1726 1063 1762; x_wconf 83' lang='lat' dir='ltr'>quamdam</span> <span class='ocrx_word' id='word_1_294' title='bbox 1076 1727 1136 1753; x_wconf 85' lang='lat' dir='ltr'>ima-</span> 
     </span>
     <span class='ocr_line' id='line_1_37' title="bbox 293 1768 1136 1806; baseline 0.001 -11"><span class='ocrx_word' id='word_1_295' title='bbox 293 1770 419 1806; x_wconf 78' lang='lat' dir='ltr'>ginariam</span> <span class='ocrx_word' id='word_1_296' title='bbox 438 1768 626 1794; x_wconf 82' lang='lat' dir='ltr'>venditionem.</span> <span class='ocrx_word' id='word_1_297' title='bbox 655 1768 692 1794; x_wconf 88' lang='lat' dir='ltr'>Ib.</span> <span class='ocrx_word' id='word_1_298' title='bbox 712 1768 730 1794; x_wconf 92' lang='grc'>1.</span> <span class='ocrx_word' id='word_1_299' title='bbox 752 1770 809 1795; x_wconf 76' lang='lat'>113.</span> <span class='ocrx_word' id='word_1_300' title='bbox 829 1778 868 1805; x_wconf 88' lang='lat' dir='ltr'>sq.</span> <span class='ocrx_word' id='word_1_301' title='bbox 907 1768 1001 1806; x_wconf 82' lang='lat' dir='ltr'>Capite</span> <span class='ocrx_word' id='word_1_302' title='bbox 1021 1769 1136 1796; x_wconf 79' lang='lat' dir='ltr'>deminu-</span> 
     </span>
     <span class='ocr_line' id='line_1_38' title="bbox 294 1810 1137 1848; baseline 0 -9"><span class='ocrx_word' id='word_1_303' title='bbox 294 1817 350 1839; x_wconf 91' lang='lat' dir='ltr'>tus.</span> <span class='ocrx_word' id='word_1_304' title='bbox 371 1811 544 1841; x_wconf 80' lang='lat' dir='ltr'>demiuutave.</span> <span class='ocrx_word' id='word_1_305' title='bbox 564 1827 597 1830; x_wconf 97' lang='lat'><strong>—</strong></span> <span class='ocrx_word' id='word_1_306' title='bbox 616 1810 687 1837; x_wconf 75' lang='lat' dir='ltr'>velut</span> <span class='ocrx_word' id='word_1_307' title='bbox 702 1811 795 1838; x_wconf 80' lang='lat' dir='ltr'>mulier</span> <span class='ocrx_word' id='word_1_308' title='bbox 808 1821 855 1848; x_wconf 86' lang='lat' dir='ltr'>per</span> <span class='ocrx_word' id='word_1_309' title='bbox 869 1813 1051 1838; x_wconf 66' lang='lat' dir='ltr'>coemtionem.</span> <span class='ocrx_word' id='word_1_310' title='bbox 1071 1823 1137 1839; x_wconf 88' lang='lat' dir='ltr'>mas-</span> 
     </span>
     <span class='ocr_line' id='line_1_39' title="bbox 294 1854 1136 1891; baseline 0.001 -10"><span class='ocrx_word' id='word_1_311' title='bbox 294 1855 369 1882; x_wconf 83' lang='lat' dir='ltr'>culus</span> <span class='ocrx_word' id='word_1_312' title='bbox 389 1865 436 1891; x_wconf 81' lang='lat' dir='ltr'>per</span> <span class='ocrx_word' id='word_1_313' title='bbox 456 1854 658 1890; x_wconf 75' lang='lat' dir='ltr'>adrogationem.</span> <span class='ocrx_word' id='word_1_314' title='bbox 688 1854 725 1880; x_wconf 89' lang='lat' dir='ltr'>lb.</span> <span class='ocrx_word' id='word_1_315' title='bbox 740 1854 783 1880; x_wconf 69' lang='lat' dir='ltr'>IV.</span> <span class='ocrx_word' id='word_1_316' title='bbox 797 1858 839 1880; x_wconf 65' lang='lat'>³58.</span> <span class='ocrx_word' id='word_1_317' title='bbox 877 1854 949 1880; x_wconf 84' lang='lat' dir='ltr'>Olim</span> <span class='ocrx_word' id='word_1_318' title='bbox 963 1856 1039 1881; x_wconf 82' lang='lat' dir='ltr'>etiam</span> <span class='ocrx_word' id='word_1_319' title='bbox 1059 1860 1136 1882; x_wconf 85' lang='lat' dir='ltr'>testa-</span> 
     </span>
     <span class='ocr_line' id='line_1_40' title="bbox 294 1896 1134 1933; baseline 0 -9"><span class='ocrx_word' id='word_1_320' title='bbox 294 1899 374 1925; x_wconf 70' lang='lat' dir='ltr'>menti</span> <span class='ocrx_word' id='word_1_321' title='bbox 396 1897 505 1923; x_wconf 70' lang='lat' dir='ltr'>lacit-ndi</span> <span class='ocrx_word' id='word_1_322' title='bbox 530 1898 610 1933; x_wconf 75' lang='lat' dir='ltr'>gratia</span> <span class='ocrx_word' id='word_1_323' title='bbox 634 1896 768 1923; x_wconf 85' lang='lat' dir='ltr'>fiduciaria</span> <span class='ocrx_word' id='word_1_324' title='bbox 794 1897 873 1923; x_wconf 74' lang='lat' dir='ltr'>fiebat</span> <span class='ocrx_word' id='word_1_325' title='bbox 898 1899 1021 1924; x_wconf 63' lang='lat' dir='ltr'>coemtio.</span> <span class='ocrx_word' id='word_1_326' title='bbox 1060 1898 1097 1924; x_wconf 85' lang='lat' dir='ltr'>Ib.</span> <span class='ocrx_word' id='word_1_327' title='bbox 1118 1898 1134 1925; x_wconf 92' lang='lat' dir='ltr'>I.</span> 
     </span>
     <span class='ocr_line' id='line_1_41' title="bbox 296 1940 526 1967; baseline -0.009 0"><span class='ocrx_word' id='word_1_328' title='bbox 296 1943 352 1967; x_wconf 83' lang='lat'>115.</span> <span class='ocrx_word' id='word_1_329' title='bbox 373 1951 393 1966; x_wconf 92' lang='lat' dir='ltr'>a.</span> <span class='ocrx_word' id='word_1_330' title='bbox 415 1940 447 1966; x_wconf 70' lang='lat' dir='ltr'>cl‘.</span> <span class='ocrx_word' id='word_1_331' title='bbox 471 1941 526 1965; x_wconf 82' lang='lat'>195.</span> 
     </span>
    </p>

    <p class='ocr_par' dir='ltr' id='par_1_12' title="bbox 294 1982 1138 2491">
     <span class='ocr_line' id='line_1_42' title="bbox 330 1982 1135 2013; baseline 0.001 -3"><span class='ocrx_word' id='word_1_332' title='bbox 330 1982 624 2010; x_wconf 52' lang='lat' dir='ltr'>soffmtionator.</span> <span class='ocrx_word' id='word_1_333' title='bbox 645 1984 851 2013; x_wconf 68' lang='lat' dir='ltr'>Extranens,</span> <span class='ocrx_word' id='word_1_334' title='bbox 872 1984 912 2008; x_wconf 80' lang='lat' dir='ltr'>ad</span> <span class='ocrx_word' id='word_1_335' title='bbox 929 1986 1135 2011; x_wconf 55' lang='lat' dir='ltr'>coemtionem</span> 
     </span>
     <span class='ocr_line' id='line_1_43' title="bbox 294 2027 1136 2058; baseline 0.002 -6"><span class='ocrx_word' id='word_1_336' title='bbox 294 2028 383 2052; x_wconf 66' lang='lat' dir='ltr'>vitra</span> <span class='ocrx_word' id='word_1_337' title='bbox 403 2027 613 2051; x_wconf 81' lang='lat' dir='ltr'>matrimonii</span> <span class='ocrx_word' id='word_1_338' title='bbox 631 2035 763 2051; x_wconf 78' lang='lat' dir='ltr'>causam</span> <span class='ocrx_word' id='word_1_339' title='bbox 787 2027 1021 2058; x_wconf 74' lang='lat' dir='ltr'>celebrandam,</span> <span class='ocrx_word' id='word_1_340' title='bbox 1046 2029 1136 2054; x_wconf 58' lang='lat' dir='ltr'>adlei-</span> 
     </span>
     <span class='ocr_line' id='line_1_44' title="bbox 295 2067 1137 2104; baseline 0.001 -9"><span class='ocrx_word' id='word_1_341' title='bbox 295 2071 392 2095; x_wconf 77' lang='lat' dir='ltr'>bitus.</span> <span class='ocrx_word' id='word_1_342' title='bbox 429 2067 448 2094; x_wconf 91' lang='grc'>1.</span> <span class='ocrx_word' id='word_1_343' title='bbox 469 2069 530 2102; x_wconf 72' lang='lat' dir='ltr'>Sy.</span> <span class='ocrx_word' id='word_1_344' title='bbox 559 2067 593 2095; x_wconf 82' lang='lat' dir='ltr'>Is.</span> <span class='ocrx_word' id='word_1_345' title='bbox 614 2078 672 2093; x_wconf 78' lang='lat' dir='ltr'>cum</span> <span class='ocrx_word' id='word_1_346' title='bbox 692 2078 743 2104; x_wconf 87' lang='lat' dir='ltr'>quo</span> <span class='ocrx_word' id='word_1_347' title='bbox 763 2067 856 2094; x_wconf 86' lang='lat' dir='ltr'>mulier</span> <span class='ocrx_word' id='word_1_348' title='bbox 875 2069 1049 2095; x_wconf 68' lang='lat' dir='ltr'>coemtionem</span> <span class='ocrx_word' id='word_1_349' title='bbox 1068 2069 1137 2097; x_wconf 71' lang='lat' dir='ltr'>sarit.</span> 
     </span>
     <span class='ocr_line' id='line_1_45' title="bbox 296 2110 1137 2147; baseline 0 -9"><span class='ocrx_word' id='word_1_350' title='bbox 296 2111 408 2138; x_wconf 69' lang='lat' dir='ltr'>fiduciae</span> <span class='ocrx_word' id='word_1_351' title='bbox 422 2120 507 2142; x_wconf 69' lang='lat' dir='ltr'>causa.</span> <span class='ocrx_word' id='word_1_352' title='bbox 528 2111 563 2144; x_wconf 81' lang='lat' dir='ltr'>(v.</span> <span class='ocrx_word' id='word_1_353' title='bbox 579 2110 687 2137; x_wconf 83' lang='lat' dir='ltr'>alterius</span> <span class='ocrx_word' id='word_1_354' title='bbox 703 2112 748 2137; x_wconf 81' lang='lat' dir='ltr'>rei.</span> <span class='ocrx_word' id='word_1_355' title='bbox 763 2121 839 2147; x_wconf 88' lang='lat' dir='ltr'>quam</span> <span class='ocrx_word' id='word_1_356' title='bbox 852 2111 1019 2142; x_wconf 74' lang='lat' dir='ltr'>matrimonii,</span> <span class='ocrx_word' id='word_1_357' title='bbox 1039 2114 1137 2145; x_wconf 86' lang='lat' dir='ltr'>causa).</span> 
     </span>
     <span class='ocr_line' id='line_1_46' title="bbox 297 2153 1138 2191; baseline 0.001 -11"><span class='ocrx_word' id='word_1_358' title='bbox 297 2154 354 2181; x_wconf 86' lang='lat' dir='ltr'>Gai.</span> <span class='ocrx_word' id='word_1_359' title='bbox 374 2154 392 2179; x_wconf 95' lang='lat' dir='ltr'>l.</span> <span class='ocrx_word' id='word_1_360' title='bbox 414 2155 471 2179; x_wconf 69' lang='lat'>114.</span> <span class='ocrx_word' id='word_1_361' title='bbox 491 2164 531 2189; x_wconf 88' lang='lat' dir='ltr'>sq.</span> <span class='ocrx_word' id='word_1_362' title='bbox 553 2155 609 2179; x_wconf 62' lang='lat'>115.</span> <span class='ocrx_word' id='word_1_363' title='bbox 647 2153 690 2180; x_wconf 87' lang='lat' dir='ltr'>III.</span> <span class='ocrx_word' id='word_1_364' title='bbox 712 2155 778 2181; x_wconf 66' lang='lat' dir='ltr'>sn.</span> <span class='ocrx_word' id='word_1_365' title='bbox 804 2154 832 2179; x_wconf 92' lang='lat' dir='ltr'>Si</span> <span class='ocrx_word' id='word_1_366' title='bbox 853 2164 903 2190; x_wconf 87' lang='lat' dir='ltr'>qua</span> <span class='ocrx_word' id='word_1_367' title='bbox 922 2154 995 2185; x_wconf 76' lang='lat' dir='ltr'>velit.</span> <span class='ocrx_word' id='word_1_368' title='bbox 1015 2165 1082 2191; x_wconf 83' lang='lat' dir='ltr'>quos</span> <span class='ocrx_word' id='word_1_369' title='bbox 1096 2155 1138 2181; x_wconf 90' lang='lat' dir='ltr'>ha-</span> 
     </span>
     <span class='ocr_line' id='line_1_47' title="bbox 297 2196 1138 2233; baseline 0.001 -10"><span class='ocrx_word' id='word_1_370' title='bbox 297 2197 340 2223; x_wconf 81' lang='lat' dir='ltr'>bet</span> <span class='ocrx_word' id='word_1_371' title='bbox 361 2201 474 2225; x_wconf 82' lang='lat' dir='ltr'>tutores.</span> <span class='ocrx_word' id='word_1_372' title='bbox 499 2206 626 2233; x_wconf 76' lang='lat' dir='ltr'>reponere</span> <span class='ocrx_word' id='word_1_373' title='bbox 650 2202 677 2223; x_wconf 91' lang='lat' dir='ltr'>ut</span> <span class='ocrx_word' id='word_1_374' title='bbox 701 2196 779 2223; x_wconf 84' lang='lat' dir='ltr'>alium</span> <span class='ocrx_word' id='word_1_375' title='bbox 803 2198 982 2229; x_wconf 69' lang='lat' dir='ltr'>nanciscatur,</span> <span class='ocrx_word' id='word_1_376' title='bbox 1001 2213 1034 2217; x_wconf 83' lang='lat'><em>-</em></span> <span class='ocrx_word' id='word_1_377' title='bbox 1053 2202 1138 2224; x_wconf 63' lang='lat' dir='ltr'>coom-</span> 
     </span>
     <span class='ocr_line' id='line_1_48' title="bbox 298 2239 1137 2277; baseline 0.002 -12"><span class='ocrx_word' id='word_1_378' title='bbox 298 2241 395 2266; x_wconf 85' lang='lat' dir='ltr'>tionem</span> <span class='ocrx_word' id='word_1_379' title='bbox 420 2239 493 2267; x_wconf 84' lang='lat' dir='ltr'>l&#39;acit.</span> <span class='ocrx_word' id='word_1_380' title='bbox 518 2239 613 2265; x_wconf 75' lang='lat' dir='ltr'>deinde</span> <span class='ocrx_word' id='word_1_381' title='bbox 637 2250 650 2265; x_wconf 92' lang='lat' dir='ltr'>a</span> <span class='ocrx_word' id='word_1_382' title='bbox 675 2241 881 2266; x_wconf 64' lang='lat' dir='ltr'>coemtionatorc</span> <span class='ocrx_word' id='word_1_383' title='bbox 905 2241 1080 2277; x_wconf 84' lang='lat' dir='ltr'>remancipata</span> <span class='ocrx_word' id='word_1_384' title='bbox 1106 2242 1137 2268; x_wconf 80' lang='lat' dir='ltr'>ei.</span> 
     </span>
     <span class='ocr_line' id='line_1_49' title="bbox 298 2281 1137 2318; baseline 0.002 -10"><span class='ocrx_word' id='word_1_385' title='bbox 298 2283 339 2309; x_wconf 82' lang='lat' dir='ltr'>cui</span> <span class='ocrx_word' id='word_1_386' title='bbox 360 2282 416 2318; x_wconf 82' lang='lat' dir='ltr'>ipsa</span> <span class='ocrx_word' id='word_1_387' title='bbox 436 2281 514 2311; x_wconf 74' lang='lat' dir='ltr'>velit..</span> <span class='ocrx_word' id='word_1_388' title='bbox 535 2287 560 2307; x_wconf 79' lang='lat' dir='ltr'>et</span> <span class='ocrx_word' id='word_1_389' title='bbox 580 2282 610 2308; x_wconf 88' lang='lat' dir='ltr'>ab</span> <span class='ocrx_word' id='word_1_390' title='bbox 631 2292 661 2309; x_wconf 88' lang='lat' dir='ltr'>co</span> <span class='ocrx_word' id='word_1_391' title='bbox 681 2282 795 2309; x_wconf 73' lang='lat' dir='ltr'>vindicta</span> <span class='ocrx_word' id='word_1_392' title='bbox 815 2284 972 2309; x_wconf 81' lang='lat' dir='ltr'>manumissa</span> <span class='ocrx_word' id='word_1_393' title='bbox 992 2288 1040 2309; x_wconf 85' lang='lat' dir='ltr'>etc.</span> <span class='ocrx_word' id='word_1_394' title='bbox 1069 2283 1106 2310; x_wconf 93' lang='lat' dir='ltr'>lb.</span> <span class='ocrx_word' id='word_1_395' title='bbox 1120 2283 1137 2310; x_wconf 73' lang='lat' dir='ltr'>l.</span> 
     </span>
     <span class='ocr_line' id='line_1_50' title="bbox 301 2324 1138 2362; baseline 0.001 -11"><span class='ocrx_word' id='word_1_396' title='bbox 301 2327 358 2351; x_wconf 87' lang='lat'>115.</span> <span class='ocrx_word' id='word_1_397' title='bbox 379 2334 419 2360; x_wconf 85' lang='lat' dir='ltr'>sq.</span> <span class='ocrx_word' id='word_1_398' title='bbox 444 2325 498 2350; x_wconf 76' lang='lat'>195.</span> <span class='ocrx_word' id='word_1_399' title='bbox 534 2324 658 2351; x_wconf 80' lang='lat' dir='ltr'>Liberum</span> <span class='ocrx_word' id='word_1_400' title='bbox 678 2331 769 2362; x_wconf 86' lang='lat' dir='ltr'>caput.</span> <span class='ocrx_word' id='word_1_401' title='bbox 794 2327 969 2362; x_wconf 85' lang='lat' dir='ltr'>mancipatum</span> <span class='ocrx_word' id='word_1_402' title='bbox 993 2326 1069 2352; x_wconf 83' lang='lat' dir='ltr'>nobis</span> <span class='ocrx_word' id='word_1_403' title='bbox 1096 2326 1138 2352; x_wconf 73' lang='lat' dir='ltr'>vel</span> 
     </span>
     <span class='ocr_line' id='line_1_51' title="bbox 299 2366 1138 2404; baseline 0.001 -10"><span class='ocrx_word' id='word_1_404' title='bbox 299 2379 311 2394; x_wconf 89' lang='lat' dir='ltr'>a</span> <span class='ocrx_word' id='word_1_405' title='bbox 337 2371 455 2404; x_wconf 78' lang='lat' dir='ltr'>parente.</span> <span class='ocrx_word' id='word_1_406' title='bbox 481 2366 522 2392; x_wconf 68' lang='lat' dir='ltr'>vel</span> <span class='ocrx_word' id='word_1_407' title='bbox 548 2377 560 2393; x_wconf 87' lang='lat' dir='ltr'>a</span> <span class='ocrx_word' id='word_1_408' title='bbox 586 2369 804 2399; x_wconf 68' lang='lat' dir='ltr'>coil-mlionatore.</span> <span class='ocrx_word' id='word_1_409' title='bbox 830 2370 1020 2395; x_wconf 74' lang='lat' dir='ltr'>manumittere.</span> <span class='ocrx_word' id='word_1_410' title='bbox 1063 2369 1100 2395; x_wconf 91' lang='lat' dir='ltr'>lb.</span> <span class='ocrx_word' id='word_1_411' title='bbox 1121 2369 1138 2395; x_wconf 93' lang='lat' dir='ltr'>l.</span> 
     </span>
     <span class='ocr_line' id='line_1_52' title="bbox 301 2409 866 2448; baseline 0.004 -13"><span class='ocrx_word' id='word_1_412' title='bbox 301 2412 357 2436; x_wconf 74' lang='lat'>166.</span> <span class='ocrx_word' id='word_1_413' title='bbox 389 2409 420 2436; x_wconf 75' lang='lat' dir='ltr'>cs.</span> <span class='ocrx_word' id='word_1_414' title='bbox 445 2411 499 2435; x_wconf 79' lang='lat' dir='ltr'>tlti.</span> <span class='ocrx_word' id='word_1_415' title='bbox 520 2420 577 2446; x_wconf 83' lang='lat' dir='ltr'>sqq.</span> <span class='ocrx_word' id='word_1_416' title='bbox 605 2413 660 2437; x_wconf 71' lang='lat'>1213.</span> <span class='ocrx_word' id='word_1_417' title='bbox 693 2411 754 2448; x_wconf 65' lang='lat' dir='ltr'>Ylp.</span> <span class='ocrx_word' id='word_1_418' title='bbox 778 2411 823 2437; x_wconf 73' lang='lat' dir='ltr'>XI.</span> <span class='ocrx_word' id='word_1_419' title='bbox 843 2414 866 2437; x_wconf 88' lang='lat'>5.</span> 
     </span>
     <span class='ocr_line' id='line_1_53' title="bbox 300 2452 980 2491; baseline 0.003 -13"><span class='ocrx_word' id='word_1_420' title='bbox 300 2452 547 2479; x_wconf 63' lang='lat' dir='ltr'>cofinnionatorive.</span> <span class='ocrx_word' id='word_1_421' title='bbox 567 2452 711 2489; x_wconf 70' lang='lat' dir='ltr'>adquirere.</span> <span class='ocrx_word' id='word_1_422' title='bbox 740 2454 797 2480; x_wconf 70' lang='lat' dir='ltr'>(iai.</span> <span class='ocrx_word' id='word_1_423' title='bbox 817 2454 858 2480; x_wconf 92' lang='lat' dir='ltr'>III.</span> <span class='ocrx_word' id='word_1_424' title='bbox 879 2456 919 2480; x_wconf 65' lang='lat'>253.</span> <span class='ocrx_word' id='word_1_425' title='bbox 941 2465 980 2491; x_wconf 84' lang='lat' dir='ltr'>sq.</span> 
     </span>
    </p>
   </div>
   <div class='ocr_carea' id='block_1_9' title="bbox 336 2496 885 2528">
    <p class='ocr_par' dir='ltr' id='par_1_13' title="bbox 336 2496 885 2528">
     <span class='ocr_line' id='line_1_54' title="bbox 336 2496 885 2528; baseline 0.002 -6"><span class='ocrx_word' id='word_1_426' title='bbox 336 2496 475 2522; x_wconf 68' lang='lat' dir='ltr'>socna.</span> <span class='ocrx_word' id='word_1_427' title='bbox 512 2497 667 2528; x_wconf 73' lang='lat' dir='ltr'>Epulum.</span> <span class='ocrx_word' id='word_1_428' title='bbox 689 2499 750 2523; x_wconf 81' lang='lat' dir='ltr'>Con</span> <span class='ocrx_word' id='word_1_429' title='bbox 760 2499 885 2523; x_wconf 71' lang='lat' dir='ltr'>rivium.</span> 
     </span>
    </p>
   </div>
   <div class='ocr_carea' id='block_1_10' title="bbox 303 2623 1142 2865">
    <p class='ocr_par' dir='ltr' id='par_1_14' title="bbox 303 2623 1142 2865">
     <span class='ocr_line' id='line_1_55' title="bbox 303 2623 1142 2660; baseline 0.005 -12"><span class='ocrx_word' id='word_1_430' title='bbox 303 2628 435 2658; x_wconf 62' lang='lat' dir='ltr'>argentum</span> <span class='ocrx_word' id='word_1_431' title='bbox 457 2623 580 2650; x_wconf 87' lang='lat' dir='ltr'>utendum</span> <span class='ocrx_word' id='word_1_432' title='bbox 600 2625 743 2660; x_wconf 67' lang='lat' dir='ltr'>acceperit.</span> <span class='ocrx_word' id='word_1_433' title='bbox 770 2626 842 2659; x_wconf 66' lang='lat' dir='ltr'>quasi</span> <span class='ocrx_word' id='word_1_434' title='bbox 867 2626 965 2651; x_wconf 82' lang='lat' dir='ltr'>amicos</span> <span class='ocrx_word' id='word_1_435' title='bbox 985 2625 1016 2652; x_wconf 90' lang='lat' dir='ltr'>ad</span> <span class='ocrx_word' id='word_1_436' title='bbox 1036 2636 1142 2652; x_wconf 75' lang='lat' dir='ltr'>coenam</span> 
     </span>
     <span class='ocr_line' id='line_1_56' title="bbox 303 2666 1117 2703; baseline 0.005 -12"><span class='ocrx_word' id='word_1_437' title='bbox 303 2666 467 2692; x_wconf 81' lang='lat' dir='ltr'>invitaturus.</span> <span class='ocrx_word' id='word_1_438' title='bbox 497 2666 553 2692; x_wconf 70' lang='lat' dir='ltr'>(iai.</span> <span class='ocrx_word' id='word_1_439' title='bbox 574 2666 615 2692; x_wconf 85' lang='lat' dir='ltr'>III.</span> <span class='ocrx_word' id='word_1_440' title='bbox 637 2668 693 2693; x_wconf 70' lang='lat'>196.</span> <span class='ocrx_word' id='word_1_441' title='bbox 715 2666 744 2692; x_wconf 84' lang='lat' dir='ltr'>sr.</span> <span class='ocrx_word' id='word_1_442' title='bbox 767 2668 805 2693; x_wconf 60' lang='lat'>15.</span> <span class='ocrx_word' id='word_1_443' title='bbox 826 2677 863 2703; x_wconf 87' lang='lat' dir='ltr'>pr.</span> <span class='ocrx_word' id='word_1_444' title='bbox 885 2668 1012 2694; x_wconf 88' lang='lat' dir='ltr'>commod.</span> <span class='ocrx_word' id='word_1_445' title='bbox 1036 2671 1073 2695; x_wconf 77' lang='lat'>13.</span> <span class='ocrx_word' id='word_1_446' title='bbox 1094 2671 1117 2695; x_wconf 81' lang='grc'>6.</span> 
     </span>
     <span class='ocr_line' id='line_1_57' title="bbox 339 2708 1141 2743; baseline 0.006 -10"><span class='ocrx_word' id='word_1_447' title='bbox 339 2708 627 2736; x_wconf 65' lang='grc' dir='ltr'>(ἸΜἾΗὶίἸιΙεὶι-ἰη.</span> <span class='ocrx_word' id='word_1_448' title='bbox 668 2712 827 2743; x_wconf 75' lang='lat' dir='ltr'>Quaestus</span> <span class='ocrx_word' id='word_1_449' title='bbox 847 2714 1082 2738; x_wconf 62' lang='lat' dir='ltr'>‹focum-ularii.</span> <span class='ocrx_word' id='word_1_450' title='bbox 1111 2711 1141 2738; x_wconf 88' lang='lat' dir='ltr'>ll.</span> 
     </span>
     <span class='ocr_line' id='line_1_58' title="bbox 304 2750 1142 2784; baseline 0.007 -10"><span class='ocrx_word' id='word_1_451' title='bbox 304 2752 367 2784; x_wconf 71' lang='lat'>⁰1).</span> <span class='ocrx_word' id='word_1_452' title='bbox 401 2750 533 2777; x_wconf 82' lang='lat' dir='ltr'>Gratuitas</span> <span class='ocrx_word' id='word_1_453' title='bbox 563 2752 737 2779; x_wconf 83' lang='lat' dir='ltr'>habitationes</span> <span class='ocrx_word' id='word_1_454' title='bbox 766 2752 835 2778; x_wconf 79' lang='lat' dir='ltr'>dare.</span> <span class='ocrx_word' id='word_1_455' title='bbox 865 2767 896 2771; x_wconf 88' lang='lat'>-—</span> <span class='ocrx_word' id='word_1_456' title='bbox 925 2753 1142 2780; x_wconf 82' lang='lat' dir='ltr'>Coenaculariam</span> 
     </span>
     <span class='ocr_line' id='line_1_59' title="bbox 305 2793 964 2831; baseline 0.002 -11"><span class='ocrx_word' id='word_1_457' title='bbox 305 2802 434 2820; x_wconf 70' lang='lat' dir='ltr'>exercere⁴</span> <span class='ocrx_word' id='word_1_458' title='bbox 463 2793 490 2819; x_wconf 74' lang='lat' dir='ltr'>l&#39;r.</span> <span class='ocrx_word' id='word_1_459' title='bbox 511 2797 533 2820; x_wconf 80' lang='lat'>5.</span> <span class='ocrx_word' id='word_1_460' title='bbox 554 2795 575 2828; x_wconf 86' lang='lat'>5</span> <span class='ocrx_word' id='word_1_461' title='bbox 599 2797 619 2820; x_wconf 94' lang='grc'>1.</span> <span class='ocrx_word' id='word_1_462' title='bbox 641 2794 672 2821; x_wconf 78' lang='lat' dir='ltr'>de</span> <span class='ocrx_word' id='word_1_463' title='bbox 692 2794 716 2820; x_wconf 90' lang='lat' dir='ltr'>h.</span> <span class='ocrx_word' id='word_1_464' title='bbox 737 2805 780 2831; x_wconf 89' lang='lat' dir='ltr'>qu.</span> <span class='ocrx_word' id='word_1_465' title='bbox 800 2794 877 2820; x_wconf 76' lang='lat' dir='ltr'>rl&#39;sud.</span> <span class='ocrx_word' id='word_1_466' title='bbox 898 2796 921 2821; x_wconf 76' lang='lat'>9.</span> <span class='ocrx_word' id='word_1_467' title='bbox 941 2797 964 2821; x_wconf 83' lang='lat'>3.</span> 
     </span>
     <span class='ocr_line' id='line_1_60' title="bbox 341 2836 1141 2865; baseline 0.005 -4"><span class='ocrx_word' id='word_1_468' title='bbox 341 2836 648 2864; x_wconf 71' lang='lat' dir='ltr'>Coenaculnrius.</span> <span class='ocrx_word' id='word_1_469' title='bbox 679 2839 936 2864; x_wconf 76' lang='lat' dir='ltr'>Corum-ulorum</span> <span class='ocrx_word' id='word_1_470' title='bbox 957 2840 1141 2865; x_wconf 70' lang='lat' dir='ltr'>conductor.</span> 
     </span>
    </p>
   </div>
   <div class='ocr_carea' id='block_1_11' title="bbox 925 393 1150 430">
    <p class='ocr_par' dir='ltr' id='par_1_15' title="bbox 925 393 1150 430">
     <span class='ocr_line' id='line_1_61' title="bbox 925 393 1150 430; baseline 0 -10"><span class='ocrx_word' id='word_1_471' title='bbox 925 394 953 420; x_wconf 86' lang='lat' dir='ltr'>Si</span> <span class='ocrx_word' id='word_1_472' title='bbox 978 395 1037 430; x_wconf 89' lang='lat' dir='ltr'>quis</span> <span class='ocrx_word' id='word_1_473' title='bbox 1063 393 1128 420; x_wconf 90' lang='lat' dir='ltr'>iudi-</span> <span class='ocrx_word' id='word_1_474' title='bbox 1149 396 1150 407; x_wconf 66' lang='lat'>¹</span> 
     </span>
    </p>
   </div>
   <div class='ocr_carea' id='block_1_12' title="bbox 911 2411 1161 2449">
    <p class='ocr_par' dir='ltr' id='par_1_16' title="bbox 911 2411 1161 2449">
     <span class='ocr_line' id='line_1_62' title="bbox 911 2411 1161 2449; baseline 0 -12"><span class='ocrx_word' id='word_1_475' title='bbox 911 2411 980 2437; x_wconf 88' lang='lat' dir='ltr'>l&#39;atri</span> <span class='ocrx_word' id='word_1_476' title='bbox 1005 2411 1138 2449; x_wconf 72' lang='lat' dir='ltr'>adoptivo.</span> <span class='ocrx_word' id='word_1_477' title='bbox 1160 2422 1161 2425; x_wconf 57' lang='lat'>¹</span> 
     </span>
    </p>
   </div>
   <div class='ocr_carea' id='block_1_13' title="bbox 925 2497 1163 2529">
    <p class='ocr_par' dir='ltr' id='par_1_17' title="bbox 925 2497 1163 2529">
     <span class='ocr_line' id='line_1_63' title="bbox 925 2497 1163 2529; baseline -0.004 -6"><span class='ocrx_word' id='word_1_478' title='bbox 925 2497 967 2523; x_wconf 86' lang='lat'>111.</span> <span class='ocrx_word' id='word_1_479' title='bbox 989 2498 1054 2525; x_wconf 77' lang='lat' dir='ltr'>Cn.</span> <span class='ocrx_word' id='word_1_480' title='bbox 1087 2497 1140 2524; x_wconf 83' lang='lat' dir='ltr'>Do·</span> <span class='ocrx_word' id='word_1_481' title='bbox 1161 2502 1163 2529; x_wconf 58' lang='lat'>2</span> 
     </span>
    </p>
   </div>
   <div class='ocr_carea' id='block_1_14' title="bbox 301 2535 1163 2619">
    <p class='ocr_par' dir='ltr' id='par_1_18' title="bbox 301 2535 1163 2619">
     <span class='ocr_line' id='line_1_64' title="bbox 302 2535 1163 2576; baseline 0.002 -12"><span class='ocrx_word' id='word_1_482' title='bbox 302 2539 346 2565; x_wconf 89' lang='lat' dir='ltr'>lia.</span> <span class='ocrx_word' id='word_1_483' title='bbox 366 2548 440 2564; x_wconf 76' lang='lat' dir='ltr'>vasa.</span> <span class='ocrx_word' id='word_1_484' title='bbox 463 2547 587 2566; x_wconf 79' lang='lat' dir='ltr'>ancones.</span> <span class='ocrx_word' id='word_1_485' title='bbox 608 2538 711 2566; x_wconf 67' lang='lat' dir='ltr'>calice-s.</span> <span class='ocrx_word' id='word_1_486' title='bbox 733 2539 838 2571; x_wconf 72' lang='lat' dir='ltr'>trullae.</span> <span class='ocrx_word' id='word_1_487' title='bbox 859 2551 925 2576; x_wconf 82' lang='lat' dir='ltr'>quae</span> <span class='ocrx_word' id='word_1_488' title='bbox 945 2541 1013 2567; x_wconf 86' lang='lat' dir='ltr'>circa</span> <span class='ocrx_word' id='word_1_489' title='bbox 1034 2550 1140 2567; x_wconf 80' lang='lat' dir='ltr'>coenam</span> <span class='ocrx_word' id='word_1_490' title='bbox 1162 2535 1163 2544; x_wconf 49' lang='lat'>¹</span> 
     </span>
     <span class='ocr_line' id='line_1_65' title="bbox 301 2580 1163 2619; baseline 0.005 -13"><span class='ocrx_word' id='word_1_491' title='bbox 301 2580 388 2607; x_wconf 67' lang='lat' dir='ltr'>solent</span> <span class='ocrx_word' id='word_1_492' title='bbox 407 2582 499 2607; x_wconf 78' lang='lat' dir='ltr'>traiici.</span> <span class='ocrx_word' id='word_1_493' title='bbox 525 2580 554 2606; x_wconf 58' lang='lat' dir='ltr'>l‘r.</span> <span class='ocrx_word' id='word_1_494' title='bbox 577 2582 616 2606; x_wconf 82' lang='lat'>13.</span> <span class='ocrx_word' id='word_1_495' title='bbox 636 2591 675 2617; x_wconf 84' lang='lat' dir='ltr'>pr.</span> <span class='ocrx_word' id='word_1_496' title='bbox 696 2581 727 2607; x_wconf 82' lang='lat' dir='ltr'>de</span> <span class='ocrx_word' id='word_1_497' title='bbox 747 2582 821 2608; x_wconf 78' lang='lat' dir='ltr'>instr.</span> <span class='ocrx_word' id='word_1_498' title='bbox 842 2582 889 2619; x_wconf 71' lang='lat' dir='ltr'>leg.</span> <span class='ocrx_word' id='word_1_499' title='bbox 909 2584 950 2609; x_wconf 86' lang='lat'>33.</span> <span class='ocrx_word' id='word_1_500' title='bbox 973 2585 994 2609; x_wconf 86' lang='lat'>7.</span> <span class='ocrx_word' id='word_1_501' title='bbox 1033 2584 1061 2609; x_wconf 83' lang='lat' dir='ltr'>Si</span> <span class='ocrx_word' id='word_1_502' title='bbox 1082 2585 1141 2619; x_wconf 90' lang='lat' dir='ltr'>quis</span> <span class='ocrx_word' id='word_1_503' title='bbox 1162 2583 1163 2588; x_wconf 45' lang='lat'>¹</span> 
     </span>
    </p>
   </div>
   <div class='ocr_carea' id='block_1_15' title="bbox 1100 183 1199 215">
    <p class='ocr_par' dir='ltr' id='par_1_19' title="bbox 1100 183 1199 215">
     <span class='ocr_line' id='line_1_66' title="bbox 1100 183 1199 215; baseline -0.02 0"><span class='ocrx_word' id='word_1_504' title='bbox 1100 183 1199 215; x_wconf 79' lang='lat' dir='ltr'>COE.</span> 
     </span>
    </p>
   </div>
   <div class='ocr_carea' id='block_1_16' title="bbox 1173 264 2018 597">
    <p class='ocr_par' dir='ltr' id='par_1_20' title="bbox 1174 264 2016 345">
     <span class='ocr_line' id='line_1_67' title="bbox 1174 264 2016 301; baseline 0.005 -11"><span class='ocrx_word' id='word_1_505' title='bbox 1174 265 1193 291; x_wconf 94' lang='grc' dir='ltr'>Ι.</span> <span class='ocrx_word' id='word_1_506' title='bbox 1214 266 1276 299; x_wconf 70' lang='lat' dir='ltr'>Sy.</span> <span class='ocrx_word' id='word_1_507' title='bbox 1315 264 1369 300; x_wconf 82' lang='lat' dir='ltr'>Qui</span> <span class='ocrx_word' id='word_1_508' title='bbox 1398 264 1567 291; x_wconf 82' lang='lat' dir='ltr'>coenaculum</span> <span class='ocrx_word' id='word_1_509' title='bbox 1597 264 1730 292; x_wconf 83' lang='lat' dir='ltr'>conduxit.</span> <span class='ocrx_word' id='word_1_510' title='bbox 1761 266 1792 292; x_wconf 84' lang='lat' dir='ltr'>fr.</span> <span class='ocrx_word' id='word_1_511' title='bbox 1818 268 1857 293; x_wconf 91' lang='lat' dir='ltr'>ll.</span> <span class='ocrx_word' id='word_1_512' title='bbox 1882 268 1903 301; x_wconf 85' lang='lat'>5.</span> <span class='ocrx_word' id='word_1_513' title='bbox 1928 269 1952 294; x_wconf 94' lang='lat'>5.</span> <span class='ocrx_word' id='word_1_514' title='bbox 1984 267 2016 294; x_wconf 80' lang='lat' dir='ltr'>dc</span> 
     </span>
     <span class='ocr_line' id='line_1_68' title="bbox 1176 308 1450 345; baseline 0.004 -12"><span class='ocrx_word' id='word_1_515' title='bbox 1176 309 1278 345; x_wconf 69' lang='lat' dir='ltr'>pigner.</span> <span class='ocrx_word' id='word_1_516' title='bbox 1298 311 1346 333; x_wconf 88' lang='lat' dir='ltr'>act.</span> <span class='ocrx_word' id='word_1_517' title='bbox 1367 308 1406 333; x_wconf 88' lang='lat'>13.</span> <span class='ocrx_word' id='word_1_518' title='bbox 1427 308 1450 334; x_wconf 94' lang='lat'>7.</span> 
     </span>
    </p>

    <p class='ocr_par' dir='ltr' id='par_1_21' title="bbox 1173 351 2018 597">
     <span class='ocr_line' id='line_1_69' title="bbox 1211 351 2016 386; baseline 0.004 -10"><span class='ocrx_word' id='word_1_519' title='bbox 1211 351 1481 377; x_wconf 69' lang='lat' dir='ltr'>Coeum-ulum.</span> <span class='ocrx_word' id='word_1_520' title='bbox 1514 353 1674 386; x_wconf 78' lang='lat' dir='ltr'>Superior</span> <span class='ocrx_word' id='word_1_521' title='bbox 1692 353 1800 377; x_wconf 75' lang='lat' dir='ltr'>domna</span> <span class='ocrx_word' id='word_1_522' title='bbox 1817 361 1908 385; x_wconf 73' lang='lat' dir='ltr'>pars,</span> <span class='ocrx_word' id='word_1_523' title='bbox 1927 354 2016 379; x_wconf 72' lang='lat' dir='ltr'>habi-</span> 
     </span>
     <span class='ocr_line' id='line_1_70' title="bbox 1174 393 2016 422; baseline 0.002 -3"><span class='ocrx_word' id='word_1_524' title='bbox 1174 395 1322 419; x_wconf 76' lang='lat' dir='ltr'>tationes</span> <span class='ocrx_word' id='word_1_525' title='bbox 1345 395 1565 420; x_wconf 72' lang='lat' dir='ltr'>mercenarius</span> <span class='ocrx_word' id='word_1_526' title='bbox 1592 396 1761 421; x_wconf 76' lang='lat' dir='ltr'>continens</span> <span class='ocrx_word' id='word_1_527' title='bbox 1805 393 1848 420; x_wconf 86' lang='lat' dir='ltr'>III.</span> <span class='ocrx_word' id='word_1_528' title='bbox 1868 396 1935 422; x_wconf 72' lang='lat' dir='ltr'>Cn.</span> <span class='ocrx_word' id='word_1_529' title='bbox 1967 395 2016 421; x_wconf 83' lang='lat' dir='ltr'>Per</span> 
     </span>
     <span class='ocr_line' id='line_1_71' title="bbox 1173 436 2015 473; baseline 0.004 -12"><span class='ocrx_word' id='word_1_530' title='bbox 1173 445 1264 461; x_wconf 79' lang='lat' dir='ltr'>omnes</span> <span class='ocrx_word' id='word_1_531' title='bbox 1292 436 1426 467; x_wconf 75' lang='lat' dir='ltr'>civitates,</span> <span class='ocrx_word' id='word_1_532' title='bbox 1451 452 1483 456; x_wconf 96' lang='lat'><strong>—</strong></span> <span class='ocrx_word' id='word_1_533' title='bbox 1509 446 1541 462; x_wconf 79' lang='lat' dir='ltr'>cx</span> <span class='ocrx_word' id='word_1_534' title='bbox 1565 436 1681 465; x_wconf 81' lang='lat' dir='ltr'>horreis.</span> <span class='ocrx_word' id='word_1_535' title='bbox 1710 436 1824 469; x_wconf 79' lang='lat' dir='ltr'>balneis,</span> <span class='ocrx_word' id='word_1_536' title='bbox 1853 439 2015 473; x_wconf 72' lang='lat' dir='ltr'>ergasteriis.</span> 
     </span>
     <span class='ocr_line' id='line_1_72' title="bbox 1174 478 2015 512; baseline 0.002 -8"><span class='ocrx_word' id='word_1_537' title='bbox 1174 478 1301 510; x_wconf 76' lang='lat' dir='ltr'>tabernis,</span> <span class='ocrx_word' id='word_1_538' title='bbox 1315 478 1446 510; x_wconf 82' lang='lat' dir='ltr'>domibus,</span> <span class='ocrx_word' id='word_1_539' title='bbox 1467 479 1624 508; x_wconf 83' lang='lat' dir='ltr'>coenaculis.</span> <span class='ocrx_word' id='word_1_540' title='bbox 1644 479 1736 506; x_wconf 88' lang='lat' dir='ltr'>salinis</span> <span class='ocrx_word' id='word_1_541' title='bbox 1750 481 1827 506; x_wconf 81' lang='lat' dir='ltr'>etiam</span> <span class='ocrx_word' id='word_1_542' title='bbox 1841 479 1971 512; x_wconf 78' lang='lat' dir='ltr'>omnibus,</span> <span class='ocrx_word' id='word_1_543' title='bbox 1984 496 2015 500; x_wconf 90' lang='lat'><em>—</em></span> 
     </span>
     <span class='ocr_line' id='line_1_73' title="bbox 1173 520 2016 558; baseline 0.002 -11"><span class='ocrx_word' id='word_1_544' title='bbox 1173 522 1266 558; x_wconf 80' lang='lat' dir='ltr'>pensio</span> <span class='ocrx_word' id='word_1_545' title='bbox 1286 521 1444 548; x_wconf 80' lang='lat' dir='ltr'>conferatur.</span> <span class='ocrx_word' id='word_1_546' title='bbox 1469 520 1520 548; x_wconf 89' lang='lat' dir='ltr'>Th.</span> <span class='ocrx_word' id='word_1_547' title='bbox 1535 521 1566 548; x_wconf 83' lang='lat' dir='ltr'>C.</span> <span class='ocrx_word' id='word_1_548' title='bbox 1579 521 1624 548; x_wconf 80' lang='lat' dir='ltr'>XI.</span> <span class='ocrx_word' id='word_1_549' title='bbox 1643 524 1685 549; x_wconf 84' lang='lat'>20.</span> <span class='ocrx_word' id='word_1_550' title='bbox 1700 533 1722 549; x_wconf 88' lang='lat' dir='ltr'>c.</span> <span class='ocrx_word' id='word_1_551' title='bbox 1735 524 1759 549; x_wconf 85' lang='lat'>3.</span> <span class='ocrx_word' id='word_1_552' title='bbox 1780 522 1812 549; x_wconf 84' lang='lat' dir='ltr'>dc</span> <span class='ocrx_word' id='word_1_553' title='bbox 1826 522 1914 549; x_wconf 85' lang='lat' dir='ltr'>collat.</span> <span class='ocrx_word' id='word_1_554' title='bbox 1929 522 2016 549; x_wconf 81' lang='lat' dir='ltr'>donat.</span> 
     </span>
     <span class='ocr_line' id='line_1_74' title="bbox 1174 564 2018 597; baseline 0.002 -7"><span class='ocrx_word' id='word_1_555' title='bbox 1174 565 1237 590; x_wconf 84' lang='lat' dir='ltr'>Sive</span> <span class='ocrx_word' id='word_1_556' title='bbox 1256 565 1283 591; x_wconf 91' lang='lat' dir='ltr'>in</span> <span class='ocrx_word' id='word_1_557' title='bbox 1302 564 1481 597; x_wconf 75' lang='lat' dir='ltr'>habitationis,</span> <span class='ocrx_word' id='word_1_558' title='bbox 1501 564 1543 591; x_wconf 87' lang='lat' dir='ltr'>vel</span> <span class='ocrx_word' id='word_1_559' title='bbox 1563 565 1711 597; x_wconf 67' lang='lat' dir='ltr'>coenaculi.</span> <span class='ocrx_word' id='word_1_560' title='bbox 1736 567 1793 592; x_wconf 74' lang='lat' dir='ltr'>sive</span> <span class='ocrx_word' id='word_1_561' title='bbox 1817 567 1894 592; x_wconf 82' lang='lat' dir='ltr'>etiam</span> <span class='ocrx_word' id='word_1_562' title='bbox 1914 566 1940 592; x_wconf 88' lang='lat' dir='ltr'>in</span> <span class='ocrx_word' id='word_1_563' title='bbox 1959 565 2018 592; x_wconf 87' lang='lat' dir='ltr'>hor-</span> 
     </span>
    </p>
   </div>
   <div class='ocr_carea' id='block_1_17' title="bbox 1151 606 2017 644">
    <p class='ocr_par' dir='ltr' id='par_1_22' title="bbox 1151 606 2017 644">
     <span class='ocr_line' id='line_1_75' title="bbox 1151 606 2017 644; baseline 0.001 -11"><span class='ocrx_word' id='word_1_564' title='bbox 1151 634 1153 642; x_wconf 49' lang='lat'>‚</span> <span class='ocrx_word' id='word_1_565' title='bbox 1175 608 1227 634; x_wconf 89' lang='lat' dir='ltr'>rei.</span> <span class='ocrx_word' id='word_1_566' title='bbox 1252 606 1295 633; x_wconf 77' lang='lat' dir='ltr'>vel</span> <span class='ocrx_word' id='word_1_567' title='bbox 1315 608 1389 634; x_wconf 91' lang='lat' dir='ltr'>cuius</span> <span class='ocrx_word' id='word_1_568' title='bbox 1408 607 1517 634; x_wconf 84' lang='lat' dir='ltr'>alterius</span> <span class='ocrx_word' id='word_1_569' title='bbox 1537 607 1657 634; x_wconf 83' lang='lat' dir='ltr'>aedificii.</span> <span class='ocrx_word' id='word_1_570' title='bbox 1686 608 1716 635; x_wconf 78' lang='lat' dir='ltr'>fr.</span> <span class='ocrx_word' id='word_1_571' title='bbox 1736 611 1760 635; x_wconf 84' lang='lat'>5.</span> <span class='ocrx_word' id='word_1_572' title='bbox 1785 609 1807 642; x_wconf 84' lang='lat'>5.</span> <span class='ocrx_word' id='word_1_573' title='bbox 1827 610 1851 635; x_wconf 79' lang='lat'>9.</span> <span class='ocrx_word' id='word_1_574' title='bbox 1877 608 1910 635; x_wconf 75' lang='lat' dir='ltr'>de</span> <span class='ocrx_word' id='word_1_575' title='bbox 1929 608 1954 634; x_wconf 93' lang='lat' dir='ltr'>h.</span> <span class='ocrx_word' id='word_1_576' title='bbox 1974 618 2017 644; x_wconf 83' lang='lat' dir='ltr'>qu.</span> 
     </span>
    </p>
   </div>
   <div class='ocr_carea' id='block_1_18' title="bbox 1155 649 2023 1418">
    <p class='ocr_par' dir='ltr' id='par_1_23' title="bbox 1155 649 2021 1070">
     <span class='ocr_line' id='line_1_76' title="bbox 1176 649 2017 688; baseline 0.001 -12"><span class='ocrx_word' id='word_1_577' title='bbox 1176 649 1254 677; x_wconf 76' lang='lat' dir='ltr'>effud.</span> <span class='ocrx_word' id='word_1_578' title='bbox 1283 651 1306 676; x_wconf 89' lang='lat'>9.</span> <span class='ocrx_word' id='word_1_579' title='bbox 1325 651 1350 676; x_wconf 87' lang='grc'>3.</span> <span class='ocrx_word' id='word_1_580' title='bbox 1379 650 1409 676; x_wconf 83' lang='grc'><strong><em>1“1·.</em></strong></span> <span class='ocrx_word' id='word_1_581' title='bbox 1435 652 1477 677; x_wconf 73' lang='grc'>41.</span> <span class='ocrx_word' id='word_1_582' title='bbox 1502 661 1542 688; x_wconf 85' lang='lat' dir='ltr'>pr.</span> <span class='ocrx_word' id='word_1_583' title='bbox 1571 650 1604 677; x_wconf 79' lang='lat' dir='ltr'>de</span> <span class='ocrx_word' id='word_1_584' title='bbox 1622 650 1649 678; x_wconf 91' lang='lat' dir='ltr'>S.</span> <span class='ocrx_word' id='word_1_585' title='bbox 1669 651 1697 678; x_wconf 91' lang='lat' dir='ltr'>P.</span> <span class='ocrx_word' id='word_1_586' title='bbox 1718 651 1749 678; x_wconf 67' lang='grc' dir='ltr'>Υ.</span> <span class='ocrx_word' id='word_1_587' title='bbox 1774 653 1798 678; x_wconf 82' lang='grc'>8.</span> <span class='ocrx_word' id='word_1_588' title='bbox 1817 654 1841 678; x_wconf 88' lang='lat'>2.</span> <span class='ocrx_word' id='word_1_589' title='bbox 1885 651 1913 678; x_wconf 88' lang='lat' dir='ltr'>Si</span> <span class='ocrx_word' id='word_1_590' title='bbox 1939 661 2017 688; x_wconf 88' lang='lat' dir='ltr'>supra</span> 
     </span>
     <span class='ocr_line' id='line_1_77' title="bbox 1176 693 2017 730; baseline 0.002 -11"><span class='ocrx_word' id='word_1_591' title='bbox 1176 693 1263 724; x_wconf 82' lang='lat' dir='ltr'>aedes,</span> <span class='ocrx_word' id='word_1_592' title='bbox 1283 702 1348 729; x_wconf 88' lang='lat' dir='ltr'>quas</span> <span class='ocrx_word' id='word_1_593' title='bbox 1366 693 1508 730; x_wconf 76' lang='lat' dir='ltr'>possideo,</span> <span class='ocrx_word' id='word_1_594' title='bbox 1528 693 1698 721; x_wconf 88' lang='lat' dir='ltr'>coenaculum</span> <span class='ocrx_word' id='word_1_595' title='bbox 1717 696 1760 721; x_wconf 82' lang='lat' dir='ltr'>sit.</span> <span class='ocrx_word' id='word_1_596' title='bbox 1785 710 1818 714; x_wconf 84' lang='lat'>——-</span> <span class='ocrx_word' id='word_1_597' title='bbox 1843 694 1872 721; x_wconf 90' lang='lat' dir='ltr'>Si</span> <span class='ocrx_word' id='word_1_598' title='bbox 1892 704 2017 721; x_wconf 81' lang='lat' dir='ltr'>coenacu-</span> 
     </span>
     <span class='ocr_line' id='line_1_78' title="bbox 1176 735 2019 775; baseline 0 -11"><span class='ocrx_word' id='word_1_599' title='bbox 1176 737 1230 764; x_wconf 89' lang='lat' dir='ltr'>lum</span> <span class='ocrx_word' id='word_1_600' title='bbox 1250 746 1282 763; x_wconf 82' lang='lat' dir='ltr'>ex</span> <span class='ocrx_word' id='word_1_601' title='bbox 1301 735 1410 773; x_wconf 88' lang='lat' dir='ltr'>publico</span> <span class='ocrx_word' id='word_1_602' title='bbox 1429 736 1527 763; x_wconf 81' lang='lat' dir='ltr'>aditum</span> <span class='ocrx_word' id='word_1_603' title='bbox 1546 736 1648 763; x_wconf 83' lang='lat' dir='ltr'>habeat.</span> <span class='ocrx_word' id='word_1_604' title='bbox 1682 736 1712 763; x_wconf 83' lang='lat' dir='ltr'>fr.</span> <span class='ocrx_word' id='word_1_605' title='bbox 1731 739 1755 764; x_wconf 85' lang='lat'>3.</span> <span class='ocrx_word' id='word_1_606' title='bbox 1779 737 1801 771; x_wconf 84' lang='lat'>5.</span> <span class='ocrx_word' id='word_1_607' title='bbox 1823 739 1846 764; x_wconf 87' lang='lat'>7.</span> <span class='ocrx_word' id='word_1_608' title='bbox 1870 738 1908 764; x_wconf 82' lang='lat' dir='ltr'>uti</span> <span class='ocrx_word' id='word_1_609' title='bbox 1933 738 2019 775; x_wconf 86' lang='lat' dir='ltr'>possi—</span> 
     </span>
     <span class='ocr_line' id='line_1_79' title="bbox 1177 778 2018 816; baseline 0.001 -11"><span class='ocrx_word' id='word_1_610' title='bbox 1177 780 1229 806; x_wconf 66' lang='lat' dir='ltr'>det.</span> <span class='ocrx_word' id='word_1_611' title='bbox 1249 781 1290 806; x_wconf 75' lang='lat'>43.</span> <span class='ocrx_word' id='word_1_612' title='bbox 1307 781 1346 805; x_wconf 91' lang='lat'>17.</span> <span class='ocrx_word' id='word_1_613' title='bbox 1384 778 1531 806; x_wconf 79' lang='lat' dir='ltr'>Tabernam</span> <span class='ocrx_word' id='word_1_614' title='bbox 1551 790 1610 806; x_wconf 86' lang='lat' dir='ltr'>cum</span> <span class='ocrx_word' id='word_1_615' title='bbox 1629 779 1771 806; x_wconf 87' lang='lat' dir='ltr'>coenaculo</span> <span class='ocrx_word' id='word_1_616' title='bbox 1791 780 1929 816; x_wconf 76' lang='lat' dir='ltr'>legaverat.</span> <span class='ocrx_word' id='word_1_617' title='bbox 1949 780 1980 806; x_wconf 80' lang='lat' dir='ltr'>fr.</span> <span class='ocrx_word' id='word_1_618' title='bbox 1995 782 2018 807; x_wconf 92' lang='lat'>7.</span> 
     </span>
     <span class='ocr_line' id='line_1_80' title="bbox 1178 822 2018 859; baseline 0 -10"><span class='ocrx_word' id='word_1_619' title='bbox 1178 823 1210 850; x_wconf 89' lang='lat' dir='ltr'>de</span> <span class='ocrx_word' id='word_1_620' title='bbox 1229 824 1304 849; x_wconf 84' lang='lat' dir='ltr'>iustr.</span> <span class='ocrx_word' id='word_1_621' title='bbox 1325 822 1374 859; x_wconf 82' lang='lat' dir='ltr'>leg.</span> <span class='ocrx_word' id='word_1_622' title='bbox 1398 824 1440 848; x_wconf 85' lang='lat'>33.</span> <span class='ocrx_word' id='word_1_623' title='bbox 1461 824 1484 849; x_wconf 93' lang='lat'>7.</span> <span class='ocrx_word' id='word_1_624' title='bbox 1521 822 1622 854; x_wconf 77' lang='lat' dir='ltr'>Insula,</span> <span class='ocrx_word' id='word_1_625' title='bbox 1647 823 1672 849; x_wconf 88' lang='lat' dir='ltr'>in</span> <span class='ocrx_word' id='word_1_626' title='bbox 1699 833 1748 859; x_wconf 82' lang='lat' dir='ltr'>qua</span> <span class='ocrx_word' id='word_1_627' title='bbox 1774 822 1944 849; x_wconf 84' lang='lat' dir='ltr'>coenaculum</span> <span class='ocrx_word' id='word_1_628' title='bbox 1963 822 2018 849; x_wconf 79' lang='lat' dir='ltr'>suit.</span> 
     </span>
     <span class='ocr_line' id='line_1_81' title="bbox 1178 864 2020 903; baseline 0 -11"><span class='ocrx_word' id='word_1_629' title='bbox 1178 866 1208 892; x_wconf 86' lang='lat' dir='ltr'>fr.</span> <span class='ocrx_word' id='word_1_630' title='bbox 1229 867 1251 892; x_wconf 87' lang='lat'>7.</span> <span class='ocrx_word' id='word_1_631' title='bbox 1273 866 1290 892; x_wconf 94' lang='grc'>1.</span> <span class='ocrx_word' id='word_1_632' title='bbox 1310 867 1352 892; x_wconf 85' lang='grc'>33.</span> <span class='ocrx_word' id='word_1_633' title='bbox 1373 867 1396 892; x_wconf 85' lang='grc'>7.</span> <span class='ocrx_word' id='word_1_634' title='bbox 1416 864 1446 892; x_wconf 86' lang='lat' dir='ltr'>sr.</span> <span class='ocrx_word' id='word_1_635' title='bbox 1465 867 1507 892; x_wconf 90' lang='grc'><strong><em>30.</em></strong></span> <span class='ocrx_word' id='word_1_636' title='bbox 1527 875 1566 902; x_wconf 88' lang='lat' dir='ltr'>pr.</span> <span class='ocrx_word' id='word_1_637' title='bbox 1586 865 1663 892; x_wconf 85' lang='lat' dir='ltr'>locat.</span> <span class='ocrx_word' id='word_1_638' title='bbox 1685 867 1725 892; x_wconf 87' lang='lat'>19.</span> <span class='ocrx_word' id='word_1_639' title='bbox 1743 868 1767 892; x_wconf 81' lang='lat'>2.</span> <span class='ocrx_word' id='word_1_640' title='bbox 1803 866 1954 898; x_wconf 76' lang='lat' dir='ltr'>Directarii⁷</span> <span class='ocrx_word' id='word_1_641' title='bbox 1975 867 2020 903; x_wconf 85' lang='lat' dir='ltr'>qui</span> 
     </span>
     <span class='ocr_line' id='line_1_82' title="bbox 1178 907 2018 944; baseline 0 -9"><span class='ocrx_word' id='word_1_642' title='bbox 1178 910 1204 935; x_wconf 91' lang='lat' dir='ltr'>in</span> <span class='ocrx_word' id='word_1_643' title='bbox 1224 908 1306 935; x_wconf 81' lang='lat' dir='ltr'>alicua</span> <span class='ocrx_word' id='word_1_644' title='bbox 1333 907 1473 935; x_wconf 86' lang='lat' dir='ltr'>coenacula</span> <span class='ocrx_word' id='word_1_645' title='bbox 1496 918 1525 934; x_wconf 90' lang='lat' dir='ltr'>se</span> <span class='ocrx_word' id='word_1_646' title='bbox 1549 908 1677 944; x_wconf 80' lang='lat' dir='ltr'>dirigunt,</span> <span class='ocrx_word' id='word_1_647' title='bbox 1696 908 1799 935; x_wconf 81' lang='lat' dir='ltr'>furandi</span> <span class='ocrx_word' id='word_1_648' title='bbox 1818 909 1912 935; x_wconf 86' lang='lat' dir='ltr'>auimo.</span> <span class='ocrx_word' id='word_1_649' title='bbox 1943 908 1975 935; x_wconf 84' lang='lat' dir='ltr'>fr.</span> <span class='ocrx_word' id='word_1_650' title='bbox 1996 910 2018 935; x_wconf 86' lang='lat'>7.</span> 
     </span>
     <span class='ocr_line' id='line_1_83' title="bbox 1155 950 2019 988; baseline -0.001 -10"><span class='ocrx_word' id='word_1_651' title='bbox 1155 976 1156 987; x_wconf 28' lang='lat'>¹</span> <span class='ocrx_word' id='word_1_652' title='bbox 1180 952 1212 979; x_wconf 83' lang='lat' dir='ltr'>de</span> <span class='ocrx_word' id='word_1_653' title='bbox 1232 957 1298 978; x_wconf 82' lang='lat' dir='ltr'>extr.</span> <span class='ocrx_word' id='word_1_654' title='bbox 1319 953 1391 978; x_wconf 86' lang='lat' dir='ltr'>crim.</span> <span class='ocrx_word' id='word_1_655' title='bbox 1415 952 1456 978; x_wconf 72' lang='lat'>47.</span> <span class='ocrx_word' id='word_1_656' title='bbox 1477 953 1518 978; x_wconf 85' lang='lat'>11.</span> <span class='ocrx_word' id='word_1_657' title='bbox 1556 951 1585 978; x_wconf 83' lang='lat' dir='ltr'>Si</span> <span class='ocrx_word' id='word_1_658' title='bbox 1610 951 1703 977; x_wconf 91' lang='lat' dir='ltr'>domus</span> <span class='ocrx_word' id='word_1_659' title='bbox 1727 950 1824 978; x_wconf 72' lang='lat' dir='ltr'>ususfr.</span> <span class='ocrx_word' id='word_1_660' title='bbox 1850 951 1951 988; x_wconf 79' lang='lat' dir='ltr'>legatus</span> <span class='ocrx_word' id='word_1_661' title='bbox 1976 952 2019 977; x_wconf 91' lang='lat' dir='ltr'>sit.</span> 
     </span>
     <span class='ocr_line' id='line_1_84' title="bbox 1179 994 2021 1032; baseline -0.001 -11"><span class='ocrx_word' id='word_1_662' title='bbox 1179 996 1312 1022; x_wconf 83' lang='lat' dir='ltr'>meritoria</span> <span class='ocrx_word' id='word_1_663' title='bbox 1336 994 1391 1021; x_wconf 89' lang='lat' dir='ltr'>illic</span> <span class='ocrx_word' id='word_1_664' title='bbox 1414 994 1499 1021; x_wconf 80' lang='lat' dir='ltr'>facere</span> <span class='ocrx_word' id='word_1_665' title='bbox 1522 994 1679 1021; x_wconf 82' lang='lat' dir='ltr'>fructuarius</span> <span class='ocrx_word' id='word_1_666' title='bbox 1704 1004 1756 1020; x_wconf 89' lang='lat' dir='ltr'>non</span> <span class='ocrx_word' id='word_1_667' title='bbox 1782 994 1874 1026; x_wconf 72' lang='lat' dir='ltr'>debet..</span> <span class='ocrx_word' id='word_1_668' title='bbox 1899 1004 1946 1021; x_wconf 81' lang='lat' dir='ltr'>nec</span> <span class='ocrx_word' id='word_1_669' title='bbox 1973 1004 2021 1032; x_wconf 84' lang='lat' dir='ltr'>per</span> 
     </span>
     <span class='ocr_line' id='line_1_85' title="bbox 1179 1036 2002 1070; baseline -0.002 -5"><span class='ocrx_word' id='word_1_670' title='bbox 1179 1037 1318 1065; x_wconf 84' lang='lat' dir='ltr'>coenacula</span> <span class='ocrx_word' id='word_1_671' title='bbox 1337 1037 1455 1064; x_wconf 79' lang='lat' dir='ltr'>dividere</span> <span class='ocrx_word' id='word_1_672' title='bbox 1474 1037 1587 1063; x_wconf 84' lang='lat' dir='ltr'>domum.</span> <span class='ocrx_word' id='word_1_673' title='bbox 1614 1036 1645 1064; x_wconf 86' lang='lat' dir='ltr'>sr.</span> <span class='ocrx_word' id='word_1_674' title='bbox 1660 1038 1700 1063; x_wconf 87' lang='lat'>13.</span> <span class='ocrx_word' id='word_1_675' title='bbox 1720 1037 1742 1070; x_wconf 83' lang='lat'>5.</span> <span class='ocrx_word' id='word_1_676' title='bbox 1758 1038 1782 1063; x_wconf 85' lang='lat'>8.</span> <span class='ocrx_word' id='word_1_677' title='bbox 1802 1036 1834 1064; x_wconf 87' lang='lat' dir='ltr'>de</span> <span class='ocrx_word' id='word_1_678' title='bbox 1853 1036 1921 1063; x_wconf 76' lang='lat' dir='ltr'>usul&#39;.</span> <span class='ocrx_word' id='word_1_679' title='bbox 1941 1039 1964 1064; x_wconf 89' lang='lat'>7.</span> <span class='ocrx_word' id='word_1_680' title='bbox 1979 1039 2002 1063; x_wconf 92' lang='lat'>1.</span> 
     </span>
    </p>

    <p class='ocr_par' dir='ltr' id='par_1_24' title="bbox 1178 1079 2022 1290">
     <span class='ocr_line' id='line_1_86' title="bbox 1215 1079 2021 1117; baseline -0.002 -9"><span class='ocrx_word' id='word_1_681' title='bbox 1215 1082 1399 1108; x_wconf 66' lang='lat' dir='ltr'>coenare.</span> <span class='ocrx_word' id='word_1_682' title='bbox 1439 1082 1574 1107; x_wconf 71' lang='lat' dir='ltr'>Coenam</span> <span class='ocrx_word' id='word_1_683' title='bbox 1597 1090 1728 1106; x_wconf 75' lang='lat' dir='ltr'>sumere.</span> <span class='ocrx_word' id='word_1_684' title='bbox 1766 1079 1808 1106; x_wconf 92' lang='lat' dir='ltr'>III.</span> <span class='ocrx_word' id='word_1_685' title='bbox 1830 1081 1896 1107; x_wconf 76' lang='lat' dir='ltr'>Cn.</span> <span class='ocrx_word' id='word_1_686' title='bbox 1921 1079 1957 1106; x_wconf 80' lang='lat' dir='ltr'>Vt</span> <span class='ocrx_word' id='word_1_687' title='bbox 1976 1090 2021 1117; x_wconf 89' lang='lat' dir='ltr'>po-</span> 
     </span>
     <span class='ocr_line' id='line_1_87' title="bbox 1179 1121 2021 1160; baseline -0.004 -9"><span class='ocrx_word' id='word_1_688' title='bbox 1179 1134 1249 1151; x_wconf 88' lang='lat' dir='ltr'>mum</span> <span class='ocrx_word' id='word_1_689' title='bbox 1269 1124 1412 1160; x_wconf 75' lang='lat' dir='ltr'>decerpere</span> <span class='ocrx_word' id='word_1_690' title='bbox 1430 1122 1516 1152; x_wconf 82' lang='lat' dir='ltr'>liceat.</span> <span class='ocrx_word' id='word_1_691' title='bbox 1536 1127 1564 1149; x_wconf 91' lang='lat' dir='ltr'>ut</span> <span class='ocrx_word' id='word_1_692' title='bbox 1577 1123 1693 1159; x_wconf 77' lang='lat' dir='ltr'>spatiari.</span> <span class='ocrx_word' id='word_1_693' title='bbox 1712 1127 1741 1149; x_wconf 83' lang='lat' dir='ltr'>ut</span> <span class='ocrx_word' id='word_1_694' title='bbox 1760 1132 1871 1149; x_wconf 85' lang='lat' dir='ltr'>coenare</span> <span class='ocrx_word' id='word_1_695' title='bbox 1889 1123 1916 1148; x_wconf 89' lang='lat' dir='ltr'>in</span> <span class='ocrx_word' id='word_1_696' title='bbox 1935 1121 2021 1149; x_wconf 87' lang='lat' dir='ltr'>alieno</span> 
     </span>
     <span class='ocr_line' id='line_1_88' title="bbox 1178 1165 2022 1206; baseline -0.004 -12"><span class='ocrx_word' id='word_1_697' title='bbox 1178 1169 1323 1206; x_wconf 90' lang='lat' dir='ltr'>possimus.</span> <span class='ocrx_word' id='word_1_698' title='bbox 1342 1166 1372 1193; x_wconf 82' lang='lat' dir='ltr'>fr.</span> <span class='ocrx_word' id='word_1_699' title='bbox 1386 1167 1410 1192; x_wconf 83' lang='lat'>8.</span> <span class='ocrx_word' id='word_1_700' title='bbox 1424 1176 1464 1203; x_wconf 87' lang='lat' dir='ltr'>pr.</span> <span class='ocrx_word' id='word_1_701' title='bbox 1485 1166 1517 1193; x_wconf 83' lang='lat' dir='ltr'>de</span> <span class='ocrx_word' id='word_1_702' title='bbox 1536 1166 1626 1192; x_wconf 72' lang='lat' dir='ltr'>servit.</span> <span class='ocrx_word' id='word_1_703' title='bbox 1646 1166 1670 1191; x_wconf 82' lang='grc'>8.</span> <span class='ocrx_word' id='word_1_704' title='bbox 1685 1167 1708 1192; x_wconf 91' lang='grc'>1.</span> <span class='ocrx_word' id='word_1_705' title='bbox 1737 1165 1818 1201; x_wconf 84' lang='lat' dir='ltr'>Quod</span> <span class='ocrx_word' id='word_1_706' title='bbox 1836 1166 2022 1192; x_wconf 81' lang='lat' dir='ltr'>vestimentum</span> 
     </span>
     <span class='ocr_line' id='line_1_89' title="bbox 1180 1208 2021 1240; baseline -0.002 -3"><span class='ocrx_word' id='word_1_707' title='bbox 1180 1221 1257 1237; x_wconf 79' lang='lat' dir='ltr'>servo</span> <span class='ocrx_word' id='word_1_708' title='bbox 1272 1210 1394 1236; x_wconf 88' lang='lat' dir='ltr'>dominus</span> <span class='ocrx_word' id='word_1_709' title='bbox 1414 1210 1449 1235; x_wconf 80' lang='lat' dir='ltr'>ita</span> <span class='ocrx_word' id='word_1_710' title='bbox 1468 1208 1542 1235; x_wconf 87' lang='lat' dir='ltr'>dedit</span> <span class='ocrx_word' id='word_1_711' title='bbox 1560 1208 1698 1240; x_wconf 76' lang='lat' dir='ltr'>utendum.</span> <span class='ocrx_word' id='word_1_712' title='bbox 1719 1224 1751 1228; x_wconf 97' lang='lat'>—</span> <span class='ocrx_word' id='word_1_713' title='bbox 1771 1218 1829 1234; x_wconf 88' lang='lat' dir='ltr'>cum</span> <span class='ocrx_word' id='word_1_714' title='bbox 1848 1224 1880 1228; x_wconf 86' lang='lat'>-—</span> <span class='ocrx_word' id='word_1_715' title='bbox 1901 1209 2021 1235; x_wconf 84' lang='lat' dir='ltr'>coenanti</span> 
     </span>
     <span class='ocr_line' id='line_1_90' title="bbox 1179 1251 1721 1290; baseline -0.006 -10"><span class='ocrx_word' id='word_1_716' title='bbox 1179 1253 1346 1280; x_wconf 82' lang='lat' dir='ltr'>ministrabit.</span> <span class='ocrx_word' id='word_1_717' title='bbox 1366 1252 1397 1279; x_wconf 84' lang='lat' dir='ltr'>l&#39;r.</span> <span class='ocrx_word' id='word_1_718' title='bbox 1416 1254 1459 1279; x_wconf 80' lang='lat'>25.</span> <span class='ocrx_word' id='word_1_719' title='bbox 1479 1252 1512 1278; x_wconf 87' lang='lat' dir='ltr'>de</span> <span class='ocrx_word' id='word_1_720' title='bbox 1530 1251 1616 1290; x_wconf 83' lang='lat' dir='ltr'>pecul.</span> <span class='ocrx_word' id='word_1_721' title='bbox 1636 1253 1677 1278; x_wconf 86' lang='lat'>15.</span> <span class='ocrx_word' id='word_1_722' title='bbox 1698 1253 1721 1277; x_wconf 93' lang='lat'>1.</span> 
     </span>
    </p>

    <p class='ocr_par' dir='ltr' id='par_1_25' title="bbox 1156 1296 2023 1418">
     <span class='ocr_line' id='line_1_91' title="bbox 1217 1296 2023 1329; baseline -0.004 -5"><span class='ocrx_word' id='word_1_723' title='bbox 1217 1296 1476 1324; x_wconf 71' lang='lat' dir='ltr'>Coenaticum.</span> <span class='ocrx_word' id='word_1_724' title='bbox 1523 1297 1692 1322; x_wconf 79' lang='lat' dir='ltr'>Tributum</span> <span class='ocrx_word' id='word_1_725' title='bbox 1721 1296 1900 1326; x_wconf 77' lang='lat' dir='ltr'>militibus,</span> <span class='ocrx_word' id='word_1_726' title='bbox 1928 1297 2023 1329; x_wconf 70' lang='lat' dir='ltr'>quasi</span> 
     </span>
     <span class='ocr_line' id='line_1_92' title="bbox 1177 1337 2022 1375; baseline -0.005 -8"><span class='ocrx_word' id='word_1_727' title='bbox 1177 1350 1236 1375; x_wconf 77' lang='lat' dir='ltr'>pro</span> <span class='ocrx_word' id='word_1_728' title='bbox 1264 1349 1376 1370; x_wconf 81' lang='lat' dir='ltr'>coena,</span> <span class='ocrx_word' id='word_1_729' title='bbox 1403 1340 1609 1373; x_wconf 75' lang='lat' dir='ltr'>pendendum.</span> <span class='ocrx_word' id='word_1_730' title='bbox 1654 1337 1697 1364; x_wconf 90' lang='lat' dir='ltr'>III.</span> <span class='ocrx_word' id='word_1_731' title='bbox 1719 1338 1785 1365; x_wconf 72' lang='lat' dir='ltr'>Cn.</span> <span class='ocrx_word' id='word_1_732' title='bbox 1819 1337 1849 1364; x_wconf 92' lang='grc'>111</span> <span class='ocrx_word' id='word_1_733' title='bbox 1877 1338 2022 1374; x_wconf 86' lang='lat' dir='ltr'>provinciis</span> 
     </span>
     <span class='ocr_line' id='line_1_93' title="bbox 1156 1376 2023 1418; baseline -0.003 -9"><span class='ocrx_word' id='word_1_734' title='bbox 1156 1376 1158 1404; x_wconf 66' lang='lat' dir='ltr'>l</span> <span class='ocrx_word' id='word_1_735' title='bbox 1180 1384 1307 1409; x_wconf 86' lang='lat' dir='ltr'>stationes</span> <span class='ocrx_word' id='word_1_736' title='bbox 1327 1381 1440 1408; x_wconf 83' lang='lat' dir='ltr'>militum</span> <span class='ocrx_word' id='word_1_737' title='bbox 1460 1380 1574 1408; x_wconf 81' lang='lat' dir='ltr'>adficere</span> <span class='ocrx_word' id='word_1_738' title='bbox 1592 1397 1625 1400; x_wconf 96' lang='lat'><strong>—</strong></span> <span class='ocrx_word' id='word_1_739' title='bbox 1643 1379 1822 1418; x_wconf 71' lang='lat' dir='ltr'>possidentes,</span> <span class='ocrx_word' id='word_1_740' title='bbox 1843 1391 1856 1406; x_wconf 88' lang='lat' dir='ltr'>a</span> <span class='ocrx_word' id='word_1_741' title='bbox 1871 1380 1967 1417; x_wconf 90' lang='lat' dir='ltr'>quibus</span> <span class='ocrx_word' id='word_1_742' title='bbox 1981 1390 2023 1407; x_wconf 85' lang='lat' dir='ltr'>su-</span> 
     </span>
    </p>
   </div>
   <div class='ocr_carea' id='block_1_19' title="bbox 1156 1423 2023 1464">
    <p class='ocr_par' dir='ltr' id='par_1_26' title="bbox 1156 1423 2023 1464">
     <span class='ocr_line' id='line_1_94' title="bbox 1156 1423 2023 1464; baseline -0.003 -12"><span class='ocrx_word' id='word_1_743' title='bbox 1156 1452 1158 1460; x_wconf 52' lang='lat'>.</span> <span class='ocrx_word' id='word_1_744' title='bbox 1180 1430 1386 1464; x_wconf 84' lang='lat' dir='ltr'>perstatutorum</span> <span class='ocrx_word' id='word_1_745' title='bbox 1404 1434 1482 1460; x_wconf 79' lang='lat' dir='ltr'>grave</span> <span class='ocrx_word' id='word_1_746' title='bbox 1501 1429 1578 1461; x_wconf 81' lang='lat' dir='ltr'>atque</span> <span class='ocrx_word' id='word_1_747' title='bbox 1597 1425 1750 1450; x_wconf 75' lang='lat' dir='ltr'>inusitatum</span> <span class='ocrx_word' id='word_1_748' title='bbox 1770 1423 1903 1460; x_wconf 85' lang='lat' dir='ltr'>quoddam</span> <span class='ocrx_word' id='word_1_749' title='bbox 1927 1433 2023 1449; x_wconf 88' lang='lat' dir='ltr'>nomen</span> 
     </span>
    </p>
   </div>
   <div class='ocr_carea' id='block_1_20' title="bbox 1180 1465 2023 1758">
    <p class='ocr_par' dir='ltr' id='par_1_27' title="bbox 1180 1465 2021 1547">
     <span class='ocr_line' id='line_1_95' title="bbox 1181 1465 2021 1496; baseline -0.005 0"><span class='ocrx_word' id='word_1_750' title='bbox 1181 1470 1374 1496; x_wconf 81' lang='lat' dir='ltr'>coenaticorum</span> <span class='ocrx_word' id='word_1_751' title='bbox 1391 1466 1470 1493; x_wconf 86' lang='lat' dir='ltr'>fuerit</span> <span class='ocrx_word' id='word_1_752' title='bbox 1488 1467 1675 1494; x_wconf 86' lang='lat' dir='ltr'>introductum.</span> <span class='ocrx_word' id='word_1_753' title='bbox 1705 1466 1756 1493; x_wconf 89' lang='lat' dir='ltr'>Th.</span> <span class='ocrx_word' id='word_1_754' title='bbox 1771 1466 1802 1493; x_wconf 86' lang='lat' dir='ltr'>C.</span> <span class='ocrx_word' id='word_1_755' title='bbox 1823 1465 1879 1493; x_wconf 70' lang='lat' dir='ltr'>HI.</span> <span class='ocrx_word' id='word_1_756' title='bbox 1899 1468 1924 1492; x_wconf 77' lang='lat'>4.</span> <span class='ocrx_word' id='word_1_757' title='bbox 1944 1476 1966 1492; x_wconf 91' lang='lat' dir='ltr'>c.</span> <span class='ocrx_word' id='word_1_758' title='bbox 1981 1468 2021 1492; x_wconf 78' lang='lat'>12.</span> 
     </span>
     <span class='ocr_line' id='line_1_96' title="bbox 1180 1510 1488 1547; baseline -0.01 -8"><span class='ocrx_word' id='word_1_759' title='bbox 1180 1512 1213 1539; x_wconf 86' lang='lat' dir='ltr'>de</span> <span class='ocrx_word' id='word_1_760' title='bbox 1232 1521 1301 1547; x_wconf 77' lang='lat' dir='ltr'>erog.</span> <span class='ocrx_word' id='word_1_761' title='bbox 1321 1510 1374 1537; x_wconf 83' lang='lat' dir='ltr'>mil.</span> <span class='ocrx_word' id='word_1_762' title='bbox 1394 1519 1488 1537; x_wconf 84' lang='lat' dir='ltr'>annon.</span> 
     </span>
    </p>

    <p class='ocr_par' dir='ltr' id='par_1_28' title="bbox 1180 1553 2023 1718">
     <span class='ocr_line' id='line_1_97' title="bbox 1216 1553 2023 1585; baseline -0.004 -4"><span class='ocrx_word' id='word_1_763' title='bbox 1216 1554 1409 1582; x_wconf 76' lang='lat' dir='ltr'>Coenatio.</span> <span class='ocrx_word' id='word_1_764' title='bbox 1458 1555 1563 1580; x_wconf 71' lang='lat' dir='ltr'>Locus</span> <span class='ocrx_word' id='word_1_765' title='bbox 1589 1555 1629 1580; x_wconf 83' lang='lat' dir='ltr'>ad</span> <span class='ocrx_word' id='word_1_766' title='bbox 1655 1555 1869 1585; x_wconf 81' lang='lat' dir='ltr'>coenandum,</span> <span class='ocrx_word' id='word_1_767' title='bbox 1901 1553 2023 1579; x_wconf 72' lang='lat' dir='ltr'>Tricli-</span> 
     </span>
     <span class='ocr_line' id='line_1_98' title="bbox 1180 1595 2023 1625; baseline -0.005 -1"><span class='ocrx_word' id='word_1_768' title='bbox 1180 1600 1278 1625; x_wconf 82' lang='lat' dir='ltr'>nium.</span> <span class='ocrx_word' id='word_1_769' title='bbox 1324 1596 1367 1623; x_wconf 93' lang='lat' dir='ltr'>Ill.</span> <span class='ocrx_word' id='word_1_770' title='bbox 1397 1597 1464 1624; x_wconf 69' lang='lat'>(711.</span> <span class='ocrx_word' id='word_1_771' title='bbox 1500 1595 1583 1622; x_wconf 69' lang='lat' dir='ltr'>Nemo</span> <span class='ocrx_word' id='word_1_772' title='bbox 1611 1595 1724 1622; x_wconf 86' lang='lat' dir='ltr'>militum</span> <span class='ocrx_word' id='word_1_773' title='bbox 1753 1596 1779 1622; x_wconf 88' lang='grc'>111</span> <span class='ocrx_word' id='word_1_774' title='bbox 1807 1606 1836 1621; x_wconf 81' lang='lat' dir='ltr'>ea</span> <span class='ocrx_word' id='word_1_775' title='bbox 1869 1595 2023 1621; x_wconf 83' lang='lat' dir='ltr'>coenatione</span> 
     </span>
     <span class='ocr_line' id='line_1_99' title="bbox 1181 1636 2021 1677; baseline -0.004 -10"><span class='ocrx_word' id='word_1_776' title='bbox 1181 1641 1325 1677; x_wconf 82' lang='lat' dir='ltr'>hospitium</span> <span class='ocrx_word' id='word_1_777' title='bbox 1345 1638 1395 1665; x_wconf 85' lang='lat' dir='ltr'>sibi</span> <span class='ocrx_word' id='word_1_778' title='bbox 1415 1638 1549 1665; x_wconf 80' lang='lat' dir='ltr'>vindicare</span> <span class='ocrx_word' id='word_1_779' title='bbox 1568 1638 1674 1670; x_wconf 80' lang='lat' dir='ltr'>audeat,</span> <span class='ocrx_word' id='word_1_780' title='bbox 1694 1640 1720 1665; x_wconf 90' lang='lat' dir='ltr'>in</span> <span class='ocrx_word' id='word_1_781' title='bbox 1740 1648 1790 1674; x_wconf 84' lang='lat' dir='ltr'>qua</span> <span class='ocrx_word' id='word_1_782' title='bbox 1809 1639 1868 1675; x_wconf 82' lang='lat' dir='ltr'>ipse</span> <span class='ocrx_word' id='word_1_783' title='bbox 1886 1636 2021 1675; x_wconf 85' lang='lat' dir='ltr'>paterfam.</span> 
     </span>
     <span class='ocr_line' id='line_1_100' title="bbox 1180 1681 1923 1718; baseline -0.005 -8"><span class='ocrx_word' id='word_1_784' title='bbox 1180 1684 1299 1710; x_wconf 81' lang='lat' dir='ltr'>habitare</span> <span class='ocrx_word' id='word_1_785' title='bbox 1318 1681 1394 1708; x_wconf 79' lang='lat' dir='ltr'>solet.</span> <span class='ocrx_word' id='word_1_786' title='bbox 1423 1681 1516 1708; x_wconf 88' lang='lat' dir='ltr'>Iuliani</span> <span class='ocrx_word' id='word_1_787' title='bbox 1537 1682 1598 1718; x_wconf 81' lang='lat' dir='ltr'>epit.</span> <span class='ocrx_word' id='word_1_788' title='bbox 1619 1691 1678 1707; x_wconf 80' lang='lat' dir='ltr'>nov.</span> <span class='ocrx_word' id='word_1_789' title='bbox 1698 1692 1719 1708; x_wconf 91' lang='lat' dir='ltr'>c.</span> <span class='ocrx_word' id='word_1_790' title='bbox 1741 1683 1799 1707; x_wconf 73' lang='lat'>123.</span> <span class='ocrx_word' id='word_1_791' title='bbox 1820 1681 1843 1714; x_wconf 88' lang='lat'>5.</span> <span class='ocrx_word' id='word_1_792' title='bbox 1864 1682 1923 1706; x_wconf 71' lang='lat'>540.</span> 
     </span>
    </p>

    <p class='ocr_par' dir='ltr' id='par_1_29' title="bbox 1217 1724 2022 1758">
     <span class='ocr_line' id='line_1_101' title="bbox 1217 1724 2022 1758; baseline -0.004 -5"><span class='ocrx_word' id='word_1_793' title='bbox 1217 1725 1476 1753; x_wconf 79' lang='lat' dir='ltr'>coenatorius.</span> <span class='ocrx_word' id='word_1_794' title='bbox 1506 1724 1635 1758; x_wconf 70' lang='lat' dir='ltr'>(Adiect.)</span> <span class='ocrx_word' id='word_1_795' title='bbox 1671 1726 1718 1751; x_wconf 74' lang='lat' dir='ltr'>Aa</span> <span class='ocrx_word' id='word_1_796' title='bbox 1735 1734 1862 1751; x_wconf 74' lang='lat' dir='ltr'>coenam</span> <span class='ocrx_word' id='word_1_797' title='bbox 1882 1726 2022 1750; x_wconf 74' lang='lat' dir='ltr'>idoneus.</span> 
     </span>
    </p>
   </div>
   <div class='ocr_carea' id='block_1_21' title="bbox 1157 1766 2024 1854">
    <p class='ocr_par' dir='ltr' id='par_1_30' title="bbox 1157 1766 2024 1854">
     <span class='ocr_line' id='line_1_102' title="bbox 1157 1766 2024 1807; baseline -0.003 -11"><span class='ocrx_word' id='word_1_798' title='bbox 1157 1803 1159 1807; x_wconf 94' lang='lat'>.</span> <span class='ocrx_word' id='word_1_799' title='bbox 1180 1769 1222 1796; x_wconf 89' lang='lat' dir='ltr'>Ill.</span> <span class='ocrx_word' id='word_1_800' title='bbox 1239 1770 1304 1796; x_wconf 70' lang='lat'>(711.</span> <span class='ocrx_word' id='word_1_801' title='bbox 1333 1767 1480 1803; x_wconf 79' lang='lat' dir='ltr'>Quemdam</span> <span class='ocrx_word' id='word_1_802' title='bbox 1500 1767 1654 1794; x_wconf 81' lang='lat' dir='ltr'>Senatorem</span> <span class='ocrx_word' id='word_1_803' title='bbox 1673 1766 1846 1794; x_wconf 85' lang='lat' dir='ltr'>muliebribus</span> <span class='ocrx_word' id='word_1_804' title='bbox 1867 1768 1925 1801; x_wconf 92' lang='lat' dir='ltr'>(sc.</span> <span class='ocrx_word' id='word_1_805' title='bbox 1944 1767 2024 1794; x_wconf 83' lang='lat' dir='ltr'>vesti-</span> 
     </span>
     <span class='ocr_line' id='line_1_103' title="bbox 1157 1810 2008 1854; baseline -0.002 -16"><span class='ocrx_word' id='word_1_806' title='bbox 1157 1835 1159 1854; x_wconf 39' lang='lat'>}</span> <span class='ocrx_word' id='word_1_807' title='bbox 1181 1812 1244 1845; x_wconf 87' lang='lat' dir='ltr'>bus)</span> <span class='ocrx_word' id='word_1_808' title='bbox 1264 1812 1422 1838; x_wconf 77' lang='lat' dir='ltr'>coenatoriis</span> <span class='ocrx_word' id='word_1_809' title='bbox 1442 1812 1480 1837; x_wconf 88' lang='lat' dir='ltr'>uti</span> <span class='ocrx_word' id='word_1_810' title='bbox 1493 1810 1608 1837; x_wconf 86' lang='lat' dir='ltr'>solitum.</span> <span class='ocrx_word' id='word_1_811' title='bbox 1628 1810 1658 1837; x_wconf 80' lang='lat' dir='ltr'>fr.</span> <span class='ocrx_word' id='word_1_812' title='bbox 1671 1812 1713 1837; x_wconf 90' lang='lat'>33</span> <span class='ocrx_word' id='word_1_813' title='bbox 1734 1810 1767 1837; x_wconf 90' lang='lat' dir='ltr'>de</span> <span class='ocrx_word' id='word_1_814' title='bbox 1779 1820 1842 1837; x_wconf 90' lang='lat' dir='ltr'>auro</span> <span class='ocrx_word' id='word_1_815' title='bbox 1856 1820 1908 1847; x_wconf 80' lang='lat' dir='ltr'>arg.</span> <span class='ocrx_word' id='word_1_816' title='bbox 1928 1811 1970 1837; x_wconf 84' lang='lat'>34.</span> <span class='ocrx_word' id='word_1_817' title='bbox 1984 1812 2008 1836; x_wconf 79' lang='lat'>2.</span> 
     </span>
    </p>
   </div>
   <div class='ocr_carea' id='block_1_22' title="bbox 1181 1854 2024 1976">
    <p class='ocr_par' dir='ltr' id='par_1_31' title="bbox 1181 1854 2024 1976">
     <span class='ocr_line' id='line_1_104' title="bbox 1218 1854 2023 1886; baseline -0.002 -4"><span class='ocrx_word' id='word_1_818' title='bbox 1218 1854 1461 1882; x_wconf 75' lang='lat' dir='ltr'>coenobitae.</span> <span class='ocrx_word' id='word_1_819' title='bbox 1503 1856 1539 1880; x_wconf 84' lang='lat' dir='ltr'>In</span> <span class='ocrx_word' id='word_1_820' title='bbox 1562 1856 1736 1886; x_wconf 78' lang='lat' dir='ltr'>sodalitio,</span> <span class='ocrx_word' id='word_1_821' title='bbox 1767 1857 1809 1881; x_wconf 72' lang='lat' dir='ltr'>vel</span> <span class='ocrx_word' id='word_1_822' title='bbox 1837 1856 2023 1885; x_wconf 71' lang='lat' dir='ltr'>consortio,</span> 
     </span>
     <span class='ocr_line' id='line_1_105' title="bbox 1181 1896 2024 1929; baseline -0.001 -5"><span class='ocrx_word' id='word_1_823' title='bbox 1181 1900 1335 1925; x_wconf 75' lang='lat' dir='ltr'>viventes.</span> <span class='ocrx_word' id='word_1_824' title='bbox 1372 1896 1414 1923; x_wconf 79' lang='lat'>111.</span> <span class='ocrx_word' id='word_1_825' title='bbox 1436 1898 1501 1924; x_wconf 70' lang='lat'>(711.</span> <span class='ocrx_word' id='word_1_826' title='bbox 1530 1896 1603 1922; x_wconf 74' lang='lat' dir='ltr'>Nulli</span> <span class='ocrx_word' id='word_1_827' title='bbox 1627 1896 1796 1929; x_wconf 74' lang='lat' dir='ltr'>clericorum,</span> <span class='ocrx_word' id='word_1_828' title='bbox 1820 1897 1862 1923; x_wconf 81' lang='lat' dir='ltr'>vel</span> <span class='ocrx_word' id='word_1_829' title='bbox 1885 1896 2024 1923; x_wconf 84' lang='lat' dir='ltr'>monacho-</span> 
     </span>
     <span class='ocr_line' id='line_1_106' title="bbox 1181 1937 2022 1976; baseline -0.002 -9"><span class='ocrx_word' id='word_1_830' title='bbox 1181 1950 1246 1972; x_wconf 86' lang='lat' dir='ltr'>rnm.</span> <span class='ocrx_word' id='word_1_831' title='bbox 1267 1950 1357 1966; x_wconf 88' lang='lat' dir='ltr'>eorum</span> <span class='ocrx_word' id='word_1_832' title='bbox 1376 1941 1453 1966; x_wconf 85' lang='lat' dir='ltr'>etiam</span> <span class='ocrx_word' id='word_1_833' title='bbox 1472 1949 1539 1976; x_wconf 88' lang='lat' dir='ltr'>quos</span> <span class='ocrx_word' id='word_1_834' title='bbox 1559 1939 1710 1966; x_wconf 81' lang='lat' dir='ltr'>coenobitas</span> <span class='ocrx_word' id='word_1_835' title='bbox 1730 1944 1825 1966; x_wconf 80' lang='lat' dir='ltr'>vorant</span> <span class='ocrx_word' id='word_1_836' title='bbox 1844 1945 1892 1966; x_wconf 82' lang='lat' dir='ltr'>etc.</span> <span class='ocrx_word' id='word_1_837' title='bbox 1926 1939 1976 1965; x_wconf 87' lang='lat' dir='ltr'>Th.</span> <span class='ocrx_word' id='word_1_838' title='bbox 1991 1937 2022 1966; x_wconf 90' lang='lat' dir='ltr'>C.</span> 
     </span>
    </p>
   </div>
   <div class='ocr_carea' id='block_1_23' title="bbox 1158 1982 1600 2020">
    <p class='ocr_par' dir='ltr' id='par_1_32' title="bbox 1158 1982 1600 2020">
     <span class='ocr_line' id='line_1_107' title="bbox 1158 1982 1600 2020; baseline -0.002 -11"><span class='ocrx_word' id='word_1_839' title='bbox 1158 2013 1160 2018; x_wconf 32' lang='grc' dir='ltr'>Ι</span> <span class='ocrx_word' id='word_1_840' title='bbox 1183 1983 1228 2010; x_wconf 67' lang='lat' dir='ltr'>lx.</span> <span class='ocrx_word' id='word_1_841' title='bbox 1248 1985 1289 2009; x_wconf 64' lang='lat'>40.</span> <span class='ocrx_word' id='word_1_842' title='bbox 1310 1994 1331 2009; x_wconf 92' lang='lat' dir='ltr'>c.</span> <span class='ocrx_word' id='word_1_843' title='bbox 1353 1985 1393 2009; x_wconf 76' lang='lat'>16.</span> <span class='ocrx_word' id='word_1_844' title='bbox 1412 1993 1452 2020; x_wconf 83' lang='lat' dir='ltr'>pr.</span> <span class='ocrx_word' id='word_1_845' title='bbox 1472 1982 1505 2009; x_wconf 82' lang='lat' dir='ltr'>de</span> <span class='ocrx_word' id='word_1_846' title='bbox 1524 1992 1600 2019; x_wconf 83' lang='lat' dir='ltr'>poen.</span> 
     </span>
    </p>
   </div>
   <div class='ocr_carea' id='block_1_24' title="bbox 1182 2024 2024 2143">
    <p class='ocr_par' dir='ltr' id='par_1_33' title="bbox 1182 2024 2024 2143">
     <span class='ocr_line' id='line_1_108' title="bbox 1218 2024 2022 2059; baseline -0.001 -7"><span class='ocrx_word' id='word_1_847' title='bbox 1218 2026 1420 2053; x_wconf 69' lang='lat' dir='ltr'>coenosus.</span> <span class='ocrx_word' id='word_1_848' title='bbox 1458 2025 1597 2059; x_wconf 82' lang='lat' dir='ltr'>(Adiect.)</span> <span class='ocrx_word' id='word_1_849' title='bbox 1643 2026 1834 2059; x_wconf 72' lang='lat' dir='ltr'>Squalidus.</span> <span class='ocrx_word' id='word_1_850' title='bbox 1881 2024 1923 2050; x_wconf 88' lang='lat' dir='ltr'>III.</span> <span class='ocrx_word' id='word_1_851' title='bbox 1957 2025 2022 2052; x_wconf 77' lang='grc'><strong><em>011.</em></strong></span> 
     </span>
     <span class='ocr_line' id='line_1_109' title="bbox 1182 2067 2024 2105; baseline -0.002 -10"><span class='ocrx_word' id='word_1_852' title='bbox 1182 2069 1281 2105; x_wconf 84' lang='lat' dir='ltr'>Erepto</span> <span class='ocrx_word' id='word_1_853' title='bbox 1295 2067 1438 2104; x_wconf 87' lang='lat' dir='ltr'>splendore</span> <span class='ocrx_word' id='word_1_854' title='bbox 1458 2069 1522 2099; x_wconf 72' lang='lat' dir='ltr'>eius.</span> <span class='ocrx_word' id='word_1_855' title='bbox 1543 2072 1568 2093; x_wconf 81' lang='lat' dir='ltr'>et</span> <span class='ocrx_word' id='word_1_856' title='bbox 1588 2067 1725 2093; x_wconf 82' lang='lat' dir='ltr'>consulatu</span> <span class='ocrx_word' id='word_1_857' title='bbox 1745 2079 1757 2093; x_wconf 89' lang='lat' dir='ltr'>a</span> <span class='ocrx_word' id='word_1_858' title='bbox 1777 2072 1858 2093; x_wconf 84' lang='lat' dir='ltr'>taetra</span> <span class='ocrx_word' id='word_1_859' title='bbox 1878 2067 1977 2099; x_wconf 73' lang='lat' dir='ltr'>illuvie.</span> <span class='ocrx_word' id='word_1_860' title='bbox 1999 2072 2024 2094; x_wconf 86' lang='lat' dir='ltr'>et</span> 
     </span>
     <span class='ocr_line' id='line_1_110' title="bbox 1182 2109 2023 2143; baseline -0.001 -6"><span class='ocrx_word' id='word_1_861' title='bbox 1182 2122 1195 2137; x_wconf 90' lang='lat' dir='ltr'>a</span> <span class='ocrx_word' id='word_1_862' title='bbox 1215 2111 1461 2137; x_wconf 78' lang='lat' dir='ltr'>commemoratione</span> <span class='ocrx_word' id='word_1_863' title='bbox 1480 2111 1593 2136; x_wconf 88' lang='lat' dir='ltr'>nominis</span> <span class='ocrx_word' id='word_1_864' title='bbox 1613 2111 1682 2143; x_wconf 70' lang='lat' dir='ltr'>eiuS.</span> <span class='ocrx_word' id='word_1_865' title='bbox 1707 2116 1731 2137; x_wconf 86' lang='lat' dir='ltr'>et</span> <span class='ocrx_word' id='word_1_866' title='bbox 1757 2111 1879 2137; x_wconf 78' lang='lat' dir='ltr'>coenosis</span> <span class='ocrx_word' id='word_1_867' title='bbox 1899 2109 2023 2136; x_wconf 85' lang='lat' dir='ltr'>sordibus</span> 
     </span>
    </p>
   </div>
   <div class='ocr_carea' id='block_1_25' title="bbox 1159 2152 1567 2182">
    <p class='ocr_par' dir='ltr' id='par_1_34' title="bbox 1159 2152 1567 2182">
     <span class='ocr_line' id='line_1_111' title="bbox 1159 2152 1567 2182; baseline -0.007 -1"><span class='ocrx_word' id='word_1_868' title='bbox 1159 2179 1160 2182; x_wconf 76' lang='grc'>,</span> <span class='ocrx_word' id='word_1_869' title='bbox 1182 2153 1324 2180; x_wconf 78' lang='lat' dir='ltr'>vindicato.</span> <span class='ocrx_word' id='word_1_870' title='bbox 1353 2152 1391 2178; x_wconf 87' lang='lat' dir='ltr'>lb.</span> <span class='ocrx_word' id='word_1_871' title='bbox 1411 2152 1427 2179; x_wconf 93' lang='lat' dir='ltr'>l.</span> <span class='ocrx_word' id='word_1_872' title='bbox 1449 2152 1464 2179; x_wconf 90' lang='lat' dir='ltr'>l.</span> <span class='ocrx_word' id='word_1_873' title='bbox 1486 2163 1506 2179; x_wconf 87' lang='lat' dir='ltr'>c.</span> <span class='ocrx_word' id='word_1_874' title='bbox 1528 2154 1567 2178; x_wconf 86' lang='lat'>17.</span> 
     </span>
    </p>
   </div>
   <div class='ocr_carea' id='block_1_26' title="bbox 1164 2195 2023 2872">
    <p class='ocr_par' dir='ltr' id='par_1_35' title="bbox 1183 2195 2023 2524">
     <span class='ocr_line' id='line_1_112' title="bbox 1219 2195 2022 2228; baseline -0.002 -4"><span class='ocrx_word' id='word_1_875' title='bbox 1219 2197 1398 2224; x_wconf 66' lang='lat' dir='ltr'>Coenum.</span> <span class='ocrx_word' id='word_1_876' title='bbox 1425 2197 1611 2228; x_wconf 70' lang='lat' dir='ltr'>Colluvies,</span> <span class='ocrx_word' id='word_1_877' title='bbox 1632 2197 1870 2224; x_wconf 63' lang='lat' dir='ltr'>luanuntlitiac.</span> <span class='ocrx_word' id='word_1_878' title='bbox 1899 2195 2022 2224; x_wconf 68' lang='lat' dir='ltr'>HLGn.</span> 
     </span>
     <span class='ocr_line' id='line_1_113' title="bbox 1183 2238 2022 2276; baseline -0.001 -10"><span class='ocrx_word' id='word_1_879' title='bbox 1183 2240 1212 2266; x_wconf 88' lang='lat' dir='ltr'>Si</span> <span class='ocrx_word' id='word_1_880' title='bbox 1233 2240 1292 2276; x_wconf 88' lang='lat' dir='ltr'>quis</span> <span class='ocrx_word' id='word_1_881' title='bbox 1313 2238 1374 2264; x_wconf 89' lang='lat' dir='ltr'>limo</span> <span class='ocrx_word' id='word_1_882' title='bbox 1395 2243 1519 2275; x_wconf 86' lang='lat' dir='ltr'>corrupto</span> <span class='ocrx_word' id='word_1_883' title='bbox 1540 2238 1653 2275; x_wconf 82' lang='lat' dir='ltr'>aliquem</span> <span class='ocrx_word' id='word_1_884' title='bbox 1671 2239 1829 2276; x_wconf 72' lang='lat' dir='ltr'>perfuderit.</span> <span class='ocrx_word' id='word_1_885' title='bbox 1849 2249 1945 2266; x_wconf 86' lang='lat' dir='ltr'>coeno.</span> <span class='ocrx_word' id='word_1_886' title='bbox 1965 2238 2022 2266; x_wconf 89' lang='lat' dir='ltr'>luto</span> 
     </span>
     <span class='ocr_line' id='line_1_114' title="bbox 1184 2280 2023 2316; baseline 0 -8"><span class='ocrx_word' id='word_1_887' title='bbox 1184 2282 1336 2308; x_wconf 85' lang='lat' dir='ltr'>oblinuerit.</span> <span class='ocrx_word' id='word_1_888' title='bbox 1365 2280 1436 2307; x_wconf 87' lang='lat' dir='ltr'>Paul.</span> <span class='ocrx_word' id='word_1_889' title='bbox 1458 2280 1488 2307; x_wconf 77' lang='lat' dir='ltr'>V.</span> <span class='ocrx_word' id='word_1_890' title='bbox 1513 2283 1536 2308; x_wconf 73' lang='lat'>4.</span> <span class='ocrx_word' id='word_1_891' title='bbox 1561 2282 1644 2316; x_wconf 58' lang='lat'>5113.</span> <span class='ocrx_word' id='word_1_892' title='bbox 1686 2281 1714 2307; x_wconf 90' lang='lat' dir='ltr'>In</span> <span class='ocrx_word' id='word_1_893' title='bbox 1738 2282 1821 2308; x_wconf 89' lang='lat' dir='ltr'>lutum</span> <span class='ocrx_word' id='word_1_894' title='bbox 1847 2287 1891 2308; x_wconf 89' lang='lat' dir='ltr'>aut</span> <span class='ocrx_word' id='word_1_895' title='bbox 1914 2291 2023 2308; x_wconf 87' lang='lat' dir='ltr'>coenum</span> 
     </span>
     <span class='ocr_line' id='line_1_115' title="bbox 1184 2324 2023 2362; baseline -0.001 -10"><span class='ocrx_word' id='word_1_896' title='bbox 1184 2325 1314 2352; x_wconf 82' lang='lat' dir='ltr'>cecidisse</span> <span class='ocrx_word' id='word_1_897' title='bbox 1333 2325 1382 2357; x_wconf 83' lang='lat' dir='ltr'>(sc.</span> <span class='ocrx_word' id='word_1_898' title='bbox 1397 2324 1502 2355; x_wconf 86' lang='lat' dir='ltr'>lanam).</span> <span class='ocrx_word' id='word_1_899' title='bbox 1523 2329 1600 2360; x_wconf 83' lang='lat' dir='ltr'>atquc</span> <span class='ocrx_word' id='word_1_900' title='bbox 1619 2325 1653 2350; x_wconf 85' lang='lat' dir='ltr'>ita</span> <span class='ocrx_word' id='word_1_901' title='bbox 1672 2325 1813 2361; x_wconf 80' lang='lat' dir='ltr'>pristinum</span> <span class='ocrx_word' id='word_1_902' title='bbox 1833 2325 1947 2351; x_wconf 86' lang='lat' dir='ltr'>colorem</span> <span class='ocrx_word' id='word_1_903' title='bbox 1966 2335 2023 2362; x_wconf 88' lang='lat' dir='ltr'>per-</span> 
     </span>
     <span class='ocr_line' id='line_1_116' title="bbox 1184 2366 2023 2405; baseline -0.001 -10"><span class='ocrx_word' id='word_1_904' title='bbox 1184 2368 1290 2395; x_wconf 78' lang='lat' dir='ltr'>didisse.</span> <span class='ocrx_word' id='word_1_905' title='bbox 1315 2367 1345 2393; x_wconf 69' lang='lat' dir='ltr'>l&#39;r.</span> <span class='ocrx_word' id='word_1_906' title='bbox 1365 2368 1407 2393; x_wconf 77' lang='lat'>26.</span> <span class='ocrx_word' id='word_1_907' title='bbox 1432 2367 1453 2400; x_wconf 90' lang='lat'>5.</span> <span class='ocrx_word' id='word_1_908' title='bbox 1472 2369 1497 2394; x_wconf 86' lang='lat'>3.</span> <span class='ocrx_word' id='word_1_909' title='bbox 1525 2367 1557 2393; x_wconf 85' lang='lat' dir='ltr'>dc</span> <span class='ocrx_word' id='word_1_910' title='bbox 1576 2366 1607 2393; x_wconf 80' lang='lat' dir='ltr'>A.</span> <span class='ocrx_word' id='word_1_911' title='bbox 1627 2366 1657 2393; x_wconf 75' lang='grc'>11.</span> <span class='ocrx_word' id='word_1_912' title='bbox 1678 2367 1711 2393; x_wconf 84' lang='lat' dir='ltr'>D.</span> <span class='ocrx_word' id='word_1_913' title='bbox 1732 2369 1772 2394; x_wconf 68' lang='lat'>41.</span> <span class='ocrx_word' id='word_1_914' title='bbox 1794 2370 1816 2394; x_wconf 96' lang='lat'>1.</span> <span class='ocrx_word' id='word_1_915' title='bbox 1854 2368 1946 2395; x_wconf 76' lang='lat' dir='ltr'>Coeno</span> <span class='ocrx_word' id='word_1_916' title='bbox 1964 2378 2023 2405; x_wconf 89' lang='lat' dir='ltr'>pro-</span> 
     </span>
     <span class='ocr_line' id='line_1_117' title="bbox 1184 2409 2023 2448; baseline -0.001 -10"><span class='ocrx_word' id='word_1_917' title='bbox 1184 2411 1327 2438; x_wconf 69' lang='lat' dir='ltr'>sanaturum</span> <span class='ocrx_word' id='word_1_918' title='bbox 1353 2410 1520 2446; x_wconf 66' lang='lat' dir='ltr'>religionum.</span> <span class='ocrx_word' id='word_1_919' title='bbox 1550 2409 1792 2447; x_wconf 76' lang='lat' dir='ltr'>haereticorumque</span> <span class='ocrx_word' id='word_1_920' title='bbox 1820 2410 1944 2437; x_wconf 87' lang='lat' dir='ltr'>sordibus</span> <span class='ocrx_word' id='word_1_921' title='bbox 1967 2410 2023 2448; x_wconf 92' lang='lat' dir='ltr'>pol-</span> 
     </span>
     <span class='ocr_line' id='line_1_118' title="bbox 1186 2452 2021 2491; baseline 0 -11"><span class='ocrx_word' id='word_1_922' title='bbox 1186 2455 1264 2480; x_wconf 76' lang='lat' dir='ltr'>luere.</span> <span class='ocrx_word' id='word_1_923' title='bbox 1295 2453 1344 2480; x_wconf 93' lang='lat' dir='ltr'>Th.</span> <span class='ocrx_word' id='word_1_924' title='bbox 1365 2453 1396 2479; x_wconf 82' lang='lat' dir='ltr'>C.</span> <span class='ocrx_word' id='word_1_925' title='bbox 1415 2452 1485 2479; x_wconf 66' lang='grc' dir='ltr'>ΧΠ.</span> <span class='ocrx_word' id='word_1_926' title='bbox 1510 2454 1533 2478; x_wconf 88' lang='grc'>6.</span> <span class='ocrx_word' id='word_1_927' title='bbox 1560 2463 1581 2478; x_wconf 88' lang='lat' dir='ltr'>c.</span> <span class='ocrx_word' id='word_1_928' title='bbox 1601 2455 1624 2479; x_wconf 79' lang='lat' dir='ltr'>(j.</span> <span class='ocrx_word' id='word_1_929' title='bbox 1644 2463 1684 2490; x_wconf 90' lang='lat' dir='ltr'>pr.</span> <span class='ocrx_word' id='word_1_930' title='bbox 1713 2463 1745 2479; x_wconf 87' lang='lat' dir='ltr'>ne</span> <span class='ocrx_word' id='word_1_931' title='bbox 1764 2454 1791 2480; x_wconf 91' lang='lat' dir='ltr'>S.</span> <span class='ocrx_word' id='word_1_932' title='bbox 1812 2453 1932 2491; x_wconf 88' lang='lat' dir='ltr'>baptism.</span> <span class='ocrx_word' id='word_1_933' title='bbox 1951 2453 2021 2480; x_wconf 74' lang='lat' dir='ltr'>XVI.</span> 
     </span>
     <span class='ocr_line' id='line_1_119' title="bbox 1185 2495 1559 2524; baseline -0.008 0"><span class='ocrx_word' id='word_1_934' title='bbox 1185 2500 1207 2524; x_wconf 74' lang='lat'>9.</span> <span class='ocrx_word' id='word_1_935' title='bbox 1229 2508 1250 2523; x_wconf 91' lang='lat' dir='ltr'>c.</span> <span class='ocrx_word' id='word_1_936' title='bbox 1270 2499 1293 2523; x_wconf 67' lang='lat'>4.</span> <span class='ocrx_word' id='word_1_937' title='bbox 1315 2506 1346 2522; x_wconf 89' lang='lat' dir='ltr'>ne</span> <span class='ocrx_word' id='word_1_938' title='bbox 1367 2495 1456 2521; x_wconf 87' lang='lat' dir='ltr'>christ.</span> <span class='ocrx_word' id='word_1_939' title='bbox 1476 2505 1559 2521; x_wconf 89' lang='lat' dir='ltr'>manc.</span> 
     </span>
    </p>

    <p class='ocr_par' dir='ltr' id='par_1_36' title="bbox 1164 2538 2022 2745">
     <span class='ocr_line' id='line_1_120' title="bbox 1221 2538 2022 2576; baseline -0.002 -9"><span class='ocrx_word' id='word_1_940' title='bbox 1221 2539 1406 2573; x_wconf 78' lang='lat' dir='ltr'>Coepisse.</span> <span class='ocrx_word' id='word_1_941' title='bbox 1434 2539 1594 2572; x_wconf 71' lang='lat' dir='ltr'>Incipere.</span> <span class='ocrx_word' id='word_1_942' title='bbox 1619 2538 1637 2565; x_wconf 94' lang='lat'>1.</span> <span class='ocrx_word' id='word_1_943' title='bbox 1653 2540 1714 2573; x_wconf 75' lang='lat' dir='ltr'>Sy.</span> <span class='ocrx_word' id='word_1_944' title='bbox 1734 2539 1830 2576; x_wconf 76' lang='lat' dir='ltr'>Coepit</span> <span class='ocrx_word' id='word_1_945' title='bbox 1849 2550 1916 2566; x_wconf 69' lang='lat' dir='ltr'>esse.</span> <span class='ocrx_word' id='word_1_946' title='bbox 1937 2540 2022 2575; x_wconf 84' lang='lat' dir='ltr'>Origi-</span> 
     </span>
     <span class='ocr_line' id='line_1_121' title="bbox 1187 2580 2020 2616; baseline -0.001 -7"><span class='ocrx_word' id='word_1_947' title='bbox 1187 2593 1243 2609; x_wconf 80' lang='lat' dir='ltr'>nem</span> <span class='ocrx_word' id='word_1_948' title='bbox 1258 2582 1359 2609; x_wconf 73' lang='lat' dir='ltr'>sumsit.</span> <span class='ocrx_word' id='word_1_949' title='bbox 1379 2580 1409 2606; x_wconf 81' lang='lat' dir='ltr'>fr.</span> <span class='ocrx_word' id='word_1_950' title='bbox 1424 2581 1447 2606; x_wconf 71' lang='lat'>4.</span> <span class='ocrx_word' id='word_1_951' title='bbox 1463 2590 1502 2616; x_wconf 89' lang='lat' dir='ltr'>sq.</span> <span class='ocrx_word' id='word_1_952' title='bbox 1523 2581 1555 2607; x_wconf 78' lang='lat' dir='ltr'>de.</span> <span class='ocrx_word' id='word_1_953' title='bbox 1574 2580 1592 2607; x_wconf 92' lang='grc'>1.</span> <span class='ocrx_word' id='word_1_954' title='bbox 1608 2586 1633 2607; x_wconf 83' lang='lat' dir='ltr'>et</span> <span class='ocrx_word' id='word_1_955' title='bbox 1651 2581 1670 2608; x_wconf 92' lang='lat' dir='ltr'>I.</span> <span class='ocrx_word' id='word_1_956' title='bbox 1691 2583 1713 2608; x_wconf 93' lang='lat'>1.</span> <span class='ocrx_word' id='word_1_957' title='bbox 1735 2584 1757 2608; x_wconf 91' lang='lat' dir='ltr'>l.</span> <span class='ocrx_word' id='word_1_958' title='bbox 1785 2582 1933 2609; x_wconf 84' lang='lat' dir='ltr'>Iustituere.</span> <span class='ocrx_word' id='word_1_959' title='bbox 1952 2581 1982 2608; x_wconf 75' lang='lat' dir='ltr'>fr.</span> <span class='ocrx_word' id='word_1_960' title='bbox 1996 2584 2020 2608; x_wconf 78' lang='lat'>2.</span> 
     </span>
     <span class='ocr_line' id='line_1_122' title="bbox 1186 2623 2020 2661; baseline -0.001 -9"><span class='ocrx_word' id='word_1_961' title='bbox 1186 2626 1224 2659; x_wconf 90' lang='lat'>55.</span> <span class='ocrx_word' id='word_1_962' title='bbox 1246 2627 1267 2651; x_wconf 94' lang='lat'>1.</span> <span class='ocrx_word' id='word_1_963' title='bbox 1287 2626 1310 2651; x_wconf 84' lang='lat'>3.</span> <span class='ocrx_word' id='word_1_964' title='bbox 1338 2623 1370 2650; x_wconf 76' lang='lat' dir='ltr'>de</span> <span class='ocrx_word' id='word_1_965' title='bbox 1395 2624 1428 2649; x_wconf 86' lang='lat' dir='ltr'>O.</span> <span class='ocrx_word' id='word_1_966' title='bbox 1449 2623 1466 2649; x_wconf 90' lang='lat' dir='ltr'>I.</span> <span class='ocrx_word' id='word_1_967' title='bbox 1492 2625 1514 2649; x_wconf 91' lang='lat'>1.</span> <span class='ocrx_word' id='word_1_968' title='bbox 1535 2626 1559 2650; x_wconf 77' lang='lat'>2.</span> <span class='ocrx_word' id='word_1_969' title='bbox 1601 2624 1733 2650; x_wconf 83' lang='lat' dir='ltr'>Inchoare.</span> <span class='ocrx_word' id='word_1_970' title='bbox 1765 2624 1795 2651; x_wconf 78' lang='lat' dir='ltr'>t‘r.</span> <span class='ocrx_word' id='word_1_971' title='bbox 1817 2626 1838 2651; x_wconf 94' lang='grc'>1.</span> <span class='ocrx_word' id='word_1_972' title='bbox 1863 2625 1900 2659; x_wconf 91' lang='lat'>55.</span> <span class='ocrx_word' id='word_1_973' title='bbox 1919 2627 1943 2651; x_wconf 82' lang='lat'>2.</span> <span class='ocrx_word' id='word_1_974' title='bbox 1962 2634 2020 2661; x_wconf 84' lang='lat' dir='ltr'>sqq.</span> 
     </span>
     <span class='ocr_line' id='line_1_123' title="bbox 1164 2665 2021 2704; baseline -0.002 -9"><span class='ocrx_word' id='word_1_975' title='bbox 1164 2686 1165 2689; x_wconf 67' lang='lat'><em>=</em></span> <span class='ocrx_word' id='word_1_976' title='bbox 1188 2668 1217 2695; x_wconf 79' lang='lat' dir='ltr'>l&#39;r.</span> <span class='ocrx_word' id='word_1_977' title='bbox 1237 2670 1261 2694; x_wconf 77' lang='lat' dir='ltr'>(i.</span> <span class='ocrx_word' id='word_1_978' title='bbox 1281 2667 1303 2701; x_wconf 93' lang='lat'>5.</span> <span class='ocrx_word' id='word_1_979' title='bbox 1324 2668 1346 2692; x_wconf 92' lang='lat'>1.</span> <span class='ocrx_word' id='word_1_980' title='bbox 1372 2665 1401 2692; x_wconf 82' lang='lat' dir='ltr'>fr.</span> <span class='ocrx_word' id='word_1_981' title='bbox 1424 2667 1446 2692; x_wconf 86' lang='lat'>7.</span> <span class='ocrx_word' id='word_1_982' title='bbox 1466 2666 1497 2692; x_wconf 84' lang='lat' dir='ltr'>l&#39;r.</span> <span class='ocrx_word' id='word_1_983' title='bbox 1519 2668 1558 2692; x_wconf 71' lang='grc'>11.</span> <span class='ocrx_word' id='word_1_984' title='bbox 1579 2666 1610 2693; x_wconf 88' lang='lat' dir='ltr'>de</span> <span class='ocrx_word' id='word_1_985' title='bbox 1629 2667 1739 2704; x_wconf 88' lang='lat' dir='ltr'>pollicit.</span> <span class='ocrx_word' id='word_1_986' title='bbox 1759 2669 1800 2693; x_wconf 87' lang='lat'>50.</span> <span class='ocrx_word' id='word_1_987' title='bbox 1822 2669 1861 2693; x_wconf 88' lang='lat'>12.</span> <span class='ocrx_word' id='word_1_988' title='bbox 1898 2667 2021 2703; x_wconf 72' lang='lat' dir='ltr'>Adgredi.</span> 
     </span>
     <span class='ocr_line' id='line_1_124' title="bbox 1164 2709 2020 2745; baseline -0.001 -8"><span class='ocrx_word' id='word_1_989' title='bbox 1164 2715 1165 2741; x_wconf 58' lang='grc' dir='ltr'><strong>ἱ</strong></span> <span class='ocrx_word' id='word_1_990' title='bbox 1188 2711 1217 2737; x_wconf 77' lang='grc'><strong><em>1’1·.</em></strong></span> <span class='ocrx_word' id='word_1_991' title='bbox 1238 2714 1261 2736; x_wconf 75' lang='grc' dir='ltr'>δ.</span> <span class='ocrx_word' id='word_1_992' title='bbox 1282 2719 1321 2745; x_wconf 83' lang='lat' dir='ltr'>sq.</span> <span class='ocrx_word' id='word_1_993' title='bbox 1341 2709 1376 2735; x_wconf 91' lang='lat' dir='ltr'>ib.</span> <span class='ocrx_word' id='word_1_994' title='bbox 1395 2711 1436 2735; x_wconf 85' lang='grc'>50.</span> <span class='ocrx_word' id='word_1_995' title='bbox 1459 2711 1497 2735; x_wconf 78' lang='grc'>12.</span> <span class='ocrx_word' id='word_1_996' title='bbox 1535 2709 1565 2735; x_wconf 93' lang='lat' dir='ltr'>ll.</span> <span class='ocrx_word' id='word_1_997' title='bbox 1587 2712 1654 2744; x_wconf 77' lang='lat' dir='ltr'>Op.</span> <span class='ocrx_word' id='word_1_998' title='bbox 1683 2709 1820 2737; x_wconf 79' lang='lat' dir='ltr'>Perlicerc.</span> <span class='ocrx_word' id='word_1_999' title='bbox 1849 2710 1878 2736; x_wconf 83' lang='lat' dir='ltr'>sr.</span> <span class='ocrx_word' id='word_1_1000' title='bbox 1900 2711 1922 2736; x_wconf 89' lang='lat'>1.</span> <span class='ocrx_word' id='word_1_1001' title='bbox 1947 2710 1977 2736; x_wconf 73' lang='lat' dir='ltr'>l&#39;r.</span> <span class='ocrx_word' id='word_1_1002' title='bbox 1996 2711 2020 2736; x_wconf 84' lang='lat'>6.</span> 
     </span>
    </p>

    <p class='ocr_par' dir='ltr' id='par_1_37' title="bbox 1164 2751 2022 2833">
     <span class='ocr_line' id='line_1_125' title="bbox 1188 2751 2020 2786; baseline 0 -7"><span class='ocrx_word' id='word_1_1003' title='bbox 1188 2753 1217 2779; x_wconf 78' lang='lat' dir='ltr'>l&#39;r.</span> <span class='ocrx_word' id='word_1_1004' title='bbox 1238 2756 1261 2779; x_wconf 73' lang='lat'>8.</span> <span class='ocrx_word' id='word_1_1005' title='bbox 1283 2752 1312 2778; x_wconf 79' lang='lat' dir='ltr'>fr.</span> <span class='ocrx_word' id='word_1_1006' title='bbox 1334 2754 1373 2778; x_wconf 81' lang='lat' dir='ltr'>l-t.</span> <span class='ocrx_word' id='word_1_1007' title='bbox 1394 2751 1428 2778; x_wconf 83' lang='lat' dir='ltr'>ib.</span> <span class='ocrx_word' id='word_1_1008' title='bbox 1448 2754 1489 2778; x_wconf 87' lang='lat'>50.</span> <span class='ocrx_word' id='word_1_1009' title='bbox 1512 2754 1551 2778; x_wconf 90' lang='lat'>12.</span> <span class='ocrx_word' id='word_1_1010' title='bbox 1571 2752 1601 2778; x_wconf 84' lang='lat' dir='ltr'>fr.</span> <span class='ocrx_word' id='word_1_1011' title='bbox 1622 2754 1661 2778; x_wconf 88' lang='grc'>15.</span> <span class='ocrx_word' id='word_1_1012' title='bbox 1681 2753 1703 2786; x_wconf 91' lang='lat'>5.</span> <span class='ocrx_word' id='word_1_1013' title='bbox 1718 2754 1758 2780; x_wconf 91' lang='lat'>17.</span> <span class='ocrx_word' id='word_1_1014' title='bbox 1778 2753 1811 2779; x_wconf 83' lang='lat' dir='ltr'>de</span> <span class='ocrx_word' id='word_1_1015' title='bbox 1829 2753 1904 2779; x_wconf 89' lang='lat' dir='ltr'>iniur.</span> <span class='ocrx_word' id='word_1_1016' title='bbox 1924 2754 2020 2779; x_wconf 71' lang='lat'>47.10.</span> 
     </span>
     <span class='ocr_line' id='line_1_126' title="bbox 1164 2787 2022 2833; baseline 0.001 -12"><span class='ocrx_word' id='word_1_1017' title='bbox 1164 2787 1165 2799; x_wconf 53' lang='lat' dir='ltr'>l</span> <span class='ocrx_word' id='word_1_1018' title='bbox 1187 2796 1216 2822; x_wconf 86' lang='lat' dir='ltr'>Si</span> <span class='ocrx_word' id='word_1_1019' title='bbox 1235 2795 1341 2831; x_wconf 85' lang='lat' dir='ltr'>propria</span> <span class='ocrx_word' id='word_1_1020' title='bbox 1361 2804 1419 2820; x_wconf 80' lang='lat' dir='ltr'>esse</span> <span class='ocrx_word' id='word_1_1021' title='bbox 1438 2796 1607 2831; x_wconf 87' lang='lat' dir='ltr'>promissoris</span> <span class='ocrx_word' id='word_1_1022' title='bbox 1626 2797 1740 2833; x_wconf 83' lang='lat' dir='ltr'>coeperit</span> <span class='ocrx_word' id='word_1_1023' title='bbox 1761 2795 1836 2829; x_wconf 87' lang='lat' dir='ltr'>(res).</span> <span class='ocrx_word' id='word_1_1024' title='bbox 1861 2811 1892 2814; x_wconf 97' lang='lat'><strong>—</strong></span> <span class='ocrx_word' id='word_1_1025' title='bbox 1916 2795 1945 2822; x_wconf 85' lang='lat' dir='ltr'>Si</span> <span class='ocrx_word' id='word_1_1026' title='bbox 1964 2806 2022 2833; x_wconf 85' lang='lat' dir='ltr'>per-</span> 
     </span>
    </p>

    <p class='ocr_par' dir='ltr' id='par_1_38' title="bbox 1187 2837 2019 2872">
     <span class='ocr_line' id='line_1_127' title="bbox 1187 2837 2019 2872; baseline 0 -9"><span class='ocrx_word' id='word_1_1027' title='bbox 1187 2838 1347 2864; x_wconf 70' lang='lat' dir='ltr'>severaverit</span> <span class='ocrx_word' id='word_1_1028' title='bbox 1368 2837 1458 2864; x_wconf 74' lang='lat' dir='ltr'>aliena.</span> <span class='ocrx_word' id='word_1_1029' title='bbox 1478 2838 1509 2864; x_wconf 52' lang='lat' dir='ltr'>l&#39;r.</span> <span class='ocrx_word' id='word_1_1030' title='bbox 1522 2840 1564 2864; x_wconf 66' lang='lat'>38.</span> <span class='ocrx_word' id='word_1_1031' title='bbox 1579 2838 1601 2872; x_wconf 84' lang='lat'>5.</span> <span class='ocrx_word' id='word_1_1032' title='bbox 1614 2840 1638 2864; x_wconf 82' lang='grc'>4.</span> <span class='ocrx_word' id='word_1_1033' title='bbox 1659 2838 1691 2864; x_wconf 81' lang='lat' dir='ltr'>de</span> <span class='ocrx_word' id='word_1_1034' title='bbox 1710 2838 1741 2865; x_wconf 81' lang='lat' dir='ltr'>V.</span> <span class='ocrx_word' id='word_1_1035' title='bbox 1762 2837 1794 2864; x_wconf 88' lang='grc' dir='ltr'>Ο.</span> <span class='ocrx_word' id='word_1_1036' title='bbox 1813 2839 1854 2863; x_wconf 78' lang='grc'>45.</span> <span class='ocrx_word' id='word_1_1037' title='bbox 1877 2839 1897 2863; x_wconf 90' lang='grc'>1.</span> <span class='ocrx_word' id='word_1_1038' title='bbox 1918 2837 1949 2864; x_wconf 79' lang='lat' dir='ltr'>cs.</span> <span class='ocrx_word' id='word_1_1039' title='bbox 1964 2838 2019 2864; x_wconf 68' lang='lat' dir='ltr'>Gai.</span> 
     </span>
    </p>
   </div>
   <div class='ocr_carea' id='block_1_27' title="bbox 1151 267 1167 2883">
    <p class='ocr_par' dir='ltr' id='par_1_39' title="bbox 1151 267 1167 2883">
     <span class='ocr_line' id='line_1_128' title="bbox 1151 267 1167 2883; baseline 0 0"><span class='ocrx_word' id='word_1_1040' title='bbox 1151 267 1167 2883; x_wconf 95' lang='lat' dir='ltr'> </span> 
     </span>
    </p>
   </div>
  </div>
 </body>
</html>
