<?xml version="1.0" encoding="UTF-8"?>
<!DOCTYPE html PUBLIC "-//W3C//DTD XHTML 1.0 Transitional//EN"
    "http://www.w3.org/TR/xhtml1/DTD/xhtml1-transitional.dtd">
<html xmlns="http://www.w3.org/1999/xhtml" xml:lang="en" lang="en">
 <head>
  <title>
</title>
<meta http-equiv="Content-Type" content="text/html;charset=utf-8" />
  <meta name='ocr-system' content='tesseract 3.04.00' />
  <meta name='ocr-capabilities' content='ocr_page ocr_carea ocr_par ocr_line ocrx_word'/>
</head>
<body>
  <div class='ocr_page' id='page_1' title='image "./manualelatinitat00dirk_0926.png"; bbox 0 0 2197 3121; ppageno 0'>
   <div class='ocr_carea' id='block_1_1' title="bbox 263 181 327 212">
    <p class='ocr_par' dir='ltr' id='par_1_1' title="bbox 263 181 327 212">
     <span class='ocr_line' id='line_1_1' title="bbox 263 181 327 212; baseline 0 0"><span class='ocrx_word' id='word_1_1' title='bbox 263 181 327 212; x_wconf 85' lang='lat'>912</span> 
     </span>
    </p>
   </div>
   <div class='ocr_carea' id='block_1_2' title="bbox 264 261 1130 1802">
    <p class='ocr_par' dir='ltr' id='par_1_2' title="bbox 267 261 1109 376">
     <span class='ocr_line' id='line_1_2' title="bbox 268 261 1109 300; baseline -0.001 -10"><span class='ocrx_word' id='word_1_2' title='bbox 268 265 291 290; x_wconf 90' lang='lat'>7.</span> <span class='ocrx_word' id='word_1_3' title='bbox 312 279 343 283; x_wconf 93' lang='lat'><strong>—</strong></span> <span class='ocrx_word' id='word_1_4' title='bbox 363 264 394 297; x_wconf 79' lang='lat'>§-</span> <span class='ocrx_word' id='word_1_5' title='bbox 414 264 450 290; x_wconf 67' lang='lat'>20</span> <span class='ocrx_word' id='word_1_6' title='bbox 471 265 642 290; x_wconf 70' lang='lat' dir='ltr'>Funditus.</span> <span class='ocrx_word' id='word_1_7' title='bbox 680 262 722 289; x_wconf 91' lang='lat'>111.</span> <span class='ocrx_word' id='word_1_8' title='bbox 735 263 800 290; x_wconf 68' lang='lat' dir='ltr'>Gn.</span> <span class='ocrx_word' id='word_1_9' title='bbox 823 261 856 288; x_wconf 89' lang='lat' dir='ltr'>Vt</span> <span class='ocrx_word' id='word_1_10' title='bbox 876 278 906 283; x_wconf 92' lang='lat'>—</span> <span class='ocrx_word' id='word_1_11' title='bbox 927 263 1001 300; x_wconf 87' lang='lat' dir='ltr'>stirp.</span> <span class='ocrx_word' id='word_1_12' title='bbox 1022 272 1109 300; x_wconf 85' lang='lat' dir='ltr'>ampu-</span> 
     </span>
     <span class='ocr_line' id='line_1_3' title="bbox 267 304 1108 343; baseline -0.001 -10"><span class='ocrx_word' id='word_1_13' title='bbox 267 307 316 333; x_wconf 82' lang='lat' dir='ltr'>tari</span> <span class='ocrx_word' id='word_1_14' title='bbox 336 306 401 333; x_wconf 88' lang='lat' dir='ltr'>mala</span> <span class='ocrx_word' id='word_1_15' title='bbox 421 306 484 332; x_wconf 86' lang='lat' dir='ltr'>haec</span> <span class='ocrx_word' id='word_1_16' title='bbox 504 306 618 341; x_wconf 84' lang='lat' dir='ltr'>nequitia</span> <span class='ocrx_word' id='word_1_17' title='bbox 639 322 668 326; x_wconf 97' lang='lat'><strong>—</strong></span> <span class='ocrx_word' id='word_1_18' title='bbox 690 306 783 343; x_wconf 81' lang='lat' dir='ltr'>possit.</span> <span class='ocrx_word' id='word_1_19' title='bbox 804 304 874 332; x_wconf 85' lang='lat' dir='ltr'>Coll.</span> <span class='ocrx_word' id='word_1_20' title='bbox 893 304 946 332; x_wconf 84' lang='lat' dir='ltr'>LL.</span> <span class='ocrx_word' id='word_1_21' title='bbox 964 305 997 332; x_wconf 83' lang='lat' dir='ltr'>M.</span> <span class='ocrx_word' id='word_1_22' title='bbox 1011 304 1070 332; x_wconf 75' lang='lat' dir='ltr'>XV.</span> <span class='ocrx_word' id='word_1_23' title='bbox 1083 307 1108 332; x_wconf 84' lang='lat'>3.</span> 
     </span>
     <span class='ocr_line' id='line_1_4' title="bbox 267 348 654 376; baseline -0.003 0"><span class='ocrx_word' id='word_1_24' title='bbox 267 359 288 376; x_wconf 94' lang='lat' dir='ltr'>c.</span> <span class='ocrx_word' id='word_1_25' title='bbox 307 350 351 375; x_wconf 88' lang='grc'>30,</span> <span class='ocrx_word' id='word_1_26' title='bbox 371 349 403 375; x_wconf 85' lang='lat' dir='ltr'>de</span> <span class='ocrx_word' id='word_1_27' title='bbox 422 350 478 375; x_wconf 85' lang='lat' dir='ltr'>iure</span> <span class='ocrx_word' id='word_1_28' title='bbox 497 348 549 374; x_wconf 85' lang='lat' dir='ltr'>dot.</span> <span class='ocrx_word' id='word_1_29' title='bbox 569 350 593 374; x_wconf 85' lang='lat'>5.</span> <span class='ocrx_word' id='word_1_30' title='bbox 615 350 654 375; x_wconf 73' lang='lat'>12.</span> 
     </span>
    </p>

    <p class='ocr_par' dir='ltr' id='par_1_3' title="bbox 265 391 1108 1028">
     <span class='ocr_line' id='line_1_5' title="bbox 301 391 1108 427; baseline -0.002 -8"><span class='ocrx_word' id='word_1_31' title='bbox 301 392 433 425; x_wconf 71' lang='lat' dir='ltr'>Stil-ps.</span> <span class='ocrx_word' id='word_1_32' title='bbox 471 391 501 423; x_wconf 73' lang='lat'>§-</span> <span class='ocrx_word' id='word_1_33' title='bbox 522 392 556 417; x_wconf 88' lang='lat'>1.</span> <span class='ocrx_word' id='word_1_34' title='bbox 580 393 726 418; x_wconf 75' lang='lat' dir='ltr'><strong><em>Truncus</em></strong></span> <span class='ocrx_word' id='word_1_35' title='bbox 745 393 886 423; x_wconf 81' lang='lat' dir='ltr'>arboris,</span> <span class='ocrx_word' id='word_1_36' title='bbox 909 392 953 425; x_wconf 86' lang='lat' dir='ltr'>(ex</span> <span class='ocrx_word' id='word_1_37' title='bbox 974 401 1024 427; x_wconf 87' lang='lat' dir='ltr'>quo</span> <span class='ocrx_word' id='word_1_38' title='bbox 1045 392 1108 417; x_wconf 85' lang='lat' dir='ltr'>rami</span> 
     </span>
     <span class='ocr_line' id='line_1_6' title="bbox 266 433 1108 471; baseline -0.001 -10"><span class='ocrx_word' id='word_1_39' title='bbox 266 437 384 466; x_wconf 83' lang='lat' dir='ltr'>exeunt.)</span> <span class='ocrx_word' id='word_1_40' title='bbox 420 433 462 459; x_wconf 78' lang='lat' dir='ltr'>Ill.</span> <span class='ocrx_word' id='word_1_41' title='bbox 476 435 542 461; x_wconf 80' lang='lat' dir='ltr'>Cn.</span> <span class='ocrx_word' id='word_1_42' title='bbox 563 433 662 461; x_wconf 76' lang='lat' dir='ltr'>Vitium</span> <span class='ocrx_word' id='word_1_43' title='bbox 682 435 780 471; x_wconf 87' lang='lat' dir='ltr'>stirpes</span> <span class='ocrx_word' id='word_1_44' title='bbox 800 439 877 471; x_wconf 83' lang='lat' dir='ltr'>atque</span> <span class='ocrx_word' id='word_1_45' title='bbox 896 434 1005 460; x_wconf 78' lang='lat' dir='ltr'>radices.</span> <span class='ocrx_word' id='word_1_46' title='bbox 1025 434 1108 460; x_wconf 82' lang='lat' dir='ltr'>sr.55.</span> 
     </span>
     <span class='ocr_line' id='line_1_7' title="bbox 266 476 1108 512; baseline -0.001 -8"><span class='ocrx_word' id='word_1_47' title='bbox 266 478 288 511; x_wconf 86' lang='lat'>3.</span> <span class='ocrx_word' id='word_1_48' title='bbox 304 479 326 503; x_wconf 66' lang='lat'>4.</span> <span class='ocrx_word' id='word_1_49' title='bbox 348 477 379 503; x_wconf 82' lang='lat' dir='ltr'>de</span> <span class='ocrx_word' id='word_1_50' title='bbox 399 476 472 512; x_wconf 76' lang='lat' dir='ltr'>legat.</span> <span class='ocrx_word' id='word_1_51' title='bbox 493 476 535 502; x_wconf 93' lang='lat' dir='ltr'>lll.</span> <span class='ocrx_word' id='word_1_52' title='bbox 556 477 624 510; x_wconf 76' lang='lat'>(32.)</span> <span class='ocrx_word' id='word_1_53' title='bbox 662 478 737 512; x_wconf 82' lang='lat' dir='ltr'>Quae</span> <span class='ocrx_word' id='word_1_54' title='bbox 756 479 805 510; x_wconf 89' lang='lat' dir='ltr'>(sc.</span> <span class='ocrx_word' id='word_1_55' title='bbox 824 477 904 509; x_wconf 83' lang='lat' dir='ltr'>silva)</span> <span class='ocrx_word' id='word_1_56' title='bbox 923 477 1034 508; x_wconf 85' lang='lat' dir='ltr'>succisa,</span> <span class='ocrx_word' id='word_1_57' title='bbox 1054 487 1108 503; x_wconf 89' lang='lat' dir='ltr'>rur-</span> 
     </span>
     <span class='ocr_line' id='line_1_8' title="bbox 265 519 1108 557; baseline 0.001 -12"><span class='ocrx_word' id='word_1_58' title='bbox 265 529 312 546; x_wconf 86' lang='lat' dir='ltr'>sus</span> <span class='ocrx_word' id='word_1_59' title='bbox 331 530 362 546; x_wconf 76' lang='lat' dir='ltr'>ex</span> <span class='ocrx_word' id='word_1_60' title='bbox 381 519 511 556; x_wconf 70' lang='lat' dir='ltr'><strong>stirpibus</strong></span> <span class='ocrx_word' id='word_1_61' title='bbox 531 524 574 546; x_wconf 79' lang='lat' dir='ltr'>aut</span> <span class='ocrx_word' id='word_1_62' title='bbox 592 519 724 547; x_wconf 78' lang='lat' dir='ltr'>radicibus</span> <span class='ocrx_word' id='word_1_63' title='bbox 743 521 896 547; x_wconf 73' lang='lat' dir='ltr'>renascitur.</span> <span class='ocrx_word' id='word_1_64' title='bbox 918 519 947 546; x_wconf 75' lang='lat' dir='ltr'>fr.</span> <span class='ocrx_word' id='word_1_65' title='bbox 961 522 1002 546; x_wconf 85' lang='lat'>30.</span> <span class='ocrx_word' id='word_1_66' title='bbox 1022 530 1061 557; x_wconf 91' lang='lat' dir='ltr'>pr.</span> <span class='ocrx_word' id='word_1_67' title='bbox 1075 519 1108 546; x_wconf 86' lang='lat' dir='ltr'>de</span> 
     </span>
     <span class='ocr_line' id='line_1_9' title="bbox 266 562 1106 597; baseline 0.001 -8"><span class='ocrx_word' id='word_1_68' title='bbox 266 562 298 589; x_wconf 79' lang='lat' dir='ltr'>V.</span> <span class='ocrx_word' id='word_1_69' title='bbox 319 562 346 589; x_wconf 92' lang='lat' dir='ltr'>S.</span> <span class='ocrx_word' id='word_1_70' title='bbox 366 564 406 588; x_wconf 82' lang='lat'>50.</span> <span class='ocrx_word' id='word_1_71' title='bbox 430 564 467 589; x_wconf 83' lang='lat'>16.</span> <span class='ocrx_word' id='word_1_72' title='bbox 489 576 520 581; x_wconf 89' lang='lat'>·—</span> <span class='ocrx_word' id='word_1_73' title='bbox 541 563 572 596; x_wconf 62' lang='grc' dir='ltr'>ξ.</span> <span class='ocrx_word' id='word_1_74' title='bbox 593 564 628 590; x_wconf 70' lang='grc'>2.</span> <span class='ocrx_word' id='word_1_75' title='bbox 648 565 813 597; x_wconf 79' lang='lat' dir='ltr'>Propago,</span> <span class='ocrx_word' id='word_1_76' title='bbox 834 565 941 589; x_wconf 78' lang='lat' dir='ltr'>Series</span> <span class='ocrx_word' id='word_1_77' title='bbox 959 570 1106 597; x_wconf 83' lang='lat' dir='ltr'>postero—</span> 
     </span>
     <span class='ocr_line' id='line_1_10' title="bbox 266 606 1108 640; baseline 0.002 -9"><span class='ocrx_word' id='word_1_78' title='bbox 266 615 348 637; x_wconf 87' lang='lat' dir='ltr'>rum,</span> <span class='ocrx_word' id='word_1_79' title='bbox 373 615 409 631; x_wconf 71' lang='lat' dir='ltr'>ex</span> <span class='ocrx_word' id='word_1_80' title='bbox 432 608 532 632; x_wconf 84' lang='lat' dir='ltr'>eodem</span> <span class='ocrx_word' id='word_1_81' title='bbox 552 612 685 640; x_wconf 83' lang='lat' dir='ltr'>parente</span> <span class='ocrx_word' id='word_1_82' title='bbox 704 607 967 633; x_wconf 66' lang='lat' dir='ltr'>descendentium.</span> <span class='ocrx_word' id='word_1_83' title='bbox 1005 606 1024 633; x_wconf 94' lang='lat'>1.</span> <span class='ocrx_word' id='word_1_84' title='bbox 1046 608 1108 640; x_wconf 77' lang='lat' dir='ltr'>Sy.</span> 
     </span>
     <span class='ocr_line' id='line_1_11' title="bbox 266 647 1108 686; baseline 0.002 -12"><span class='ocrx_word' id='word_1_85' title='bbox 266 648 357 684; x_wconf 82' lang='lat' dir='ltr'>Origo.</span> <span class='ocrx_word' id='word_1_86' title='bbox 379 648 420 674; x_wconf 79' lang='lat' dir='ltr'>Cf.</span> <span class='ocrx_word' id='word_1_87' title='bbox 440 647 464 674; x_wconf 89' lang='lat' dir='ltr'>h.</span> <span class='ocrx_word' id='word_1_88' title='bbox 485 658 509 675; x_wconf 88' lang='lat' dir='ltr'>v.</span> <span class='ocrx_word' id='word_1_89' title='bbox 529 649 551 683; x_wconf 85' lang='lat'>3</span> <span class='ocrx_word' id='word_1_90' title='bbox 564 651 589 675; x_wconf 81' lang='lat'>2.</span> <span class='ocrx_word' id='word_1_91' title='bbox 613 648 746 686; x_wconf 84' lang='lat' dir='ltr'>Prosapia.</span> <span class='ocrx_word' id='word_1_92' title='bbox 768 647 809 674; x_wconf 73' lang='lat' dir='ltr'>Cf,</span> <span class='ocrx_word' id='word_1_93' title='bbox 829 647 852 674; x_wconf 92' lang='lat' dir='ltr'>h.</span> <span class='ocrx_word' id='word_1_94' title='bbox 873 658 897 675; x_wconf 88' lang='lat' dir='ltr'>v.</span> <span class='ocrx_word' id='word_1_95' title='bbox 934 648 964 675; x_wconf 92' lang='lat'>11.</span> <span class='ocrx_word' id='word_1_96' title='bbox 977 651 1044 683; x_wconf 73' lang='grc' dir='ltr'>ΟΡ.</span> <span class='ocrx_word' id='word_1_97' title='bbox 1064 648 1108 676; x_wconf 89' lang='lat' dir='ltr'>Vi-</span> 
     </span>
     <span class='ocr_line' id='line_1_12' title="bbox 265 690 1106 729; baseline 0.001 -12"><span class='ocrx_word' id='word_1_98' title='bbox 265 692 349 722; x_wconf 76' lang='lat' dir='ltr'>ritim,</span> <span class='ocrx_word' id='word_1_99' title='bbox 368 690 396 717; x_wconf 88' lang='lat' dir='ltr'>lu</span> <span class='ocrx_word' id='word_1_100' title='bbox 417 692 517 728; x_wconf 79' lang='lat' dir='ltr'>capita,</span> <span class='ocrx_word' id='word_1_101' title='bbox 539 707 569 712; x_wconf 93' lang='lat'>—</span> <span class='ocrx_word' id='word_1_102' title='bbox 589 691 617 718; x_wconf 90' lang='lat' dir='ltr'>In</span> <span class='ocrx_word' id='word_1_103' title='bbox 637 693 734 729; x_wconf 79' lang='lat' dir='ltr'>stirpes</span> <span class='ocrx_word' id='word_1_104' title='bbox 755 691 890 724; x_wconf 88' lang='lat' dir='ltr'>(dividere</span> <span class='ocrx_word' id='word_1_105' title='bbox 908 691 1106 725; x_wconf 70' lang='lat' dir='ltr'>hereditatem.)</span> 
     </span>
     <span class='ocr_line' id='line_1_13' title="bbox 265 733 1106 772; baseline 0.001 -12"><span class='ocrx_word' id='word_1_106' title='bbox 265 733 337 760; x_wconf 85' lang='lat' dir='ltr'>Paul.</span> <span class='ocrx_word' id='word_1_107' title='bbox 358 733 399 760; x_wconf 91' lang='lat' dir='ltr'>Ill.</span> <span class='ocrx_word' id='word_1_108' title='bbox 419 736 443 760; x_wconf 76' lang='lat'>2.</span> <span class='ocrx_word' id='word_1_109' title='bbox 463 734 484 767; x_wconf 89' lang='lat'>3.</span> <span class='ocrx_word' id='word_1_110' title='bbox 504 736 528 761; x_wconf 88' lang='lat'>3.</span> <span class='ocrx_word' id='word_1_111' title='bbox 549 733 605 761; x_wconf 83' lang='lat' dir='ltr'>Gai.</span> <span class='ocrx_word' id='word_1_112' title='bbox 626 734 667 760; x_wconf 92' lang='lat'>111.</span> <span class='ocrx_word' id='word_1_113' title='bbox 686 736 710 760; x_wconf 76' lang='grc'>8.</span> <span class='ocrx_word' id='word_1_114' title='bbox 733 735 771 760; x_wconf 86' lang='grc'>16.</span> <span class='ocrx_word' id='word_1_115' title='bbox 793 734 854 772; x_wconf 85' lang='lat' dir='ltr'>le.</span> <span class='ocrx_word' id='word_1_116' title='bbox 873 734 982 761; x_wconf 75' lang='lat' dir='ltr'>XXVII.</span> <span class='ocrx_word' id='word_1_117' title='bbox 1002 737 1025 761; x_wconf 81' lang='lat'>4.</span> <span class='ocrx_word' id='word_1_118' title='bbox 1046 745 1067 761; x_wconf 92' lang='lat' dir='ltr'>c.</span> <span class='ocrx_word' id='word_1_119' title='bbox 1082 737 1106 761; x_wconf 77' lang='lat'>2.</span> 
     </span>
     <span class='ocr_line' id='line_1_14' title="bbox 265 776 1106 815; baseline 0.001 -12"><span class='ocrx_word' id='word_1_120' title='bbox 265 776 298 803; x_wconf 87' lang='lat' dir='ltr'>de</span> <span class='ocrx_word' id='word_1_121' title='bbox 316 778 417 812; x_wconf 57' lang='lat' dir='ltr'>suis4et</span> <span class='ocrx_word' id='word_1_122' title='bbox 435 776 504 813; x_wconf 80' lang='lat' dir='ltr'>legit.</span> <span class='ocrx_word' id='word_1_123' title='bbox 524 777 547 804; x_wconf 88' lang='grc'>6.</span> <span class='ocrx_word' id='word_1_124' title='bbox 566 779 608 804; x_wconf 72' lang='grc'>54.</span> <span class='ocrx_word' id='word_1_125' title='bbox 645 777 689 803; x_wconf 91' lang='lat' dir='ltr'>Ill.</span> <span class='ocrx_word' id='word_1_126' title='bbox 705 778 770 804; x_wconf 77' lang='grc' dir='ltr'>οη.</span> <span class='ocrx_word' id='word_1_127' title='bbox 790 776 832 803; x_wconf 83' lang='lat' dir='ltr'>Ad</span> <span class='ocrx_word' id='word_1_128' title='bbox 852 778 975 815; x_wconf 89' lang='lat' dir='ltr'>propriae</span> <span class='ocrx_word' id='word_1_129' title='bbox 995 779 1106 814; x_wconf 76' lang='lat' dir='ltr'>originis</span> 
     </span>
     <span class='ocr_line' id='line_1_15' title="bbox 265 819 1107 857; baseline 0.001 -11"><span class='ocrx_word' id='word_1_130' title='bbox 265 821 374 857; x_wconf 81' lang='lat' dir='ltr'>stirpem</span> <span class='ocrx_word' id='word_1_131' title='bbox 394 819 527 856; x_wconf 88' lang='lat' dir='ltr'>laremque</span> <span class='ocrx_word' id='word_1_132' title='bbox 546 825 711 846; x_wconf 85' lang='lat' dir='ltr'>revocentur.</span> <span class='ocrx_word' id='word_1_133' title='bbox 737 819 787 846; x_wconf 89' lang='lat' dir='ltr'>Th.</span> <span class='ocrx_word' id='word_1_134' title='bbox 807 820 838 846; x_wconf 90' lang='lat' dir='ltr'>C.</span> <span class='ocrx_word' id='word_1_135' title='bbox 857 820 891 847; x_wconf 83' lang='lat' dir='ltr'>X.</span> <span class='ocrx_word' id='word_1_136' title='bbox 912 821 952 847; x_wconf 87' lang='lat'>19.</span> <span class='ocrx_word' id='word_1_137' title='bbox 973 830 994 847; x_wconf 87' lang='lat' dir='ltr'>c.</span> <span class='ocrx_word' id='word_1_138' title='bbox 1014 822 1054 848; x_wconf 83' lang='lat'>15.</span> <span class='ocrx_word' id='word_1_139' title='bbox 1074 820 1107 847; x_wconf 86' lang='lat' dir='ltr'>de</span> 
     </span>
     <span class='ocr_line' id='line_1_16' title="bbox 265 861 1108 900; baseline 0.002 -12"><span class='ocrx_word' id='word_1_140' title='bbox 265 861 362 888; x_wconf 80' lang='lat' dir='ltr'>metall.</span> <span class='ocrx_word' id='word_1_141' title='bbox 399 862 452 898; x_wconf 81' lang='lat' dir='ltr'>Qui</span> <span class='ocrx_word' id='word_1_142' title='bbox 473 862 563 889; x_wconf 82' lang='lat' dir='ltr'>curiali</span> <span class='ocrx_word' id='word_1_143' title='bbox 582 872 684 899; x_wconf 71' lang='lat' dir='ltr'>genere.</span> <span class='ocrx_word' id='word_1_144' title='bbox 704 863 820 898; x_wconf 78' lang='lat' dir='ltr'>origiue,</span> <span class='ocrx_word' id='word_1_145' title='bbox 838 862 880 890; x_wconf 88' lang='lat' dir='ltr'>vel</span> <span class='ocrx_word' id='word_1_146' title='bbox 900 864 982 900; x_wconf 78' lang='lat' dir='ltr'>stirpe</span> <span class='ocrx_word' id='word_1_147' title='bbox 1001 865 1108 900; x_wconf 76' lang='lat' dir='ltr'>gignun-</span> 
     </span>
     <span class='ocr_line' id='line_1_17' title="bbox 265 905 1106 943; baseline 0.002 -12"><span class='ocrx_word' id='word_1_148' title='bbox 265 910 315 932; x_wconf 92' lang='lat' dir='ltr'>tur.</span> <span class='ocrx_word' id='word_1_149' title='bbox 336 905 372 932; x_wconf 88' lang='lat' dir='ltr'>lb.</span> <span class='ocrx_word' id='word_1_150' title='bbox 393 905 449 931; x_wconf 84' lang='lat' dir='ltr'>XII.</span> <span class='ocrx_word' id='word_1_151' title='bbox 466 907 486 931; x_wconf 95' lang='lat'>1.</span> <span class='ocrx_word' id='word_1_152' title='bbox 507 915 528 932; x_wconf 90' lang='lat' dir='ltr'>c.</span> <span class='ocrx_word' id='word_1_153' title='bbox 546 907 601 932; x_wconf 67' lang='lat'>175.</span> <span class='ocrx_word' id='word_1_154' title='bbox 622 905 653 932; x_wconf 80' lang='lat' dir='ltr'>cf.</span> <span class='ocrx_word' id='word_1_155' title='bbox 674 916 695 932; x_wconf 85' lang='lat' dir='ltr'>c.</span> <span class='ocrx_word' id='word_1_156' title='bbox 709 907 750 932; x_wconf 74' lang='lat'>98.</span> <span class='ocrx_word' id='word_1_157' title='bbox 771 905 803 932; x_wconf 88' lang='lat' dir='ltr'>de</span> <span class='ocrx_word' id='word_1_158' title='bbox 823 905 957 932; x_wconf 86' lang='lat' dir='ltr'>decurion.</span> <span class='ocrx_word' id='word_1_159' title='bbox 994 906 1106 943; x_wconf 75' lang='lat' dir='ltr'>Ingenua</span> 
     </span>
     <span class='ocr_line' id='line_1_18' title="bbox 265 948 1108 986; baseline 0.002 -12"><span class='ocrx_word' id='word_1_160' title='bbox 265 949 349 985; x_wconf 84' lang='lat' dir='ltr'>stirpe</span> <span class='ocrx_word' id='word_1_161' title='bbox 369 949 455 975; x_wconf 83' lang='lat' dir='ltr'>creati.</span> <span class='ocrx_word' id='word_1_162' title='bbox 480 948 516 974; x_wconf 91' lang='lat' dir='ltr'>lb.</span> <span class='ocrx_word' id='word_1_163' title='bbox 537 958 558 974; x_wconf 89' lang='lat' dir='ltr'>c.</span> <span class='ocrx_word' id='word_1_164' title='bbox 580 950 636 975; x_wconf 77' lang='lat'>179.</span> <span class='ocrx_word' id='word_1_165' title='bbox 656 959 695 986; x_wconf 90' lang='lat' dir='ltr'>pr.</span> <span class='ocrx_word' id='word_1_166' title='bbox 716 948 731 975; x_wconf 89' lang='lat' dir='ltr'>l.</span> <span class='ocrx_word' id='word_1_167' title='bbox 770 948 798 975; x_wconf 92' lang='lat' dir='ltr'>Si</span> <span class='ocrx_word' id='word_1_168' title='bbox 819 965 850 968; x_wconf 97' lang='lat'><strong>—</strong></span> <span class='ocrx_word' id='word_1_169' title='bbox 871 959 923 975; x_wconf 89' lang='lat' dir='ltr'>non</span> <span class='ocrx_word' id='word_1_170' title='bbox 943 949 991 975; x_wconf 87' lang='lat' dir='ltr'>suit</span> <span class='ocrx_word' id='word_1_171' title='bbox 1009 949 1108 976; x_wconf 83' lang='lat' dir='ltr'>liberti-</span> 
     </span>
     <span class='ocr_line' id='line_1_19' title="bbox 266 991 1012 1028; baseline 0 -10"><span class='ocrx_word' id='word_1_172' title='bbox 266 1001 323 1023; x_wconf 78' lang='lat' dir='ltr'>nus.</span> <span class='ocrx_word' id='word_1_173' title='bbox 344 991 385 1018; x_wconf 83' lang='lat' dir='ltr'>vel</span> <span class='ocrx_word' id='word_1_174' title='bbox 405 992 497 1028; x_wconf 82' lang='lat' dir='ltr'>stirpis</span> <span class='ocrx_word' id='word_1_175' title='bbox 516 991 661 1018; x_wconf 86' lang='lat' dir='ltr'>libertinae.</span> <span class='ocrx_word' id='word_1_176' title='bbox 682 991 752 1018; x_wconf 85' lang='lat' dir='ltr'>Coll.</span> <span class='ocrx_word' id='word_1_177' title='bbox 771 991 824 1018; x_wconf 90' lang='lat' dir='ltr'>LL.</span> <span class='ocrx_word' id='word_1_178' title='bbox 845 991 878 1019; x_wconf 79' lang='lat' dir='ltr'>M.</span> <span class='ocrx_word' id='word_1_179' title='bbox 898 991 969 1019; x_wconf 82' lang='lat' dir='ltr'>XVI.</span> <span class='ocrx_word' id='word_1_180' title='bbox 988 992 1012 1018; x_wconf 86' lang='lat'>8.</span> 
     </span>
    </p>

    <p class='ocr_par' dir='ltr' id='par_1_4' title="bbox 299 1033 682 1068">
     <span class='ocr_line' id='line_1_20' title="bbox 299 1033 682 1068; baseline -0.005 -6"><span class='ocrx_word' id='word_1_181' title='bbox 299 1035 399 1062; x_wconf 81' lang='lat' dir='ltr'>Stlis.</span> <span class='ocrx_word' id='word_1_182' title='bbox 437 1033 479 1060; x_wconf 83' lang='lat' dir='ltr'>Cf.</span> <span class='ocrx_word' id='word_1_183' title='bbox 498 1044 522 1060; x_wconf 93' lang='lat' dir='ltr'>v.</span> <span class='ocrx_word' id='word_1_184' title='bbox 542 1033 596 1060; x_wconf 90' lang='lat' dir='ltr'>Lis.</span> <span class='ocrx_word' id='word_1_185' title='bbox 616 1035 637 1068; x_wconf 87' lang='lat'>3.</span> <span class='ocrx_word' id='word_1_186' title='bbox 657 1035 682 1060; x_wconf 83' lang='lat'>3.</span> 
     </span>
    </p>

    <p class='ocr_par' dir='ltr' id='par_1_5' title="bbox 264 1077 1106 1276">
     <span class='ocr_line' id='line_1_21' title="bbox 298 1077 1105 1112; baseline 0.001 -9"><span class='ocrx_word' id='word_1_187' title='bbox 298 1077 503 1104; x_wconf 74' lang='lat' dir='ltr'>StobensiS·</span> <span class='ocrx_word' id='word_1_188' title='bbox 540 1079 592 1103; x_wconf 70' lang='lat' dir='ltr'>:ld</span> <span class='ocrx_word' id='word_1_189' title='bbox 614 1079 725 1104; x_wconf 69' lang='lat' dir='ltr'>Stobos</span> <span class='ocrx_word' id='word_1_190' title='bbox 746 1080 930 1112; x_wconf 79' lang='lat' dir='ltr'>pertineas,</span> <span class='ocrx_word' id='word_1_191' title='bbox 962 1079 1105 1105; x_wconf 71' lang='lat' dir='ltr'>Macedo-</span> 
     </span>
     <span class='ocr_line' id='line_1_22' title="bbox 264 1119 1105 1157; baseline 0 -11"><span class='ocrx_word' id='word_1_192' title='bbox 264 1122 337 1147; x_wconf 84' lang='lat' dir='ltr'>niae</span> <span class='ocrx_word' id='word_1_193' title='bbox 364 1122 542 1147; x_wconf 78' lang='lat' dir='ltr'>civitatem.</span> <span class='ocrx_word' id='word_1_194' title='bbox 579 1119 621 1146; x_wconf 91' lang='lat' dir='ltr'>III.</span> <span class='ocrx_word' id='word_1_195' title='bbox 646 1121 712 1147; x_wconf 35' lang='lat'>011..</span> <span class='ocrx_word' id='word_1_196' title='bbox 740 1120 769 1147; x_wconf 91' lang='lat' dir='ltr'>In</span> <span class='ocrx_word' id='word_1_197' title='bbox 796 1121 930 1157; x_wconf 86' lang='lat' dir='ltr'>provincia</span> <span class='ocrx_word' id='word_1_198' title='bbox 954 1120 1105 1147; x_wconf 78' lang='lat' dir='ltr'>Macedonia</span> 
     </span>
     <span class='ocr_line' id='line_1_23' title="bbox 264 1161 1106 1200; baseline 0.001 -11"><span class='ocrx_word' id='word_1_199' title='bbox 264 1162 438 1198; x_wconf 73' lang='lat' dir='ltr'>Dyrracheni.</span> <span class='ocrx_word' id='word_1_200' title='bbox 454 1179 483 1183; x_wconf 93' lang='lat'>—</span> <span class='ocrx_word' id='word_1_201' title='bbox 504 1161 700 1200; x_wconf 70' lang='lat' dir='ltr'>Philippenses,</span> <span class='ocrx_word' id='word_1_202' title='bbox 715 1179 747 1182; x_wconf 97' lang='lat'><strong>—</strong></span> <span class='ocrx_word' id='word_1_203' title='bbox 766 1163 913 1190; x_wconf 85' lang='lat' dir='ltr'>Stobeuses</span> <span class='ocrx_word' id='word_1_204' title='bbox 935 1163 979 1196; x_wconf 87' lang='lat' dir='ltr'>[al.</span> <span class='ocrx_word' id='word_1_205' title='bbox 994 1164 1106 1190; x_wconf 80' lang='lat' dir='ltr'>Stoven-</span> 
     </span>
     <span class='ocr_line' id='line_1_24' title="bbox 264 1205 1106 1241; baseline 0 -8"><span class='ocrx_word' id='word_1_206' title='bbox 264 1216 322 1238; x_wconf 76' lang='lat' dir='ltr'>se5‚</span> <span class='ocrx_word' id='word_1_207' title='bbox 346 1215 369 1232; x_wconf 87' lang='lat' dir='ltr'>v.</span> <span class='ocrx_word' id='word_1_208' title='bbox 390 1205 563 1239; x_wconf 83' lang='lat' dir='ltr'>Stonienses]</span> <span class='ocrx_word' id='word_1_209' title='bbox 590 1207 654 1232; x_wconf 89' lang='lat' dir='ltr'>iuris</span> <span class='ocrx_word' id='word_1_210' title='bbox 679 1205 762 1233; x_wconf 88' lang='lat' dir='ltr'>Italici</span> <span class='ocrx_word' id='word_1_211' title='bbox 786 1211 855 1233; x_wconf 82' lang='lat' dir='ltr'>sunt.</span> <span class='ocrx_word' id='word_1_212' title='bbox 884 1206 914 1232; x_wconf 84' lang='lat' dir='ltr'>fr.</span> <span class='ocrx_word' id='word_1_213' title='bbox 934 1210 958 1232; x_wconf 75' lang='grc' dir='ltr'>δ.</span> <span class='ocrx_word' id='word_1_214' title='bbox 983 1207 1005 1241; x_wconf 89' lang='lat'>3.</span> <span class='ocrx_word' id='word_1_215' title='bbox 1025 1209 1049 1233; x_wconf 68' lang='lat'>8.</span> <span class='ocrx_word' id='word_1_216' title='bbox 1074 1207 1106 1233; x_wconf 90' lang='lat' dir='ltr'>de</span> 
     </span>
     <span class='ocr_line' id='line_1_25' title="bbox 265 1248 486 1276; baseline -0.009 0"><span class='ocrx_word' id='word_1_217' title='bbox 265 1248 364 1276; x_wconf 86' lang='lat' dir='ltr'>censib.</span> <span class='ocrx_word' id='word_1_218' title='bbox 384 1250 425 1275; x_wconf 84' lang='lat'>50.</span> <span class='ocrx_word' id='word_1_219' title='bbox 447 1250 486 1275; x_wconf 87' lang='lat'>15.</span> 
     </span>
    </p>

    <p class='ocr_par' dir='ltr' id='par_1_6' title="bbox 264 1290 1129 1458">
     <span class='ocr_line' id='line_1_26' title="bbox 298 1290 1129 1327; baseline -0.001 -8"><span class='ocrx_word' id='word_1_220' title='bbox 298 1292 457 1319; x_wconf 79' lang='lat' dir='ltr'>stoicus.</span> <span class='ocrx_word' id='word_1_221' title='bbox 477 1290 606 1324; x_wconf 84' lang='lat' dir='ltr'>(Adiect.)</span> <span class='ocrx_word' id='word_1_222' title='bbox 621 1294 669 1319; x_wconf 76' lang='lat' dir='ltr'>Ad</span> <span class='ocrx_word' id='word_1_223' title='bbox 683 1295 864 1320; x_wconf 80' lang='lat' dir='ltr'>doctrinam</span> <span class='ocrx_word' id='word_1_224' title='bbox 878 1290 1129 1327; x_wconf 62' lang='lat' dir='ltr'>philosophiae!</span> 
     </span>
     <span class='ocr_line' id='line_1_27' title="bbox 264 1335 1106 1370; baseline 0.001 -9"><span class='ocrx_word' id='word_1_225' title='bbox 264 1342 428 1369; x_wconf 70' lang='lat' dir='ltr'>spectans,</span> <span class='ocrx_word' id='word_1_226' title='bbox 448 1344 529 1368; x_wconf 84' lang='lat' dir='ltr'>quae</span> <span class='ocrx_word' id='word_1_227' title='bbox 547 1344 563 1361; x_wconf 85' lang='lat' dir='ltr'>a</span> <span class='ocrx_word' id='word_1_228' title='bbox 585 1336 707 1361; x_wconf 82' lang='lat' dir='ltr'>Zenone</span> <span class='ocrx_word' id='word_1_229' title='bbox 725 1337 886 1370; x_wconf 79' lang='lat' dir='ltr'>originem</span> <span class='ocrx_word' id='word_1_230' title='bbox 906 1338 1026 1362; x_wconf 73' lang='lat' dir='ltr'>habuit.</span> <span class='ocrx_word' id='word_1_231' title='bbox 1063 1335 1106 1362; x_wconf 88' lang='lat'>111.</span> 
     </span>
     <span class='ocr_line' id='line_1_28' title="bbox 265 1376 1107 1416; baseline 0 -12"><span class='ocrx_word' id='word_1_232' title='bbox 265 1378 332 1405; x_wconf 75' lang='lat' dir='ltr'>Cn.</span> <span class='ocrx_word' id='word_1_233' title='bbox 351 1376 531 1413; x_wconf 83' lang='lat' dir='ltr'>Philosophus</span> <span class='ocrx_word' id='word_1_234' title='bbox 551 1387 666 1403; x_wconf 85' lang='lat' dir='ltr'>summae</span> <span class='ocrx_word' id='word_1_235' title='bbox 679 1379 777 1404; x_wconf 87' lang='lat' dir='ltr'>stoicae</span> <span class='ocrx_word' id='word_1_236' title='bbox 792 1379 944 1415; x_wconf 73' lang='lat' dir='ltr'>sapientiae,</span> <span class='ocrx_word' id='word_1_237' title='bbox 965 1378 1107 1416; x_wconf 78' lang='lat' dir='ltr'>(Chrysip-</span> 
     </span>
     <span class='ocr_line' id='line_1_29' title="bbox 264 1415 1088 1458; baseline 0.002 -12"><span class='ocrx_word' id='word_1_238' title='bbox 264 1421 337 1458; x_wconf 85' lang='lat' dir='ltr'>pus.)</span> <span class='ocrx_word' id='word_1_239' title='bbox 357 1419 386 1446; x_wconf 79' lang='lat' dir='ltr'>l&#39;r.</span> <span class='ocrx_word' id='word_1_240' title='bbox 406 1421 430 1445; x_wconf 81' lang='lat'>2.</span> <span class='ocrx_word' id='word_1_241' title='bbox 451 1419 483 1446; x_wconf 87' lang='lat' dir='ltr'>de</span> <span class='ocrx_word' id='word_1_242' title='bbox 502 1419 554 1446; x_wconf 86' lang='lat' dir='ltr'>LL.</span> <span class='ocrx_word' id='word_1_243' title='bbox 576 1422 597 1446; x_wconf 94' lang='lat' dir='ltr'>l.</span> <span class='ocrx_word' id='word_1_244' title='bbox 617 1422 641 1446; x_wconf 90' lang='lat'>3.</span> <span class='ocrx_word' id='word_1_245' title='bbox 663 1420 694 1447; x_wconf 81' lang='lat' dir='ltr'>cs.</span> <span class='ocrx_word' id='word_1_246' title='bbox 715 1420 744 1447; x_wconf 79' lang='lat' dir='ltr'>fr.</span> <span class='ocrx_word' id='word_1_247' title='bbox 759 1423 782 1447; x_wconf 80' lang='lat'>2.</span> <span class='ocrx_word' id='word_1_248' title='bbox 803 1421 824 1455; x_wconf 92' lang='lat'>3.</span> <span class='ocrx_word' id='word_1_249' title='bbox 839 1423 880 1448; x_wconf 68' lang='lat'>40.</span> <span class='ocrx_word' id='word_1_250' title='bbox 901 1421 933 1447; x_wconf 86' lang='lat' dir='ltr'>de</span> <span class='ocrx_word' id='word_1_251' title='bbox 947 1415 1051 1448; x_wconf 82' lang='lat'>0.1.&#39;1.</span> <span class='ocrx_word' id='word_1_252' title='bbox 1064 1424 1088 1448; x_wconf 82' lang='lat'>2.</span> 
     </span>
    </p>

    <p class='ocr_par' dir='ltr' id='par_1_7' title="bbox 265 1463 1107 1667">
     <span class='ocr_line' id='line_1_30' title="bbox 301 1463 1105 1498; baseline 0.001 -8"><span class='ocrx_word' id='word_1_253' title='bbox 301 1463 417 1490; x_wconf 77' lang='lat' dir='ltr'>Stola·</span> <span class='ocrx_word' id='word_1_254' title='bbox 442 1463 560 1494; x_wconf 72' lang='lat' dir='ltr'>Vestis,</span> <span class='ocrx_word' id='word_1_255' title='bbox 581 1473 676 1497; x_wconf 75' lang='lat' dir='ltr'>usqae</span> <span class='ocrx_word' id='word_1_256' title='bbox 694 1466 734 1490; x_wconf 77' lang='lat' dir='ltr'>ael</span> <span class='ocrx_word' id='word_1_257' title='bbox 752 1466 830 1490; x_wconf 85' lang='lat' dir='ltr'>imos</span> <span class='ocrx_word' id='word_1_258' title='bbox 848 1467 940 1498; x_wconf 77' lang='lat' dir='ltr'>pedes</span> <span class='ocrx_word' id='word_1_259' title='bbox 959 1466 1105 1491; x_wconf 77' lang='lat' dir='ltr'>demissa.</span> 
     </span>
     <span class='ocr_line' id='line_1_31' title="bbox 265 1504 1106 1539; baseline 0.002 -7"><span class='ocrx_word' id='word_1_260' title='bbox 265 1505 309 1532; x_wconf 90' lang='lat' dir='ltr'>III.</span> <span class='ocrx_word' id='word_1_261' title='bbox 330 1507 395 1533; x_wconf 74' lang='lat' dir='ltr'>Cn.</span> <span class='ocrx_word' id='word_1_262' title='bbox 419 1504 556 1531; x_wconf 74' lang='lat' dir='ltr'>muliebria</span> <span class='ocrx_word' id='word_1_263' title='bbox 575 1507 629 1538; x_wconf 89' lang='lat' dir='ltr'>(sc.</span> <span class='ocrx_word' id='word_1_264' title='bbox 650 1507 836 1538; x_wconf 81' lang='lat' dir='ltr'>vestimenta.)</span> <span class='ocrx_word' id='word_1_265' title='bbox 856 1523 888 1526; x_wconf 97' lang='lat'><strong>—</strong></span> <span class='ocrx_word' id='word_1_266' title='bbox 912 1507 995 1534; x_wconf 86' lang='lat' dir='ltr'>veluti</span> <span class='ocrx_word' id='word_1_267' title='bbox 1013 1507 1106 1539; x_wconf 81' lang='lat' dir='ltr'>stolae,</span> 
     </span>
     <span class='ocr_line' id='line_1_32' title="bbox 265 1548 1107 1586; baseline 0.004 -12"><span class='ocrx_word' id='word_1_268' title='bbox 265 1548 356 1586; x_wconf 79' lang='lat' dir='ltr'>pallia,</span> <span class='ocrx_word' id='word_1_269' title='bbox 377 1549 486 1574; x_wconf 86' lang='lat' dir='ltr'>tunicae.</span> <span class='ocrx_word' id='word_1_270' title='bbox 513 1548 543 1575; x_wconf 73' lang='lat' dir='ltr'>fr.</span> <span class='ocrx_word' id='word_1_271' title='bbox 562 1550 603 1574; x_wconf 76' lang='lat'>23.</span> <span class='ocrx_word' id='word_1_272' title='bbox 624 1548 645 1582; x_wconf 84' lang='lat'>3.</span> <span class='ocrx_word' id='word_1_273' title='bbox 664 1551 688 1575; x_wconf 80' lang='lat'>2.</span> <span class='ocrx_word' id='word_1_274' title='bbox 710 1548 741 1575; x_wconf 90' lang='lat' dir='ltr'>de</span> <span class='ocrx_word' id='word_1_275' title='bbox 761 1560 823 1576; x_wconf 86' lang='lat' dir='ltr'>auro</span> <span class='ocrx_word' id='word_1_276' title='bbox 843 1560 894 1586; x_wconf 82' lang='lat' dir='ltr'>arg.</span> <span class='ocrx_word' id='word_1_277' title='bbox 914 1552 955 1577; x_wconf 72' lang='lat'>34.</span> <span class='ocrx_word' id='word_1_278' title='bbox 975 1552 999 1576; x_wconf 74' lang='lat'>2.</span> <span class='ocrx_word' id='word_1_279' title='bbox 1037 1550 1107 1577; x_wconf 89' lang='lat' dir='ltr'>Ton-</span> 
     </span>
     <span class='ocr_line' id='line_1_33' title="bbox 265 1590 1105 1630; baseline 0.001 -12"><span class='ocrx_word' id='word_1_280' title='bbox 265 1591 369 1622; x_wconf 80' lang='lat' dir='ltr'>deatur,</span> <span class='ocrx_word' id='word_1_281' title='bbox 398 1595 424 1617; x_wconf 82' lang='lat' dir='ltr'>et</span> <span class='ocrx_word' id='word_1_282' title='bbox 451 1590 546 1617; x_wconf 88' lang='lat' dir='ltr'>stolam</span> <span class='ocrx_word' id='word_1_283' title='bbox 575 1591 752 1619; x_wconf 83' lang='lat' dir='ltr'>monachicam</span> <span class='ocrx_word' id='word_1_284' title='bbox 780 1594 883 1619; x_wconf 77' lang='lat' dir='ltr'>vestiat.</span> <span class='ocrx_word' id='word_1_285' title='bbox 913 1592 960 1619; x_wconf 92' lang='lat' dir='ltr'>Iul.</span> <span class='ocrx_word' id='word_1_286' title='bbox 985 1603 1026 1630; x_wconf 83' lang='lat' dir='ltr'>ep.</span> <span class='ocrx_word' id='word_1_287' title='bbox 1046 1603 1105 1620; x_wconf 89' lang='lat' dir='ltr'>nov.</span> 
     </span>
     <span class='ocr_line' id='line_1_34' title="bbox 265 1634 432 1667; baseline -0.006 -6"><span class='ocrx_word' id='word_1_288' title='bbox 265 1644 287 1661; x_wconf 78' lang='lat' dir='ltr'>e.</span> <span class='ocrx_word' id='word_1_289' title='bbox 306 1636 329 1660; x_wconf 67' lang='lat'>4.</span> <span class='ocrx_word' id='word_1_290' title='bbox 349 1634 370 1667; x_wconf 61' lang='grc' dir='ltr'><strong>ς.</strong></span> <span class='ocrx_word' id='word_1_291' title='bbox 393 1636 432 1660; x_wconf 82' lang='lat'>13.</span> 
     </span>
    </p>

    <p class='ocr_par' dir='ltr' id='par_1_8' title="bbox 266 1676 1130 1802">
     <span class='ocr_line' id='line_1_35' title="bbox 299 1676 1105 1712; baseline 0.004 -9"><span class='ocrx_word' id='word_1_292' title='bbox 299 1677 475 1704; x_wconf 71' lang='lat' dir='ltr'>Stolidus.</span> <span class='ocrx_word' id='word_1_293' title='bbox 495 1676 624 1709; x_wconf 78' lang='lat' dir='ltr'>(Adiect.)</span> <span class='ocrx_word' id='word_1_294' title='bbox 645 1679 791 1712; x_wconf 80' lang='lat' dir='ltr'>Ineptus,</span> <span class='ocrx_word' id='word_1_295' title='bbox 812 1680 944 1705; x_wconf 80' lang='lat' dir='ltr'>Fatuus.</span> <span class='ocrx_word' id='word_1_296' title='bbox 982 1678 1024 1705; x_wconf 90' lang='grc'><strong>111.</strong></span> <span class='ocrx_word' id='word_1_297' title='bbox 1040 1680 1105 1707; x_wconf 69' lang='lat'>(711.</span> 
     </span>
     <span class='ocr_line' id='line_1_36' title="bbox 266 1720 1130 1761; baseline 0.003 -16"><span class='ocrx_word' id='word_1_298' title='bbox 266 1721 351 1756; x_wconf 81' lang='lat' dir='ltr'>Quam</span> <span class='ocrx_word' id='word_1_299' title='bbox 371 1720 526 1746; x_wconf 82' lang='lat' dir='ltr'>sententiam</span> <span class='ocrx_word' id='word_1_300' title='bbox 546 1721 603 1757; x_wconf 84' lang='lat' dir='ltr'>ipse</span> <span class='ocrx_word' id='word_1_301' title='bbox 622 1724 650 1746; x_wconf 90' lang='lat' dir='ltr'>ut</span> <span class='ocrx_word' id='word_1_302' title='bbox 669 1721 791 1747; x_wconf 85' lang='lat' dir='ltr'>stolidam</span> <span class='ocrx_word' id='word_1_303' title='bbox 810 1721 991 1758; x_wconf 69' lang='lat' dir='ltr'>reprehendit:</span> <span class='ocrx_word' id='word_1_304' title='bbox 1011 1724 1105 1748; x_wconf 81' lang='lat' dir='ltr'>etenim</span> <span class='ocrx_word' id='word_1_305' title='bbox 1128 1745 1130 1761; x_wconf 33' lang='grc' dir='ltr'>ἰ</span> 
     </span>
     <span class='ocr_line' id='line_1_37' title="bbox 266 1762 1130 1802; baseline 0.002 -13"><span class='ocrx_word' id='word_1_306' title='bbox 266 1773 325 1790; x_wconf 82' lang='lat' dir='ltr'>esse</span> <span class='ocrx_word' id='word_1_307' title='bbox 343 1762 510 1799; x_wconf 77' lang='lat' dir='ltr'>incogitabile</span> <span class='ocrx_word' id='word_1_308' title='bbox 534 1768 582 1790; x_wconf 92' lang='lat' dir='ltr'>etc.</span> <span class='ocrx_word' id='word_1_309' title='bbox 604 1763 685 1789; x_wconf 86' lang='lat' dir='ltr'>Vatic.</span> <span class='ocrx_word' id='word_1_310' title='bbox 705 1764 726 1797; x_wconf 82' lang='lat'>3.</span> <span class='ocrx_word' id='word_1_311' title='bbox 742 1765 782 1790; x_wconf 77' lang='lat'>75.</span> <span class='ocrx_word' id='word_1_312' title='bbox 814 1764 933 1791; x_wconf 83' lang='lat' dir='ltr'>Stolidae</span> <span class='ocrx_word' id='word_1_313' title='bbox 952 1766 1106 1802; x_wconf 75' lang='lat' dir='ltr'>paganitatis</span> <span class='ocrx_word' id='word_1_314' title='bbox 1128 1776 1130 1791; x_wconf 65' lang='lat' dir='ltr'>r</span> 
     </span>
    </p>
   </div>
   <div class='ocr_carea' id='block_1_3' title="bbox 1126 263 1134 1855">
    <p class='ocr_par' dir='ltr' id='par_1_9' title="bbox 1126 263 1134 1855">
     <span class='ocr_line' id='line_1_38' title="bbox 1126 263 1134 1855; baseline 0 0"><span class='ocrx_word' id='word_1_315' title='bbox 1126 263 1134 1855; x_wconf 95' lang='lat' dir='ltr'> </span> 
     </span>
    </p>
   </div>
   <div class='ocr_carea' id='block_1_4' title="bbox 266 1805 1132 2823">
    <p class='ocr_par' dir='ltr' id='par_1_10' title="bbox 266 1805 1132 2823">
     <span class='ocr_line' id='line_1_39' title="bbox 266 1805 1076 1845; baseline 0.002 -13"><span class='ocrx_word' id='word_1_316' title='bbox 266 1816 340 1832; x_wconf 86' lang='lat' dir='ltr'>error</span> <span class='ocrx_word' id='word_1_317' title='bbox 358 1811 435 1842; x_wconf 83' lang='lat' dir='ltr'>atque</span> <span class='ocrx_word' id='word_1_318' title='bbox 454 1807 562 1832; x_wconf 83' lang='lat' dir='ltr'>insania.</span> <span class='ocrx_word' id='word_1_319' title='bbox 584 1805 633 1832; x_wconf 90' lang='lat' dir='ltr'>Th.</span> <span class='ocrx_word' id='word_1_320' title='bbox 654 1806 684 1832; x_wconf 93' lang='lat' dir='ltr'>C.</span> <span class='ocrx_word' id='word_1_321' title='bbox 704 1806 763 1833; x_wconf 70' lang='lat' dir='ltr'>XV.</span> <span class='ocrx_word' id='word_1_322' title='bbox 783 1809 805 1833; x_wconf 95' lang='lat'>5.</span> <span class='ocrx_word' id='word_1_323' title='bbox 827 1817 848 1833; x_wconf 93' lang='lat' dir='ltr'>c.</span> <span class='ocrx_word' id='word_1_324' title='bbox 867 1810 891 1834; x_wconf 86' lang='lat'>5.</span> <span class='ocrx_word' id='word_1_325' title='bbox 912 1807 944 1834; x_wconf 80' lang='lat' dir='ltr'>de</span> <span class='ocrx_word' id='word_1_326' title='bbox 964 1813 1076 1845; x_wconf 76' lang='lat' dir='ltr'>spectac.</span> 
     </span>
     <span class='ocr_line' id='line_1_40' title="bbox 301 1850 1105 1878; baseline 0.004 -3"><span class='ocrx_word' id='word_1_327' title='bbox 301 1850 436 1876; x_wconf 75' lang='lat' dir='ltr'>Stolus.</span> <span class='ocrx_word' id='word_1_328' title='bbox 470 1851 671 1876; x_wconf 78' lang='lat' dir='ltr'>Commeatus</span> <span class='ocrx_word' id='word_1_329' title='bbox 691 1852 884 1877; x_wconf 79' lang='lat' dir='ltr'>maritimus.</span> <span class='ocrx_word' id='word_1_330' title='bbox 922 1850 964 1877; x_wconf 91' lang='lat' dir='ltr'>Ill.</span> <span class='ocrx_word' id='word_1_331' title='bbox 979 1852 1045 1878; x_wconf 77' lang='lat' dir='ltr'>Cu.</span> <span class='ocrx_word' id='word_1_332' title='bbox 1065 1851 1105 1877; x_wconf 84' lang='lat' dir='ltr'>Ad</span> 
     </span>
     <span class='ocr_line' id='line_1_41' title="bbox 268 1891 1108 1929; baseline 0.002 -11"><span class='ocrx_word' id='word_1_333' title='bbox 268 1891 415 1928; x_wconf 79' lang='lat' dir='ltr'>exemplum</span> <span class='ocrx_word' id='word_1_334' title='bbox 429 1891 601 1919; x_wconf 78' lang='lat' dir='ltr'>Alexandrini</span> <span class='ocrx_word' id='word_1_335' title='bbox 616 1892 687 1923; x_wconf 71' lang='lat' dir='ltr'>stoli,</span> <span class='ocrx_word' id='word_1_336' title='bbox 708 1898 845 1929; x_wconf 80' lang='lat' dir='ltr'>quaternas</span> <span class='ocrx_word' id='word_1_337' title='bbox 866 1894 890 1919; x_wconf 87' lang='lat' dir='ltr'>in</span> <span class='ocrx_word' id='word_1_338' title='bbox 905 1893 1034 1920; x_wconf 80' lang='lat' dir='ltr'>frumento</span> <span class='ocrx_word' id='word_1_339' title='bbox 1050 1904 1108 1920; x_wconf 90' lang='lat' dir='ltr'>cen-</span> 
     </span>
     <span class='ocr_line' id='line_1_42' title="bbox 266 1935 1130 1971; baseline 0.005 -12"><span class='ocrx_word' id='word_1_340' title='bbox 266 1935 373 1960; x_wconf 82' lang='lat' dir='ltr'>tesimas</span> <span class='ocrx_word' id='word_1_341' title='bbox 393 1940 586 1971; x_wconf 83' lang='lat' dir='ltr'>consequantur</span> <span class='ocrx_word' id='word_1_342' title='bbox 605 1936 657 1969; x_wconf 80' lang='lat' dir='ltr'>(sc.</span> <span class='ocrx_word' id='word_1_343' title='bbox 678 1935 854 1969; x_wconf 83' lang='lat' dir='ltr'>navicularii.)</span> <span class='ocrx_word' id='word_1_344' title='bbox 874 1935 924 1962; x_wconf 88' lang='lat' dir='ltr'>Th.</span> <span class='ocrx_word' id='word_1_345' title='bbox 945 1935 975 1963; x_wconf 89' lang='lat' dir='ltr'>C.</span> <span class='ocrx_word' id='word_1_346' title='bbox 994 1936 1063 1963; x_wconf 80' lang='lat' dir='ltr'>XIII.</span> <span class='ocrx_word' id='word_1_347' title='bbox 1083 1939 1106 1963; x_wconf 88' lang='lat'>5.</span> <span class='ocrx_word' id='word_1_348' title='bbox 1128 1945 1130 1966; x_wconf 69' lang='grc' dir='ltr'>ς</span> 
     </span>
     <span class='ocr_line' id='line_1_43' title="bbox 268 1976 511 2004; baseline 0 -1"><span class='ocrx_word' id='word_1_349' title='bbox 268 1987 289 2003; x_wconf 94' lang='lat' dir='ltr'>c.</span> <span class='ocrx_word' id='word_1_350' title='bbox 307 1978 329 2003; x_wconf 88' lang='lat'>7.</span> <span class='ocrx_word' id='word_1_351' title='bbox 350 1976 382 2003; x_wconf 80' lang='lat' dir='ltr'>de</span> <span class='ocrx_word' id='word_1_352' title='bbox 401 1977 511 2004; x_wconf 85' lang='lat' dir='ltr'>navicul.</span> 
     </span>
     <span class='ocr_line' id='line_1_44' title="bbox 301 2020 1130 2053; baseline 0.004 -7"><span class='ocrx_word' id='word_1_353' title='bbox 301 2020 449 2047; x_wconf 74' lang='lat' dir='ltr'>Strabo.</span> <span class='ocrx_word' id='word_1_354' title='bbox 471 2022 534 2053; x_wconf 82' lang='lat' dir='ltr'>Qui</span> <span class='ocrx_word' id='word_1_355' title='bbox 552 2024 664 2048; x_wconf 74' lang='lat' dir='ltr'>oculos</span> <span class='ocrx_word' id='word_1_356' title='bbox 683 2023 775 2048; x_wconf 77' lang='lat' dir='ltr'>habet</span> <span class='ocrx_word' id='word_1_357' title='bbox 794 2024 963 2049; x_wconf 71' lang='lat' dir='ltr'>distortos.</span> <span class='ocrx_word' id='word_1_358' title='bbox 984 2022 1025 2049; x_wconf 90' lang='lat' dir='ltr'>lll.</span> <span class='ocrx_word' id='word_1_359' title='bbox 1041 2024 1107 2050; x_wconf 78' lang='lat' dir='ltr'>Gn.</span> <span class='ocrx_word' id='word_1_360' title='bbox 1128 2030 1130 2040; x_wconf 88' lang='lat'>¹</span> 
     </span>
     <span class='ocr_line' id='line_1_45' title="bbox 268 2045 1130 2098; baseline 0.005 -10"><span class='ocrx_word' id='word_1_361' title='bbox 268 2061 327 2089; x_wconf 76' lang='lat' dir='ltr'>Nou</span> <span class='ocrx_word' id='word_1_362' title='bbox 347 2073 405 2089; x_wconf 85' lang='lat' dir='ltr'>esse</span> <span class='ocrx_word' id='word_1_363' title='bbox 428 2063 594 2092; x_wconf 83' lang='lat' dir='ltr'>morbosum.</span> <span class='ocrx_word' id='word_1_364' title='bbox 615 2080 645 2083; x_wconf 97' lang='lat'><strong>—</strong></span> <span class='ocrx_word' id='word_1_365' title='bbox 671 2064 751 2090; x_wconf 80' lang='lat' dir='ltr'>veluti</span> <span class='ocrx_word' id='word_1_366' title='bbox 775 2064 920 2098; x_wconf 84' lang='lat' dir='ltr'>hircosum,</span> <span class='ocrx_word' id='word_1_367' title='bbox 949 2066 1107 2093; x_wconf 68' lang='lat' dir='ltr'>strabonem</span> <span class='ocrx_word' id='word_1_368' title='bbox 1128 2045 1130 2084; x_wconf 82' lang='lat' dir='ltr'>l</span> 
     </span>
     <span class='ocr_line' id='line_1_46' title="bbox 268 2102 1130 2145; baseline 0.001 -13"><span class='ocrx_word' id='word_1_369' title='bbox 268 2106 298 2132; x_wconf 83' lang='lat' dir='ltr'>fr.</span> <span class='ocrx_word' id='word_1_370' title='bbox 320 2107 358 2132; x_wconf 79' lang='lat'>12.</span> <span class='ocrx_word' id='word_1_371' title='bbox 379 2106 401 2139; x_wconf 90' lang='lat'>3.</span> <span class='ocrx_word' id='word_1_372' title='bbox 421 2108 444 2132; x_wconf 82' lang='grc'>4.</span> <span class='ocrx_word' id='word_1_373' title='bbox 465 2106 497 2132; x_wconf 85' lang='lat' dir='ltr'>dc</span> <span class='ocrx_word' id='word_1_374' title='bbox 517 2106 603 2132; x_wconf 85' lang='lat' dir='ltr'>Aedil.</span> <span class='ocrx_word' id='word_1_375' title='bbox 623 2106 700 2133; x_wconf 71' lang='lat' dir='ltr'>edict.</span> <span class='ocrx_word' id='word_1_376' title='bbox 719 2109 760 2133; x_wconf 76' lang='lat'>21.</span> <span class='ocrx_word' id='word_1_377' title='bbox 784 2109 804 2133; x_wconf 93' lang='lat'>1.</span> <span class='ocrx_word' id='word_1_378' title='bbox 1128 2102 1130 2145; x_wconf 66' lang='grc' dir='ltr'>Ξ</span> 
     </span>
     <span class='ocr_line' id='line_1_47' title="bbox 302 2148 1106 2185; baseline 0.004 -10"><span class='ocrx_word' id='word_1_379' title='bbox 302 2148 467 2181; x_wconf 65' lang='lat' dir='ltr'>Strages.</span> <span class='ocrx_word' id='word_1_380' title='bbox 506 2150 621 2176; x_wconf 79' lang='lat' dir='ltr'>Clades</span> <span class='ocrx_word' id='word_1_381' title='bbox 648 2152 772 2176; x_wconf 74' lang='lat' dir='ltr'>bellica.</span> <span class='ocrx_word' id='word_1_382' title='bbox 815 2149 845 2176; x_wconf 92' lang='lat'>11.</span> <span class='ocrx_word' id='word_1_383' title='bbox 871 2152 937 2185; x_wconf 73' lang='lat' dir='ltr'>Op.</span> <span class='ocrx_word' id='word_1_384' title='bbox 966 2150 1106 2183; x_wconf 84' lang='lat' dir='ltr'>Victoriae,</span> 
     </span>
     <span class='ocr_line' id='line_1_48' title="bbox 269 2184 1106 2228; baseline 0.005 -10"><span class='ocrx_word' id='word_1_385' title='bbox 269 2184 408 2228; x_wconf 63' lang='lat' dir='ltr'>Tritlmphi</span> <span class='ocrx_word' id='word_1_386' title='bbox 427 2192 545 2224; x_wconf 88' lang='lat' dir='ltr'>(nostri.)</span> <span class='ocrx_word' id='word_1_387' title='bbox 566 2208 597 2211; x_wconf 97' lang='lat'><strong>—</strong></span> <span class='ocrx_word' id='word_1_388' title='bbox 617 2191 724 2227; x_wconf 68' lang='lat' dir='ltr'>Strages</span> <span class='ocrx_word' id='word_1_389' title='bbox 742 2192 899 2226; x_wconf 83' lang='lat' dir='ltr'>(hostium.)</span> <span class='ocrx_word' id='word_1_390' title='bbox 920 2194 969 2221; x_wconf 86' lang='lat' dir='ltr'>Th.</span> <span class='ocrx_word' id='word_1_391' title='bbox 990 2194 1020 2222; x_wconf 87' lang='lat' dir='ltr'>C.</span> <span class='ocrx_word' id='word_1_392' title='bbox 1039 2194 1106 2222; x_wconf 88' lang='lat' dir='ltr'>VIII.</span> 
     </span>
     <span class='ocr_line' id='line_1_49' title="bbox 272 2234 958 2272; baseline 0.003 -12"><span class='ocrx_word' id='word_1_393' title='bbox 272 2236 310 2260; x_wconf 93' lang='lat'>11.</span> <span class='ocrx_word' id='word_1_394' title='bbox 332 2245 352 2260; x_wconf 84' lang='lat' dir='ltr'>c.</span> <span class='ocrx_word' id='word_1_395' title='bbox 372 2236 395 2261; x_wconf 92' lang='lat'>3.</span> <span class='ocrx_word' id='word_1_396' title='bbox 417 2244 449 2260; x_wconf 85' lang='lat' dir='ltr'>ne</span> <span class='ocrx_word' id='word_1_397' title='bbox 469 2245 511 2271; x_wconf 76' lang='lat' dir='ltr'>qu.</span> <span class='ocrx_word' id='word_1_398' title='bbox 532 2235 594 2272; x_wconf 89' lang='lat' dir='ltr'>pub.</span> <span class='ocrx_word' id='word_1_399' title='bbox 613 2234 672 2261; x_wconf 84' lang='lat' dir='ltr'>laet.</span> <span class='ocrx_word' id='word_1_400' title='bbox 693 2235 733 2261; x_wconf 84' lang='lat' dir='ltr'>Cf.</span> <span class='ocrx_word' id='word_1_401' title='bbox 756 2235 838 2262; x_wconf 62' lang='lat' dir='ltr'>Vatic.</span> <span class='ocrx_word' id='word_1_402' title='bbox 859 2236 958 2269; x_wconf 79' lang='lat'>3199.</span> 
     </span>
     <span class='ocr_line' id='line_1_50' title="bbox 302 2278 1107 2313; baseline 0.004 -10"><span class='ocrx_word' id='word_1_403' title='bbox 302 2278 532 2311; x_wconf 78' lang='lat' dir='ltr'>stragulum.</span> <span class='ocrx_word' id='word_1_404' title='bbox 575 2279 817 2310; x_wconf 72' lang='lat' dir='ltr'>Vestimentum,</span> <span class='ocrx_word' id='word_1_405' title='bbox 847 2281 927 2313; x_wconf 80' lang='lat' dir='ltr'>quod</span> <span class='ocrx_word' id='word_1_406' title='bbox 951 2281 1107 2307; x_wconf 76' lang='lat' dir='ltr'>insterni-</span> 
     </span>
     <span class='ocr_line' id='line_1_51' title="bbox 269 2319 1131 2358; baseline 0.005 -13"><span class='ocrx_word' id='word_1_407' title='bbox 269 2326 330 2346; x_wconf 79' lang='lat' dir='ltr'>tur.</span> <span class='ocrx_word' id='word_1_408' title='bbox 364 2319 380 2346; x_wconf 94' lang='lat' dir='ltr'>l.</span> <span class='ocrx_word' id='word_1_409' title='bbox 398 2320 459 2353; x_wconf 71' lang='lat' dir='ltr'>Sy.</span> <span class='ocrx_word' id='word_1_410' title='bbox 479 2323 652 2355; x_wconf 56' lang='lat' dir='ltr'>llzgulorqmgca</span> <span class='ocrx_word' id='word_1_411' title='bbox 671 2321 812 2358; x_wconf 88' lang='lat' dir='ltr'>(pallium.)</span> <span class='ocrx_word' id='word_1_412' title='bbox 832 2321 861 2347; x_wconf 78' lang='lat' dir='ltr'>fr.</span> <span class='ocrx_word' id='word_1_413' title='bbox 877 2323 917 2348; x_wconf 70' lang='lat'>45.</span> <span class='ocrx_word' id='word_1_414' title='bbox 932 2321 964 2348; x_wconf 85' lang='lat' dir='ltr'>de</span> <span class='ocrx_word' id='word_1_415' title='bbox 983 2321 1014 2348; x_wconf 84' lang='lat' dir='ltr'>V.</span> <span class='ocrx_word' id='word_1_416' title='bbox 1029 2322 1056 2348; x_wconf 87' lang='lat' dir='ltr'>S.</span> <span class='ocrx_word' id='word_1_417' title='bbox 1066 2325 1107 2349; x_wconf 83' lang='lat'>50.</span> <span class='ocrx_word' id='word_1_418' title='bbox 1128 2321 1131 2350; x_wconf 66' lang='lat' dir='ltr'>l</span> 
     </span>
     <span class='ocr_line' id='line_1_52' title="bbox 271 2357 1131 2401; baseline 0.003 -13"><span class='ocrx_word' id='word_1_419' title='bbox 271 2364 310 2389; x_wconf 82' lang='lat'>16.</span> <span class='ocrx_word' id='word_1_420' title='bbox 348 2362 390 2390; x_wconf 94' lang='lat' dir='ltr'>lll.</span> <span class='ocrx_word' id='word_1_421' title='bbox 411 2363 478 2390; x_wconf 70' lang='lat' dir='ltr'>Cn.</span> <span class='ocrx_word' id='word_1_422' title='bbox 498 2362 599 2394; x_wconf 64' lang='lat' dir='ltr'>Vestis.</span> <span class='ocrx_word' id='word_1_423' title='bbox 621 2374 672 2389; x_wconf 86' lang='lat' dir='ltr'>non</span> <span class='ocrx_word' id='word_1_424' title='bbox 692 2364 776 2390; x_wconf 90' lang='lat' dir='ltr'>solum</span> <span class='ocrx_word' id='word_1_425' title='bbox 797 2364 923 2400; x_wconf 76' lang='lat' dir='ltr'>stragula,</span> <span class='ocrx_word' id='word_1_426' title='bbox 947 2364 994 2390; x_wconf 88' lang='lat' dir='ltr'>sed</span> <span class='ocrx_word' id='word_1_427' title='bbox 1014 2370 1039 2391; x_wconf 82' lang='lat' dir='ltr'>et</span> <span class='ocrx_word' id='word_1_428' title='bbox 1059 2376 1107 2401; x_wconf 82' lang='lat' dir='ltr'>qua</span> <span class='ocrx_word' id='word_1_429' title='bbox 1129 2357 1131 2365; x_wconf 38' lang='lat' dir='ltr'>l</span> 
     </span>
     <span class='ocr_line' id='line_1_53' title="bbox 270 2400 1131 2443; baseline 0.002 -12"><span class='ocrx_word' id='word_1_430' title='bbox 270 2404 306 2431; x_wconf 91' lang='lat' dir='ltr'>ihi</span> <span class='ocrx_word' id='word_1_431' title='bbox 326 2406 362 2431; x_wconf 91' lang='lat' dir='ltr'>uti</span> <span class='ocrx_word' id='word_1_432' title='bbox 382 2404 494 2431; x_wconf 80' lang='lat' dir='ltr'>solebat.</span> <span class='ocrx_word' id='word_1_433' title='bbox 513 2405 542 2432; x_wconf 81' lang='lat' dir='ltr'>fr.</span> <span class='ocrx_word' id='word_1_434' title='bbox 564 2407 603 2432; x_wconf 75' lang='lat'>12.</span> <span class='ocrx_word' id='word_1_435' title='bbox 623 2407 643 2439; x_wconf 84' lang='lat'>3.</span> <span class='ocrx_word' id='word_1_436' title='bbox 663 2408 704 2433; x_wconf 75' lang='lat'>28.</span> <span class='ocrx_word' id='word_1_437' title='bbox 726 2406 758 2433; x_wconf 82' lang='lat' dir='ltr'>de</span> <span class='ocrx_word' id='word_1_438' title='bbox 777 2408 851 2433; x_wconf 87' lang='lat' dir='ltr'>instr.</span> <span class='ocrx_word' id='word_1_439' title='bbox 872 2407 920 2443; x_wconf 76' lang='lat' dir='ltr'>leg.</span> <span class='ocrx_word' id='word_1_440' title='bbox 934 2408 974 2433; x_wconf 82' lang='lat'>33.</span> <span class='ocrx_word' id='word_1_441' title='bbox 990 2408 1012 2433; x_wconf 96' lang='lat'>7.</span> <span class='ocrx_word' id='word_1_442' title='bbox 1037 2407 1109 2433; x_wconf 88' lang='lat' dir='ltr'>Stra-</span> <span class='ocrx_word' id='word_1_443' title='bbox 1130 2400 1131 2410; x_wconf 44' lang='lat'>¹</span> 
     </span>
     <span class='ocr_line' id='line_1_54' title="bbox 269 2446 1107 2485; baseline 0.002 -12"><span class='ocrx_word' id='word_1_444' title='bbox 269 2446 352 2483; x_wconf 76' lang='lat' dir='ltr'>gulae,</span> <span class='ocrx_word' id='word_1_445' title='bbox 372 2452 397 2473; x_wconf 88' lang='lat' dir='ltr'>et</span> <span class='ocrx_word' id='word_1_446' title='bbox 416 2447 580 2484; x_wconf 70' lang='lat' dir='ltr'>babylonica,</span> <span class='ocrx_word' id='word_1_447' title='bbox 601 2459 666 2485; x_wconf 89' lang='lat' dir='ltr'>quae</span> <span class='ocrx_word' id='word_1_448' title='bbox 687 2451 760 2485; x_wconf 82' lang='lat' dir='ltr'>equis</span> <span class='ocrx_word' id='word_1_449' title='bbox 781 2450 890 2475; x_wconf 87' lang='lat' dir='ltr'>insterni</span> <span class='ocrx_word' id='word_1_450' title='bbox 910 2449 1006 2475; x_wconf 86' lang='lat' dir='ltr'>solent.</span> <span class='ocrx_word' id='word_1_451' title='bbox 1026 2449 1055 2476; x_wconf 84' lang='lat' dir='ltr'>fr.</span> <span class='ocrx_word' id='word_1_452' title='bbox 1066 2452 1107 2475; x_wconf 78' lang='lat'>25.</span> 
     </span>
     <span class='ocr_line' id='line_1_55' title="bbox 270 2489 1107 2529; baseline 0.004 -14"><span class='ocrx_word' id='word_1_453' title='bbox 270 2490 292 2523; x_wconf 88' lang='lat'>3.</span> <span class='ocrx_word' id='word_1_454' title='bbox 311 2492 334 2516; x_wconf 77' lang='lat'>3.</span> <span class='ocrx_word' id='word_1_455' title='bbox 356 2489 387 2516; x_wconf 81' lang='lat' dir='ltr'>de</span> <span class='ocrx_word' id='word_1_456' title='bbox 407 2500 469 2516; x_wconf 81' lang='lat' dir='ltr'>auro</span> <span class='ocrx_word' id='word_1_457' title='bbox 489 2501 539 2525; x_wconf 63' lang='lat' dir='ltr'>arg.</span> <span class='ocrx_word' id='word_1_458' title='bbox 554 2493 596 2518; x_wconf 66' lang='lat'>34.</span> <span class='ocrx_word' id='word_1_459' title='bbox 615 2494 638 2518; x_wconf 78' lang='lat'>2.</span> <span class='ocrx_word' id='word_1_460' title='bbox 678 2491 793 2518; x_wconf 83' lang='lat' dir='ltr'>Tunicae</span> <span class='ocrx_word' id='word_1_461' title='bbox 813 2497 838 2518; x_wconf 78' lang='lat' dir='ltr'>et</span> <span class='ocrx_word' id='word_1_462' title='bbox 858 2492 971 2528; x_wconf 72' lang='lat' dir='ltr'>stragula</span> <span class='ocrx_word' id='word_1_463' title='bbox 991 2492 1107 2529; x_wconf 74' lang='lat' dir='ltr'>pellicea.</span> 
     </span>
     <span class='ocr_line' id='line_1_56' title="bbox 272 2532 1131 2574; baseline 0.003 -16"><span class='ocrx_word' id='word_1_464' title='bbox 272 2532 300 2558; x_wconf 74' lang='lat' dir='ltr'>l&#39;r.</span> <span class='ocrx_word' id='word_1_465' title='bbox 320 2534 361 2558; x_wconf 73' lang='lat'>24.</span> <span class='ocrx_word' id='word_1_466' title='bbox 382 2532 413 2559; x_wconf 62' lang='grc' dir='ltr'>οἵ.</span> <span class='ocrx_word' id='word_1_467' title='bbox 434 2533 463 2559; x_wconf 87' lang='lat' dir='ltr'>l&#39;r.</span> <span class='ocrx_word' id='word_1_468' title='bbox 483 2535 524 2560; x_wconf 81' lang='lat'>23.</span> <span class='ocrx_word' id='word_1_469' title='bbox 544 2534 565 2567; x_wconf 76' lang='lat'>3&#39;.</span> <span class='ocrx_word' id='word_1_470' title='bbox 585 2538 608 2560; x_wconf 77' lang='lat'>2.</span> <span class='ocrx_word' id='word_1_471' title='bbox 629 2534 662 2560; x_wconf 92' lang='lat' dir='ltr'>ib.</span> <span class='ocrx_word' id='word_1_472' title='bbox 682 2536 723 2560; x_wconf 71' lang='lat'>34.</span> <span class='ocrx_word' id='word_1_473' title='bbox 744 2537 767 2560; x_wconf 74' lang='lat'>2.</span> <span class='ocrx_word' id='word_1_474' title='bbox 807 2534 898 2561; x_wconf 66' lang='lat' dir='ltr'>Vtrum</span> <span class='ocrx_word' id='word_1_475' title='bbox 919 2536 944 2561; x_wconf 91' lang='lat' dir='ltr'>in</span> <span class='ocrx_word' id='word_1_476' title='bbox 964 2540 1037 2562; x_wconf 83' lang='lat' dir='ltr'>veste</span> <span class='ocrx_word' id='word_1_477' title='bbox 1056 2536 1108 2561; x_wconf 88' lang='lat' dir='ltr'>sint</span> <span class='ocrx_word' id='word_1_478' title='bbox 1129 2554 1131 2574; x_wconf 61' lang='lat'>,¹</span> 
     </span>
     <span class='ocr_line' id='line_1_57' title="bbox 272 2575 1131 2614; baseline 0.003 -14"><span class='ocrx_word' id='word_1_479' title='bbox 272 2575 325 2606; x_wconf 83' lang='lat' dir='ltr'>(sc.</span> <span class='ocrx_word' id='word_1_480' title='bbox 346 2577 463 2612; x_wconf 76' lang='lat' dir='ltr'>tapeta.)</span> <span class='ocrx_word' id='word_1_481' title='bbox 490 2577 558 2603; x_wconf 87' lang='lat' dir='ltr'>sicut</span> <span class='ocrx_word' id='word_1_482' title='bbox 582 2577 709 2613; x_wconf 68' lang='lat' dir='ltr'>stragulag</span> <span class='ocrx_word' id='word_1_483' title='bbox 737 2588 768 2603; x_wconf 87' lang='lat' dir='ltr'>an</span> <span class='ocrx_word' id='word_1_484' title='bbox 794 2578 818 2603; x_wconf 89' lang='lat' dir='ltr'>iu</span> <span class='ocrx_word' id='word_1_485' title='bbox 838 2577 1017 2614; x_wconf 80' lang='lat' dir='ltr'>supellectile.</span> <span class='ocrx_word' id='word_1_486' title='bbox 1041 2579 1109 2604; x_wconf 87' lang='lat' dir='ltr'>sicut</span> <span class='ocrx_word' id='word_1_487' title='bbox 1130 2582 1131 2611; x_wconf 54' lang='grc' dir='ltr'><strong>ξ</strong></span> 
     </span>
     <span class='ocr_line' id='line_1_58' title="bbox 273 2616 1108 2657; baseline 0.007 -16"><span class='ocrx_word' id='word_1_488' title='bbox 273 2616 399 2644; x_wconf 78' lang='lat' dir='ltr'>thoralia&#39;!</span> <span class='ocrx_word' id='word_1_489' title='bbox 419 2618 448 2645; x_wconf 66' lang='lat' dir='ltr'>l&#39;r.</span> <span class='ocrx_word' id='word_1_490' title='bbox 469 2621 492 2645; x_wconf 84' lang='lat'>5.</span> <span class='ocrx_word' id='word_1_491' title='bbox 513 2629 552 2656; x_wconf 87' lang='lat' dir='ltr'>pr.</span> <span class='ocrx_word' id='word_1_492' title='bbox 572 2619 604 2646; x_wconf 87' lang='lat' dir='ltr'>de</span> <span class='ocrx_word' id='word_1_493' title='bbox 623 2620 718 2657; x_wconf 83' lang='lat' dir='ltr'>supcll.</span> <span class='ocrx_word' id='word_1_494' title='bbox 739 2620 786 2656; x_wconf 73' lang='lat' dir='ltr'>leg.</span> <span class='ocrx_word' id='word_1_495' title='bbox 806 2622 847 2646; x_wconf 90' lang='lat'>33.</span> <span class='ocrx_word' id='word_1_496' title='bbox 866 2623 904 2646; x_wconf 83' lang='lat'>10.</span> <span class='ocrx_word' id='word_1_497' title='bbox 925 2621 955 2647; x_wconf 78' lang='lat' dir='ltr'>cl&#39;.</span> <span class='ocrx_word' id='word_1_498' title='bbox 977 2620 1047 2647; x_wconf 83' lang='lat' dir='ltr'>Paul.</span> <span class='ocrx_word' id='word_1_499' title='bbox 1068 2620 1108 2647; x_wconf 92' lang='lat' dir='ltr'>Ill.</span> 
     </span>
     <span class='ocr_line' id='line_1_59' title="bbox 271 2660 1131 2691; baseline 0.006 -7"><span class='ocrx_word' id='word_1_500' title='bbox 271 2660 296 2684; x_wconf 82' lang='lat'>6.</span> <span class='ocrx_word' id='word_1_501' title='bbox 316 2660 337 2691; x_wconf 50' lang='grc' dir='ltr'>ᾗ,</span> <span class='ocrx_word' id='word_1_502' title='bbox 357 2662 397 2686; x_wconf 74' lang='lat'>«57.</span> <span class='ocrx_word' id='word_1_503' title='bbox 1130 2668 1131 2671; x_wconf 47' lang='lat'>¹</span> 
     </span>
     <span class='ocr_line' id='line_1_60' title="bbox 306 2702 1132 2745; baseline 0.006 -17"><span class='ocrx_word' id='word_1_504' title='bbox 306 2702 576 2731; x_wconf 67' lang='lat' dir='ltr'>Str-amentum.</span> <span class='ocrx_word' id='word_1_505' title='bbox 601 2705 632 2738; x_wconf 82' lang='lat'>§.</span> <span class='ocrx_word' id='word_1_506' title='bbox 647 2706 680 2731; x_wconf 86' lang='lat'>1.</span> <span class='ocrx_word' id='word_1_507' title='bbox 702 2706 822 2737; x_wconf 84' lang='lat' dir='ltr'>Culmi,</span> <span class='ocrx_word' id='word_1_508' title='bbox 842 2708 895 2739; x_wconf 85' lang='lat' dir='ltr'>qui</span> <span class='ocrx_word' id='word_1_509' title='bbox 913 2708 1023 2740; x_wconf 73' lang='lat' dir='ltr'>pecori</span> <span class='ocrx_word' id='word_1_510' title='bbox 1041 2708 1132 2745; x_wconf 24' lang='lat' dir='ltr'>snb-K</span> 
     </span>
     <span class='ocr_line' id='line_1_61' title="bbox 273 2747 1132 2785; baseline 0.006 -15"><span class='ocrx_word' id='word_1_511' title='bbox 273 2750 469 2772; x_wconf 66' lang='lat' dir='ltr'>sternuntur.</span> <span class='ocrx_word' id='word_1_512' title='bbox 507 2747 551 2773; x_wconf 90' lang='lat'>111.</span> <span class='ocrx_word' id='word_1_513' title='bbox 573 2748 638 2775; x_wconf 75' lang='lat' dir='ltr'>Cn·</span> <span class='ocrx_word' id='word_1_514' title='bbox 659 2747 788 2780; x_wconf 73' lang='lat' dir='ltr'>Foenum.</span> <span class='ocrx_word' id='word_1_515' title='bbox 813 2753 968 2781; x_wconf 82' lang='lat' dir='ltr'>stramenta,</span> <span class='ocrx_word' id='word_1_516' title='bbox 988 2754 1013 2775; x_wconf 89' lang='lat' dir='ltr'>et</span> <span class='ocrx_word' id='word_1_517' title='bbox 1034 2748 1108 2785; x_wconf 80' lang='lat' dir='ltr'>ligna.</span> <span class='ocrx_word' id='word_1_518' title='bbox 1130 2748 1132 2768; x_wconf 69' lang='lat'>&#39;=</span> 
     </span>
     <span class='ocr_line' id='line_1_62' title="bbox 273 2781 1132 2823; baseline 0.006 -10"><span class='ocrx_word' id='word_1_519' title='bbox 273 2787 295 2821; x_wconf 76' lang='lat'>3.</span> <span class='ocrx_word' id='word_1_520' title='bbox 317 2788 338 2814; x_wconf 94' lang='lat'>1.</span> <span class='ocrx_word' id='word_1_521' title='bbox 359 2786 376 2814; x_wconf 91' lang='lat' dir='ltr'>I.</span> <span class='ocrx_word' id='word_1_522' title='bbox 399 2787 431 2813; x_wconf 87' lang='lat' dir='ltr'>de</span> <span class='ocrx_word' id='word_1_523' title='bbox 456 2798 503 2815; x_wconf 90' lang='lat' dir='ltr'>usu</span> <span class='ocrx_word' id='word_1_524' title='bbox 528 2795 554 2816; x_wconf 86' lang='lat' dir='ltr'>et</span> <span class='ocrx_word' id='word_1_525' title='bbox 578 2789 657 2816; x_wconf 77' lang='lat' dir='ltr'>habit.</span> <span class='ocrx_word' id='word_1_526' title='bbox 677 2793 700 2816; x_wconf 80' lang='lat'>2.</span> <span class='ocrx_word' id='word_1_527' title='bbox 720 2793 744 2817; x_wconf 90' lang='lat'>5.</span> <span class='ocrx_word' id='word_1_528' title='bbox 782 2791 972 2823; x_wconf 80' lang='lat' dir='ltr'>Sterculinum,</span> <span class='ocrx_word' id='word_1_529' title='bbox 997 2796 1023 2817; x_wconf 90' lang='lat' dir='ltr'>et</span> <span class='ocrx_word' id='word_1_530' title='bbox 1047 2797 1110 2818; x_wconf 85' lang='lat' dir='ltr'>stra-</span> <span class='ocrx_word' id='word_1_531' title='bbox 1131 2781 1132 2791; x_wconf 44' lang='lat' dir='ltr'>l</span> 
     </span>
    </p>
   </div>
   <div class='ocr_carea' id='block_1_5' title="bbox 1128 263 1136 2895">
    <p class='ocr_par' dir='ltr' id='par_1_11' title="bbox 1128 263 1136 2895">
     <span class='ocr_line' id='line_1_63' title="bbox 1128 263 1136 2895; baseline 0 0"><span class='ocrx_word' id='word_1_532' title='bbox 1128 263 1136 2895; x_wconf 95' lang='lat' dir='ltr'> </span> 
     </span>
    </p>
   </div>
   <div class='ocr_carea' id='block_1_6' title="bbox 272 2829 1111 2864">
    <p class='ocr_par' dir='ltr' id='par_1_12' title="bbox 272 2829 1111 2864">
     <span class='ocr_line' id='line_1_64' title="bbox 272 2829 1111 2864; baseline 0.006 -8"><span class='ocrx_word' id='word_1_533' title='bbox 272 2834 366 2857; x_wconf 85' lang='lat' dir='ltr'>menta.</span> <span class='ocrx_word' id='word_1_534' title='bbox 389 2829 417 2856; x_wconf 82' lang='lat' dir='ltr'>fr.</span> <span class='ocrx_word' id='word_1_535' title='bbox 440 2831 478 2856; x_wconf 84' lang='lat'>17.</span> <span class='ocrx_word' id='word_1_536' title='bbox 498 2831 519 2864; x_wconf 79' lang='lat'>3.</span> <span class='ocrx_word' id='word_1_537' title='bbox 538 2834 562 2858; x_wconf 80' lang='lat'>2.</span> <span class='ocrx_word' id='word_1_538' title='bbox 582 2832 614 2859; x_wconf 88' lang='lat' dir='ltr'>de</span> <span class='ocrx_word' id='word_1_539' title='bbox 633 2833 663 2860; x_wconf 88' lang='lat' dir='ltr'>A.</span> <span class='ocrx_word' id='word_1_540' title='bbox 683 2832 712 2860; x_wconf 89' lang='grc' dir='ltr'>Ε.</span> <span class='ocrx_word' id='word_1_541' title='bbox 733 2832 764 2861; x_wconf 90' lang='lat' dir='ltr'>V.</span> <span class='ocrx_word' id='word_1_542' title='bbox 787 2835 826 2860; x_wconf 88' lang='lat'>19.</span> <span class='ocrx_word' id='word_1_543' title='bbox 848 2835 869 2860; x_wconf 88' lang='lat' dir='ltr'>l.</span> <span class='ocrx_word' id='word_1_544' title='bbox 907 2833 1053 2861; x_wconf 80' lang='lat' dir='ltr'>Stramenta</span> <span class='ocrx_word' id='word_1_545' title='bbox 1073 2844 1111 2861; x_wconf 83' lang='lat' dir='ltr'>ar-</span> 
     </span>
    </p>
   </div>
   <div class='ocr_carea' id='block_1_7' title="bbox 1017 179 1233 211">
    <p class='ocr_par' dir='ltr' id='par_1_13' title="bbox 1017 179 1233 211">
     <span class='ocr_line' id='line_1_65' title="bbox 1017 179 1233 211; baseline 0.005 -1"><span class='ocrx_word' id='word_1_546' title='bbox 1017 180 1084 211; x_wconf 87' lang='lat' dir='ltr'>STI</span> <span class='ocrx_word' id='word_1_547' title='bbox 1093 179 1233 211; x_wconf 64' lang='lat' dir='ltr'>—STR</span> 
     </span>
    </p>
   </div>
   <div class='ocr_carea' id='block_1_8' title="bbox 1151 262 1994 473">
    <p class='ocr_par' dir='ltr' id='par_1_14' title="bbox 1151 262 1992 382">
     <span class='ocr_line' id='line_1_66' title="bbox 1153 262 1992 303; baseline 0.006 -15"><span class='ocrx_word' id='word_1_548' title='bbox 1153 262 1241 289; x_wconf 82' lang='lat' dir='ltr'>dentia</span> <span class='ocrx_word' id='word_1_549' title='bbox 1260 262 1400 290; x_wconf 82' lang='lat' dir='ltr'>transilire.</span> <span class='ocrx_word' id='word_1_550' title='bbox 1419 263 1450 290; x_wconf 84' lang='lat' dir='ltr'>fr.</span> <span class='ocrx_word' id='word_1_551' title='bbox 1470 266 1511 292; x_wconf 87' lang='lat'>45.</span> <span class='ocrx_word' id='word_1_552' title='bbox 1531 265 1553 299; x_wconf 85' lang='lat'>3.</span> <span class='ocrx_word' id='word_1_553' title='bbox 1573 266 1597 292; x_wconf 84' lang='lat'>3.</span> <span class='ocrx_word' id='word_1_554' title='bbox 1617 264 1649 292; x_wconf 81' lang='lat' dir='ltr'>ad</span> <span class='ocrx_word' id='word_1_555' title='bbox 1661 264 1691 292; x_wconf 92' lang='lat' dir='ltr'>L.</span> <span class='ocrx_word' id='word_1_556' title='bbox 1705 265 1773 303; x_wconf 83' lang='lat' dir='ltr'>Aqu.</span> <span class='ocrx_word' id='word_1_557' title='bbox 1787 267 1811 293; x_wconf 87' lang='lat'>9.</span> <span class='ocrx_word' id='word_1_558' title='bbox 1824 267 1848 292; x_wconf 81' lang='lat'>2.</span> <span class='ocrx_word' id='word_1_559' title='bbox 1863 282 1894 286; x_wconf 93' lang='lat'>—</span> <span class='ocrx_word' id='word_1_560' title='bbox 1913 267 1944 300; x_wconf 63' lang='grc' dir='ltr'>ξ.</span> <span class='ocrx_word' id='word_1_561' title='bbox 1956 267 1992 294; x_wconf 65' lang='grc' dir='ltr'>Β.</span> 
     </span>
     <span class='ocr_line' id='line_1_67' title="bbox 1154 306 1991 341; baseline 0.006 -10"><span class='ocrx_word' id='word_1_562' title='bbox 1154 307 1357 341; x_wconf 85' lang='lat' dir='ltr'>Stragulum.</span> <span class='ocrx_word' id='word_1_563' title='bbox 1395 306 1437 333; x_wconf 91' lang='lat'>111.</span> <span class='ocrx_word' id='word_1_564' title='bbox 1458 308 1524 335; x_wconf 77' lang='lat' dir='ltr'>Gn.</span> <span class='ocrx_word' id='word_1_565' title='bbox 1551 307 1728 341; x_wconf 69' lang='lat' dir='ltr'>Vestimenta,</span> <span class='ocrx_word' id='word_1_566' title='bbox 1747 313 1773 335; x_wconf 83' lang='lat' dir='ltr'>et</span> <span class='ocrx_word' id='word_1_567' title='bbox 1792 313 1942 336; x_wconf 83' lang='lat' dir='ltr'>stramenta.</span> <span class='ocrx_word' id='word_1_568' title='bbox 1961 310 1991 336; x_wconf 73' lang='lat' dir='ltr'>ir.</span> 
     </span>
     <span class='ocr_line' id='line_1_68' title="bbox 1151 347 1571 382; baseline 0.01 -8"><span class='ocrx_word' id='word_1_569' title='bbox 1151 349 1210 374; x_wconf 68' lang='lat'>234.</span> <span class='ocrx_word' id='word_1_570' title='bbox 1232 347 1254 382; x_wconf 67' lang='grc' dir='ltr'>ς.</span> <span class='ocrx_word' id='word_1_571' title='bbox 1273 350 1298 375; x_wconf 80' lang='lat'>2.</span> <span class='ocrx_word' id='word_1_572' title='bbox 1318 348 1350 375; x_wconf 71' lang='lat' dir='ltr'>«le</span> <span class='ocrx_word' id='word_1_573' title='bbox 1370 348 1400 376; x_wconf 86' lang='lat' dir='ltr'>v.</span> <span class='ocrx_word' id='word_1_574' title='bbox 1420 349 1448 376; x_wconf 89' lang='lat' dir='ltr'>s.</span> <span class='ocrx_word' id='word_1_575' title='bbox 1468 352 1509 377; x_wconf 82' lang='lat'>50.</span> <span class='ocrx_word' id='word_1_576' title='bbox 1532 352 1571 378; x_wconf 80' lang='lat'>16.</span> 
     </span>
    </p>

    <p class='ocr_par' dir='ltr' id='par_1_15' title="bbox 1152 391 1994 473">
     <span class='ocr_line' id='line_1_69' title="bbox 1186 391 1992 429; baseline 0.005 -12"><span class='ocrx_word' id='word_1_577' title='bbox 1186 391 1449 426; x_wconf 74' lang='lat' dir='ltr'>Str-angulare.</span> <span class='ocrx_word' id='word_1_578' title='bbox 1491 394 1522 427; x_wconf 75' lang='lat'>§0</span> <span class='ocrx_word' id='word_1_579' title='bbox 1545 396 1579 421; x_wconf 91' lang='lat'>1.</span> <span class='ocrx_word' id='word_1_580' title='bbox 1609 396 1774 421; x_wconf 68' lang='lat' dir='ltr'>Faucibus</span> <span class='ocrx_word' id='word_1_581' title='bbox 1801 397 1992 429; x_wconf 71' lang='lat' dir='ltr'>compressis</span> 
     </span>
     <span class='ocr_line' id='line_1_70' title="bbox 1152 434 1994 473; baseline 0.006 -14"><span class='ocrx_word' id='word_1_582' title='bbox 1152 435 1330 470; x_wconf 74' lang='lat' dir='ltr'>suffocare.</span> <span class='ocrx_word' id='word_1_583' title='bbox 1368 434 1411 461; x_wconf 89' lang='lat'>111.</span> <span class='ocrx_word' id='word_1_584' title='bbox 1432 436 1499 463; x_wconf 76' lang='lat' dir='ltr'>Cn.</span> <span class='ocrx_word' id='word_1_585' title='bbox 1523 436 1671 473; x_wconf 76' lang='lat' dir='ltr'>Iugulatus,</span> <span class='ocrx_word' id='word_1_586' title='bbox 1696 436 1886 472; x_wconf 74' lang='lat' dir='ltr'>strangulatus,</span> <span class='ocrx_word' id='word_1_587' title='bbox 1907 452 1938 456; x_wconf 98' lang='lat'><strong>—</strong></span> <span class='ocrx_word' id='word_1_588' title='bbox 1958 437 1994 464; x_wconf 82' lang='lat' dir='ltr'>la-</span> 
     </span>
    </p>
   </div>
   <div class='ocr_carea' id='block_1_9' title="bbox 1129 476 1992 514">
    <p class='ocr_par' dir='ltr' id='par_1_16' title="bbox 1129 476 1992 514">
     <span class='ocr_line' id='line_1_71' title="bbox 1129 476 1992 514; baseline 0.005 -12"><span class='ocrx_word' id='word_1_589' title='bbox 1129 503 1131 514; x_wconf 26' lang='lat'>?</span> <span class='ocrx_word' id='word_1_590' title='bbox 1151 476 1213 514; x_wconf 84' lang='lat' dir='ltr'>pide</span> <span class='ocrx_word' id='word_1_591' title='bbox 1231 487 1373 514; x_wconf 84' lang='lat' dir='ltr'>percussus</span> <span class='ocrx_word' id='word_1_592' title='bbox 1394 482 1443 504; x_wconf 88' lang='lat' dir='ltr'>etc.</span> <span class='ocrx_word' id='word_1_593' title='bbox 1465 478 1495 504; x_wconf 86' lang='lat' dir='ltr'>fr.</span> <span class='ocrx_word' id='word_1_594' title='bbox 1517 481 1539 505; x_wconf 89' lang='lat'>1.</span> <span class='ocrx_word' id='word_1_595' title='bbox 1564 480 1585 514; x_wconf 91' lang='lat'>3.</span> <span class='ocrx_word' id='word_1_596' title='bbox 1607 482 1645 506; x_wconf 92' lang='lat'>17.</span> <span class='ocrx_word' id='word_1_597' title='bbox 1666 479 1699 506; x_wconf 86' lang='lat' dir='ltr'>de</span> <span class='ocrx_word' id='word_1_598' title='bbox 1718 479 1785 506; x_wconf 77' lang='lat' dir='ltr'>SC.</span> <span class='ocrx_word' id='word_1_599' title='bbox 1806 479 1886 506; x_wconf 78' lang='lat' dir='ltr'>Silan.</span> <span class='ocrx_word' id='word_1_600' title='bbox 1906 481 1948 506; x_wconf 69' lang='lat'>⁸29.</span> <span class='ocrx_word' id='word_1_601' title='bbox 1968 482 1992 507; x_wconf 88' lang='lat'>5.</span> 
     </span>
    </p>
   </div>
   <div class='ocr_carea' id='block_1_10' title="bbox 1150 519 1995 1800">
    <p class='ocr_par' dir='ltr' id='par_1_17' title="bbox 1151 519 1993 762">
     <span class='ocr_line' id='line_1_72' title="bbox 1152 519 1993 559; baseline 0.004 -13"><span class='ocrx_word' id='word_1_602' title='bbox 1152 519 1183 546; x_wconf 83' lang='lat' dir='ltr'>cf.</span> <span class='ocrx_word' id='word_1_603' title='bbox 1204 519 1233 546; x_wconf 84' lang='lat' dir='ltr'>fr.</span> <span class='ocrx_word' id='word_1_604' title='bbox 1254 521 1276 547; x_wconf 91' lang='lat'>7.</span> <span class='ocrx_word' id='word_1_605' title='bbox 1302 521 1323 554; x_wconf 93' lang='lat'>3.</span> <span class='ocrx_word' id='word_1_606' title='bbox 1346 522 1367 547; x_wconf 95' lang='lat' dir='ltr'>l.</span> <span class='ocrx_word' id='word_1_607' title='bbox 1387 520 1419 547; x_wconf 85' lang='lat' dir='ltr'>ad</span> <span class='ocrx_word' id='word_1_608' title='bbox 1438 520 1468 548; x_wconf 91' lang='lat' dir='ltr'>L.</span> <span class='ocrx_word' id='word_1_609' title='bbox 1488 522 1557 559; x_wconf 78' lang='lat' dir='ltr'>Aqu.</span> <span class='ocrx_word' id='word_1_610' title='bbox 1576 524 1600 549; x_wconf 86' lang='lat'>9.</span> <span class='ocrx_word' id='word_1_611' title='bbox 1619 525 1643 549; x_wconf 78' lang='lat'>2.</span> <span class='ocrx_word' id='word_1_612' title='bbox 1681 522 1889 559; x_wconf 86' lang='lat' dir='ltr'>Comprimatur.</span> <span class='ocrx_word' id='word_1_613' title='bbox 1909 538 1941 542; x_wconf 83' lang='lat'>-</span> <span class='ocrx_word' id='word_1_614' title='bbox 1966 524 1993 549; x_wconf 86' lang='lat' dir='ltr'>in</span> 
     </span>
     <span class='ocr_line' id='line_1_73' title="bbox 1151 562 1992 602; baseline 0.002 -13"><span class='ocrx_word' id='word_1_615' title='bbox 1151 563 1218 600; x_wconf 86' lang='lat' dir='ltr'>ipsis</span> <span class='ocrx_word' id='word_1_616' title='bbox 1242 562 1359 590; x_wconf 85' lang='lat' dir='ltr'>saucibus</span> <span class='ocrx_word' id='word_1_617' title='bbox 1383 564 1560 600; x_wconf 82' lang='lat' dir='ltr'>stranguletur</span> <span class='ocrx_word' id='word_1_618' title='bbox 1583 566 1636 599; x_wconf 89' lang='lat' dir='ltr'>(sc.</span> <span class='ocrx_word' id='word_1_619' title='bbox 1666 565 1812 592; x_wconf 84' lang='lat' dir='ltr'>delatorum</span> <span class='ocrx_word' id='word_1_620' title='bbox 1835 565 1992 602; x_wconf 85' lang='lat' dir='ltr'>pernicies.)</span> 
     </span>
     <span class='ocr_line' id='line_1_74' title="bbox 1152 605 1992 645; baseline 0.002 -13"><span class='ocrx_word' id='word_1_621' title='bbox 1152 605 1201 632; x_wconf 90' lang='lat' dir='ltr'>Th.</span> <span class='ocrx_word' id='word_1_622' title='bbox 1223 605 1254 633; x_wconf 93' lang='lat' dir='ltr'>C.</span> <span class='ocrx_word' id='word_1_623' title='bbox 1271 606 1305 633; x_wconf 88' lang='lat' dir='ltr'>X.</span> <span class='ocrx_word' id='word_1_624' title='bbox 1327 608 1366 632; x_wconf 87' lang='lat'>10.</span> <span class='ocrx_word' id='word_1_625' title='bbox 1392 616 1413 633; x_wconf 88' lang='lat' dir='ltr'>c.</span> <span class='ocrx_word' id='word_1_626' title='bbox 1432 608 1458 633; x_wconf 73' lang='lat'>⁴2.</span> <span class='ocrx_word' id='word_1_627' title='bbox 1481 606 1514 634; x_wconf 86' lang='lat' dir='ltr'>de</span> <span class='ocrx_word' id='word_1_628' title='bbox 1538 608 1611 645; x_wconf 85' lang='lat' dir='ltr'>petit.</span> <span class='ocrx_word' id='word_1_629' title='bbox 1636 613 1662 634; x_wconf 90' lang='lat' dir='ltr'>et</span> <span class='ocrx_word' id='word_1_630' title='bbox 1686 608 1755 634; x_wconf 87' lang='lat' dir='ltr'>ultro</span> <span class='ocrx_word' id='word_1_631' title='bbox 1780 608 1832 635; x_wconf 88' lang='lat' dir='ltr'>dat.</span> <span class='ocrx_word' id='word_1_632' title='bbox 1853 623 1884 627; x_wconf 91' lang='lat'>—</span> <span class='ocrx_word' id='word_1_633' title='bbox 1904 608 1935 641; x_wconf 73' lang='lat'>§0</span> <span class='ocrx_word' id='word_1_634' title='bbox 1955 609 1992 634; x_wconf 73' lang='lat'>2.</span> 
     </span>
     <span class='ocr_line' id='line_1_75' title="bbox 1155 648 1990 682; baseline 0.001 -7"><span class='ocrx_word' id='word_1_635' title='bbox 1155 648 1293 681; x_wconf 62' lang='lat' dir='ltr'>Tea-are,</span> <span class='ocrx_word' id='word_1_636' title='bbox 1320 650 1503 676; x_wconf 77' lang='lat' dir='ltr'>molestare.</span> <span class='ocrx_word' id='word_1_637' title='bbox 1544 650 1586 677; x_wconf 90' lang='lat'>111.</span> <span class='ocrx_word' id='word_1_638' title='bbox 1608 652 1674 679; x_wconf 73' lang='lat' dir='ltr'>Gn.</span> <span class='ocrx_word' id='word_1_639' title='bbox 1703 651 1804 678; x_wconf 82' lang='lat' dir='ltr'>Omnes</span> <span class='ocrx_word' id='word_1_640' title='bbox 1829 660 1936 682; x_wconf 81' lang='lat' dir='ltr'>causas,</span> <span class='ocrx_word' id='word_1_641' title='bbox 1957 665 1990 670; x_wconf 89' lang='lat'>—</span> 
     </span>
     <span class='ocr_line' id='line_1_76' title="bbox 1151 691 1992 731; baseline 0.004 -14"><span class='ocrx_word' id='word_1_642' title='bbox 1151 691 1246 728; x_wconf 88' lang='lat' dir='ltr'>quibus</span> <span class='ocrx_word' id='word_1_643' title='bbox 1266 691 1450 728; x_wconf 74' lang='lat' dir='ltr'>strangulatur,</span> <span class='ocrx_word' id='word_1_644' title='bbox 1471 698 1593 730; x_wconf 82' lang='lat' dir='ltr'>exponat.</span> <span class='ocrx_word' id='word_1_645' title='bbox 1613 693 1649 720; x_wconf 90' lang='lat' dir='ltr'>lb.</span> <span class='ocrx_word' id='word_1_646' title='bbox 1662 693 1756 721; x_wconf 85' lang='lat' dir='ltr'>X11.3.</span> <span class='ocrx_word' id='word_1_647' title='bbox 1777 705 1798 721; x_wconf 92' lang='lat' dir='ltr'>c.</span> <span class='ocrx_word' id='word_1_648' title='bbox 1814 696 1836 720; x_wconf 91' lang='lat'>1.</span> <span class='ocrx_word' id='word_1_649' title='bbox 1856 693 1889 720; x_wconf 87' lang='lat' dir='ltr'>de</span> <span class='ocrx_word' id='word_1_650' title='bbox 1903 692 1992 731; x_wconf 84' lang='lat' dir='ltr'>praed.</span> 
     </span>
     <span class='ocr_line' id='line_1_77' title="bbox 1152 734 1386 762; baseline 0.004 -2"><span class='ocrx_word' id='word_1_651' title='bbox 1152 738 1177 760; x_wconf 90' lang='lat' dir='ltr'>et</span> <span class='ocrx_word' id='word_1_652' title='bbox 1196 744 1278 761; x_wconf 88' lang='lat' dir='ltr'>manc.</span> <span class='ocrx_word' id='word_1_653' title='bbox 1298 734 1386 762; x_wconf 90' lang='lat' dir='ltr'>curial.</span> 
     </span>
    </p>

    <p class='ocr_par' dir='ltr' id='par_1_18' title="bbox 1151 778 1992 899">
     <span class='ocr_line' id='line_1_78' title="bbox 1185 778 1991 811; baseline 0.002 -7"><span class='ocrx_word' id='word_1_654' title='bbox 1185 778 1326 804; x_wconf 71' lang='lat' dir='ltr'>Strata.</span> <span class='ocrx_word' id='word_1_655' title='bbox 1355 778 1480 811; x_wconf 82' lang='lat' dir='ltr'>(Subst.)</span> <span class='ocrx_word' id='word_1_656' title='bbox 1521 780 1595 811; x_wconf 75' lang='lat' dir='ltr'>Via,</span> <span class='ocrx_word' id='word_1_657' title='bbox 1619 782 1788 807; x_wconf 75' lang='lat' dir='ltr'>secundum</span> <span class='ocrx_word' id='word_1_658' title='bbox 1808 786 1909 807; x_wconf 83' lang='lat' dir='ltr'>artem</span> <span class='ocrx_word' id='word_1_659' title='bbox 1929 789 1991 806; x_wconf 83' lang='lat' dir='ltr'>mu-</span> 
     </span>
     <span class='ocr_line' id='line_1_79' title="bbox 1151 820 1992 858; baseline 0.004 -12"><span class='ocrx_word' id='word_1_660' title='bbox 1151 822 1230 847; x_wconf 83' lang='lat' dir='ltr'>nita.</span> <span class='ocrx_word' id='word_1_661' title='bbox 1268 820 1286 846; x_wconf 90' lang='lat'>1.</span> <span class='ocrx_word' id='word_1_662' title='bbox 1301 822 1363 855; x_wconf 77' lang='lat' dir='ltr'>Sy.</span> <span class='ocrx_word' id='word_1_663' title='bbox 1383 821 1469 857; x_wconf 77' lang='lat' dir='ltr'>Agger</span> <span class='ocrx_word' id='word_1_664' title='bbox 1488 821 1646 858; x_wconf 88' lang='lat' dir='ltr'>(publicus.)</span> <span class='ocrx_word' id='word_1_665' title='bbox 1672 821 1721 849; x_wconf 85' lang='lat' dir='ltr'>Th.</span> <span class='ocrx_word' id='word_1_666' title='bbox 1741 822 1773 849; x_wconf 88' lang='lat' dir='ltr'>C.</span> <span class='ocrx_word' id='word_1_667' title='bbox 1791 822 1862 849; x_wconf 80' lang='lat' dir='ltr'>XIV.</span> <span class='ocrx_word' id='word_1_668' title='bbox 1881 823 1906 849; x_wconf 87' lang='lat'>3.</span> <span class='ocrx_word' id='word_1_669' title='bbox 1927 832 1948 849; x_wconf 89' lang='lat' dir='ltr'>c.</span> <span class='ocrx_word' id='word_1_670' title='bbox 1967 824 1992 848; x_wconf 86' lang='lat'>4.</span> 
     </span>
     <span class='ocr_line' id='line_1_80' title="bbox 1151 863 1426 899; baseline 0.004 -10"><span class='ocrx_word' id='word_1_671' title='bbox 1151 873 1210 899; x_wconf 90' lang='lat' dir='ltr'>sqq.</span> <span class='ocrx_word' id='word_1_672' title='bbox 1230 863 1262 890; x_wconf 89' lang='lat' dir='ltr'>de</span> <span class='ocrx_word' id='word_1_673' title='bbox 1281 864 1337 890; x_wconf 92' lang='lat' dir='ltr'>itin.</span> <span class='ocrx_word' id='word_1_674' title='bbox 1357 874 1426 890; x_wconf 90' lang='lat' dir='ltr'>mun.</span> 
     </span>
    </p>

    <p class='ocr_par' dir='ltr' id='par_1_19' title="bbox 1152 907 1993 1018">
     <span class='ocr_line' id='line_1_81' title="bbox 1185 907 1992 945; baseline 0.002 -13"><span class='ocrx_word' id='word_1_675' title='bbox 1185 907 1395 941; x_wconf 72' lang='lat' dir='ltr'>Strategus.</span> <span class='ocrx_word' id='word_1_676' title='bbox 1417 908 1582 942; x_wconf 77' lang='lat' dir='ltr'>Magister</span> <span class='ocrx_word' id='word_1_677' title='bbox 1600 909 1748 934; x_wconf 82' lang='lat' dir='ltr'>militum.</span> <span class='ocrx_word' id='word_1_678' title='bbox 1766 907 1809 935; x_wconf 88' lang='lat' dir='ltr'>III.</span> <span class='ocrx_word' id='word_1_679' title='bbox 1824 909 1889 936; x_wconf 76' lang='grc' dir='ltr'>οη.</span> <span class='ocrx_word' id='word_1_680' title='bbox 1909 907 1992 945; x_wconf 89' lang='lat' dir='ltr'>lmpp.</span> 
     </span>
     <span class='ocr_line' id='line_1_82' title="bbox 1152 948 1993 987; baseline 0.004 -12"><span class='ocrx_word' id='word_1_681' title='bbox 1152 965 1182 968; x_wconf 97' lang='lat'><strong>—</strong></span> <span class='ocrx_word' id='word_1_682' title='bbox 1203 948 1316 981; x_wconf 85' lang='lat' dir='ltr'>Zenoni,</span> <span class='ocrx_word' id='word_1_683' title='bbox 1341 954 1464 986; x_wconf 81' lang='lat' dir='ltr'>stratego.</span> <span class='ocrx_word' id='word_1_684' title='bbox 1490 960 1511 976; x_wconf 84' lang='lat' dir='ltr'>c.</span> <span class='ocrx_word' id='word_1_685' title='bbox 1531 951 1571 976; x_wconf 79' lang='lat'>29.</span> <span class='ocrx_word' id='word_1_686' title='bbox 1593 951 1705 984; x_wconf 84' lang='lat' dir='ltr'>(inser.)</span> <span class='ocrx_word' id='word_1_687' title='bbox 1730 950 1762 977; x_wconf 79' lang='lat' dir='ltr'>de</span> <span class='ocrx_word' id='word_1_688' title='bbox 1785 952 1866 987; x_wconf 86' lang='lat' dir='ltr'>episc.</span> <span class='ocrx_word' id='word_1_689' title='bbox 1886 956 1912 978; x_wconf 86' lang='lat' dir='ltr'>et</span> <span class='ocrx_word' id='word_1_690' title='bbox 1930 950 1993 978; x_wconf 86' lang='lat' dir='ltr'>cler.</span> 
     </span>
     <span class='ocr_line' id='line_1_83' title="bbox 1152 993 1218 1018; baseline 0.015 -1"><span class='ocrx_word' id='word_1_691' title='bbox 1152 993 1174 1017; x_wconf 91' lang='lat' dir='ltr'>l.</span> <span class='ocrx_word' id='word_1_692' title='bbox 1194 993 1218 1018; x_wconf 83' lang='lat'>3.</span> 
     </span>
    </p>

    <p class='ocr_par' dir='ltr' id='par_1_20' title="bbox 1150 1035 1995 1705">
     <span class='ocr_line' id='line_1_84' title="bbox 1185 1035 1993 1072; baseline 0.005 -12"><span class='ocrx_word' id='word_1_693' title='bbox 1185 1035 1347 1061; x_wconf 68' lang='lat' dir='ltr'>Straton</span> <span class='ocrx_word' id='word_1_694' title='bbox 1368 1035 1445 1068; x_wconf 83' lang='lat' dir='ltr'>§.l-</span> <span class='ocrx_word' id='word_1_695' title='bbox 1462 1037 1566 1062; x_wconf 72' lang='lat' dir='ltr'>Genus</span> <span class='ocrx_word' id='word_1_696' title='bbox 1586 1037 1797 1072; x_wconf 77' lang='lat' dir='ltr'>officialium</span> <span class='ocrx_word' id='word_1_697' title='bbox 1815 1039 1993 1072; x_wconf 80' lang='lat' dir='ltr'>magistra-</span> 
     </span>
     <span class='ocr_line' id='line_1_85' title="bbox 1150 1077 1994 1116; baseline 0.005 -13"><span class='ocrx_word' id='word_1_698' title='bbox 1150 1083 1208 1103; x_wconf 67' lang='lat' dir='ltr'>tus.</span> <span class='ocrx_word' id='word_1_699' title='bbox 1247 1077 1288 1103; x_wconf 93' lang='lat' dir='ltr'>Ill.</span> <span class='ocrx_word' id='word_1_700' title='bbox 1300 1078 1366 1104; x_wconf 77' lang='lat' dir='ltr'>Cn.</span> <span class='ocrx_word' id='word_1_701' title='bbox 1388 1078 1441 1113; x_wconf 83' lang='lat' dir='ltr'>Qui</span> <span class='ocrx_word' id='word_1_702' title='bbox 1460 1088 1473 1104; x_wconf 87' lang='lat' dir='ltr'>a</span> <span class='ocrx_word' id='word_1_703' title='bbox 1492 1077 1628 1111; x_wconf 78' lang='lat' dir='ltr'>militibus,</span> <span class='ocrx_word' id='word_1_704' title='bbox 1647 1079 1860 1116; x_wconf 85' lang='lat' dir='ltr'>stratoribusque</span> <span class='ocrx_word' id='word_1_705' title='bbox 1879 1079 1923 1113; x_wconf 86' lang='lat' dir='ltr'>[al.</span> <span class='ocrx_word' id='word_1_706' title='bbox 1943 1085 1994 1107; x_wconf 86' lang='lat' dir='ltr'>sta-</span> 
     </span>
     <span class='ocr_line' id='line_1_86' title="bbox 1150 1120 1995 1157; baseline 0.006 -12"><span class='ocrx_word' id='word_1_707' title='bbox 1150 1120 1338 1156; x_wconf 81' lang='lat' dir='ltr'>toribusque,]</span> <span class='ocrx_word' id='word_1_708' title='bbox 1359 1120 1401 1147; x_wconf 91' lang='lat' dir='ltr'>vel</span> <span class='ocrx_word' id='word_1_709' title='bbox 1421 1131 1434 1146; x_wconf 87' lang='lat' dir='ltr'>a</span> <span class='ocrx_word' id='word_1_710' title='bbox 1453 1121 1655 1157; x_wconf 81' lang='lat' dir='ltr'>municipalibus</span> <span class='ocrx_word' id='word_1_711' title='bbox 1679 1123 1833 1149; x_wconf 84' lang='lat' dir='ltr'>ministeriis</span> <span class='ocrx_word' id='word_1_712' title='bbox 1855 1123 1995 1150; x_wconf 76' lang='lat' dir='ltr'>adservan-</span> 
     </span>
     <span class='ocr_line' id='line_1_87' title="bbox 1151 1162 1993 1199; baseline 0.005 -11"><span class='ocrx_word' id='word_1_713' title='bbox 1151 1167 1200 1189; x_wconf 88' lang='lat' dir='ltr'>tur.</span> <span class='ocrx_word' id='word_1_714' title='bbox 1222 1162 1252 1189; x_wconf 80' lang='lat' dir='ltr'>sr.</span> <span class='ocrx_word' id='word_1_715' title='bbox 1275 1164 1314 1188; x_wconf 88' lang='lat'>10.</span> <span class='ocrx_word' id='word_1_716' title='bbox 1335 1173 1367 1189; x_wconf 85' lang='lat' dir='ltr'>ex</span> <span class='ocrx_word' id='word_1_717' title='bbox 1388 1173 1431 1199; x_wconf 76' lang='lat' dir='ltr'>qu.</span> <span class='ocrx_word' id='word_1_718' title='bbox 1452 1173 1472 1189; x_wconf 89' lang='lat' dir='ltr'>c.</span> <span class='ocrx_word' id='word_1_719' title='bbox 1493 1164 1551 1190; x_wconf 83' lang='lat' dir='ltr'>mai.</span> <span class='ocrx_word' id='word_1_720' title='bbox 1570 1165 1594 1190; x_wconf 73' lang='lat'>4.</span> <span class='ocrx_word' id='word_1_721' title='bbox 1614 1165 1638 1190; x_wconf 83' lang='lat'>6.</span> <span class='ocrx_word' id='word_1_722' title='bbox 1658 1164 1689 1191; x_wconf 82' lang='lat' dir='ltr'>cf.</span> <span class='ocrx_word' id='word_1_723' title='bbox 1716 1164 1746 1191; x_wconf 80' lang='lat' dir='ltr'>fr.</span> <span class='ocrx_word' id='word_1_724' title='bbox 1767 1167 1790 1192; x_wconf 75' lang='lat'>4.</span> <span class='ocrx_word' id='word_1_725' title='bbox 1811 1166 1876 1199; x_wconf 92' lang='lat'>3.1.</span> <span class='ocrx_word' id='word_1_726' title='bbox 1897 1165 1929 1192; x_wconf 89' lang='lat' dir='ltr'>de</span> <span class='ocrx_word' id='word_1_727' title='bbox 1948 1166 1993 1193; x_wconf 77' lang='lat' dir='ltr'>off.</span> 
     </span>
     <span class='ocr_line' id='line_1_88' title="bbox 1151 1204 1994 1241; baseline 0.005 -10"><span class='ocrx_word' id='word_1_728' title='bbox 1151 1205 1226 1231; x_wconf 90' lang='lat' dir='ltr'>Proc.</span> <span class='ocrx_word' id='word_1_729' title='bbox 1248 1210 1273 1231; x_wconf 88' lang='lat' dir='ltr'>et</span> <span class='ocrx_word' id='word_1_730' title='bbox 1286 1204 1348 1241; x_wconf 80' lang='lat' dir='ltr'>Leg.</span> <span class='ocrx_word' id='word_1_731' title='bbox 1363 1207 1385 1232; x_wconf 90' lang='lat'>1.</span> <span class='ocrx_word' id='word_1_732' title='bbox 1402 1207 1442 1232; x_wconf 79' lang='lat'>16.</span> <span class='ocrx_word' id='word_1_733' title='bbox 1466 1205 1609 1233; x_wconf 82' lang='lat' dir='ltr'>Adiutores</span> <span class='ocrx_word' id='word_1_734' title='bbox 1629 1207 1870 1240; x_wconf 86' lang='lat' dir='ltr'>corniculariorum,</span> <span class='ocrx_word' id='word_1_735' title='bbox 1890 1214 1915 1235; x_wconf 84' lang='lat' dir='ltr'>et</span> <span class='ocrx_word' id='word_1_736' title='bbox 1928 1214 1994 1235; x_wconf 83' lang='lat' dir='ltr'>stra-</span> 
     </span>
     <span class='ocr_line' id='line_1_89' title="bbox 1150 1248 1995 1278; baseline 0.005 -4"><span class='ocrx_word' id='word_1_737' title='bbox 1150 1253 1223 1275; x_wconf 82' lang='lat' dir='ltr'>tores</span> <span class='ocrx_word' id='word_1_738' title='bbox 1243 1253 1292 1275; x_wconf 82' lang='lat' dir='ltr'>ete.</span> <span class='ocrx_word' id='word_1_739' title='bbox 1317 1248 1347 1275; x_wconf 73' lang='lat' dir='ltr'>t&#39;r.</span> <span class='ocrx_word' id='word_1_740' title='bbox 1367 1249 1391 1275; x_wconf 85' lang='lat'>6.</span> <span class='ocrx_word' id='word_1_741' title='bbox 1416 1248 1449 1275; x_wconf 86' lang='lat' dir='ltr'>de</span> <span class='ocrx_word' id='word_1_742' title='bbox 1468 1250 1524 1275; x_wconf 76' lang='lat' dir='ltr'>iuro</span> <span class='ocrx_word' id='word_1_743' title='bbox 1542 1250 1646 1276; x_wconf 87' lang='lat' dir='ltr'>immun.</span> <span class='ocrx_word' id='word_1_744' title='bbox 1666 1251 1707 1276; x_wconf 83' lang='lat'>50.</span> <span class='ocrx_word' id='word_1_745' title='bbox 1726 1252 1749 1278; x_wconf 81' lang='lat'>6.</span> <span class='ocrx_word' id='word_1_746' title='bbox 1788 1251 1885 1278; x_wconf 84' lang='lat' dir='ltr'>Schola</span> <span class='ocrx_word' id='word_1_747' title='bbox 1905 1261 1995 1278; x_wconf 84' lang='lat' dir='ltr'>curso-</span> 
     </span>
     <span class='ocr_line' id='line_1_90' title="bbox 1151 1291 1993 1321; baseline 0.005 -3"><span class='ocrx_word' id='word_1_748' title='bbox 1151 1302 1216 1318; x_wconf 91' lang='lat' dir='ltr'>rum.</span> <span class='ocrx_word' id='word_1_749' title='bbox 1230 1307 1262 1311; x_wconf 92' lang='lat'>—</span> <span class='ocrx_word' id='word_1_750' title='bbox 1283 1291 1343 1318; x_wconf 82' lang='lat' dir='ltr'>Sch.</span> <span class='ocrx_word' id='word_1_751' title='bbox 1364 1291 1615 1318; x_wconf 84' lang='lat' dir='ltr'>nomenculatorum.</span> <span class='ocrx_word' id='word_1_752' title='bbox 1630 1308 1662 1312; x_wconf 96' lang='lat'><em>-</em></span> <span class='ocrx_word' id='word_1_753' title='bbox 1682 1292 1744 1319; x_wconf 86' lang='lat' dir='ltr'>Sch.</span> <span class='ocrx_word' id='word_1_754' title='bbox 1763 1298 1913 1321; x_wconf 86' lang='lat' dir='ltr'>stratorum.</span> <span class='ocrx_word' id='word_1_755' title='bbox 1933 1305 1954 1321; x_wconf 91' lang='lat' dir='ltr'>c.</span> <span class='ocrx_word' id='word_1_756' title='bbox 1970 1296 1993 1321; x_wconf 86' lang='lat' dir='ltr'>l.</span> 
     </span>
     <span class='ocr_line' id='line_1_91' title="bbox 1151 1333 1994 1374; baseline 0.004 -13"><span class='ocrx_word' id='word_1_757' title='bbox 1151 1335 1173 1369; x_wconf 88' lang='lat'>3.</span> <span class='ocrx_word' id='word_1_758' title='bbox 1194 1336 1217 1361; x_wconf 86' lang='lat'>8.</span> <span class='ocrx_word' id='word_1_759' title='bbox 1238 1333 1271 1361; x_wconf 83' lang='lat' dir='ltr'>de</span> <span class='ocrx_word' id='word_1_760' title='bbox 1290 1334 1334 1361; x_wconf 76' lang='lat' dir='ltr'>off.</span> <span class='ocrx_word' id='word_1_761' title='bbox 1354 1333 1406 1361; x_wconf 80' lang='lat' dir='ltr'>Prl&#39;.</span> <span class='ocrx_word' id='word_1_762' title='bbox 1428 1334 1468 1361; x_wconf 88' lang='lat' dir='ltr'>Pr.</span> <span class='ocrx_word' id='word_1_763' title='bbox 1488 1334 1544 1362; x_wconf 82' lang='lat' dir='ltr'>Afr.</span> <span class='ocrx_word' id='word_1_764' title='bbox 1567 1337 1588 1362; x_wconf 82' lang='lat'>1.</span> <span class='ocrx_word' id='word_1_765' title='bbox 1607 1336 1649 1362; x_wconf 81' lang='lat'>27.</span> <span class='ocrx_word' id='word_1_766' title='bbox 1687 1334 1770 1362; x_wconf 86' lang='lat' dir='ltr'>Actus</span> <span class='ocrx_word' id='word_1_767' title='bbox 1790 1338 1927 1369; x_wconf 85' lang='lat' dir='ltr'>stratoris,</span> <span class='ocrx_word' id='word_1_768' title='bbox 1948 1338 1994 1374; x_wconf 82' lang='lat' dir='ltr'>qui</span> 
     </span>
     <span class='ocr_line' id='line_1_92' title="bbox 1151 1377 1992 1415; baseline 0.005 -12"><span class='ocrx_word' id='word_1_769' title='bbox 1151 1387 1325 1415; x_wconf 85' lang='lat' dir='ltr'>possessores</span> <span class='ocrx_word' id='word_1_770' title='bbox 1338 1393 1370 1397; x_wconf 89' lang='lat'><strong>—</strong></span> <span class='ocrx_word' id='word_1_771' title='bbox 1390 1377 1439 1404; x_wconf 91' lang='lat' dir='ltr'>sub</span> <span class='ocrx_word' id='word_1_772' title='bbox 1459 1379 1671 1415; x_wconf 84' lang='lat' dir='ltr'>peraequationis</span> <span class='ocrx_word' id='word_1_773' title='bbox 1691 1377 1781 1404; x_wconf 88' lang='lat' dir='ltr'>colore</span> <span class='ocrx_word' id='word_1_774' title='bbox 1799 1379 1922 1406; x_wconf 86' lang='lat' dir='ltr'>turbavit.</span> <span class='ocrx_word' id='word_1_775' title='bbox 1942 1379 1992 1407; x_wconf 90' lang='lat' dir='ltr'>Th.</span> 
     </span>
     <span class='ocr_line' id='line_1_93' title="bbox 1151 1420 1993 1458; baseline 0.004 -11"><span class='ocrx_word' id='word_1_776' title='bbox 1151 1420 1181 1447; x_wconf 90' lang='lat' dir='ltr'>C.</span> <span class='ocrx_word' id='word_1_777' title='bbox 1202 1420 1270 1447; x_wconf 75' lang='lat' dir='ltr'>XIII.</span> <span class='ocrx_word' id='word_1_778' title='bbox 1292 1422 1332 1446; x_wconf 92' lang='lat'>11.</span> <span class='ocrx_word' id='word_1_779' title='bbox 1353 1431 1374 1447; x_wconf 87' lang='lat' dir='ltr'>c.</span> <span class='ocrx_word' id='word_1_780' title='bbox 1394 1422 1418 1447; x_wconf 84' lang='lat'>5.</span> <span class='ocrx_word' id='word_1_781' title='bbox 1438 1430 1477 1458; x_wconf 87' lang='lat' dir='ltr'>pr.</span> <span class='ocrx_word' id='word_1_782' title='bbox 1497 1420 1529 1447; x_wconf 87' lang='lat' dir='ltr'>de</span> <span class='ocrx_word' id='word_1_783' title='bbox 1549 1422 1672 1448; x_wconf 86' lang='lat' dir='ltr'>censitor.</span> <span class='ocrx_word' id='word_1_784' title='bbox 1692 1420 1724 1448; x_wconf 82' lang='lat' dir='ltr'>cf.</span> <span class='ocrx_word' id='word_1_785' title='bbox 1744 1421 1812 1448; x_wconf 91' lang='lat' dir='ltr'>Vlll.</span> <span class='ocrx_word' id='word_1_786' title='bbox 1831 1423 1856 1449; x_wconf 82' lang='lat'>8.</span> <span class='ocrx_word' id='word_1_787' title='bbox 1875 1432 1896 1449; x_wconf 89' lang='lat' dir='ltr'>c.</span> <span class='ocrx_word' id='word_1_788' title='bbox 1917 1424 1940 1450; x_wconf 88' lang='lat'>4.</span> <span class='ocrx_word' id='word_1_789' title='bbox 1960 1423 1993 1450; x_wconf 87' lang='lat' dir='ltr'>de</span> 
     </span>
     <span class='ocr_line' id='line_1_94' title="bbox 1151 1463 1994 1503; baseline 0.005 -14"><span class='ocrx_word' id='word_1_790' title='bbox 1151 1468 1267 1490; x_wconf 80' lang='lat' dir='ltr'>exsecut.</span> <span class='ocrx_word' id='word_1_791' title='bbox 1282 1479 1313 1483; x_wconf 93' lang='lat'>—</span> <span class='ocrx_word' id='word_1_792' title='bbox 1334 1464 1365 1497; x_wconf 75' lang='lat'>§-</span> <span class='ocrx_word' id='word_1_793' title='bbox 1378 1465 1412 1490; x_wconf 72' lang='lat'>².</span> <span class='ocrx_word' id='word_1_794' title='bbox 1434 1466 1550 1490; x_wconf 78' lang='lat' dir='ltr'>Custos</span> <span class='ocrx_word' id='word_1_795' title='bbox 1569 1465 1720 1491; x_wconf 76' lang='lat' dir='ltr'>carceris.</span> <span class='ocrx_word' id='word_1_796' title='bbox 1758 1463 1800 1491; x_wconf 91' lang='lat'>111.</span> <span class='ocrx_word' id='word_1_797' title='bbox 1817 1467 1883 1493; x_wconf 76' lang='lat' dir='ltr'>Cn.</span> <span class='ocrx_word' id='word_1_798' title='bbox 1902 1465 1994 1503; x_wconf 70' lang='lat' dir='ltr'>Neque</span> 
     </span>
     <span class='ocr_line' id='line_1_95' title="bbox 1151 1505 1995 1543; baseline 0.005 -11"><span class='ocrx_word' id='word_1_799' title='bbox 1151 1506 1190 1538; x_wconf 84' lang='lat' dir='ltr'>hi,</span> <span class='ocrx_word' id='word_1_800' title='bbox 1210 1507 1254 1542; x_wconf 90' lang='lat' dir='ltr'>qui</span> <span class='ocrx_word' id='word_1_801' title='bbox 1274 1511 1415 1532; x_wconf 87' lang='lat' dir='ltr'>stratorum</span> <span class='ocrx_word' id='word_1_802' title='bbox 1435 1505 1577 1543; x_wconf 78' lang='lat' dir='ltr'>funguntur</span> <span class='ocrx_word' id='word_1_803' title='bbox 1596 1507 1697 1538; x_wconf 82' lang='lat' dir='ltr'>officio,</span> <span class='ocrx_word' id='word_1_804' title='bbox 1716 1516 1802 1543; x_wconf 86' lang='lat' dir='ltr'>neque</span> <span class='ocrx_word' id='word_1_805' title='bbox 1821 1509 1933 1536; x_wconf 85' lang='lat' dir='ltr'>ministri</span> <span class='ocrx_word' id='word_1_806' title='bbox 1952 1519 1995 1536; x_wconf 85' lang='lat' dir='ltr'>eo·</span> 
     </span>
     <span class='ocr_line' id='line_1_96' title="bbox 1151 1549 1994 1585; baseline 0.005 -9"><span class='ocrx_word' id='word_1_807' title='bbox 1151 1560 1215 1576; x_wconf 89' lang='lat' dir='ltr'>rum.</span> <span class='ocrx_word' id='word_1_808' title='bbox 1236 1549 1271 1576; x_wconf 91' lang='lat' dir='ltr'>lb.</span> <span class='ocrx_word' id='word_1_809' title='bbox 1292 1549 1336 1575; x_wconf 72' lang='lat' dir='ltr'>lx.</span> <span class='ocrx_word' id='word_1_810' title='bbox 1355 1550 1378 1576; x_wconf 89' lang='lat'>3.</span> <span class='ocrx_word' id='word_1_811' title='bbox 1400 1559 1421 1575; x_wconf 88' lang='lat' dir='ltr'>c.</span> <span class='ocrx_word' id='word_1_812' title='bbox 1438 1551 1459 1575; x_wconf 96' lang='lat' dir='ltr'>l.</span> <span class='ocrx_word' id='word_1_813' title='bbox 1479 1549 1501 1583; x_wconf 93' lang='lat'>3.</span> <span class='ocrx_word' id='word_1_814' title='bbox 1520 1551 1541 1576; x_wconf 91' lang='lat' dir='ltr'>l.</span> <span class='ocrx_word' id='word_1_815' title='bbox 1561 1549 1594 1576; x_wconf 85' lang='lat' dir='ltr'>de</span> <span class='ocrx_word' id='word_1_816' title='bbox 1613 1555 1679 1577; x_wconf 86' lang='lat' dir='ltr'>cust.</span> <span class='ocrx_word' id='word_1_817' title='bbox 1698 1560 1765 1577; x_wconf 88' lang='lat' dir='ltr'>reor.</span> <span class='ocrx_word' id='word_1_818' title='bbox 1779 1565 1808 1569; x_wconf 96' lang='lat'><strong>—</strong></span> <span class='ocrx_word' id='word_1_819' title='bbox 1829 1552 1909 1584; x_wconf 78' lang='lat'>§.3.</span> <span class='ocrx_word' id='word_1_820' title='bbox 1932 1553 1994 1585; x_wconf 68' lang='lat' dir='ltr'>Qut*</span> 
     </span>
     <span class='ocr_line' id='line_1_97' title="bbox 1150 1593 1993 1627; baseline 0.002 -9"><span class='ocrx_word' id='word_1_821' title='bbox 1150 1603 1245 1627; x_wconf 82' lang='lat' dir='ltr'>equos</span> <span class='ocrx_word' id='word_1_822' title='bbox 1263 1594 1391 1626; x_wconf 77' lang='lat' dir='ltr'>publice</span> <span class='ocrx_word' id='word_1_823' title='bbox 1410 1594 1530 1618; x_wconf 78' lang='lat' dir='ltr'>dandos</span> <span class='ocrx_word' id='word_1_824' title='bbox 1548 1595 1724 1620; x_wconf 77' lang='lat' dir='ltr'>examinat.</span> <span class='ocrx_word' id='word_1_825' title='bbox 1761 1593 1804 1620; x_wconf 94' lang='lat'>111.</span> <span class='ocrx_word' id='word_1_826' title='bbox 1821 1595 1887 1621; x_wconf 81' lang='lat' dir='ltr'>Cu.</span> <span class='ocrx_word' id='word_1_827' title='bbox 1907 1594 1942 1620; x_wconf 67' lang='lat' dir='ltr'>Vt</span> <span class='ocrx_word' id='word_1_828' title='bbox 1961 1594 1993 1621; x_wconf 85' lang='lat' dir='ltr'>ab</span> 
     </span>
     <span class='ocr_line' id='line_1_98' title="bbox 1151 1635 1993 1674; baseline 0.004 -13"><span class='ocrx_word' id='word_1_829' title='bbox 1151 1635 1309 1661; x_wconf 83' lang='lat' dir='ltr'>stratoribus</span> <span class='ocrx_word' id='word_1_830' title='bbox 1334 1645 1402 1661; x_wconf 91' lang='lat' dir='ltr'>unus</span> <span class='ocrx_word' id='word_1_831' title='bbox 1422 1639 1521 1661; x_wconf 89' lang='lat' dir='ltr'>tantum</span> <span class='ocrx_word' id='word_1_832' title='bbox 1541 1635 1642 1662; x_wconf 89' lang='lat' dir='ltr'>solidus</span> <span class='ocrx_word' id='word_1_833' title='bbox 1662 1636 1761 1673; x_wconf 84' lang='lat' dir='ltr'>probae</span> <span class='ocrx_word' id='word_1_834' title='bbox 1780 1638 1884 1663; x_wconf 88' lang='lat' dir='ltr'>nomine</span> <span class='ocrx_word' id='word_1_835' title='bbox 1901 1647 1993 1674; x_wconf 86' lang='lat' dir='ltr'>posce-</span> 
     </span>
     <span class='ocr_line' id='line_1_99' title="bbox 1151 1677 1674 1705; baseline 0 0"><span class='ocrx_word' id='word_1_836' title='bbox 1151 1683 1230 1705; x_wconf 88' lang='lat' dir='ltr'>retur.</span> <span class='ocrx_word' id='word_1_837' title='bbox 1254 1677 1290 1704; x_wconf 87' lang='lat' dir='ltr'>lb.</span> <span class='ocrx_word' id='word_1_838' title='bbox 1311 1677 1352 1704; x_wconf 89' lang='lat' dir='ltr'>Vl.</span> <span class='ocrx_word' id='word_1_839' title='bbox 1372 1679 1414 1703; x_wconf 86' lang='lat'>31.</span> <span class='ocrx_word' id='word_1_840' title='bbox 1434 1687 1455 1704; x_wconf 90' lang='lat' dir='ltr'>c.</span> <span class='ocrx_word' id='word_1_841' title='bbox 1478 1680 1498 1704; x_wconf 88' lang='lat' dir='ltr'>l.</span> <span class='ocrx_word' id='word_1_842' title='bbox 1519 1677 1551 1704; x_wconf 86' lang='lat' dir='ltr'>de</span> <span class='ocrx_word' id='word_1_843' title='bbox 1569 1683 1674 1705; x_wconf 86' lang='lat' dir='ltr'>strator.</span> 
     </span>
    </p>

    <p class='ocr_par' dir='ltr' id='par_1_21' title="bbox 1151 1720 1993 1800">
     <span class='ocr_line' id='line_1_100' title="bbox 1185 1720 1992 1753; baseline 0.001 -5"><span class='ocrx_word' id='word_1_844' title='bbox 1185 1721 1407 1748; x_wconf 74' lang='lat' dir='ltr'>Stratorius.</span> <span class='ocrx_word' id='word_1_845' title='bbox 1433 1720 1571 1753; x_wconf 63' lang='lat' dir='ltr'>(Adiect.)</span> <span class='ocrx_word' id='word_1_846' title='bbox 1601 1723 1647 1748; x_wconf 72' lang='lat' dir='ltr'>Ad</span> <span class='ocrx_word' id='word_1_847' title='bbox 1665 1723 1905 1749; x_wconf 77' lang='lat' dir='ltr'>insternendum</span> <span class='ocrx_word' id='word_1_848' title='bbox 1925 1725 1992 1750; x_wconf 78' lang='lat' dir='ltr'>ido-</span> 
     </span>
     <span class='ocr_line' id='line_1_101' title="bbox 1151 1763 1993 1800; baseline 0.002 -10"><span class='ocrx_word' id='word_1_849' title='bbox 1151 1775 1207 1791; x_wconf 80' lang='lat' dir='ltr'>neu</span> <span class='ocrx_word' id='word_1_850' title='bbox 1216 1774 1235 1790; x_wconf 81' lang='lat' dir='ltr'>s.</span> <span class='ocrx_word' id='word_1_851' title='bbox 1272 1763 1314 1790; x_wconf 90' lang='lat' dir='ltr'>lll.</span> <span class='ocrx_word' id='word_1_852' title='bbox 1331 1764 1397 1791; x_wconf 45' lang='lat' dir='ltr'>Gn..</span> <span class='ocrx_word' id='word_1_853' title='bbox 1417 1763 1591 1800; x_wconf 82' lang='lat' dir='ltr'>Supellectile</span> <span class='ocrx_word' id='word_1_854' title='bbox 1611 1764 1706 1800; x_wconf 77' lang='lat' dir='ltr'>legata,</span> <span class='ocrx_word' id='word_1_855' title='bbox 1728 1782 1757 1785; x_wconf 97' lang='lat'><strong>—</strong></span> <span class='ocrx_word' id='word_1_856' title='bbox 1779 1770 1804 1791; x_wconf 85' lang='lat' dir='ltr'>et</span> <span class='ocrx_word' id='word_1_857' title='bbox 1822 1770 1910 1792; x_wconf 81' lang='lat' dir='ltr'>vestes</span> <span class='ocrx_word' id='word_1_858' title='bbox 1929 1770 1993 1793; x_wconf 84' lang='lat' dir='ltr'>stra-</span> 
     </span>
    </p>
   </div>
   <div class='ocr_carea' id='block_1_11' title="bbox 1128 1805 1993 1886">
    <p class='ocr_par' dir='ltr' id='par_1_22' title="bbox 1128 1805 1993 1886">
     <span class='ocr_line' id='line_1_102' title="bbox 1128 1805 1993 1843; baseline 0.003 -11"><span class='ocrx_word' id='word_1_859' title='bbox 1128 1815 1130 1832; x_wconf 76' lang='grc'>;</span> <span class='ocrx_word' id='word_1_860' title='bbox 1152 1808 1234 1834; x_wconf 86' lang='lat' dir='ltr'>toriae</span> <span class='ocrx_word' id='word_1_861' title='bbox 1258 1806 1343 1843; x_wconf 73' lang='lat' dir='ltr'>legato</span> <span class='ocrx_word' id='word_1_862' title='bbox 1369 1805 1472 1833; x_wconf 86' lang='lat' dir='ltr'>cedunt.</span> <span class='ocrx_word' id='word_1_863' title='bbox 1501 1806 1573 1833; x_wconf 85' lang='lat' dir='ltr'>Paul.</span> <span class='ocrx_word' id='word_1_864' title='bbox 1593 1807 1634 1833; x_wconf 75' lang='lat' dir='ltr'>lll.</span> <span class='ocrx_word' id='word_1_865' title='bbox 1654 1809 1677 1834; x_wconf 82' lang='lat'>6.</span> <span class='ocrx_word' id='word_1_866' title='bbox 1702 1808 1724 1841; x_wconf 87' lang='lat'>3.</span> <span class='ocrx_word' id='word_1_867' title='bbox 1744 1810 1785 1835; x_wconf 82' lang='lat'>67.</span> <span class='ocrx_word' id='word_1_868' title='bbox 1808 1808 1857 1841; x_wconf 78' lang='lat' dir='ltr'>(cf.</span> <span class='ocrx_word' id='word_1_869' title='bbox 1877 1818 1900 1835; x_wconf 86' lang='lat' dir='ltr'>v.</span> <span class='ocrx_word' id='word_1_870' title='bbox 1921 1807 1993 1835; x_wconf 81' lang='lat' dir='ltr'>Stra-</span> 
     </span>
     <span class='ocr_line' id='line_1_103' title="bbox 1128 1850 1264 1886; baseline -0.007 -10"><span class='ocrx_word' id='word_1_871' title='bbox 1128 1861 1130 1872; x_wconf 65' lang='lat'>·.</span> <span class='ocrx_word' id='word_1_872' title='bbox 1150 1850 1264 1886; x_wconf 80' lang='lat' dir='ltr'>gulum.)</span> 
     </span>
    </p>
   </div>
   <div class='ocr_carea' id='block_1_12' title="bbox 1151 1893 1992 2359">
    <p class='ocr_par' dir='ltr' id='par_1_23' title="bbox 1152 1893 1992 2012">
     <span class='ocr_line' id='line_1_104' title="bbox 1185 1893 1992 1928; baseline 0.001 -8"><span class='ocrx_word' id='word_1_873' title='bbox 1185 1894 1375 1920; x_wconf 72' lang='lat' dir='ltr'>Strntura.</span> <span class='ocrx_word' id='word_1_874' title='bbox 1416 1893 1622 1919; x_wconf 86' lang='lat' dir='ltr'>Tabulatum.</span> <span class='ocrx_word' id='word_1_875' title='bbox 1659 1893 1701 1919; x_wconf 88' lang='lat' dir='ltr'>lll.</span> <span class='ocrx_word' id='word_1_876' title='bbox 1720 1895 1787 1921; x_wconf 73' lang='lat' dir='ltr'>Gn.</span> <span class='ocrx_word' id='word_1_877' title='bbox 1810 1893 1929 1921; x_wconf 84' lang='lat' dir='ltr'>Stratura</span> <span class='ocrx_word' id='word_1_878' title='bbox 1948 1894 1992 1928; x_wconf 85' lang='lat' dir='ltr'>[al.</span> 
     </span>
     <span class='ocr_line' id='line_1_105' title="bbox 1152 1934 1992 1972; baseline 0.002 -10"><span class='ocrx_word' id='word_1_879' title='bbox 1152 1936 1299 1968; x_wconf 89' lang='lat' dir='ltr'>structura]</span> <span class='ocrx_word' id='word_1_880' title='bbox 1325 1934 1375 1961; x_wconf 89' lang='lat' dir='ltr'>loci</span> <span class='ocrx_word' id='word_1_881' title='bbox 1404 1934 1515 1962; x_wconf 88' lang='lat' dir='ltr'>alicuius</span> <span class='ocrx_word' id='word_1_882' title='bbox 1544 1946 1575 1962; x_wconf 80' lang='lat' dir='ltr'>ex</span> <span class='ocrx_word' id='word_1_883' title='bbox 1602 1936 1698 1963; x_wconf 86' lang='lat' dir='ltr'>tabulis</span> <span class='ocrx_word' id='word_1_884' title='bbox 1724 1936 1798 1963; x_wconf 83' lang='lat' dir='ltr'>sactis</span> <span class='ocrx_word' id='word_1_885' title='bbox 1826 1936 1878 1971; x_wconf 92' lang='lat' dir='ltr'>[al.</span> <span class='ocrx_word' id='word_1_886' title='bbox 1898 1936 1992 1972; x_wconf 61' lang='lat' dir='ltr'>factm]</span> 
     </span>
     <span class='ocr_line' id='line_1_106' title="bbox 1152 1977 1619 2012; baseline -0.004 -6"><span class='ocrx_word' id='word_1_887' title='bbox 1152 1978 1182 2006; x_wconf 77' lang='lat' dir='ltr'>rr.</span> <span class='ocrx_word' id='word_1_888' title='bbox 1201 1981 1261 2005; x_wconf 69' lang='lat'>242.</span> <span class='ocrx_word' id='word_1_889' title='bbox 1281 1979 1303 2012; x_wconf 59' lang='grc' dir='ltr'>ς.</span> <span class='ocrx_word' id='word_1_890' title='bbox 1324 1979 1346 2004; x_wconf 70' lang='grc'>4.</span> <span class='ocrx_word' id='word_1_891' title='bbox 1366 1977 1397 2004; x_wconf 72' lang='lat' dir='ltr'>de</span> <span class='ocrx_word' id='word_1_892' title='bbox 1417 1977 1448 2005; x_wconf 88' lang='lat' dir='ltr'>v.</span> <span class='ocrx_word' id='word_1_893' title='bbox 1469 1978 1497 2005; x_wconf 91' lang='lat' dir='ltr'>s.</span> <span class='ocrx_word' id='word_1_894' title='bbox 1517 1980 1558 2005; x_wconf 84' lang='lat'>50.</span> <span class='ocrx_word' id='word_1_895' title='bbox 1580 1980 1619 2005; x_wconf 87' lang='lat'>16.</span> 
     </span>
    </p>

    <p class='ocr_par' dir='ltr' id='par_1_24' title="bbox 1186 2020 1759 2054">
     <span class='ocr_line' id='line_1_107' title="bbox 1186 2020 1759 2054; baseline 0.002 -6"><span class='ocrx_word' id='word_1_896' title='bbox 1186 2023 1347 2049; x_wconf 73' lang='lat' dir='ltr'>Stratus.</span> <span class='ocrx_word' id='word_1_897' title='bbox 1368 2020 1499 2054; x_wconf 67' lang='lat' dir='ltr'>&lt;Pan-tic.)</span> <span class='ocrx_word' id='word_1_898' title='bbox 1520 2021 1562 2048; x_wconf 82' lang='lat' dir='ltr'>Cf.</span> <span class='ocrx_word' id='word_1_899' title='bbox 1582 2032 1606 2048; x_wconf 89' lang='lat' dir='ltr'>v.</span> <span class='ocrx_word' id='word_1_900' title='bbox 1627 2021 1759 2049; x_wconf 85' lang='lat' dir='ltr'>Sternere.</span> 
     </span>
    </p>

    <p class='ocr_par' dir='ltr' id='par_1_25' title="bbox 1151 2063 1992 2177">
     <span class='ocr_line' id='line_1_108' title="bbox 1186 2063 1992 2096; baseline -0.001 -4"><span class='ocrx_word' id='word_1_901' title='bbox 1186 2066 1347 2092; x_wconf 74' lang='lat' dir='ltr'>Stratus.</span> <span class='ocrx_word' id='word_1_902' title='bbox 1372 2063 1500 2096; x_wconf 80' lang='lat' dir='ltr'>(Subst.)</span> <span class='ocrx_word' id='word_1_903' title='bbox 1529 2066 1653 2091; x_wconf 79' lang='lat' dir='ltr'>Lectus.</span> <span class='ocrx_word' id='word_1_904' title='bbox 1691 2064 1732 2091; x_wconf 91' lang='lat'>111.</span> <span class='ocrx_word' id='word_1_905' title='bbox 1754 2067 1819 2093; x_wconf 71' lang='lat' dir='ltr'>Gn.</span> <span class='ocrx_word' id='word_1_906' title='bbox 1839 2065 1869 2092; x_wconf 89' lang='lat' dir='ltr'>Si</span> <span class='ocrx_word' id='word_1_907' title='bbox 1887 2066 1992 2096; x_wconf 87' lang='lat' dir='ltr'>victum,</span> 
     </span>
     <span class='ocr_line' id='line_1_109' title="bbox 1151 2107 1991 2145; baseline 0 -11"><span class='ocrx_word' id='word_1_908' title='bbox 1151 2107 1194 2134; x_wconf 86' lang='lat' dir='ltr'>vel</span> <span class='ocrx_word' id='word_1_909' title='bbox 1213 2112 1336 2138; x_wconf 78' lang='lat' dir='ltr'>stratum,</span> <span class='ocrx_word' id='word_1_910' title='bbox 1361 2107 1451 2133; x_wconf 82' lang='lat' dir='ltr'>inferri</span> <span class='ocrx_word' id='word_1_911' title='bbox 1471 2108 1529 2143; x_wconf 89' lang='lat' dir='ltr'>quis</span> <span class='ocrx_word' id='word_1_912' title='bbox 1549 2107 1664 2133; x_wconf 89' lang='lat' dir='ltr'>iudicato</span> <span class='ocrx_word' id='word_1_913' title='bbox 1684 2118 1735 2134; x_wconf 88' lang='lat' dir='ltr'>non</span> <span class='ocrx_word' id='word_1_914' title='bbox 1755 2109 1875 2145; x_wconf 87' lang='lat' dir='ltr'>patiatur.</span> <span class='ocrx_word' id='word_1_915' title='bbox 1900 2107 1930 2134; x_wconf 83' lang='lat' dir='ltr'>fr.</span> <span class='ocrx_word' id='word_1_916' title='bbox 1949 2109 1991 2134; x_wconf 84' lang='grc'><strong>3-1..</strong></span> 
     </span>
     <span class='ocr_line' id='line_1_110' title="bbox 1152 2149 1793 2177; baseline 0 -1"><span class='ocrx_word' id='word_1_917' title='bbox 1152 2150 1184 2177; x_wconf 86' lang='lat' dir='ltr'>de</span> <span class='ocrx_word' id='word_1_918' title='bbox 1203 2160 1231 2176; x_wconf 90' lang='lat' dir='ltr'>re</span> <span class='ocrx_word' id='word_1_919' title='bbox 1250 2149 1302 2176; x_wconf 92' lang='lat' dir='ltr'>iud.</span> <span class='ocrx_word' id='word_1_920' title='bbox 1322 2151 1364 2176; x_wconf 74' lang='lat'>42.</span> <span class='ocrx_word' id='word_1_921' title='bbox 1386 2151 1407 2176; x_wconf 96' lang='lat' dir='ltr'>l.</span> <span class='ocrx_word' id='word_1_922' title='bbox 1429 2150 1458 2176; x_wconf 92' lang='lat' dir='ltr'>sr.</span> <span class='ocrx_word' id='word_1_923' title='bbox 1478 2152 1518 2176; x_wconf 73' lang='lat'>45.</span> <span class='ocrx_word' id='word_1_924' title='bbox 1540 2149 1572 2176; x_wconf 87' lang='lat' dir='ltr'>de</span> <span class='ocrx_word' id='word_1_925' title='bbox 1592 2149 1623 2176; x_wconf 92' lang='lat' dir='ltr'>V.</span> <span class='ocrx_word' id='word_1_926' title='bbox 1644 2149 1670 2176; x_wconf 91' lang='lat' dir='ltr'>S.</span> <span class='ocrx_word' id='word_1_927' title='bbox 1691 2152 1732 2177; x_wconf 82' lang='lat'>50.</span> <span class='ocrx_word' id='word_1_928' title='bbox 1754 2152 1793 2176; x_wconf 86' lang='lat'>16.</span> 
     </span>
    </p>

    <p class='ocr_par' dir='ltr' id='par_1_26' title="bbox 1152 2193 1992 2359">
     <span class='ocr_line' id='line_1_111' title="bbox 1185 2193 1990 2228; baseline 0 -8"><span class='ocrx_word' id='word_1_929' title='bbox 1185 2194 1335 2220; x_wconf 69' lang='lat' dir='ltr'>Strena.</span> <span class='ocrx_word' id='word_1_930' title='bbox 1376 2194 1508 2224; x_wconf 70' lang='lat' dir='ltr'>Munus,</span> <span class='ocrx_word' id='word_1_931' title='bbox 1531 2194 1581 2219; x_wconf 82' lang='lat' dir='ltr'>die</span> <span class='ocrx_word' id='word_1_932' title='bbox 1597 2194 1690 2228; x_wconf 74' lang='lat' dir='ltr'>festo</span> <span class='ocrx_word' id='word_1_933' title='bbox 1706 2195 1910 2228; x_wconf 81' lang='lat' dir='ltr'>erogandum.</span> <span class='ocrx_word' id='word_1_934' title='bbox 1948 2193 1990 2220; x_wconf 92' lang='lat'>111.</span> 
     </span>
     <span class='ocr_line' id='line_1_112' title="bbox 1153 2235 1992 2272; baseline -0.001 -8"><span class='ocrx_word' id='word_1_935' title='bbox 1153 2238 1218 2264; x_wconf 79' lang='lat' dir='ltr'>C&#39;n.</span> <span class='ocrx_word' id='word_1_936' title='bbox 1238 2236 1294 2262; x_wconf 91' lang='lat' dir='ltr'>Sub</span> <span class='ocrx_word' id='word_1_937' title='bbox 1315 2237 1453 2261; x_wconf 85' lang='lat' dir='ltr'>occasione</span> <span class='ocrx_word' id='word_1_938' title='bbox 1472 2235 1572 2272; x_wconf 85' lang='lat' dir='ltr'>indepti</span> <span class='ocrx_word' id='word_1_939' title='bbox 1590 2235 1706 2267; x_wconf 78' lang='lat' dir='ltr'>honoris.</span> <span class='ocrx_word' id='word_1_940' title='bbox 1726 2240 1836 2265; x_wconf 88' lang='lat' dir='ltr'>strenas.</span> <span class='ocrx_word' id='word_1_941' title='bbox 1856 2241 1879 2261; x_wconf 87' lang='lat' dir='ltr'>et</span> <span class='ocrx_word' id='word_1_942' title='bbox 1894 2241 1992 2269; x_wconf 83' lang='lat' dir='ltr'>vestes,</span> 
     </span>
     <span class='ocr_line' id='line_1_113' title="bbox 1153 2277 1991 2315; baseline 0.001 -10"><span class='ocrx_word' id='word_1_943' title='bbox 1153 2284 1306 2315; x_wconf 83' lang='lat' dir='ltr'>caeteraque</span> <span class='ocrx_word' id='word_1_944' title='bbox 1325 2278 1451 2304; x_wconf 75' lang='lat' dir='ltr'>solemnia</span> <span class='ocrx_word' id='word_1_945' title='bbox 1465 2294 1497 2298; x_wconf 90' lang='lat'><em>-</em></span> <span class='ocrx_word' id='word_1_946' title='bbox 1511 2280 1670 2315; x_wconf 78' lang='lat' dir='ltr'>percepisse.</span> <span class='ocrx_word' id='word_1_947' title='bbox 1691 2277 1739 2304; x_wconf 91' lang='lat' dir='ltr'>Th.</span> <span class='ocrx_word' id='word_1_948' title='bbox 1753 2278 1783 2304; x_wconf 88' lang='lat' dir='ltr'>C.</span> <span class='ocrx_word' id='word_1_949' title='bbox 1798 2277 1838 2304; x_wconf 81' lang='lat' dir='ltr'>Vl.</span> <span class='ocrx_word' id='word_1_950' title='bbox 1852 2280 1894 2305; x_wconf 82' lang='lat'>30.</span> <span class='ocrx_word' id='word_1_951' title='bbox 1914 2289 1935 2305; x_wconf 89' lang='lat' dir='ltr'>c.</span> <span class='ocrx_word' id='word_1_952' title='bbox 1951 2281 1991 2306; x_wconf 90' lang='lat' dir='ltr'>ll.</span> 
     </span>
     <span class='ocr_line' id='line_1_114' title="bbox 1152 2319 1992 2359; baseline 0.001 -11"><span class='ocrx_word' id='word_1_953' title='bbox 1152 2322 1184 2348; x_wconf 85' lang='lat' dir='ltr'>de</span> <span class='ocrx_word' id='word_1_954' title='bbox 1203 2321 1283 2348; x_wconf 84' lang='lat' dir='ltr'>Palat.</span> <span class='ocrx_word' id='word_1_955' title='bbox 1304 2321 1330 2348; x_wconf 93' lang='lat' dir='ltr'>S.</span> <span class='ocrx_word' id='word_1_956' title='bbox 1350 2321 1429 2357; x_wconf 74' lang='lat' dir='ltr'>largg.</span> <span class='ocrx_word' id='word_1_957' title='bbox 1467 2321 1635 2352; x_wconf 86' lang='lat' dir='ltr'>Strenarum,</span> <span class='ocrx_word' id='word_1_958' title='bbox 1655 2319 1834 2352; x_wconf 76' lang='lat' dir='ltr'>calendarum,</span> <span class='ocrx_word' id='word_1_959' title='bbox 1854 2331 1883 2347; x_wconf 86' lang='lat' dir='ltr'>ac</span> <span class='ocrx_word' id='word_1_960' title='bbox 1902 2321 1992 2359; x_wconf 85' lang='lat' dir='ltr'>pulve-</span> 
     </span>
    </p>
   </div>
   <div class='ocr_carea' id='block_1_13' title="bbox 1129 2362 1842 2400">
    <p class='ocr_par' dir='ltr' id='par_1_27' title="bbox 1129 2362 1842 2400">
     <span class='ocr_line' id='line_1_115' title="bbox 1129 2362 1842 2400; baseline -0.003 -9"><span class='ocrx_word' id='word_1_961' title='bbox 1129 2367 1131 2399; x_wconf 69' lang='grc' dir='ltr'><strong>ζ</strong></span> <span class='ocrx_word' id='word_1_962' title='bbox 1152 2365 1225 2391; x_wconf 86' lang='lat' dir='ltr'>ratici</span> <span class='ocrx_word' id='word_1_963' title='bbox 1245 2365 1349 2390; x_wconf 87' lang='lat' dir='ltr'>nomine</span> <span class='ocrx_word' id='word_1_964' title='bbox 1368 2378 1400 2383; x_wconf 87' lang='lat'>——</span> <span class='ocrx_word' id='word_1_965' title='bbox 1421 2368 1518 2400; x_wconf 84' lang='lat' dir='ltr'>petere.</span> <span class='ocrx_word' id='word_1_966' title='bbox 1539 2364 1578 2391; x_wconf 81' lang='lat' dir='ltr'>Cf.</span> <span class='ocrx_word' id='word_1_967' title='bbox 1599 2374 1622 2389; x_wconf 90' lang='lat' dir='ltr'>v.</span> <span class='ocrx_word' id='word_1_968' title='bbox 1642 2362 1842 2390; x_wconf 79' lang='lat' dir='ltr'>l&#39;ulveraticum.</span> 
     </span>
    </p>
   </div>
   <div class='ocr_carea' id='block_1_14' title="bbox 1188 2406 1991 2441">
    <p class='ocr_par' dir='ltr' id='par_1_28' title="bbox 1188 2406 1991 2441">
     <span class='ocr_line' id='line_1_116' title="bbox 1188 2406 1991 2441; baseline 0.001 -7"><span class='ocrx_word' id='word_1_969' title='bbox 1188 2407 1363 2434; x_wconf 66' lang='lat' dir='ltr'>Strenue.</span> <span class='ocrx_word' id='word_1_970' title='bbox 1385 2406 1496 2439; x_wconf 81' lang='lat' dir='ltr'>(Advb.)</span> <span class='ocrx_word' id='word_1_971' title='bbox 1516 2408 1677 2436; x_wconf 76' lang='lat' dir='ltr'>Fortiter,</span> <span class='ocrx_word' id='word_1_972' title='bbox 1694 2408 1849 2441; x_wconf 64' lang='lat' dir='ltr'>prompte.</span> <span class='ocrx_word' id='word_1_973' title='bbox 1870 2406 1991 2435; x_wconf 62' lang='lat' dir='ltr'>Iston-</span> 
     </span>
    </p>
   </div>
   <div class='ocr_carea' id='block_1_15' title="bbox 1130 2447 1992 2477">
    <p class='ocr_par' dir='ltr' id='par_1_29' title="bbox 1130 2447 1992 2477">
     <span class='ocr_line' id='line_1_117' title="bbox 1130 2447 1992 2477; baseline 0 -1"><span class='ocrx_word' id='word_1_974' title='bbox 1130 2448 1131 2459; x_wconf 63' lang='lat'>¹</span> <span class='ocrx_word' id='word_1_975' title='bbox 1153 2450 1256 2476; x_wconf 85' lang='lat' dir='ltr'>Devote</span> <span class='ocrx_word' id='word_1_976' title='bbox 1281 2460 1310 2476; x_wconf 86' lang='lat' dir='ltr'>ac</span> <span class='ocrx_word' id='word_1_977' title='bbox 1334 2455 1441 2476; x_wconf 87' lang='lat' dir='ltr'>strenue</span> <span class='ocrx_word' id='word_1_978' title='bbox 1464 2449 1581 2475; x_wconf 85' lang='lat' dir='ltr'>militare.</span> <span class='ocrx_word' id='word_1_979' title='bbox 1611 2447 1659 2474; x_wconf 90' lang='lat' dir='ltr'>Th.</span> <span class='ocrx_word' id='word_1_980' title='bbox 1681 2448 1710 2474; x_wconf 93' lang='lat' dir='ltr'>C.</span> <span class='ocrx_word' id='word_1_981' title='bbox 1735 2448 1774 2475; x_wconf 78' lang='lat' dir='ltr'>vl.</span> <span class='ocrx_word' id='word_1_982' title='bbox 1794 2451 1835 2475; x_wconf 68' lang='lat'>24.</span> <span class='ocrx_word' id='word_1_983' title='bbox 1857 2460 1877 2476; x_wconf 86' lang='lat' dir='ltr'>c.</span> <span class='ocrx_word' id='word_1_984' title='bbox 1900 2452 1938 2476; x_wconf 90' lang='lat'>10.</span> <span class='ocrx_word' id='word_1_985' title='bbox 1958 2450 1992 2477; x_wconf 83' lang='lat' dir='ltr'>de</span> 
     </span>
    </p>
   </div>
   <div class='ocr_carea' id='block_1_16' title="bbox 1153 2492 1991 2906">
    <p class='ocr_par' dir='ltr' id='par_1_30' title="bbox 1153 2492 1991 2529">
     <span class='ocr_line' id='line_1_118' title="bbox 1153 2492 1991 2529; baseline 0.001 -11"><span class='ocrx_word' id='word_1_986' title='bbox 1153 2492 1262 2518; x_wconf 71' lang='lat' dir='ltr'>domest.</span> <span class='ocrx_word' id='word_1_987' title='bbox 1283 2497 1309 2518; x_wconf 82' lang='lat' dir='ltr'>et</span> <span class='ocrx_word' id='word_1_988' title='bbox 1328 2497 1438 2529; x_wconf 83' lang='lat' dir='ltr'>protect.</span> <span class='ocrx_word' id='word_1_989' title='bbox 1471 2492 1558 2518; x_wconf 89' lang='lat' dir='ltr'>Ducto</span> <span class='ocrx_word' id='word_1_990' title='bbox 1577 2492 1643 2516; x_wconf 89' lang='lat' dir='ltr'>intra</span> <span class='ocrx_word' id='word_1_991' title='bbox 1657 2492 1806 2527; x_wconf 85' lang='lat' dir='ltr'>provincias</span> <span class='ocrx_word' id='word_1_992' title='bbox 1820 2508 1850 2512; x_wconf 92' lang='lat'><strong>—</strong></span> <span class='ocrx_word' id='word_1_993' title='bbox 1865 2493 1991 2519; x_wconf 87' lang='lat' dir='ltr'>strenuis-</span> 
     </span>
    </p>

    <p class='ocr_par' dir='ltr' id='par_1_31' title="bbox 1153 2534 1991 2690">
     <span class='ocr_line' id='line_1_119' title="bbox 1153 2534 1850 2562; baseline 0 -2"><span class='ocrx_word' id='word_1_994' title='bbox 1153 2536 1217 2561; x_wconf 86' lang='lat' dir='ltr'>sime</span> <span class='ocrx_word' id='word_1_995' title='bbox 1236 2535 1326 2562; x_wconf 83' lang='lat' dir='ltr'>milite.</span> <span class='ocrx_word' id='word_1_996' title='bbox 1347 2535 1383 2561; x_wconf 89' lang='lat' dir='ltr'>lb.</span> <span class='ocrx_word' id='word_1_997' title='bbox 1405 2534 1446 2561; x_wconf 85' lang='lat' dir='ltr'>Vl.</span> <span class='ocrx_word' id='word_1_998' title='bbox 1469 2536 1507 2559; x_wconf 79' lang='lat'>14.</span> <span class='ocrx_word' id='word_1_999' title='bbox 1527 2544 1548 2560; x_wconf 84' lang='lat' dir='ltr'>e.</span> <span class='ocrx_word' id='word_1_1000' title='bbox 1565 2535 1586 2560; x_wconf 95' lang='lat'>1.</span> <span class='ocrx_word' id='word_1_1001' title='bbox 1607 2534 1638 2559; x_wconf 86' lang='lat' dir='ltr'>de</span> <span class='ocrx_word' id='word_1_1002' title='bbox 1659 2536 1744 2560; x_wconf 82' lang='lat' dir='ltr'>comit.</span> <span class='ocrx_word' id='word_1_1003' title='bbox 1766 2534 1796 2560; x_wconf 82' lang='lat' dir='ltr'>R.</span> <span class='ocrx_word' id='word_1_1004' title='bbox 1817 2534 1850 2560; x_wconf 85' lang='lat' dir='ltr'>ill.</span> 
     </span>
     <span class='ocr_line' id='line_1_120' title="bbox 1186 2576 1991 2615; baseline -0.001 -10"><span class='ocrx_word' id='word_1_1005' title='bbox 1186 2578 1412 2605; x_wconf 75' lang='lat' dir='ltr'>Strenuitas.</span> <span class='ocrx_word' id='word_1_1006' title='bbox 1444 2577 1642 2611; x_wconf 64' lang='lat' dir='ltr'>Dilige-ntia.</span> <span class='ocrx_word' id='word_1_1007' title='bbox 1680 2576 1722 2602; x_wconf 91' lang='lat' dir='ltr'>Ill.</span> <span class='ocrx_word' id='word_1_1008' title='bbox 1741 2578 1806 2604; x_wconf 76' lang='lat' dir='ltr'>Cn.</span> <span class='ocrx_word' id='word_1_1009' title='bbox 1827 2578 1912 2612; x_wconf 80' lang='lat' dir='ltr'>Quem</span> <span class='ocrx_word' id='word_1_1010' title='bbox 1932 2588 1991 2615; x_wconf 79' lang='lat' dir='ltr'>pro-</span> 
     </span>
     <span class='ocr_line' id='line_1_121' title="bbox 1153 2619 1990 2657; baseline 0.004 -12"><span class='ocrx_word' id='word_1_1011' title='bbox 1153 2619 1220 2646; x_wconf 78' lang='lat' dir='ltr'>bitas</span> <span class='ocrx_word' id='word_1_1012' title='bbox 1241 2626 1266 2646; x_wconf 75' lang='lat' dir='ltr'>et</span> <span class='ocrx_word' id='word_1_1013' title='bbox 1285 2621 1426 2646; x_wconf 82' lang='lat' dir='ltr'>strenuitas</span> <span class='ocrx_word' id='word_1_1014' title='bbox 1445 2619 1537 2645; x_wconf 88' lang='lat' dir='ltr'>merito</span> <span class='ocrx_word' id='word_1_1015' title='bbox 1562 2619 1749 2646; x_wconf 72' lang='lat' dir='ltr'>commendant</span> <span class='ocrx_word' id='word_1_1016' title='bbox 1775 2630 1796 2646; x_wconf 89' lang='lat' dir='ltr'>c.</span> <span class='ocrx_word' id='word_1_1017' title='bbox 1815 2622 1838 2646; x_wconf 77' lang='grc'>8.</span> <span class='ocrx_word' id='word_1_1018' title='bbox 1864 2619 1896 2646; x_wconf 83' lang='lat' dir='ltr'>de</span> <span class='ocrx_word' id='word_1_1019' title='bbox 1915 2631 1990 2657; x_wconf 82' lang='lat' dir='ltr'>prox.</span> 
     </span>
     <span class='ocr_line' id='line_1_122' title="bbox 1154 2661 1988 2690; baseline 0.001 -1"><span class='ocrx_word' id='word_1_1020' title='bbox 1154 2662 1180 2688; x_wconf 92' lang='lat' dir='ltr'>S.</span> <span class='ocrx_word' id='word_1_1021' title='bbox 1201 2664 1278 2689; x_wconf 89' lang='lat' dir='ltr'>scrin.</span> <span class='ocrx_word' id='word_1_1022' title='bbox 1307 2665 1343 2688; x_wconf 77' lang='lat'>12.</span> <span class='ocrx_word' id='word_1_1023' title='bbox 1371 2664 1409 2688; x_wconf 90' lang='lat'>19.</span> <span class='ocrx_word' id='word_1_1024' title='bbox 1452 2661 1518 2688; x_wconf 83' lang='lat' dir='ltr'>Cum</span> <span class='ocrx_word' id='word_1_1025' title='bbox 1542 2672 1640 2688; x_wconf 88' lang='lat' dir='ltr'>summa</span> <span class='ocrx_word' id='word_1_1026' title='bbox 1665 2663 1819 2688; x_wconf 82' lang='lat' dir='ltr'>strenuitate</span> <span class='ocrx_word' id='word_1_1027' title='bbox 1845 2664 1988 2690; x_wconf 89' lang='lat' dir='ltr'>constituit.</span> 
     </span>
    </p>

    <p class='ocr_par' dir='ltr' id='par_1_32' title="bbox 1154 2703 1990 2906">
     <span class='ocr_line' id='line_1_123' title="bbox 1154 2703 1862 2742; baseline 0.001 -12"><span class='ocrx_word' id='word_1_1028' title='bbox 1154 2705 1264 2742; x_wconf 78' lang='lat' dir='ltr'>lutei-pr.</span> <span class='ocrx_word' id='word_1_1029' title='bbox 1284 2704 1316 2731; x_wconf 88' lang='lat' dir='ltr'>ad</span> <span class='ocrx_word' id='word_1_1030' title='bbox 1336 2704 1401 2730; x_wconf 82' lang='lat' dir='ltr'>Nov.</span> <span class='ocrx_word' id='word_1_1031' title='bbox 1424 2703 1472 2730; x_wconf 90' lang='lat' dir='ltr'>Th.</span> <span class='ocrx_word' id='word_1_1032' title='bbox 1494 2704 1522 2731; x_wconf 91' lang='lat'>11.</span> <span class='ocrx_word' id='word_1_1033' title='bbox 1542 2704 1574 2731; x_wconf 76' lang='lat' dir='ltr'>(le</span> <span class='ocrx_word' id='word_1_1034' title='bbox 1594 2709 1693 2741; x_wconf 63' lang='lat' dir='ltr'>patet-n.</span> <span class='ocrx_word' id='word_1_1035' title='bbox 1713 2714 1733 2730; x_wconf 91' lang='lat' dir='ltr'>s.</span> <span class='ocrx_word' id='word_1_1036' title='bbox 1754 2709 1862 2731; x_wconf 79' lang='lat' dir='ltr'>matern.</span> 
     </span>
     <span class='ocr_line' id='line_1_124' title="bbox 1188 2746 1988 2782; baseline -0.003 -7"><span class='ocrx_word' id='word_1_1037' title='bbox 1188 2749 1384 2775; x_wconf 75' lang='lat' dir='ltr'>strenuus.</span> <span class='ocrx_word' id='word_1_1038' title='bbox 1408 2747 1546 2780; x_wconf 76' lang='lat' dir='ltr'>(Adiect.)</span> <span class='ocrx_word' id='word_1_1039' title='bbox 1570 2749 1727 2781; x_wconf 79' lang='lat' dir='ltr'>Impiger,</span> <span class='ocrx_word' id='word_1_1040' title='bbox 1748 2748 1908 2782; x_wconf 79' lang='lat' dir='ltr'>Diligens.</span> <span class='ocrx_word' id='word_1_1041' title='bbox 1944 2746 1988 2774; x_wconf 85' lang='lat'>111.</span> 
     </span>
     <span class='ocr_line' id='line_1_125' title="bbox 1155 2789 1987 2827; baseline -0.001 -10"><span class='ocrx_word' id='word_1_1042' title='bbox 1155 2792 1220 2818; x_wconf 78' lang='lat' dir='ltr'>Gn.</span> <span class='ocrx_word' id='word_1_1043' title='bbox 1241 2791 1360 2817; x_wconf 73' lang='lat' dir='ltr'>lcloneae.</span> <span class='ocrx_word' id='word_1_1044' title='bbox 1376 2795 1550 2827; x_wconf 87' lang='lat' dir='ltr'>strenuaeque</span> <span class='ocrx_word' id='word_1_1045' title='bbox 1563 2800 1698 2827; x_wconf 86' lang='lat' dir='ltr'>personae.</span> <span class='ocrx_word' id='word_1_1046' title='bbox 1719 2789 1767 2816; x_wconf 86' lang='lat' dir='ltr'>Th.</span> <span class='ocrx_word' id='word_1_1047' title='bbox 1780 2790 1810 2816; x_wconf 89' lang='lat' dir='ltr'>C.</span> <span class='ocrx_word' id='word_1_1048' title='bbox 1822 2790 1866 2816; x_wconf 86' lang='lat' dir='ltr'>XI.</span> <span class='ocrx_word' id='word_1_1049' title='bbox 1878 2792 1900 2816; x_wconf 85' lang='lat'>7.</span> <span class='ocrx_word' id='word_1_1050' title='bbox 1915 2799 1935 2816; x_wconf 93' lang='lat' dir='ltr'>c.</span> <span class='ocrx_word' id='word_1_1051' title='bbox 1946 2791 1987 2816; x_wconf 79' lang='lat'>20.</span> 
     </span>
     <span class='ocr_line' id='line_1_126' title="bbox 1155 2831 1990 2870; baseline -0.002 -10"><span class='ocrx_word' id='word_1_1052' title='bbox 1155 2834 1186 2861; x_wconf 89' lang='lat' dir='ltr'>de</span> <span class='ocrx_word' id='word_1_1053' title='bbox 1211 2834 1340 2860; x_wconf 84' lang='lat' dir='ltr'>exaction.</span> <span class='ocrx_word' id='word_1_1054' title='bbox 1361 2832 1404 2860; x_wconf 73' lang='lat' dir='ltr'>xl.</span> <span class='ocrx_word' id='word_1_1055' title='bbox 1425 2835 1466 2860; x_wconf 73' lang='lat'>30.</span> <span class='ocrx_word' id='word_1_1056' title='bbox 1492 2843 1513 2860; x_wconf 87' lang='lat' dir='ltr'>c.</span> <span class='ocrx_word' id='word_1_1057' title='bbox 1532 2834 1573 2859; x_wconf 80' lang='lat'>29.</span> <span class='ocrx_word' id='word_1_1058' title='bbox 1598 2831 1630 2859; x_wconf 86' lang='lat' dir='ltr'>de</span> <span class='ocrx_word' id='word_1_1059' title='bbox 1653 2832 1712 2870; x_wconf 87' lang='lat' dir='ltr'>adp.</span> <span class='ocrx_word' id='word_1_1060' title='bbox 1735 2837 1760 2859; x_wconf 86' lang='lat' dir='ltr'>et</span> <span class='ocrx_word' id='word_1_1061' title='bbox 1778 2842 1854 2870; x_wconf 83' lang='lat' dir='ltr'>poen.</span> <span class='ocrx_word' id='word_1_1062' title='bbox 1891 2831 1990 2858; x_wconf 88' lang='lat' dir='ltr'>Soller-</span> 
     </span>
     <span class='ocr_line' id='line_1_127' title="bbox 1918 2880 1990 2906; baseline 0.014 -6"><span class='ocrx_word' id='word_1_1063' title='bbox 1918 2880 1990 2906; x_wconf 80' lang='lat' dir='ltr'>tuun.</span> 
     </span>
    </p>
   </div>
  </div>
 </body>
</html>
