2197 3121
1044 156 1144 187 DET.

264 241 497 269 netentatio.
535 240 697 266 Detentio.
734 237 777 264 III.
797 239 862 266 Cn·
897 237 926 264 Si
950 236 1070 264 inchoata

230 285 265 311 sit
284 284 308 310 b.
329 283 345 310 f.
366 284 532 321 possessoris
552 282 695 308 detentatio
715 280 758 314 [al.
780 280 917 314 detentio]
937 280 968 307 fr.
989 282 1029 307 15.
1049 282 1071 315 5.

229 329 253 353 3.
274 338 305 353 ex
326 337 368 363 qu.
389 337 409 353 c.
430 326 487 352 mai.
511 327 535 351 4.
555 325 579 351 6.
626 323 731 350 Manere
755 324 781 350 in
806 334 892 350 rerum
916 323 1072 350 detentatio-

229 380 287 396 nem
307 369 351 403 [al.
371 367 568 401 detentione-nr]
593 367 623 393 fr.
638 370 661 393 5.
677 377 717 404 pr.
737 366 770 393 de
789 367 899 404 impcnS.
920 367 946 393 in
960 376 1002 393 res
1016 366 1070 393 dot.

227 415 269 439 25.
292 414 313 438 l.

263 455 502 482 netentator.
540 454 707 479 Detentor.
749 452 768 479 I.
788 453 849 486 Sy.
880 451 1018 478 Detinens.
1048 462 1069 478 c.

229 499 268 523 10.
288 507 328 534 pr.
348 497 380 523 de
401 495 454 522 reb.
475 500 541 522 auct.
561 494 613 521 iud.
635 497 657 521 7.
679 497 719 521 72.
756 494 901 521 Possessor
920 495 1068 528 (iniustus.)

228 550 249 566 c.
269 541 292 566 S.
312 540 378 573 5.1.
397 539 430 565 de
448 548 563 575 praescr.
583 538 668 564 XXX.
690 539 713 564 7.
727 539 769 564 39.
806 537 848 563 111.
864 538 929 565 Gn.
958 537 1069 574 Antiqui

226 591 412 619 possessoreS,
439 597 469 601 —
495 580 656 617 alienigenae
679 580 865 607 detentatores.
903 579 953 606 Tb.
979 580 1010 607 C.
1034 580 1068 607 X.

225 627 267 651 20.
288 635 309 651 c.
331 626 370 651 14.
391 623 423 650 de
441 623 559 659 murileg.
598 623 651 659 Qui
671 626 803 654 emerunt,
822 621 865 648 vel
885 632 976 649 eorum
994 623 1068 649 bere-

226 666 286 696 des.
306 666 347 693 vel
367 666 553 692 detentatores
582 666 619 692 Ib.
639 666 684 692 XI.
703 667 744 691 20.
765 675 786 691 c.
801 666 825 691 6.
846 665 868 698 5.
882 666 906 691 3.
926 665 959 692 de
978 666 1067 694 collat.

225 709 314 736 donat.
348 708 379 736 cf.
400 708 467 735 Nov.
488 708 610 735 marcian.
635 708 667 734 de
685 707 773 745 praed.
795 708 866 734 civit.
886 718 954 734 omn.
979 708 1021 735 111.
1041 710 1065 735 3.

225 763 246 779 c.
273 754 294 778 1.
319 753 340 786 5.
367 753 388 778 l.
437 751 537 778 Contra
567 751 744 777 detentatores
768 760 855 777 rerum
880 766 912 770 -
937 751 1066 778 actionem

224 805 337 822 movere..
363 805 383 820 c.
404 795 446 820 29.
466 794 499 821 de
518 795 574 820 inre
593 793 646 820 dot.
666 795 690 819 5.
711 795 751 819 12.

257 838 449 865 lle-tentio.
487 839 621 864 Factum
641 837 824 869 detinendi,
848 838 1065 863 Exercitium.

222 879 265 906 III.
286 881 353 907 Gn.
386 879 528 906 Servitutis
554 878 732 905 detentionem
756 878 805 913 [al.
826 879 1012 911 intentionem,
1039 889 1064 905 v.

222 922 415 954 defensionem,
439 932 464 948 v.
484 921 652 959 petitionem]
678 920 747 947 dare.
779 921 810 948 fr.
832 923 854 947 1.
879 922 901 956 5.
921 923 945 948 5.
970 921 1003 948 de
1027 931 1065 948 re-

221 966 340 992 mission.
371 967 412 991 43.
437 966 478 991 25.
516 963 690 990 Commodum
715 963 876 991 detentionis
900 964 952 990 sibi
971 963 1063 1001 adqui-

221 1017 287 1034 rere.
317 1018 338 1034 c.
358 1009 382 1034 8.
402 1008 424 1041 5.
445 1009 467 1033 1.
487 1007 520 1033 dc
538 1016 654 1043 praescr.
673 1006 759 1033 XXX.
781 1008 803 1033 7.
822 1008 864 1034 39.

255 1052 452 1078 Detentor.
494 1051 539 1081 Is,
566 1051 622 1084 qui
644 1051 782 1082 detinet,
811 1052 995 1077 Posseseor.
1032 1049 1062 1077 II.

221 1095 289 1127 Op.
316 1093 455 1119 Invasores
474 1092 655 1129 possessionis
681 1091 788 1119 alienae.
818 1108 850 1112 -—
877 1092 1063 1120 conductores

220 1141 245 1161 et
265 1136 424 1162 detentores,
454 1146 476 1162 c.
498 1137 538 1161 lo.
558 1134 628 1161 unde
646 1136 680 1161 vi.
700 1136 724 1161 8.
745 1136 768 1161 4.

253 1181 451 1206 Deterere.
490 1177 532 1204 Cf.
551 1187 575 1204 v.
596 1177 725 1204 Detritus.

253 1223 475 1255 Detergere.
517 1222 727 1255 Abstergere,
757 1222 914 1249 Amovere.
960 1221 979 1248 I.
999 1223 1061 1257 Sy·

216 1264 368 1300 Extergere.
398 1263 439 1290 Cf.
460 1263 484 1290 h.
504 1273 528 1290 v.
570 1262 615 1289 III.
637 1264 703 1290 011.
732 1262 863 1296 Perticae,
888 1264 984 1301 quibus
1009 1275 1062 1291 ara-

216 1316 281 1333 neae
307 1306 482 1343 detergantur.
517 1306 549 1332 fr.
570 1307 610 1332 12.
636 1306 657 1340 5.
677 1307 719 1332 22.
749 1306 783 1332 de
801 1307 876 1333 instr.
901 1307 950 1343 leg.
974 1309 1016 1334 33.
1037 1309 1060 1334 7.

216 1349 329 1376 Detersa
349 1349 418 1375 nube
437 1348 599 1376 voluminum
614 1365 646 1368 —
661 1348 824 1376 roboramus.
856 1349 950 1377 Const.
965 1349 1015 1377 Th.
1029 1350 1060 1377 II.

217 1391 249 1419 de
268 1392 317 1419 Th.
337 1392 368 1419 C.
389 1396 455 1418 auct.
476 1391 497 1425 5.
517 1393 542 1418 3.
563 1391 658 1425 (Wek.
678 1402 703 1429 p.
725 1392 784 1425 10.)

250 1435 441 1462 DeterIor·
478 1436 642 1470 Inferior,
674 1437 842 1469 Iniquior,
878 1438 998 1464 Vilior.
1040 1436 1059 1463 1.

216 1479 279 1512 Sy.
307 1477 408 1504 Mutare
421 1477 547 1503 militiam.
579 1477 608 1503 ln
622 1477 780 1504 deteriorem
799 1478 917 1505 militiam
937 1479 1001 1506 dari.
1027 1479 1059 1506 fr.

214 1521 239 1547 3.
263 1521 301 1554 §§.
323 1521 345 1546 l.
368 1521 406 1546 13.
428 1522 468 1546 16.
497 1519 527 1546 fr.
547 1521 572 1546 4.
596 1520 618 1553 ξ.
640 1521 680 1546 11.
705 1520 737 1547 de
761 1520 793 1547 R.
818 1520 852 1548 m.
871 1514 922 1548 '491
940 1523 979 1548 16.
1027 1521 1058 1548 11.

216 1564 283 1596 ΟΡ.
312 1561 485 1589 Fructuosior
504 1562 613 1596 (effecta
633 1562 708 1596 doS.)
742 1562 803 1601 le.
824 1563 868 1590 VI.
889 1565 929 1590 17.
966 1564 1059 1601 Aeque

214 1605 321 1638 bonum,
341 1615 361 1631 s.
381 1605 507 1632 Eiusdem
526 1606 629 1641 generis
649 1610 674 1632 et
693 1605 783 1632 eadem
803 1606 929 1634 bonitate.
954 1624 987 1628 —
1007 1608 1059 1635 De-

215 1649 296 1674 terior
314 1658 369 1679 res,
390 1658 456 1684 quae
475 1658 508 1675 ex
528 1648 620 1675 eodem
637 1658 733 1685 genere
752 1650 795 1675 sit.
826 1649 857 1676 fr.
876 1652 900 1676 3.
921 1649 954 1677 de
973 1650 1004 1678 R.
1025 1651 1056 1678 C.

216 1692 257 1717 12.
272 1692 294 1716 1.
330 1690 373 1717 111.
388 1692 454 1718 Cn.
475 1691 641 1718 Deteriorem
660 1692 745 1718 facere
764 1702 817 1718 non
837 1692 917 1719 debet
935 1694 985 1727 (sc.
1000 1704 1058 1721 cau-

215 1743 269 1759 sam
287 1734 480 1770 proprietatis‚)
500 1733 637 1761 meliorem
655 1734 740 1762 facere
758 1740 856 1772 potest.
883 1735 914 1762 fr.
930 1738 970 1762 13.
990 1737 1012 1770 5.
1031 1739 1056 1763 4.

215 1775 248 1802 de
267 1775 333 1802 usuf.
354 1777 377 1802 7.
398 1777 419 1802 l.
452 1775 483 1802 cf,
504 1776 534 1803 fr.
556 1779 578 1803 l.
598 1777 620 1810 5.
639 1779 664 1804 3.
684 1778 752 1804 usus.
772 1778 892 1814 quemad.
913 1789 967 1805 cav.
988 1781 1011 1805 7.
1032 1781 1055 1805 9.

214 1818 244 1845 fr.
265 1820 305 1845 79.
326 1819 347 1852 5.
363 1820 385 1844 l.
405 1817 438 1844 de
451 1818 482 1845 V.
497 1818 524 1844 S.
544 1821 586 1845 50.
608 1821 649 1846 16.
683 1819 785 1852 Licere,
806 1820 868 1846 dum
888 1830 920 1847 ne
939 1821 1055 1848 deterius

212 1862 310 1888 faceret
329 1860 446 1893 (domino
466 1861 569 1898 praedii
589 1863 747 1898 aquagium.)
768 1862 798 1889 fr.
820 1865 860 1889 15.
880 1863 914 1889 de
933 1863 960 1890 S.
981 1863 1008 1890 P.
1022 1863 1053 1890 R.

212 1908 235 1931 8.
255 1905 279 1930 3.
318 1903 381 1929 Sive.
400 1903 497 1929 bonum
516 1914 622 1931 servum
640 1904 732 1931 fecerit
750 1905 860 1938 malum,
884 1907 941 1933 sive
959 1906 1055 1933 malum

212 1947 304 1974 fecerit
324 1946 491 1972 deteriorem.
511 1946 541 1972 fr.
563 1948 585 1973 1.
605 1947 626 1981 5.
647 1949 671 1974 4.
692 1947 724 1974 cf.
745 1948 775 1974 fr.
797 1950 819 1975 1.
838 1959 878 1986 pr.
898 1949 936 1983 55.
950 1951 974 1976 3.
994 1959 1053 1986 sqq.

211 1990 245 2016 de
268 1999 345 2016 servo
370 1998 437 2015 corr.
464 1990 503 2015 ll.
528 1990 552 2015 3.
584 1988 656 2016 Paul.
681 1990 723 2016 111.
748 1992 772 2017 6.
797 1992 818 2025 5.
838 1993 880 2018 23.
927 1991 956 2018 Si
980 1992 1053 2018 nullo

211 2042 316 2059 servum
335 2032 420 2069 pretio
440 2031 568 2063 viliorem,
588 2032 780 2060 deterioremve
799 2034 898 2060 fecerit.
918 2034 948 2061 fr.
968 2037 1010 2061 27.
1030 2036 1051 2069 5.

213 2077 251 2101 17.
272 2075 304 2101 ad
323 2074 352 2101 L.
372 2074 441 2111 Aqu.
461 2076 485 2101 9.
498 2077 522 2101 2.
559 2074 588 2100 In
608 2076 648 2101 via
667 2075 773 2112 publica
793 2092 825 2096 --
845 2076 939 2109 facere,
959 2078 1052 2104 immit-

211 2122 299 2144 tereve
319 2116 390 2153 quid,
411 2127 463 2154 quo
483 2128 512 2143 ea
531 2119 580 2150 via,
601 2118 660 2144 idve
679 2120 729 2145 iter
748 2119 864 2146 deterius
878 2120 921 2152 sit,
941 2120 994 2147 fiat.
1019 2120 1050 2147 fr.

210 2162 235 2185 2.
255 2160 291 2193 55.
310 2162 352 2186 20.
371 2162 412 2186 31.
431 2162 472 2186 35.
493 2170 525 2186 ne
545 2170 587 2197 qu.
607 2162 633 2187 in
652 2160 712 2187 loco
731 2161 794 2198 pub.
814 2163 855 2189 43.
875 2163 898 2189 8.
922 2163 953 2189 cf.
975 2163 1006 2190 fr.
1027 2165 1050 2190 l.

213 2212 251 2239 pr.
270 2203 345 2236 §.19.
366 2203 398 2229 de
412 2203 511 2229 llumiu.
531 2205 572 2230 415.
588 2205 628 2229 12.
666 2203 695 2230 Si
715 2204 844 2231 deteriora
863 2206 971 2242 praedia
984 2206 1050 2233 facta

212 2245 309 2271 fuerint
326 2246 382 2271 sine
405 2245 428 2272 d.
449 2256 482 2272 m.
508 2246 661 2279 creditoris,
686 2246 729 2273 vel
753 2248 808 2273 iura
833 2258 922 2274 eorum
947 2250 1050 2281 amissa,

212 2287 254 2313 vel
273 2287 388 2314 aedificia
407 2289 491 2315 diruta
510 2288 553 2315 vel
573 2294 672 2315 exusta.
697 2289 727 2316 fr.
741 2291 766 2316 9.
786 2290 808 2324 5.
823 2293 847 2317 5.
867 2290 900 2317 de
914 2291 968 2318 reb.
983 2297 1049 2318 auct.

212 2330 265 2356 iud.
286 2332 326 2356 42.
346 2333 369 2356 5.
406 2330 465 2357 Non
479 2331 565 2357 solum
579 2337 645 2364 usta,
665 2337 710 2358 aut
728 2337 813 2370 rupta,
833 2338 876 2359 aut
895 2333 983 2367 fracta,
1003 2335 1051 2362 sed

214 2374 292 2399 ctiam
311 2373 394 2398 scissa
413 2389 444 2393 —
463 2379 506 2401 aut
524 2379 641 2411 peremta
660 2380 739 2411 atque
758 2375 888 2402 deteriora
902 2376 968 2403 sacta
986 2377 1050 2410 (boc

210 2415 301 2447 verbo,
321 2425 357 2441 sc.
377 2417 490 2452 ,.rupti⁴‘‚
509 2418 698 2451 continentur.)
728 2417 786 2444 Gai.
800 2417 842 2444 III.
862 2421 921 2445 217.
942 2419 973 2446 cf.
991 2422 1048 2447 198.

210 2458 278 2487 Res,
303 2468 369 2494 quae
392 2462 509 2494 tempore
530 2461 676 2496 periturae,
705 2465 749 2487 aut
779 2460 924 2488 deteriores
947 2462 1049 2490 futurae

211 2502 271 2527 siut.
304 2501 333 2526 l'r.
353 2503 376 2526 5.
402 2501 423 2533 5.
443 2504 467 2526 2.
493 2500 525 2527 (18
548 2501 662 2529 Carbon.
688 2503 764 2530 edict.
788 2506 830 2530 37.
853 2506 892 2530 10.
921 2504 953 2531 cf.
972 2505 1002 2532 fr.
1024 2507 1046 2533 7.

210 2545 231 2577 5,
252 2546 275 2569 2.
297 2543 329 2569 de
349 2552 422 2579 susp.
443 2547 489 2569 tut.
514 2545 555 2570 26.
576 2546 614 2571 10.
656 2545 692 2572 Vt
715 2548 796 2573 actori
820 2549 969 2584 persecutio
988 2548 1047 2576 loco

210 2587 335 2613 deteriori
355 2596 406 2611 non
425 2587 468 2612 sit.
493 2585 524 2612 fr.
540 2588 578 2612 ll.
599 2588 621 2613 si
641 2598 683 2624 qu.
704 2594 781 2615 cautt.
800 2592 880 2616 2.11.
909 2590 940 2617 cf.
960 2591 990 2618 fr.
1004 2593 1045 2618 46.

209 2629 242 2656 de
262 2634 328 2666 pact.
353 2631 377 2655 2.
399 2630 438 2654 14.
480 2628 536 2655 Lex
560 2628 672 2662 Mensia,
701 2642 732 2658 ex
756 2632 882 2659 alterutro
906 2635 1045 2671 peregrino

209 2677 310 2700 natum.
344 2671 482 2698 deterioris
510 2673 627 2708 parentis
655 2674 832 2702 conditionem
859 2677 934 2714 sequi
962 2677 1043 2704 iubet.

209 2714 241 2741 Vl
253 2726 268 2741 1.
291 2714 320 2740 V.
340 2718 364 2740 ὅ.

243 2725 502 2784 11)(*ῐθι-ἰοῐειῐθ.
544 2758 699 2784 Deterius
726 2762 871 2796 efficere.
913 2761 955 2789 111.
977 2764 1043 2791 On·

208 2798 236 2825 Si
256 2815 287 2818 —
308 2799 348 2826 his
368 2800 462 2826 similia
481 2801 623 2832 venierint,
648 2806 674 2827 et
693 2811 721 2827 ea
741 2808 785 2830 aut
802 2804 973 2838 deteriorata,
994 2805 1042 2839 [al.

1895 158 1957 189 277

1118 238 1269 272 deteriora,]
1291 243 1334 264 aut
1353 239 1458 275 penitus
1479 244 1601 276 corrupta
1620 238 1724 265 suerint.
1745 248 1765 264 c.
1781 240 1805 264 2.
1826 238 1858 264 de
1876 240 1956 276 peric.

1117 287 1142 308 et
1161 291 1252 308 comm.
1273 283 1296 307 4.
1317 282 1357 307 48.
1395 281 1553 318 Eloquentia
1574 292 1640 313 non,
1666 286 1694 307 ut
1718 281 1782 308 aliae
1802 291 1857 313 res,
1881 282 1955 308 senio

1116 324 1296 351 deterioratur.
1326 323 1392 351 Nov.
1413 324 1462 351 Th.
1483 324 1513 351 ΙΙ,
1534 324 1566 351 de
1585 324 1682 362 postul.
1704 324 1720 350 1.
1742 326 1782 350 10.
1803 334 1823 350 c.
1843 326 1867 351 2.
1887 334 1927 361 pr.

1150 364 1429 395 Demi-minare.
1468 368 1498 401 §.
1520 369 1554 394 l.
1593 369 1772 399 Ter-minos,
1797 377 1815 393 s.
1841 368 1954 399 Fines,

1115 412 1343 436 demonstrare.
1381 409 1422 436 III.
1444 411 1509 437 (711.
1541 409 1628 436 Locus
1646 410 1727 436 latere
1745 414 1847 447 potest,
1867 414 1955 446 quate-

1115 462 1163 478 nus
1183 452 1372 479 determinetur
1391 457 1417 478 ct
1441 452 1588 479 delinietur.
1618 452 1648 479 fr.
1668 454 1709 479 60.
1734 453 1755 487 5.
1774 455 1798 478 2.
1823 452 1855 479 de
1874 452 1906 479 V.
1926 452 1953 479 S.

1114 497 1154 521 50.
1176 496 1215 521 16.
1252 495 1361 522 Arbiter
1380 494 1481 521 dandus
1502 500 1554 525 est,
1579 497 1623 532 qui
1643 512 1675 515 —
1694 497 1762 522 viam
1781 495 1954 522 determinare

1113 537 1198 564 debet.
1224 537 1255 564 fr.
1277 539 1316 564 13.
1337 538 1359 572 5.
1381 540 1403 564 1.
1425 537 1456 564 de
1476 538 1503 564 S.
1524 538 1551 565 P.
1571 538 1602 565 R.
1622 540 1646 565 8.
1665 540 1689 565 3,
1709 553 1743 558 -
1762 538 1793 571 §0
1814 539 1849 564 2.
1879 541 1953 564 Sla-

1112 586 1214 612 tuere,
1235 581 1397 616 Definire.
1436 580 1454 607 I.
1469 582 1530 615 Sy.
1559 581 1755 608 Demonstrare.
1784 580 1840 607 Gai.
1852 579 1895 606 IV.
1910 581 1952 607 40.

1114 624 1171 649 134.
1211 623 1254 650 111.
1279 625 1345 651 011.
1377 623 1499 656 Praetor,
1530 634 1606 650 causa
1632 625 1748 660 cognita,
1776 628 1880 660 tempus
1903 632 1952 660 pro

1112 665 1263 692 conditione
1283 667 1371 703 operis
1391 666 1584 693 determinabit.
1615 667 1645 694 fr.
1667 669 1705 693 15.
1725 667 1747 700 5.
1768 668 1790 692 7.
1816 666 1848 693 de
1867 665 1951 692 damn.

1111 708 1156 734 inf.
1180 710 1222 735 39.
1241 711 1266 735 2.
1301 708 1333 735 cf.
1358 708 1387 735 fr.
1416 711 1455 735 15.
1480 710 1502 743 5.
1522 711 1545 735 6.
1576 709 1609 736 de
1633 710 1707 736 milit.
1732 714 1833 735 testam.
1861 710 1902 735 29.
1928 710 1951 734 l.

1112 750 1192 786 Quod
1212 750 1385 783 defendimuS,
1406 752 1441 778 ita
1461 752 1687 779 determinandum
1707 757 1754 779 est.
1775 752 1805 778 fr.
1825 753 1866 778 26.
1886 752 1908 785 5.
1928 753 1951 778 l.

1110 793 1143 820 de
1161 793 1247 820 fideic.
1267 793 1331 820 libb.
1350 797 1391 821 40.
1412 797 1435 821 5.
1462 811 1493 816 —-
1523 796 1553 828 ᾖ.
1581 797 1618 822 3.
1646 797 1694 822 Ad
1717 797 1840 822 exitum
1859 796 1951 821 dedu-

1109 846 1189 868 cere,
1211 838 1331 864 Finito.
1364 837 1381 864 Ι.
1399 839 1461 872 Sy.
1481 838 1620 870 Decidere,
1641 837 1793 864 Terminare
1806 836 1951 873 (litigium.)

1109 889 1131 905 c.
1151 880 1175 905 6.
1195 878 1227 905 de
1246 889 1305 916 app.
1326 885 1351 906 et
1370 881 1483 907 consult.
1504 882 1526 907 7.
1541 883 1582 907 62.
1612 880 1661 907 Th.
1676 880 1707 907 C.
1727 880 1757 907 11.
1777 880 1818 906 26.
1840 890 1860 905 c.
1876 881 1897 905 1.
1910 889 1950 915 sq.

1109 921 1222 955 (ch.)
1242 922 1286 948 fin.
1306 923 1413 958 regnnd.
1457 923 1499 950 111.
1521 925 1586 951 (711.
1614 923 1683 950 Ante
1702 933 1805 949 causam
1824 922 1951 949 examina-

1109 969 1160 991 tam
1186 968 1211 990 et
1234 963 1439 992 determinatam.
1475 967 1512 993 lb.
1536 967 1581 994 XI.
1613 968 1655 993 30.
1686 976 1708 992 c.
1732 968 1756 992 2.
1786 965 1818 992 de
1842 975 1901 1002 app.
1925 969 1951 991 et

1108 1017 1186 1045 poen.

1142 1051 1434 1078 neten-minatio.
1481 1052 1512 1086 ξ.
1536 1053 1570 1079 1.
1607 1053 1814 1086 Descriptio,
1841 1062 1861 1078 s.
1891 1052 1949 1078 De-

1108 1096 1306 1121 monstratio
1326 1097 1549 1121 terminorum.
1587 1095 1605 1121 1.
1626 1096 1687 1129 Sy.
1718 1094 1778 1121 Non
1797 1094 1897 1121 adiecta
1915 1094 1950 1120 la-

1107 1136 1233 1169 titudine,
1259 1136 1322 1163 Sine
1341 1137 1394 1163 ulla
1415 1137 1636 1164 determinatione
1655 1139 1732 1170 (iter,
1758 1142 1865 1163 actusve
1883 1136 1950 1173 lega·

1106 1180 1172 1212 tus.)
1191 1179 1221 1205 fr.
1244 1181 1283 1206 13.
1304 1180 1387 1213 55.1.
1408 1182 1432 1207 3.
1453 1180 1485 1207 de
1504 1180 1531 1207 S.
1552 1179 1580 1206 P.
1600 1179 1631 1206 R.
1650 1181 1674 1206 8.
1694 1181 1717 1206 3.
1746 1179 1788 1206 111.
1808 1181 1874 1207 Cn.
1898 1179 1949 1205 De-

1104 1223 1296 1249 terminationis
1307 1224 1404 1249 veteris
1421 1228 1594 1250 monumenta.
1615 1233 1636 1249 c.
1647 1224 1671 1248 2.
1684 1222 1728 1249 fin.
1748 1221 1855 1258 rcguud.
1869 1223 1893 1247 3.
1904 1223 1946 1248 39.

1106 1281 1139 1285 -
1159 1266 1189 1299 5.
1204 1266 1240 1292 2.
1265 1266 1451 1302 Definitio,
1472 1267 1687 1293 constitutio.
1728 1264 1771 1291 III.
1786 1266 1852 1292 Gn.
1872 1263 1947 1291 Vltra

1106 1313 1225 1346 tempora
1246 1308 1333 1335 edicto
1347 1308 1454 1335 definita
1473 1319 1525 1335 non
1544 1319 1626 1346 posse
1645 1307 1782 1344 (adgnosci
1801 1307 1830 1334 B.
1844 1306 1947 1339 l’ncm),

1105 1353 1165 1388 quia
1184 1351 1312 1387 generalis
1333 1357 1373 1378 est
1396 1353 1446 1378 ista
1470 1351 1661 1379 determinatio.
1693 1350 1725 1377 fr.
1751 1352 1791 1377 15.
1819 1351 1841 1385 5.
1861 1352 1885 1378 6.
1915 1348 1947 1376 (18

1104 1394 1179 1421 milit.
1200 1399 1302 1421 testam.
1321 1396 1362 1421 29.
1384 1397 1406 1421 1.

1129 1439 1348 1465 Deterrere·
1373 1439 1508 1464 Terrore
1526 1444 1686 1469 avertere,
1710 1438 1796 1464 Metu
1809 1438 1943 1473 fugare.

1104 1480 1122 1507 I.
1149 1482 1211 1515 Sy.
1249 1479 1432 1509 Conterritus.
1456 1481 1615 1507 Deterritus.
1651 1479 1692 1506 Cf.
1717 1489 1740 1506 v.
1767 1479 1945 1506 ConterrituS.

1103 1522 1134 1549 11.
1154 1524 1221 1557 ΟΡ.
1249 1522 1397 1549 Provocare.
1417 1524 1578 1557 (emtorem.)
1603 1522 1634 1549 fr.
1648 1524 1689 1549 31.
1710 1523 1732 1556 5.
1745 1524 1787 1549 21.
1808 1522 1840 1548 (18
1857 1521 1944 1548 Aedil.

1103 1566 1181 1593 edict.
1200 1567 1242 1592 21.
1258 1567 1280 1592 l.
1318 1565 1360 1592 III.
1377 1568 1442 1594 Cn.
1467 1567 1521 1602 Qui
1539 1571 1624 1592 metus
1645 1576 1721 1591 causa
1740 1564 1877 1596 afuissent,
1896 1565 1946 1591 sci-

1101 1609 1165 1636 licet
1183 1609 1206 1635 si
1225 1618 1278 1635 non
1297 1617 1461 1646 supervacuo
1481 1610 1574 1635 timore
1600 1608 1720 1635 deterriti
1744 1607 1882 1634 afuissent.
1912 1607 1943 1633 fr.

1101 1654 1125 1678 2.
1146 1652 1168 1686 5.
1190 1653 1212 1677 l.
1239 1651 1291 1687 Qu.
1311 1656 1372 1678 met.
1393 1662 1415 1678 c.
1434 1653 1458 1678 4.
1478 1653 1503 1678 2.
1533 1651 1564 1677 cf.
1584 1651 1615 1677 fr.
1637 1653 1659 1678 1.
1679 1652 1762 1685 5.11.
1782 1651 1834 1686 Qu.
1854 1651 1880 1676 vi
1900 1654 1945 1676 aut

1102 1695 1134 1722 cl.
1153 1696 1195 1721 43.
1214 1695 1256 1720 24.
1300 1693 1337 1720 Vt
1361 1699 1505 1731 conspectu
1531 1694 1712 1720 deterreantur
1736 1693 1779 1720 alii
1798 1693 1830 1720 ab
1848 1692 1944 1720 iisdem

1101 1737 1271 1764 facinoribus.
1303 1736 1333 1763 fr.
1352 1738 1394 1763 28.
1414 1738 1436 1770 5.
1458 1739 1497 1763 15.
1518 1736 1550 1763 de
1568 1746 1646 1774 poen.
1666 1737 1708 1763 48.
1729 1738 1769 1763 19.
1798 1736 1830 1762 cf.
1850 1735 1880 1762 fr.
1899 1737 1941 1762 31.

1100 1790 1139 1817 pr.
1159 1779 1251 1816 depos.
1274 1780 1312 1805 16.
1333 1781 1357 1805 3.

1135 1821 1389 1849 ueterrimas.
1413 1823 1624 1855 Vilissimae,
1645 1823 1877 1857 Nequissimus.
1897 1821 1940 1847 111.

1101 1866 1167 1893 Gn.
1197 1864 1335 1891 Libertate
1363 1865 1471 1896 amissa,
1500 1875 1569 1891 nexu
1598 1865 1757 1891 conditionis
1786 1864 1941 1891 deterrimae

1100 1908 1235 1943 adstringi.
1266 1906 1316 1933 Th.
1331 1906 1361 1933 C.
1382 1907 1426 1934 IX.
1447 1908 1471 1933 4.
1491 1918 1512 1934 c.
1526 1910 1550 1934 4.
1570 1907 1602 1934 ad
1621 1907 1648 1934 S.
1667 1906 1696 1934 C.
1712 1907 1806 1934 Claud.
1844 1907 1940 1944 Super-

1099 1951 1201 1977 stitioni
1221 1950 1375 1977 deterrimae
1396 1949 1523 1977 exbiberi.
1551 1950 1589 1977 Ib.
1608 1949 1679 1977 XVI.
1701 1951 1740 1977 10.
1766 1960 1787 1976 c.
1806 1952 1848 1977 20.
1872 1951 1937 1984 5.1.

1097 1993 1130 2020 de
1149 2003 1241 2031 pagan.

1130 2035 1389 2064 Detestabilis.
1424 2035 1563 2069 (Adiect.)
1606 2037 1841 2062 Alaltorrendns.
1893 2035 1936 2062 III.

1097 2081 1163 2107 Cn.
1190 2078 1263 2105 Nihil
1284 2080 1307 2105 ei
1328 2078 1391 2105 bace
1410 2080 1519 2110 astutia,
1539 2089 1587 2105 nec
1606 2078 1773 2105 detestabilia
1792 2083 1938 2105 commenta

1095 2122 1231 2160 profutura
1252 2126 1320 2148 sunt.
1351 2121 1388 2148 lb.
1408 2121 1479 2148 XIV.
1499 2124 1523 2148 3.
1543 2132 1564 2148 c.
1580 2123 1602 2147 1.
1623 2121 1655 2148 de
1668 2122 1760 2159 pistor.
1797 2120 1882 2148 Notae
1895 2120 1937 2147 de-

1095 2165 1227 2192 testabilis
1247 2164 1427 2202 turpitudinis.
1456 2164 1493 2191 11).
1508 2165 1593 2191 11.19.
1611 2175 1631 2191 c.
1647 2166 1669 2191 1.
1690 2164 1722 2191 de
1741 2164 1814 2191 inoff.
1833 2168 1934 2190 testam.

1072 2205 1074 2211 ’
1095 2207 1208 2246 Propter
1227 2208 1316 2234 odium
1335 2207 1500 2234 detestabilis
1521 2212 1655 2244 quaestus.
1682 2218 1703 2234 c.
1725 2210 1747 2234 7.
1768 2207 1800 2234 de
1818 2206 1933 2244 postlim.

1072 2252 1073 2256 ’
1095 2261 1148 2278 rev.
1172 2254 1196 2277 8.
1216 2253 1257 2277 51.

1129 2295 1399 2321 Detestandus.
1435 2293 1565 2325 (partic.)
1606 2294 1853 2319 Abominandum
1890 2290 1931 2316 III.

1072 2341 1073 2345 ¹
1095 2337 1161 2364 Cn.
1193 2336 1281 2362 Illiciti
1301 2346 1330 2362 ac
1350 2335 1498 2362 detestandi
1519 2337 1676 2368 (emtores.)
1704 2334 1741 2361 lb.
1762 2334 1829 2360 Ylll.
1850 2335 1889 2359 15.
1910 2343 1931 2359 c.

1094 2381 1117 2406 2.
1138 2379 1170 2406 de
1190 2380 1221 2405 iis
1242 2389 1285 2415 qu.
1305 2378 1399 2405 admin.
1436 2378 1460 2405 A
1479 2378 1633 2414 gladiatorio
1653 2376 1807 2404 detestando
1827 2376 1932 2402 nomine

1094 2421 1266 2455 (vindicari.)
1294 2421 1330 2447 lb.
1350 2421 1409 2447 XV.
1430 2423 1470 2447 12.
1491 2431 1512 2447 c.
1531 2423 1555 2447 2.
1576 2420 1609 2447 de
1627 2420 1761 2457 gladiator.

1127 2464 1332 2492 Detestari.
1373 2465 1502 2490 Testato
1521 2465 1722 2490 denunciare.
1757 2460 1776 2486 1.
1797 2461 1859 2495 Sy.
1878 2460 1930 2487 Ab·

1093 2508 1161 2534 senti
1180 2507 1345 2533 denunciare.
1383 2506 1537 2533 Testatione
1557 2506 1666 2532 denunc.
1695 2503 1726 2530 fr.
1745 2504 1786 2530 39.
1807 2503 1828 2537 5.
1848 2505 1872 2529 2.
1898 2503 1928 2530 fr.

1092 2552 1133 2576 40.
1153 2560 1192 2587 pr.
1213 2549 1242 2576 fr.
1262 2550 1321 2575 238.
1341 2550 1362 2583 5.
1385 2551 1406 2575 1.
1427 2549 1459 2575 de
1478 2549 1510 2576 V.
1531 2548 1559 2575 S.
1579 2550 1619 2573 50.
1640 2548 1680 2572 16.

1126 2592 1350 2619 netestatio.
1400 2593 1551 2619 Testatio
1581 2590 1801 2617 denunciandi
1829 2598 1928 2615 eausa

1085 2637 1192 2672 facta.
1230 2634 1248 2661 I.
1269 2636 1330 2669 Sy.
1361 2634 1537 2661 Denunciatio
1557 2633 1622 2659 sacta
1642 2641 1699 2658 cum
1718 2632 1866 2658 testatione.
1896 2631 1925 2658 sr.

1092 2679 1134 2703 40.
1154 2687 1194 2714 pr.
1215 2676 1245 2703 fr.
1265 2679 1324 2704 238.
1344 2678 1365 2711 5.
1387 2679 1409 2704 1.
1429 2677 1445 2703 1.
1466 2677 1482 2703 l.
1502 2678 1543 2701 50.
1564 2676 1603 2700 16.

1123 2721 1355 2747 Detestatus.
1390 2719 1517 2752 (Partic.)
1562 2719 1762 2744 Testimonio
1790 2727 1924 2752 supera-

1088 2769 1153 2795 tus,
1178 2773 1199 2790 v.
1224 2765 1402 2790 convictus.
1449 2760 1491 2786 ΠΙ,
1517 2760 1583 2787 Gn.
1616 2759 1736 2795 Quaesiti
1764 2760 1925 2786 adducantur

1087 2806 1113 2833 in
1140 2805 1290 2843 publicum,
1323 2821 1354 2824 —
1385 2813 1414 2829 ac
1444 2802 1566 2829 detestati
1597 2803 1730 2829 criminosi
1756 2812 1867 2838 congrua
1892 2816 1922 2820 ——
