2197 3121
934 151 1019 183 LEC
1030 170 1068 176 —

189 236 220 263 sr.
240 237 280 263 76.
300 236 322 270 §.
341 236 365 262 8.
385 235 418 262 de
437 235 512 271 legat.
532 234 562 260 II.
582 234 649 273 (31.)
685 232 810 260 Emendis
829 232 1029 270 vendendisqne

189 279 268 306 rebus
288 278 387 305 laxiore
407 283 494 304 sumtu
512 278 630 314 (operam
650 276 836 310 commodare.)
857 275 905 302 Th.
919 276 1028 302 (LXIII.

191 324 213 348 l.
234 332 256 348 c.
276 323 316 348 14.
337 321 369 348 (le
388 321 464 348 lustr.
485 320 572 348 collat.

225 365 392 392 Lectica.
416 366 533 391 Lectus
549 364 764 398 gestatorias.
800 361 842 395 III.
864 362 929 389 Gn.
949 361 1030 393 Sella,

190 412 234 434 aut
253 407 344 434 lectica
363 407 430 434 vehi.
450 406 481 433 fr.
501 408 524 433 7.
544 415 583 442 pr.
603 404 635 430 de
655 404 682 430 S.
702 403 728 431 P.
748 404 780 430 R.
800 405 823 430 8.
842 405 867 430 3.
904 403 1029 435 Iumenta,

190 449 233 476 vel
252 450 352 482 lectica,
371 450 414 477 vel
432 449 506 481 sella,
525 447 568 474 vel
588 447 728 474 burdones.
748 446 778 473 fr.
793 448 834 473 49.
847 456 887 483 pr.
901 446 934 473 de
953 446 1030 483 legat.

190 491 232 519 111.
252 493 320 525 (32.)

225 535 473 562 Lecticarius.
511 534 543 567 §0
563 534 597 560 1.
630 534 693 566 Qui
719 534 760 559 atl
781 534 932 559 lecticam
953 542 1030 566 por-

189 580 323 604 tandam
342 579 526 604 adhibetur.
564 575 607 602 III.
628 577 694 603 Gn.
717 575 864 607 Lecticarii,
884 575 927 611 qui
947 574 1030 600 solam

189 620 357 647 matremfam.
376 620 525 657 portabant.
548 618 579 645 sr.
599 620 640 645 49.
660 629 699 655 pr.
718 618 735 644 l.
755 618 831 651 (32.)
867 617 1030 649 Lecticariis,

190 668 234 689 aut
258 663 426 700 pedissequis
450 662 550 698 legatis.
574 661 606 688 fr.
626 663 666 687 65.
686 671 725 697 pr.
750 660 783 686 de
806 660 881 696 legat.
900 659 930 686 H.
951 660 1029 693 (31.)

190 705 347 742 Quadrigae,
367 710 411 732 aut
429 705 622 731 lecticariorum
642 703 812 740 (stipulatio.)
832 703 862 729 fr.
878 704 919 729 29.
939 713 977 740 pr.
998 702 1030 729 de

190 747 222 775 V.
242 748 275 774 0.
294 750 336 774 45.
357 750 379 774 1.
416 747 555 778 muliones.
575 763 608 767 —
625 746 762 784 lecticarii,
782 745 926 772 stabularii.
956 745 1029 772 Paul.

189 791 232 817 ΙΠ.
251 792 274 817 6.
294 792 315 825 ᾗ.
336 793 375 817 72.
397 807 429 811 -
449 791 480 823 ξ.
499 792 534 817 2.
553 791 834 816 Libitinariorum
851 798 961 824 genus.
986 788 1028 814 III.

190 834 256 861 Gn.
275 833 333 860 MC.
349 834 490 869 ergasteria
510 833 669 859 immunitate
687 832 822 868 potiantur
835 832 973 858 occasione
987 831 1030 857 de-

190 885 312 903 canorum
332 882 358 903 et
377 876 576 907 lecticariorum.
596 879 622 901 et
635 874 771 901 funeribus
788 874 972 901 defunctorum
987 874 1029 901 de-

189 919 329 945 stinentur.
350 919 398 946 Iul.
418 929 458 956 ep.
479 929 537 945 nov.
557 928 577 944 c.
591 919 629 943 13.
649 918 671 950 ξ.
690 918 732 943 49.

227 963 369 989 Lectio.
407 963 438 995 ᾗ.
456 963 490 987 l.
511 962 625 992 Actus,
644 971 666 986 v.
688 961 804 994 Copia,
824 962 962 995 legendi.
986 959 1028 986 lll.

190 1006 257 1033 011.
281 1005 413 1042 Inspectio
436 1003 581 1030 tabularum
605 1004 681 1029 etiam
700 1002 840 1029 lectionem
860 1012 946 1029 earum
966 1002 1030 1029 indi-

191 1052 239 1074 cat.
265 1047 296 1074 fr.
315 1049 339 1074 2.
364 1047 386 1080 §.
406 1049 429 1073 5.
454 1051 554 1072 testam.
579 1045 698 1082 quemad.
722 1056 762 1082 ap.
781 1047 824 1072 29.
842 1047 866 1072 3.
903 1045 1029 1072 Actorum

190 1089 304 1116 lectione
323 1090 471 1125 (cognitum
490 1089 556 1122 est.)
581 1099 602 1115 c.
622 1091 664 1115 25.
687 1088 720 1115 ad
739 1088 768 1115 L.
788 1088 835 1114 Iul.
855 1088 887 1114 ‹le
906 1088 986 1115 adult.
1006 1090 1029 1115 9.

190 1134 214 1159 9.
235 1132 266 1159 cf.
286 1131 369 1158 Vatic.
389 1132 411 1165 ξ.
429 1133 489 1158 314.
510 1148 542 1151 —
571 1133 603 1165 §.
622 1134 657 1158 2.
688 1134 822 1158 Carmen
841 1134 926 1164 eius,
951 1134 1031 1166 quod

190 1177 353 1210 legendum
371 1177 584 1209 proponitur.
620 1174 663 1201 III.
685 1176 750 1202 011.
776 1174 849 1201 Libri
868 1174 1030 1211 improbatae

190 1217 327 1248 lectionis,
348 1218 456 1253 (magici
476 1217 543 1243 sorte
562 1218 629 1250 etc.)
653 1217 683 1243 fr.
704 1220 727 1244 4.
753 1218 775 1251 ξ,
797 1219 818 1244 1.
839 1217 917 1244 famil.
938 1218 1028 1244 ercisc.

190 1262 230 1287 10.
249 1262 273 1286 2.
311 1260 364 1296 Qui
384 1260 508 1286 famosam
527 1261 621 1286 seriem
640 1261 802 1297 scriptioniS.
822 1260 967 1297 impudenti
987 1260 1030 1286 ad-

189 1304 258 1340 gnita
279 1303 400 1335 lectione.
419 1313 472 1329 non
491 1302 564 1329 illico
583 1303 780 1340 discerpserint.
819 1303 868 1330 Th.
882 1302 913 1329 C.
927 1302 970 1329 IX.
987 1304 1029 1330 34.

190 1356 211 1372 e.
231 1348 271 1372 10.
291 1346 323 1372 de
343 1346 433 1372 samos.
453 1345 535 1372 libell.
566 1345 738 1373 Lectionibus
758 1356 838 1383 super
856 1346 966 1372 adnexis
985 1356 1030 1383 po-

190 1390 253 1416 teris
273 1388 420 1415 evidentius
440 1388 582 1415 informari.
602 1388 724 1415 Consult.
744 1394 795 1415 vet.
816 1388 892 1416 LCti.
914 1399 935 1416 c.
953 1391 976 1415 4.
997 1388 1028 1415 cf.

190 1442 211 1458 c.
235 1434 259 1458 2.
296 1432 338 1458 De
362 1431 539 1468 adquisitione
564 1448 593 1453 --
624 1432 720 1458 multae
744 1437 770 1458 et
792 1433 879 1458 variae
902 1432 1029 1459 lectiones

189 1476 234 1501 uni
259 1480 321 1501 sunt
344 1476 458 1500 insertae
482 1474 617 1501 volumini.
647 1485 668 1501 c.
692 1477 716 1501 2.
745 1476 765 1509 ξ.
792 1477 814 1502 7.
844 1475 875 1501 de
898 1480 950 1501 vet.
975 1476 1030 1501 iure

190 1517 274 1544 enucl.
296 1519 317 1544 l.
339 1519 378 1543 17.
399 1516 431 1543 cf,
452 1528 473 1543 c.
493 1519 517 1543 5.
536 1516 569 1543 de
588 1517 648 1543 bon.
670 1527 711 1554 qu.
732 1517 777 1544 lib.
791 1519 814 1544 6.
828 1520 869 1545 61.
892 1518 1030 1555 Pomponii

190 1559 255 1587 libb.
278 1562 408 1587 variarum
431 1559 580 1586 lectionum.
606 1560 741 1593 (Ilommel
760 1560 889 1597 palingen.
909 1561 951 1587 111.
969 1562 1028 1587 373.

191 1603 269 1640 sqq.)
307 1603 426 1630 Cunctos
452 1604 592 1629 comitetur
614 1604 771 1634 auctoritas,
798 1604 979 1640 lectionesque
998 1614 1030 1630 ex

192 1647 261 1672 omni
281 1647 336 1673 eius
357 1656 436 1682 opere
455 1647 605 1672 recitentur.
628 1645 677 1672 Th.
699 1646 729 1672 C.
750 1646 768 1672 1.
787 1649 811 1673 4.
833 1657 853 1673 c.
873 1649 897 1674 3.
917 1646 1029 1680 (Wek.)

192 1687 226 1715 de
244 1698 312 1726 resp.
332 1688 408 1726 prud.
429 1688 461 1714 cf.
481 1688 498 1714 I.
519 1690 542 1715 l.
563 1698 583 1714 c.
603 1690 627 1714 5.
650 1688 682 1715 tle
701 1694 784 1716 const..
804 1689 847 1716 Pr.

227 1732 375 1758 Lector.
422 1733 577 1758 Minisster
612 1734 771 1758 ecclesiae
805 1734 1029 1764 christianae,

190 1776 425 1808 praelegendis
449 1776 631 1809 evangeliis
656 1785 780 1801 vacans.
821 1775 862 1802 111.
889 1776 954 1802 Gn.
983 1774 1031 1801 Le—

193 1821 279 1843 ctores
304 1816 451 1842 divinorum
475 1817 590 1853 apicum,
616 1822 642 1843 et
665 1817 855 1853 hypodiaconi,
883 1819 1030 1854 caeterique

193 1859 290 1885 clerici.
320 1858 370 1885 Th.
390 1858 420 1885 C.
441 1858 511 1885 XVI.
530 1861 546 1885 2
575 1870 595 1885 c.
617 1861 639 1885 7.
660 1870 681 1885 c.
701 1861 742 1885 24.
763 1860 795 1885 de
814 1861 894 1897 episc.
915 1860 977 1887 eccl.
998 1860 1029 1887 cf.

192 1902 249 1928 XII.
271 1904 292 1928 l.
313 1912 334 1928 c.
355 1903 412 1928 163,
437 1901 469 1927 de
492 1901 626 1928 decurion.
665 1901 768 1928 Gradus
793 1908 926 1929 cantorum
951 1908 976 1930 et
995 1903 1030 1929 le-

193 1950 300 1971 ctorum
321 1944 367 1971 Iul.
387 1955 427 1981 ep.
448 1955 507 1970 nov.
528 1955 548 1970 c.
569 1946 592 1970 4.
612 1945 633 1978 §
653 1946 694 1970 20.
715 1956 736 1972 c.
756 1948 778 1971 5.
799 1946 821 1979 ξ.
840 1948 881 1972 22.

227 1989 418 2015 Lectulus.
460 1989 491 2021 δ.
514 1989 548 2014 l.
577 1990 695 2015 Lectus
720 1990 949 2024 (coniugalis.)
987 1988 1030 2015 III.

193 2032 259 2058 Gn.
289 2030 406 2056 Genialis
427 2030 508 2062 thori.
533 2041 562 2057 ac
581 2030 671 2057 lectuli
690 2033 796 2057 invasor
815 2031 900 2058 alieni.
929 2031 978 2058 Th.
999 2031 1030 2058 C.

193 2073 237 2099 IX.
256 2075 297 2099 38.
318 2084 339 2099 c.
358 2074 382 2099 6.
404 2073 436 2099 de
455 2073 552 2110 indulg.
573 2075 644 2100 crim.
665 2074 706 2100 Cf.
724 2074 768 2101 IV.
789 2075 811 2100 8.
833 2085 853 2100 c.
873 2076 896 2100 3.
917 2074 949 2101 de
968 2074 1031 2101 libe-

193 2115 241 2142 rali
260 2127 281 2142 c.
300 2132 332 2136 -
353 2116 384 2149 ᾖ.
399 2117 434 2142 2.
455 2118 629 2143 Feretrum.
668 2117 686 2143 I.
706 2118 767 2152 Sy.
788 2117 885 2144 Lectus
904 2118 1031 2151 (mortuo-

195 2159 272 2191 rum.)
291 2158 338 2185 Iul.
359 2169 400 2196 ep.
418 2169 478 2185 nov.
498 2170 519 2185 c.
539 2161 580 2185 53.
599 2160 620 2193 ξ.
642 2161 698 2186 195.

231 2201 404 2233 Lectum,
431 2212 451 2228 s.
473 2204 622 2229 Lectus.
651 2202 776 2236 (Subst.)
814 2203 845 2237 §.
865 2204 900 2229 1.
921 2205 1031 2229 Cubile

196 2247 351 2275 stratum,
370 2246 498 2271 iacendi
516 2251 545 2271 et
563 2247 741 2272 dormiendi
759 2255 864 2272 rausa.
902 2245 944 2271 111.
965 2247 1030 2273 Gn.

196 2283 284 2313 Lecti.
304 2285 425 2317 culcitae,
444 2287 546 2324 pulvini
566 2293 614 2314 etc.
640 2287 711 2314 Paul.
731 2287 773 2314 111.
793 2289 816 2314 6.
837 2289 858 2322 ᾗ.
878 2290 919 2314 56.
957 2287 1031 2314 Lecti

198 2328 363 2363 inargentati.
387 2329 428 2355 vel
447 2331 556 2356 inaurati
576 2336 653 2367 atquc
672 2332 799 2367 gemmati.
821 2330 850 2356 fr.
869 2332 893 2356 3.
913 2331 933 2364 ς’.
953 2332 977 2356 3.
999 2330 1030 2357 cf.

198 2368 228 2395 fr.
249 2371 271 2395 9.
292 2370 312 2402 ξ.
335 2372 356 2395 l.
376 2369 408 2396 de
426 2373 519 2409 supell.
539 2373 587 2409 leg.
607 2375 648 2400 33.
670 2376 708 2400 10.
728 2373 759 2400 1ἰ“.
781 2375 836 2399 100.
861 2374 882 2407 §.
902 2375 925 2399 4.
945 2373 978 2399 de
997 2373 1032 2399 le-

198 2416 247 2447 gat·
268 2411 309 2437 ΠΙ»
330 2414 404 2443 (32-)
439 2412 476 2439 Vt
496 2415 592 2442 lectum
611 2416 722 2453 legatum
742 2417 874 2442 contineat
898 2421 923 2442 et
942 2416 1031 2443 fulcra.

198 2454 228 2480 fr.
249 2455 289 2479 52.
310 2454 331 2486 ξ.
351 2455 373 2480 9.
394 2454 428 2480 ib.
449 2456 513 2488 (32.)
534 2458 564 2484 cf.
588 2458 616 2485 fr.
636 2461 677 2485 215.
698 2460 718 2493 ξ.
740 2461 761 2485 1.
783 2459 815 2485 de
833 2459 864 2485 A.
885 2458 916 2484 R.
936 2459 968 2485 D.
989 2461 1030 2485 41.

200 2499 221 2523 1.
243 2513 273 2516 —
299 2497 329 2529 §.
350 2499 385 2524 2.
409 2499 583 2526 Ferarum.
619 2501 636 2528 I.
657 2503 718 2536 Sy.
743 2501 876 2528 Lectulus.
901 2500 941 2527 Cf.
961 2501 986 2528 1ι.
1007 2512 1030 2528 v.

198 2540 220 2573 ς,
242 2541 265 2565 2.

234 2583 383 2608 Lectus·
404 2582 522 2615 (partic)
559 2585 589 2617 ἓ·
609 2587 643 2612 1·
674 2589 845 2614 collectus.
875 2586 916 2613 Cf.
936 2596 960 2612 v.
986 2586 1032 2613 Le-

199 2634 267 2660 gere.
292 2625 312 2657 ξ.
339 2626 360 2650 1.
404 2625 434 2658 §.
459 2627 494 2652 2.
524 2628 680 2661 selectus,
706 2631 864 2656 Delectus.
901 2628 943 2655 III.
965 2630 1030 2656 (Ἱπ-

200 2667 270 2693 Inter
293 2668 404 2703 optimas
429 2667 631 2695 lectissimorum
654 2671 764 2698 militum
788 2677 892 2699 turmas.
925 2671 974 2698 Th.
999 2672 1030 2698 C.

200 2709 255 2736 vll.
279 2712 317 2736 13,
338 2720 358 2735 c.
378 2711 402 2736 8.
422 2710 454 2736 de
473 2712 550 2737 tiron.
863 2716 868 2722 '

236 2753 397 2786 megalis.
417 2752 546 2786 (Adiect.)
566 2755 750 2789 Legitimae
763 2760 896 2784 aetatis.
916 2758 958 2784 111.
967 2759 1033 2786 Gn.

202 2794 313 2821 Maiores
331 2805 460 2832 personae
479 2801 504 2821 et
522 2796 626 2832 legales.
651 2796 771 2824 consult.
790 2805 841 2826 vet.
861 2800 937 2827 Leti.
958 2812 978 2827 c.
992 2804 1016 2827 2.

1078 152 1175 183 LEG.
1853 158 1914 189 531

1108 234 1313 269 Legaliter.
1351 237 1529 262 Secundum
1549 237 1642 271 leges.
1680 236 1722 262 111.
1743 237 1810 264 Gn·
1835 238 1915 273 Quod

1075 281 1100 302 et
1114 277 1311 304 consuetudinis
1326 283 1374 309 est,
1389 283 1414 304 et
1427 289 1516 305 revera
1530 278 1649 315 legaliter
1662 279 1825 307 observatur.
1846 281 1915 308 Con-

1075 319 1136 346 sult.
1156 325 1207 346 vet.
1226 320 1244 346 1.
1256 319 1308 347 Cti.
1330 330 1350 346 c.
1370 322 1394 347 3.
1414 322 1445 348 cl'.
1467 332 1486 348 c.
1506 324 1530 348 2.

1110 363 1269 397 laegare.
1296 363 1326 396 §·
1342 365 1374 390 l.
1395 366 1569 400 Abte-gare,
1591 366 1726 392 Mittere
1744 367 1776 392 in
1795 373 1915 394 certum

1074 408 1184 432 Iocum.
1222 405 1264 432 111.
1285 407 1351 433 Gn.
1381 406 1456 441 Quos
1479 410 1531 439 (sc.
1552 407 1668 443 legatos)
1692 409 1774 434 maior
1793 419 1854 446 pars
1873 409 1915 436 de-

1076 448 1212 474 curionum
1232 464 1262 469 ·—
1284 447 1315 474 ad
1335 458 1389 474 eam
1409 459 1463 475 rem
1483 449 1571 486 legari,
1590 451 1658 476 mitti
1672 452 1829 477 censuerint.
1849 451 1914 479 Tab.

1076 490 1178 517 Heracl.
1198 491 1242 517 lin.
1263 493 1303 518 75.
1323 501 1362 528 sq.
1383 502 1433 517 aer.
1454 491 1535 529 Neap.
1557 508 1587 512 -—
1608 493 1638 525 ξ.
1658 494 1693 520 2.
1723 495 1845 522 Vltima
1864 506 1915 522 vo-

1075 536 1206 560 luntate
1225 536 1343 560 iubere.
1372 536 1499 570 Legata
1527 537 1728 569 relinquere,
1760 539 1915 572 inprimis

1075 578 1227 603 adhibita
1247 579 1490 604 vindicationis
1504 580 1624 613 forma.
1648 577 1665 604 l.
1683 580 1744 613 Sy.
1763 579 1828 607 Dari
1845 581 1915 608 velle

1075 620 1149 655 (post
1168 624 1279 646 mortem
1298 622 1391 652 suam.)
1430 619 1525 656 Legata
1544 620 1700 657 relinquere.
1731 622 1803 649 Dare
1820 623 1914 660 legare.

1075 661 1132 688 Gai.
1146 661 1175 688 11.
1192 664 1248 688 103.
1263 673 1302 699 sq.
1332 662 1456 698 Legatum
1470 662 1540 694 dare,
1560 672 1580 689 s.
1600 663 1725 691 conferre.
1746 664 1914 702 le.XX1V.

1076 705 1115 731 18.
1135 707 1176 731 21.
1197 715 1255 742 sqq.
1274 704 1360 732 XXV.
1382 708 1419 732 10.
1441 705 1512 732 Paul.
1533 705 1575 732 111.
1596 707 1619 731 6.
1638 706 1675 740 §§.
1697 708 1719 733 l.
1739 717 1797 745 sqq.
1817 711 1841 736 6.
1865 709 1915 736 Va-

1075 748 1117 773 tic.
1138 748 1160 781 ξ.
1180 750 1220 774 77.
1241 747 1272 774 sr.
1294 750 1316 774 1.
1335 758 1374 785 pr.
1395 748 1427 774 ad
1441 747 1469 775 L.
1483 747 1553 774 Falc.
1571 750 1613 774 35.
1632 750 1656 775 2.
1694 748 1744 776 Per
1762 751 1914 778 vindicatio-

1074 800 1140 821 nem.
1161 790 1203 817 Do
1222 790 1281 827 lego
1301 790 1449 827 (legatum.)
1469 790 1525 817 Gai.
1540 790 1569 817 ll.
1582 793 1641 817 220.
1657 801 1697 828 sq.
1717 792 1801 820 Vatic.
1821 795 1858 828 §§.
1872 797 1913 822 47.

1074 835 1115 859 75.
1135 835 1176 859 85.
1196 843 1255 869 sqq.
1292 833 1322 860 II.
1345 835 1411 867 Op.
1436 833 1478 859 Do
1503 833 1569 870 lego,
1593 850 1626 853 —
1649 834 1700 861 Per
1723 835 1915 865 damnationem

1074 875 1194 912 (legare.)
1213 876 1251 902 lb.
1271 877 1307 910 §§.
1321 878 1362 903 83.
1376 878 1417 902 245.
1434 886 1492 912 sqq.
1512 875 1584 903 Paul.
1604 876 1647 903 III.
1662 879 1684 904 6.
1705 878 1727 911 §.
1747 880 1770 905 6.
1807 879 1914 916 Legare.

1074 934 1107 937 —
1126 918 1370 945 Fideicommissum
1386 918 1551 955 relinquere.
1576 930 1596 945 s.
1617 919 1686 946 dare.
1723 920 1915 949 Fideicommit-

1074 966 1137 987 tere.
1159 960 1216 987 Gai.
1236 961 1267 987 ll.
1285 963 1345 988 260.
1364 964 1422 988 271.
1461 961 1522 999 le.
1542 962 1626 989 XXV.
1642 964 1665 989 6.
1686 973 1744 1000 sqq.
1765 974 1785 991 e.
1805 967 1829 992 2.
1850 976 1870 992 c.
1890 967 1914 993 4.

1074 1004 1096 1037 ξ.
1112 1006 1136 1030 2.
1158 1014 1179 1030 c.
1193 1006 1217 1030 5.
1237 1003 1270 1030 de
1284 1003 1314 1030 V.
1330 1003 1356 1030 S.
1377 1005 1399 1030 6.
1419 1006 1460 1031 38.
1498 1004 1540 1031 ΙΙΙ.
1560 1007 1626 1033 Gn.
1644 1005 1690 1032 Vti
1710 1006 1817 1043 legassit
1835 1018 1916 1046 super

1074 1048 1184 1084 pecunia
1202 1046 1318 1073 tutelave
1337 1056 1399 1073 suae
1412 1048 1457 1078 rei,
1478 1048 1511 1073 ita
1526 1049 1566 1074 ius
1581 1050 1651 1074 esto!
1678 1049 1707 1076 L.
1718 1050 1767 1076 XII
1788 1050 1871 1078 Tabb.
1884 1052 1914 1078 V.

1073 1092 1098 1116 3.
1135 1090 1172 1116 Ita
1192 1089 1239 1121 do,
1258 1091 1292 1115 ita
1312 1089 1384 1125 lego,
1404 1090 1438 1115 ita
1458 1095 1541 1116 testor
1561 1096 1609 1118 etc.
1639 1091 1695 1118 Gai.
1716 1092 1746 1119 ll.
1768 1095 1825 1120 104.
1853 1093 1914 1132 le.

1074 1133 1133 1159 XX.
1148 1134 1170 1159 9.
1199 1133 1330 1168 Quantam
1351 1133 1444 1169 cuique
1463 1134 1513 1159 civi
1526 1132 1557 1159 R.
1578 1136 1713 1170 pecuniam
1733 1137 1789 1162 iure
1807 1137 1915 1174 publico

1075 1175 1136 1201 dare
1160 1175 1245 1211 legare
1269 1175 1348 1202 volet.
1374 1175 1404 1201 fr.
1426 1177 1447 1201 1.
1473 1186 1512 1213 pr.
1537 1176 1568 1202 ad
1588 1176 1616 1203 L.
1638 1177 1706 1204 Falc.
1726 1181 1767 1205 35.
1787 1181 1811 1205 2.
1850 1181 1915 1212 „Do

1074 1218 1156 1254 leg0“
1179 1217 1279 1254 legatus
1300 1218 1413 1250 (ususfr.
1434 1221 1500 1251 etc.)
1530 1218 1615 1246 Vatic.
1634 1221 1671 1254 ἓξ,
1691 1223 1732 1247 47.
1752 1223 1793 1248 57.
1814 1224 1853 1249 75.
1873 1225 1914 1249 83.

1074 1262 1116 1287 66.
1157 1260 1285 1297 Legamus
1309 1260 1344 1287 IV
1368 1261 1467 1288 modis:
1491 1272 1538 1299 per
1561 1262 1781 1296 vindicationem,
1807 1275 1855 1302 per
1874 1266 1915 1292 da·

1074 1305 1246 1337 inflationem⁷
1274 1304 1377 1331 sinendi
1405 1305 1501 1337 modo,
1528 1315 1576 1342 per
1604 1308 1822 1343 praeceptionem.
1854 1308 1915 1346 le.

1074 1346 1171 1373 XXIV.
1190 1349 1214 1373 2.
1234 1357 1293 1384 sqq.
1318 1347 1350 1374 cf.
1379 1347 1435 1374 Gai.
1456 1347 1486 1374 II.
1509 1349 1566 1374 192.
1587 1358 1645 1385 sqq.
1682 1348 1823 1377 lnstituere
1844 1350 1916 1378 bere-

1075 1389 1130 1421 des,
1150 1389 1191 1416 vel
1211 1391 1249 1416 eis
1269 1390 1362 1426 legare.
1383 1390 1419 1417 lb.
1440 1390 1470 1417 11.
1491 1393 1548 1417 110.
1562 1392 1621 1417 257.
1642 1391 1701 1429 ΠΡ.
1715 1392 1786 1419 XIX.
1803 1395 1841 1420 19.
1863 1395 1916 1429 Qui

1075 1433 1144 1459 dono
1164 1434 1273 1470 accepit.
1293 1433 1335 1459 vel
1355 1435 1396 1460 cui
1416 1443 1458 1460 res
1478 1433 1560 1470 legata
1581 1439 1628 1460 est.
1655 1434 1684 1461 fr.
1707 1437 1746 1461 14.
1766 1435 1787 1468 §.
1807 1438 1831 1462 5.
1863 1438 1915 1473 Qu.

1074 1480 1133 1502 met.
1166 1486 1187 1502 c.
1207 1478 1230 1502 4.
1250 1478 1274 1502 2.
1312 1476 1378 1503 Cum
1403 1476 1452 1502 alia
1472 1477 1507 1502 sit
1526 1486 1599 1502 mens
1624 1476 1748 1513 legantIS.
1774 1478 1822 1505 alia
1846 1481 1916 1517 paci-

1075 1520 1181 1545 scentis.
1202 1518 1231 1544 fr.
1248 1521 1271 1545 5.
1291 1529 1329 1556 pr.
1350 1519 1383 1545 de
1401 1519 1504 1545 liberat.
1524 1518 1572 1555 leg.
1591 1521 1633 1546 34.
1652 1521 1677 1545 3.
1714 1520 1855 1548 Damnavit
1873 1522 1916 1549 he-

1075 1561 1160 1593 redes,
1180 1560 1295 1597 fideique
1314 1572 1404 1588 corum
1424 1563 1562 1593 couunisit,
1582 1563 1620 1588 uti
1640 1562 1732 1589 darent
1747 1565 1917 1592 restituerent

1075 1605 1224 1640 unicnique,
1245 1604 1373 1640 quidquid
1394 1606 1416 1630 ci
1437 1604 1556 1640 legasset.
1581 1604 1611 1631 sr.
1631 1606 1672 1631 28.
1693 1606 1714 1639 §
1732 1608 1756 1632 2.
1776 1606 1810 1633 ib.
1829 1609 1871 1634 34.
1890 1610 1915 1635 3.

1075 1646 1134 1673 'Non
1154 1646 1239 1673 solum
1259 1652 1378 1673 nostrum
1398 1647 1552 1679 debitorem,
1572 1664 1604 1667 —
1624 1652 1652 1674 ut
1670 1647 1810 1681 liberetur,
1830 1650 1915 1687 legare

1074 1700 1225 1726 possumus.
1245 1690 1275 1716 fr.
1295 1691 1319 1716 8.
1339 1700 1378 1727 pr.
1398 1690 1433 1715 ib.
1452 1692 1493 1716 34.
1513 1692 1536 1716 3.
1572 1690 1685 1726 Quoties
1704 1696 1809 1728 pactum
1829 1703 1841 1719 a
1860 1694 1916 1720 iure

1075 1733 1205 1759 communi
1229 1737 1357 1758 remotum
1381 1737 1433 1761 est.
1458 1733 1556 1759 servari
1575 1732 1625 1759 hoc
1643 1743 1696 1759 non
1721 1740 1839 1771 oportet,
1868 1746 1916 1763 nec

1075 1775 1167 1811 legari.
1191 1774 1239 1808 [al.
1259 1785 1308 1801 nec
1326 1775 1469 1810 legatum‚]
1494 1786 1541 1802 nec
1560 1776 1740 1803 iusiurandum
1761 1793 1792 1797 -
1811 1788 1916 1805 servan-

1075 1817 1144 1844 dum.
1164 1818 1193 1843 l'r.
1215 1819 1237 1843 7.
1260 1817 1282 1850 ᾗ.
1303 1818 1343 1843 16.
1364 1817 1396 1843 de
1414 1823 1482 1854 pact.
1502 1820 1526 1844 2.
1547 1820 1587 1844 14.
1624 1818 1697 1846 Nulli
1722 1819 1765 1846 alii
1786 1830 1816 1846 eo
1836 1821 1915 1848 modo

1075 1860 1154 1897 legari
1173 1870 1253 1897 posse
1272 1865 1377 1897 putant,
1402 1861 1452 1887 nisi
1473 1862 1496 1887 ei
1516 1866 1564 1887 etc.
1592 1861 1649 1888 Gai.
1670 1862 1700 1889 11.
1719 1864 1778 1888 217.
1799 1873 1838 1899 sq.
1876 1863 1916 1890 Ne

1075 1903 1106 1929 ab
1126 1903 1230 1929 heredis
1255 1902 1351 1929 herede
1375 1902 1455 1939 legari
1478 1903 1605 1930 videatur.
1641 1905 1665 1931 A
1689 1904 1812 1941 legatario
1835 1906 1915 1943 legari

1075 1955 1127 1972 uon
1146 1954 1233 1982 posse.
1255 1945 1316 1982 le.
1330 1945 1426 1972 XXIV.
1443 1947 1482 1972 16.
1501 1948 1543 1973 20.
1563 1946 1620 1973 Gai.
1634 1947 1663 1973 11.
1677 1949 1736 1975 245.
1750 1950 1809 1975 260.
1835 1949 1915 1984 Quod

1075 1990 1131 2015 sine
1155 1988 1307 2015 conditione
1330 1999 1395 2025 pure
1419 1988 1531 2025 legatum
1555 1994 1602 2015 est.
1634 1990 1670 2016 lb.
1691 1990 1721 2017 11.
1740 1993 1799 2017 200.
1824 1991 1854 2018 fr.
1872 1994 1912 2018 21.

1074 2033 1096 2065 §.
1116 2033 1140 2058 4.
1161 2031 1193 2058 de
1211 2036 1279 2068 pact.
1299 2033 1322 2058 2.
1344 2033 1383 2058 14.
1421 2031 1474 2067 Qui
1498 2033 1684 2069 possessiones
1709 2043 1769 2059 suas
1794 2033 1912 2070 legasset.

1076 2074 1105 2101 t'r.
1125 2076 1166 2100 75.
1186 2073 1218 2100 de
1238 2074 1269 2100 V.
1290 2074 1317 2100 S.
1337 2076 1378 2101 50.
1400 2075 1439 2100 16.
1480 2073 1592 2101 Praedio
1617 2086 1674 2102 cum
1699 2076 1788 2102 villico
1807 2082 1855 2103 etc.
1879 2078 1914 2104 le-

1075 2122 1133 2153 gato
1154 2118 1299 2149 (contineri
1319 2117 1385 2149 etc.)
1405 2117 1435 2144 l'r.
1454 2119 1513 2143 220Δ
1534 2118 1556 2151 §.
1579 2120 1600 2144 1.
1619 2118 1654 2144 ih.
1674 2120 1714 2144 50.
1737 2120 1776 2145 16.
1813 2120 1853 2152 Is,
1873 2123 1913 2147 cui

1075 2161 1148 2197 optio
1168 2161 1238 2186 servi
1256 2159 1338 2196 legata
1359 2165 1407 2186 est.
1431 2160 1460 2186 sr.
1483 2161 1539 2186 160.
1560 2160 1594 2186 ib.
1614 2162 1655 2186 50.
1677 2162 1716 2187 16.

1108 2203 1357 2237 Legatarius,
1387 2203 1605 2237 Legataria.
1652 2205 1703 2236 Is,
1727 2214 1748 2231 v.
1774 2207 1837 2237 Ea,
1862 2207 1913 2232 cui

1074 2249 1219 2281 legatum
1238 2248 1346 2272 datum
1366 2252 1420 2272 est.
1458 2245 1487 2271 11.
1510 2247 1576 2279 Op.
1596 2245 1686 2273 Heres.
1707 2246 1749 2273 Cf.
1768 2247 1792 2272 h.
1813 2257 1834 2272 v.
1855 2248 1911 2281 §.5.

1075 2288 1118 2315 111.
1137 2290 1202 2316 Cn.
1227 2288 1372 2324 Legatarii.
1397 2289 1546 2324 caeterique
1565 2289 1609 2324 qui
1629 2288 1692 2325 quid
1711 2290 1737 2315 in
1758 2294 1912 2315 testamento

1076 2336 1240 2369 acceperunt.
1266 2331 1295 2357 fr.
1322 2333 1343 2357 l.
1370 2331 1391 2364 ξ.
1413 2333 1452 2356 11.
1477 2331 1499 2356 si
1524 2341 1566 2367 qu.
1590 2341 1640 2358 om.
1661 2342 1682 2358 c.
1707 2336 1807 2357 testam.
1826 2333 1867 2358 29.
1887 2334 1910 2358 4.

1076 2375 1241 2405 Manumissi,
1266 2373 1307 2399 vel
1328 2373 1451 2409 legatarii.
1478 2372 1509 2399 fr.
1529 2375 1553 2400 3.
1573 2384 1612 2411 pr.
1633 2374 1665 2400 de
1684 2378 1805 2400 transact.
1826 2376 1849 2400 2.
1871 2377 1910 2401 15.

1076 2417 1141 2443 Tam
1160 2417 1303 2447 testatoris,
1323 2426 1399 2452 quam
1418 2416 1537 2448 heredis,
1557 2422 1599 2443 aut
1618 2417 1745 2452 legatarii.
1765 2415 1805 2441 vel
1827 2418 1911 2443 cuius-

1075 2460 1140 2486 libet
1159 2460 1275 2485 extranei
1295 2464 1343 2487 (sc.
1364 2460 1479 2491 servus.)
1502 2459 1562 2496 le.
1582 2459 1610 2485 ll.
1632 2461 1672 2484 10.
1687 2458 1717 2484 cl‘.
1738 2457 1794 2484 Gai.
1808 2459 1838 2485 11.
1851 2461 1909 2486 260.

1076 2513 1114 2539 sq.
1152 2502 1180 2528 ln
1200 2501 1315 2528 fraudem
1334 2500 1472 2533 heredum.
1497 2502 1537 2528 vel
1563 2502 1758 2537 legatariorum,
1778 2501 1911 2528 fideicom-

1074 2546 1262 2572 missariorum.
1282 2548 1325 2570 aut
1344 2543 1509 2570 libertatum.
1529 2546 1596 2576 (non
1617 2543 1735 2580 proferre
1754 2544 1855 2571 tabulas
1874 2550 1910 2571 te-

1075 2588 1221 2619 stamenti.)
1244 2586 1316 2612 Paul.
1337 2585 1380 2612 IV.
1402 2588 1424 2612 7.
1449 2588 1470 2620 ξ.
1489 2589 1513 2612 3
1551 2586 1593 2612 lus
1616 2586 1741 2612 heredum
1765 2586 1796 2613 ad
1817 2587 1910 2624 legata-

1075 2631 1140 2656 rium
1160 2639 1265 2665 quoque
1284 2629 1419 2655 transferri
1438 2638 1526 2666 posse.
1544 2628 1574 2654 fr.
1589 2630 1647 2654 219.
1667 2628 1700 2654 (le
1715 2628 1745 2655 V.
1766 2629 1793 2655 S.
1813 2632 1854 2657 50.
1870 2633 1908 2657 16.

1076 2672 1107 2699 cf.
1127 2672 1156 2698 fr.
1178 2674 1218 2698 14.
1238 2673 1258 2706 ξ.
1281 2673 1302 2698 l,
1325 2671 1357 2697 de
1377 2681 1464 2707 usurp.
1486 2672 1516 2695 41
1546 2672 1570 2696 3.
1606 2670 1635 2697 In
1658 2671 1753 2698 multas
1776 2672 1909 2709 legatario-

1076 2725 1132 2741 rum
1147 2725 1273 2752 personas
1287 2714 1428 2741 distributo
1441 2714 1607 2749 patrimonio,
1625 2719 1729 2750 poterat
1742 2714 1806 2747 adeo
1819 2715 1907 2741 heredi

1077 2759 1209 2784 minimum
1232 2757 1379 2793 relinquere
1404 2760 1513 2781 testator
1532 2761 1580 2782 etc.
1606 2756 1661 2783 Gai.
1680 2757 1710 2783 11.
1734 2760 1791 2784 226.
1830 2758 1907 2793 Quod

1078 2802 1134 2827 sine
1153 2800 1303 2827 conditione
1322 2808 1386 2835 pure
1404 2798 1515 2833 legatum
1535 2803 1591 2827 est.
1615 2804 1752 2836 antequam
1771 2800 1906 2835 legatarius

1412 2841 1467 2866 67*
