2197 3121
924 150 1012 183 ACC
1038 169 1075 175 —-
1100 150 1201 182 ACO.

208 239 256 267 SS.
276 240 353 266 scrin.
374 239 468 265 1219.
500 236 591 272 Neque
610 235 642 262 de
660 234 807 261 inofficioso
827 238 982 260 testamento
1002 245 1041 260 ac-

208 283 320 311 cusatio.
338 292 424 318 neque
442 281 472 307 B.
491 280 519 307 P.
540 280 562 306 ei
582 279 713 315 competit.
734 288 755 304 c.
776 279 816 304 11.
836 277 868 304 de
888 276 959 303 inoff.
980 281 1040 302 test.

207 327 231 351 3.
250 326 292 351 28.
328 324 369 351 De
389 324 483 360 quibus
506 324 528 349 si
551 321 685 359 popularis
710 321 840 347 accusatio
865 319 917 346 ulla
935 329 1042 356 proces·
1063 326 1064 362 J

208 369 279 394 serit.
316 367 365 394 Th.
386 367 416 393 C.
435 365 480 392 XI.
500 367 524 392 7.
544 375 565 391 c.
583 367 625 391 20.
646 364 678 390 de
697 364 824 390 exaction.

242 411 459 438 Accusator.
498 410 562 441 Qui
584 409 828 434 accusationem
849 407 920 440 pub.
945 406 1065 431 inati-y

208 456 282 480 tait.
318 452 336 479 1.
357 453 418 486 Sy.
448 451 485 483 Is.
505 452 550 487 qui
569 455 681 476 accusat.
713 449 856 475 Accusans.
893 447 965 474 Paul.
986 447 1003 473 I.
1017 448 1041 473 6.
1063 450 1064 463 ³

207 496 238 522 B.
257 496 278 530 ξ.
299 497 321 521 l.
350 494 380 521 fr.
401 496 442 521 13.
461 494 491 520 fr.
513 495 552 520 16.
572 493 604 520 de
623 502 707 519 accus.
727 493 768 517 48.
787 493 811 517 2.
848 490 886 523 IS,
907 492 951 527 qui
970 500 1042 516 reum
1063 507 1065 518 <

208 539 351 565 constituit.
377 537 406 563 fr.
426 538 466 563 14.
491 536 523 562 de
542 537 568 562 in
587 537 627 563 ius
646 546 702 562 voc.
725 536 750 560 2.
770 535 793 560 4.
834 533 876 560 III.
897 534 958 561 (7η.
991 533 1043 559 De-

207 581 275 608 lator
293 586 370 617 atque.
388 584 524 606 accusator
543 580 665 605 criminis.
703 577 753 603 Th.
773 576 804 603 C.
823 576 868 603 IX.
888 578 912 603 6.
932 586 953 602 c.
967 577 990 602 3.
1011 586 1043 601 ne

207 634 246 661 pr.
266 625 336 650 crim.
355 624 413 649 mai.
449 622 505 648 Reo
524 622 656 651 exhibito.
680 621 736 647 sive
760 624 896 646 accusator
919 620 1041 650 exsistat,

207 668 263 693 sive
287 676 344 692 eum
367 665 488 702 publicae
511 663 697 691 sollicitudinis
721 673 780 689 cura
804 662 964 699 perduxerit.
1005 661 1041 687 1b.

207 709 252 736 IX.
271 710 294 735 3.
319 719 339 735 c.
362 710 384 734 l.
404 718 442 745 pr.
472 707 504 734 de
523 712 588 734 cust.
612 716 678 733 reor.
722 705 912 732 Accusatorum
936 705 1043 731 crimina

208 752 324 788 exsequi.
348 751 378 777 fr.
399 753 438 778 19.
458 761 497 788 pr.
517 750 550 777 de
568 760 652 776 accus.
673 750 714 775 48.
733 751 758 775 2.
794 747 985 774 Intentionibus
1004 757 1043 773 ac-

208 795 335 822 cusatoris
355 794 523 831 respondere.
548 803 569 819 c..
588 794 612 819 2.
633 792 665 818 de
684 802 769 818 accus.
789 796 813 818 et
833 792 911 817 inser.
931 792 955 817 9.
973 792 997 817 2.

250 837 515 865 Accusatorius
554 835 656 869 (Adi).
715 837 763 862 Ad
802 835 1041 862 accusationem

207 887 364 916 spectans.
410 879 451 905 111.
476 880 542 906 Cn.
579 878 607 904 Si
640 888 692 904 non
726 877 831 914 quidem
864 876 1042 907 denunciavit,

207 933 297 950 verum
316 922 420 949 libellos
440 922 617 948 accusatorios
642 921 721 947 dedit.
747 919 778 946 sr.
799 921 838 946 17.
862 920 884 953 ᾗ.
906 921 927 945 1.
951 918 981 945 fr.
1001 920 1042 945 29.

208 967 230 1001 §.
250 968 274 993 8.
294 966 325 993 ad
343 965 372 992 L.
392 964 438 991 Iul.
459 965 491 991 de
511 964 550 991 ad.
571 966 612 990 48.
632 966 655 990 5.

244 1009 451 1036 Accusatus
471 1007 606 1041 (Subst.).
644 1009 726 1034 Reus
744 1007 861 1042 factus
883 1005 1041 1032 criminis.

208 1052 227 1078 1.
247 1053 307 1086 Sy.
334 1051 405 1077 Reus
425 1051 553 1083 (criminis
573 1049 665 1081 sactus,
684 1059 708 1076 v.
729 1050 773 1085 qui
786 1048 942 1081 accusatur).
971 1046 1043 1073 Paul,

207 1094 239 1122 V.
261 1095 300 1120 16.
320 1095 356 1128 ἓξ.
378 1095 417 1119 11.
438 1095 477 1120 14.
497 1093 528 1120 fr.
548 1095 572 1119 5.
592 1093 622 1119 fr.
642 1094 665 1119 9.
686 1092 716 1119 fr.
738 1094 777 1118 lo.
797 1091 829 1118 dc
848 1092 909 1128 pub.
930 1090 982 1117 iud.
1002 1091 1042 1116 48.

209 1139 231 1164 1.
252 1148 273 1164 c.
294 1138 333 1163 17.
353 1136 385 1162 de
404 1146 456 1162 acc.
476 1141 502 1162 et
520 1137 598 1163 inscr.
618 1137 642 1162 9.
661 1138 685 1162 2.
723 1135 867 1162 lucusatus.
897 1145 918 1162 c.
940 1136 979 1160 11.
1008 1134 1042 1160 ib.

207 1182 232 1207 9.
250 1182 274 1206 2.
311 1179 353 1206 III.
374 1181 440 1207 Cn.
467 1179 599 1210 Accusati.
619 1179 664 1215 qui
683 1188 735 1204 non
755 1188 815 1205 suas
835 1187 994 1214 suorumque
1006 1178 1043 1203 iu-

207 1224 287 1250 iurias
306 1227 491 1259 exsequuntur.
518 1233 539 1249 c.
560 1224 599 1248 19.
632 1222 683 1257 Qu.
703 1232 755 1248 acc..
776 1232 800 1248 n.
819 1231 891 1258 poss.
911 1222 935 1247 9.
956 1222 978 1246 1.

242 1266 436 1299 Acephali.
482 1267 734 1292 Haereticoram
767 1271 861 1291 secta.
908 1262 950 1289 111.
977 1264 1042 1290 Gn.

208 1308 359 1336 Haereticos
379 1308 502 1340 dicimus.
523 1313 548 1334 et
566 1307 751 1339 Nestorhnos,
775 1312 801 1333 et
819 1306 1042 1342 Eutychianistas,

209 1357 235 1378 et
257 1350 418 1388 Acephalos.
448 1352 492 1387 qui
517 1351 642 1377 Dioscori
666 1356 691 1377 et
715 1350 806 1377 Severi
830 1350 1043 1387 superstitionem

207 1395 291 1421 secuti
309 1398 377 1420 sunt.
413 1393 503 1421 Iulian.
529 1395 590 1431 epit.
611 1404 669 1420 nov.
695 1404 715 1421 c.
737 1395 793 1420 102.
818 1394 839 1427 §.
858 1393 917 1419 364,
944 1402 964 1419 c.
986 1393 1042 1418 107.

208 1438 230 1471 §.
249 1438 308 1463 373.

244 1481 358 1511 Acer,
394 1480 500 1507 Acris
540 1480 644 1514 (Adi.).
691 1481 829 1512 Grauia,
870 1480 1042 1506 Vehemens.

208 1522 250 1549 III.
263 1523 327 1550 011.
341 1522 408 1549 Cum
421 1523 511 1549 crebra
525 1524 654 1550 orirentur
666 1523 743 1551 bella.
758 1528 783 1549 et
797 1522 921 1560 quaedam
935 1523 1042 1548 acriora.
1064 1535 1066 1546 ι

208 1566 239 1593 fr.
258 1568 283 1592 2.
302 1566 383 1600 §.18.
409 1565 440 1592 de
460 1565 492 1592 Ο.
512 1565 530 1592 I.
552 1568 574 1592 1.
593 1569 617 1593 2.
655 1566 754 1593 Contra
778 1576 844 1602 qnos
864 1567 948 1592 acrior
967 1566 1044 1591 etiam
1064 1572 1066 1590 ῑ

208 1619 292 1646 poena
310 1609 393 1635 suerat
412 1608 606 1645 promulganda.
644 1609 693 1636 Th.
714 1609 744 1636 C.
764 1609 834 1636 XVI.
855 1611 878 1636 7.
899 1620 920 1635 e.
940 1610 963 1634 6.
984 1609 1006 1642 ξ.
1021 1609 1042 1634 l.

209 1662 241 1678 ne
265 1651 292 1678 S.
312 1652 381 1688 bapt.
406 1653 433 1678 it.
470 1651 603 1678 Acerrima
626 1652 671 1678 fiat
696 1652 788 1689 indago
813 1652 970 1689 argumentis
995 1655 1043 1677 etc.

209 1694 246 1721 lb.
265 1694 309 1721 IX.
330 1696 370 1721 19.
389 1705 410 1721 c.
429 1696 453 1721 2.
473 1694 505 1721 ad
522 1694 552 1721 L.
573 1695 635 1722 Cor.
655 1695 687 1722 de
706 1695 762 1722 sals.

243 1739 388 1765 Acerbe
416 1737 547 1771 (A‹lvb.).
589 1738 631 1764 III.
652 1740 717 1766 Cn.
754 1738 824 1765 Patri
847 1738 1044 1776 persuadeatur,
1065 1758 1066 1762 .

210 1790 242 1806 ne
261 1780 352 1806 acerbe
371 1781 480 1817 patriam
498 1786 655 1817 potestatem
674 1787 800 1808 exerceat.
830 1781 860 1808 sr.
881 1784 902 1808 1.
923 1782 944 1815 ξ.
964 1783 987 1807 5.
1012 1780 1044 1807 de

209 1822 254 1849 lib.
274 1822 360 1849 exhib.
379 1824 419 1849 43.
433 1825 475 1849 30.
503 1824 632 1850 Acerbius
645 1824 833 1861 perurgendus,
853 1825 898 1861 qui
918 1829 964 1850 etc.
994 1823 1043 1850 Th.

210 1865 241 1892 C.
261 1865 279 1891 1.
298 1867 322 1891 2.
343 1875 363 1891 c.
383 1866 406 1891 8.
428 1865 539 1899 (ch.)
559 1866 591 1892 de
610 1866 661 1892 div.
680 1877 759 1893 rescr.
1065 1885 1067 1898 ,

243 1908 452 1935 Acerbstas.
481 1908 511 1940 ξ.
526 1910 560 1935 l·
585 1911 770 1941 Atrocitaa,
790 1911 901 1944 Rigor.
925 1909 966 1935 111.
979 1911 1044 1937 Cn·
1065 1899 1067 1914 ἱ

210 1951 263 1986 Qui
282 1950 324 1977 vel
343 1951 483 1977 acerbitate
503 1953 622 1983 convicii,
642 1952 683 1978 vel
703 1953 880 1988 cuiuscunque
894 1953 989 1978 atrocis
1008 1953 1044 1978 in-

209 1995 289 2020 iuriae
308 1993 399 2020 dolore
418 1993 582 2030 (pulsassent
600 1996 708 2031 patres).
737 1995 774 2021 Ib.
789 1994 855 2021 VIH.
874 1996 912 2021 14.
933 2006 954 2021 c.
970 1997 991 2021 l.
1012 1995 1044 2022 de.

209 2038 300 2073 ingrat.
320 2036 364 2063 lib.
407 2036 528 2073 Congrua
548 2053 580 2056 —
599 2037 789 2074 suppliciorum
815 2038 956 2064 acerbitate
979 2039 1043 2074 cogi.

209 2079 246 2106 Ib.
267 2079 311 2106 IV.
330 2081 371 2106 20.
392 2090 412 2106 c.
428 2081 449 2106 l.
479 2079 532 2115 Qui
551 2080 611 2106 bon.
632 2091 663 2107 ex
682 2080 711 2107 L.
725 2080 772 2107 Iul.
802 2081 882 2107 Omni
901 2082 1044 2108 exactionis

209 2122 349 2148 acerbitate
377 2122 542 2159 compellere.
583 2122 620 2149 lb.
643 2123 688 2149 XI.
714 2125 736 2150 1.
762 2134 782 2150 c.
801 2125 843 2150 35.
877 2123 910 2150 de
935 2134 993 2150 ann.
1020 2129 1045 2151 et

209 2165 299 2192 tribut.
336 2164 421 2192 Morbi
444 2166 585 2192 acerbitate
608 2167 712 2192 minime.
731 2176 818 2203 posse.
843 2177 864 2193 c.
883 2168 925 2193 29.
954 2166 987 2193 de.
1009 2171 1045 2193 te-

210 2213 283 2234 stam.
303 2208 326 2234 6.
345 2209 387 2235 23.
407 2224 439 2227 —
458 2209 489 2242 §.
509 2210 544 2235 2.
574 2210 765 2236 calamitas.
794 2209 840 2236 III.
853 2210 919 2237 Gn.
938 2209 1045 2236 Acerbi-

211 2254 263 2276 tate
280 2251 406 2287 temporis
427 2256 541 2288 cogente.
562 2251 611 2278 Th.
631 2251 661 2278 C.
676 2251 719 2278 VI.
732 2253 773 2279 29.
788 2262 809 2278 c.
824 2254 864 2278 12.
884 2251 917 2278 dc
932 2253 1027 2279 curios.

245 2293 410 2320 Acerbus
430 2294 533 2328 (Adi.).
570 2297 720 2326 Severus,
743 2297 891 2329 Iniquus.
927 2294 958 2321 II.
979 2297 1045 2329 ⁰11.

211 2334 272 2361 Non
290 2336 410 2362 acerbum
428 2346 457 2363 se
476 2342 637 2369 exactorem,
662 2347 711 2363 nec
734 2337 951 2364 contumeliosum
973 2348 1046 2375 prae-

211 2378 283 2407 beat.
309 2378 355 2404 sed
377 2378 552 2412 moderatum,
579 2384 605 2406 et
628 2390 686 2406 cum
710 2379 824 2406 efficacia
844 2380 995 2417 benignum.
1020 2386 1046 2407 et

212 2431 270 2447 cum
299 2421 420 2448 instantia
448 2421 595 2449 humanum.
627 2422 657 2449 fr.
680 2424 722 2449 33.
745 2433 784 2460 pr.
809 2423 840 2449 de
860 2433 931 2450 usur.
955 2426 996 2450 22.
1022 2426 1044 2450 1.

212 2462 255 2489 III.
275 2464 340 2491 (711.
369 2463 564 2491 Acerbissimos
587 2465 678 2492 hostes
699 2470 723 2492 et
743 2466 900 2492 fortissimos
919 2471 1044 2502 tyrannos

213 2505 362 2532 deiecimus
391 2516 411 2532 c.
430 2508 454 2533 2.
473 2517 512 2544 pr.
541 2507 574 2534 de,
597 2508 640 2535 off.
664 2508 716 2535 Prs.
736 2508 778 2535 Pr.
798 2509 855 2535 Afr.
878 2511 900 2535 1.
919 2511 960 2536 27.
992 2509 1045 2545 Qui

212 2547 298 2584 gladio
318 2548 476 2575 acerbiorem
494 2549 583 2577 stilum
601 2552 680 2587 passi.
717 2550 766 2577 Th.
788 2551 817 2578 C.
838 2551 882 2578 IX.
902 2554 942 2578 42.
962 2563 982 2579 c.
1004 2554 1043 2579 13.

213 2591 245 2617 de
264 2591 324 2617 bou.
344 2601 444 2628 proscr.
486 2591 556 2619 Satis
580 2593 701 2620 acerbum
725 2594 801 2620 nobis
825 2594 940 2626 videtur.
965 2605 988 2621 v.
1008 2597 1045 2621 vi-

213 2644 271 2660 sum
290 2639 338 2660 est.
362 2644 386 2661 c.
401 2636 443 2660 ⁴22.
463 2634 485 2668 ξ.
506 2636 529 2661 l.
547 2635 580 2662 de
598 2637 701 2673 Qricol.
724 2639 763 2663 ll.
782 2638 823 2662 47.
844 2647 864 2663 c.
886 2639 907 2663 1.
928 2638 949 2671 ξ
969 2639 992 2664 8.
1013 2637 1045 2664 de

213 2676 269 2703 Lat.
289 2676 333 2703 lib.
353 2677 409 2703 toll.
429 2679 452 2703 7.
472 2678 496 2703 6.

248 2721 402 2747 Acerra.
437 2721 657 2748 Thuribulum.
693 2722 734 2749 111.
755 2723 820 2750 (7η.
850 2722 990 2749 sumtuosa
1007 2733 1044 2749 re-

214 2763 329 2832 ιἓτυιὲεὶο,
349 2778 381 2782 ——
400 2762 491 2799 longae
510 2773 633 2795 coronae,
653 2780 684 2784 —
703 2775 813 2792 acerrae.
840 2764 870 2792 L.
883 2765 940 2792 XII.
961 2765 1043 2792 Tabh.

1883 148 1921 178 13

1119 235 1299 260 Aeervus.
1332 234 1494 259 Camulus.
1526 231 1556 257 11.
1571 232 1637 264 Op.
1657 229 1757 266 Singuli
1771 228 1920 255 denarii.-

1085 277 1203 303 Acervus
1222 277 1353 312 pecuniae.
1378 275 1408 301 fr.
1421 277 1463 301 29.
1482 285 1521 312 pr.
1541 274 1573 300 «le
1593 273 1623 299 V.
1638 273 1670 299 O.
1683 275 1724 299 45.
1740 274 1761 298 l.
1798 271 1840 298 111.
1855 272 1921 299 Gn·

1087 320 1140 355 Qui
1153 318 1239 351 aedeS‚
1259 328 1431 354 acervumque
1450 318 1571 344 frumenti
1591 332 1622 335 —-
1643 316 1822 342 combusserit.
1851 314 1882 340 sr.
1895 315 1918 340 9.

1063 369 1064 380 ¹
1087 362 1119 388 de
1137 361 1239 388 inccud.
1259 362 1340 387 ruina.
1364 363 1404 387 47.
1424 363 1448 387 9.
1478 361 1530 396 Qui
1556 370 1587 386 cx
1613 369 1703 385 acervo
1727 358 1849 385 frumenti
1868 367 1920 384 mo-

1087 405 1158 431 dium
1177 404 1292 431 sustulit.
1321 404 1351 430 l'r.
1370 406 1412 430 21.
1432 414 1470 441 pr.
1491 403 1523 430 ‹le
1542 403 1600 429 furt.
1621 404 1662 428 47.
1674 405 1698 428 2.
1727 402 1859 437 Quantum
1877 410 1920 437 pa-

1086 453 1126 475 ret
1153 450 1180 474 in
1204 448 1249 474 illo
1274 457 1366 474 acervo
1389 457 1464 473 suum
1489 447 1615 483 cuiusque
1638 455 1703 471 esse.
1731 444 1762 471 fr.
1781 446 1804 470 5.
1824 453 1863 481 pr.
1888 442 1920 469 de

1086 491 1117 517 R.
1137 490 1168 517 V.
1188 492 1212 517 6.
1233 493 1255 517 1.

1120 535 1317 561 Act-scere.
1354 535 1487 560 Acorem
1506 533 1704 559 contrahere.
1741 530 1759 557 I.
1779 531 1840 564 Sy.
1868 528 1919 556 Co-

1087 587 1213 603 acescere.
1242 576 1273 603 fr.
1293 578 1333 602 85.
1359 575 1390 602 de.
1409 575 1457 611 leg.
1478 574 1519 601 111.
1544 575 1619 607 (32.)
1649 574 1677 601 sr.
1697 575 1720 601 9.
1739 584 1778 611 pr.
1798 574 1819 607 ξ.
1838 575 1862 599 2.
1888 571 1921 598 de

1086 621 1139 646 trit.
1160 621 1229 646 vino.
1253 621 1295 646 33.
1315 620 1338 645 6.
1368 618 1398 645 fr.
1419 620 1441 644 l.
1461 628 1499 655 pr.
1524 617 1556 643 tle
1579 618 1658 654 peric.
1676 622 1701 643 et
1720 626 1811 643 comm.
1836 617 1875 642 18.
1895 615 1919 640 6.

1086 662 1128 689 111.
1150 664 1215 690 οη.
1250 662 1278 689 Si
1303 663 1392 688 viuum
1416 671 1468 687 nou
1492 661 1573 691 acuit,
1598 660 1645 686 sed
1669 660 1698 685 ab
1722 660 1796 686 initio
1820 662 1921 684 acetum

1087 706 1148 737 suit,
1169 711 1197 732 ut
1216 705 1365 732 embamma.
1394 704 1424 731 sr.
1444 705 1468 730 9.
1488 704 1509 737 §.
1529 705 1553 729 2.
1574 703 1606 729 de
1625 708 1705 729 contr.
1725 706 1784 729 emt.
1804 703 1844 727 18.
1864 702 1886 726 1.

1121 750 1382 776 Acetabulunl.
1400 749 1571 774 Vaxcalam
1585 753 1672 772 aceto
1685 752 1802 780 aptum.
1816 743 1847 770 11.
1855 744 1921 771 Gn·

1086 791 1156 818 Vasa
1174 796 1301 828 argentea,
1320 790 1401 817 veluti
1415 789 1575 827 parabsidas.
1595 787 1735 819 acetabula,
1754 786 1854 819 trullas,
1867 785 1921 824 pel·

1086 845 1141 861 ves.
1166 834 1196 861 fr.
1217 836 1256 861 19.
1276 835 1297 868 ξ.
1317 835 1340 860 9.
1361 833 1393 860 de
1412 842 1474 859 auro
1494 843 1545 868 arg.
1563 833 1605 858 34.
1624 833 1648 858 2.

1120 878 1292 904 Acetum.
1333 878 1446 903 sinum
1475 878 1612 903 acidam.
1649 874 1691 901 III.
1712 875 1777 902 Cn·
1814 872 1866 907 Qui
1885 872 1921 897 vi-

1087 930 1148 947 num
1167 921 1313 957 spurcavit.
1336 919 1379 945 vel
1403 919 1508 950 effudit,
1533 918 1575 945 vel
1599 922 1699 944 acetum
1718 917 1792 948 fecit,
1811 915 1853 941 vel
1872 914 1922 940 alio

1086 963 1164 990 modo
1183 963 1292 989 vitiavit.
1320 962 1349 988 fr.
1367 964 1409 988 27.
1429 963 1450 996 ξ.
1466 964 1505 988 15.
1530 961 1561 987 ad
1579 960 1608 987 L.
1623 961 1690 997 Aqu.
1710 962 1733 987 9.
1752 961 1775 986 2.
1804 959 1922 987 Acetum,

1088 1005 1159 1042 quod
1174 1006 1228 1032 vini
1244 1015 1351 1031 numero
1365 1004 1498 1042 patersam.
1509 1004 1606 1030 habuit.
1626 1003 1730 1035 Vinum,
1742 1002 1811 1039 quod
1822 1003 1848 1027 iu
1858 1001 1923 1027 aceti

1064 1044 1066 1050 ⁸
1086 1049 1173 1075 locum
1191 1048 1346 1075 translatum
1358 1050 1393 1074 sit
1406 1059 1419 1074 a
1432 1047 1564 1085 patresam.
1585 1047 1615 1073 fr.
1631 1049 1652 1073 1.
1673 1046 1702 1073 sr.
1716 1048 1740 1073 3.
1753 1056 1792 1083 pr.
1807 1045 1837 1071 sr.
1848 1046 1871 1071 9.
1882 1053 1921 1081 pr.

1087 1093 1229 1126 §§.1—3.
1250 1091 1282 1117 de
1301 1092 1353 1117 trit.
1372 1092 1442 1117 vino.
1464 1092 1505 1117 33.
1524 1091 1548 1117 6.
1573 1090 1603 1117 l'r.
1621 1092 1646 1116 2.
1665 1090 1686 1124 ξ
1706 1091 1730 1115 3.
1749 1088 1781 1115 de
1800 1092 1854 1125 opt.
1873 1086 1921 1123 leg.

1085 1136 1128 1161 33.
1142 1136 1166 1161 5.
1194 1134 1265 1161 Dare
1278 1135 1353 1161 uxori
1373 1144 1434 1160 suae
1453 1135 1550 1165 vinum,
1570 1133 1664 1164 oleum,
1684 1132 1848 1159 frumentum.
1868 1140 1922 1155 ace—

1086 1183 1153 1209 tum.
1173 1177 1259 1209 mella,
1278 1177 1442 1203 salsamenta.
1471 1176 1500 1203 sr.
1516 1178 1538 1203 7.
1559 1187 1597 1213 pr.
1618 1176 1651 1202 de
1669 1177 1721 1202 trit.
1737 1175 1804 1201 vino.
1824 1175 1865 1199 33.
1880 1174 1903 1198 6.

1120 1220 1278 1248 Achaia.
1314 1221 1530 1254 Peloponnesi
1545 1229 1623 1253 pars
1642 1217 1921 1252 septentrionalis.

1087 1264 1129 1291 III.
1154 1265 1216 1292 Cn.
1252 1263 1303 1290 Per
1326 1262 1458 1295 Achaiam,
1477 1262 1663 1292 Macedoniam,
1683 1265 1819 1296 totumque
1837 1258 1921 1295 Illyri-

1087 1318 1153 1334 cum.
1191 1306 1240 1334 Th.
1261 1306 1292 1333 C.
1312 1306 1355 1333 VI.
1376 1308 1399 1333 4.
1425 1317 1446 1333 c.
1467 1307 1507 1332 11.
1527 1305 1559 1332 de
1582 1304 1666 1331 Praet.
1687 1308 1712 1330 et
1732 1303 1784 1339 Qu.
1814 1302 1920 1328 Procos.

1087 1350 1209 1377 Achaiae.
1237 1349 1268 1376 fr.
1288 1351 1328 1376 10.
1349 1350 1370 1384 ξ.
1392 1352 1414 1376 l.
1435 1349 1467 1375 (1ο
1486 1348 1529 1375 off.
1549 1348 1624 1374 Proc.
1644 1352 1670 1374 et
1687 1346 1749 1382 Leg.
1770 1347 1792 1372 l.
1813 1346 1853 1371 16.

1122 1393 1306 1421 Achillea.
1335 1396 1440 1420 Genus
1459 1394 1662 1419 thermarum.
1692 1389 1734 1415 111.
1750 1389 1814 1416 οη.
1837 1387 1922 1414 Plum-

1088 1437 1151 1463 beae
1164 1435 1277 1469 fistulae,
1296 1435 1421 1462 ducentes
1441 1434 1472 1461 ad
1492 1435 1614 1466 thermas,
1634 1443 1699 1470 qnae
1712 1431 1847 1459 Achilleae
1860 1441 1923 1458 nun-

1088 1484 1223 1517 cupantur.
1248 1489 1269 1505 c.
1288 1480 1312 1505 6.
1332 1478 1364 1505 de
1383 1478 1490 1514 aquaed.
1512 1480 1551 1505 11.
1570 1479 1611 1504 42.

1122 1523 1268 1550 Achivi.
1296 1523 1424 1548 Achaei.
1455 1523 1578 1548 Graeci.
1606 1519 1729 1547 mvn.
1756 1517 1859 1550 Achivi,
1879 1518 1924 1553 qui

1088 1567 1226 1604 protestati
1245 1570 1315 1597 sunt,
1335 1564 1400 1591 nihil
1419 1575 1432 1591 a
1451 1574 1480 1591 se
1493 1568 1596 1601 praeter
1609 1564 1711 1589 tertiam
1724 1566 1823 1599 partem
1841 1570 1922 1598 possc

1089 1609 1207 1636 conferri.
1245 1608 1294 1635 Th.
1315 1608 1346 1635 C.
1365 1607 1410 1634 XI.
1431 1609 1452 1634 1.
1473 1618 1493 1634 c.
1512 1608 1553 1633 33.
1574 1606 1606 1633 de
1625 1616 1682 1632 ann.
1703 1611 1728 1632 et
1748 1604 1835 1631 tribut.

1123 1651 1368 1685 Acidusmdi.)
1391 1653 1481 1684 Quod
1498 1660 1621 1677 acorem
1640 1650 1812 1676 contraxit.
1832 1646 1850 1673 1.
1862 1647 1923 1681 Sy·

1088 1695 1197 1725 Vinum.
1222 1695 1293 1731 quod
1311 1695 1420 1726 acuerit,
1441 1704 1461 1720 s.
1482 1694 1618 1720 coacuerit.
1655 1691 1774 1718 Acidum.
1802 1690 1832 1717 fr.
1847 1692 1870 1716 1.
1883 1700 1921 1727 pr.

1088 1738 1118 1765 fr.
1138 1740 1161 1765 6.
1187 1738 1218 1765 de
1241 1739 1321 1775 peric.
1346 1742 1372 1764 et
1395 1747 1486 1763 comm.
1512 1739 1551 1762 18.
1570 1737 1594 1762 6.
1627 1735 1658 1762 fr.
1682 1737 1723 1761 85.
1752 1733 1784 1760 de
1807 1733 1855 1769 leg.
1880 1732 1921 1759 111.

1089 1782 1166 1815 (32.)
1204 1781 1245 1807 III.
1266 1782 1332 1808 (711.
1368 1779 1450 1806 Acida
1470 1784 1495 1806 et
1513 1778 1623 1805 mucida.
1651 1777 1681 1804 fr.
1701 1778 1725 1804 6.
1745 1776 1761 1803 l.
1782 1777 1822 1803 18.
1842 1777 1865 1802 6.

1122 1824 1244 1851 Acies.
1281 1824 1360 1857 §·l.
1391 1824 1595 1854 Excelsitas,
1615 1823 1774 1848 Altitudo.
1801 1818 1843 1845 III.
1858 1820 1924 1846 Gn.

1088 1866 1209 1893 Porticus
1228 1883 1260 1886 —
1280 1871 1430 1903 praecurrat
1448 1867 1503 1893 acie
1521 1864 1706 1891 columnarum.
1744 1862 1793 1889 Th.
1814 1861 1844 1889 C.
1863 1861 1922 1888 XV.

1090 1911 1111 1936 l.
1133 1920 1153 1936 c.
1173 1911 1214 1935 50.
1235 1909 1267 1936 de
1286 1920 1347 1946 opp.
1366 1909 1428 1946 pub.
1448 1925 1480 1929 —
1499 1909 1530 1942 §0
1545 1909 1580 1934 2.
1609 1909 1767 1934 Fac-ultas
1786 1907 1924 1932 videndi.

1088 1952 1130 1979 III.
1145 1954 1210 1980 (7η.
1233 1952 1270 1979 Ea
1284 1953 1407 1979 caecitate
1426 1968 1458 1971 —
1478 1960 1631 1989 oppressus,
1651 1955 1679 1976 ut
1698 1950 1835 1985 utriusque
1854 1947 1923 1974 oculi

1089 1997 1169 2022 aciem
1187 2005 1296 2032 prorsus
1315 1996 1436 2022 amiserit.
1466 2005 1486 2021 c.
1502 1997 1524 2020 1.
1553 1994 1607 2029 Qui
1620 1993 1711 2019 morbo
1731 2002 1759 2018 se
1773 2001 1860 2018 excus.
1881 1992 1921 2016 10.

1088 2041 1129 2065 50.
1158 2055 1190 2058 -
1214 2039 1245 2073 §.
1266 2040 1303 2065 3.
1331 2040 1512 2065 Proelium.
1548 2036 1590 2063 111.
1611 2037 1677 2064 Gn.
1705 2035 1758 2070 Qui
1777 2044 1824 2061 uec
1844 2034 1924 2060 aciem

1088 2081 1211 2113 viderint,
1230 2091 1279 2107 nec
1297 2082 1370 2118 signa
1387 2081 1579 2118 perspexerint,
1599 2089 1647 2106 nec
1666 2088 1734 2105 arma
1748 2077 1922 2103 tractaverint.

1089 2124 1138 2151 Th.
1159 2124 1190 2151 C.
1209 2124 1265 2151 VII.
1283 2126 1325 2151 21.
1355 2135 1376 2151 c.
1396 2126 1419 2151 1.
1450 2124 1482 2150 de
1500 2120 1666 2149 testimonial.
1708 2119 1802 2146 Vtrum
1824 2120 1850 2145 iu
1869 2120 1924 2145 acie

1089 2167 1223 2194 dumtaxat
1246 2168 1371 2199 amissus,
1401 2177 1432 2193 an
1455 2171 1573 2203 tempore
1596 2164 1659 2191 belli
1687 2165 1798 2190 amissus
1822 2161 1923 2199 prosit?

1089 2210 1172 2237 Vatic.
1193 2211 1214 2244 ξ.
1236 2212 1292 2237 199.
1312 2210 1343 2237 fr.
1364 2211 1404 2236 18.
1424 2210 1457 2236 dc
1476 2218 1563 2235 excuS.
1581 2210 1625 2234 27.
1643 2209 1664 2233 l.
1702 2206 1731 2233 Si
1750 2207 1809 2242 quis
1828 2214 1922 2241 equum

1089 2269 1121 2273 —-
1140 2253 1244 2289 longius
1267 2263 1357 2279 secum
1379 2252 1466 2289 aliquo
1490 2252 1606 2283 illuxerit,
1634 2261 1655 2277 e.
1680 2260 1700 2276 c.
1726 2250 1770 2286 qui
1793 2250 1818 2275 in
1842 2248 1922 2274 aciem

1087 2295 1264 2334 perduxisset.
1301 2295 1358 2322 Gai.
1376 2295 1418 2321 III.
1439 2296 1496 2321 196.

1122 2339 1389 2366 Acinaticium.
1425 2339 1580 2365 Potionis
1595 2346 1698 2372 genus
1721 2345 1757 2362 ex
1780 2335 1849 2359 uris
1862 2334 1922 2369 fa·

1087 2388 1179 2408 ctum.
1220 2380 1262 2407 HI.
1283 2382 1349 2408 (7η.
1376 2380 1405 2407 Si
1426 2381 1484 2417 quis
1502 2382 1591 2407 viuum
1612 2379 1747 2415 legaverit,
1768 2392 1799 2395 —
1818 2377 1921 2402 acinati-

1089 2426 1158 2451 cium
1175 2424 1253 2461 plane
1270 2424 1332 2450 vino
1353 2424 1536 2451 continebitur.
1569 2423 1599 2450 fr.
1618 2423 1643 2449 9.
1662 2431 1700 2459 pr.
1725 2420 1756 2446 de
1779 2420 1832 2446 trit.
1850 2420 1920 2445 vino.

1087 2469 1128 2493 33.
1148 2468 1172 2493 6.

1122 2511 1337 2544 Acolythus.

1088 2553 1170 2579 Dedit
1192 2552 1302 2589 singulis
1328 2552 1511 2583 cadaveribus,
1541 2553 1596 2577 sive
1620 2549 1730 2585 singulis
1755 2548 1829 2575 lectis
1855 2557 1921 2573 mor-

1088 2601 1204 2628 tuorum,
1234 2606 1312 2622 unum
1340 2596 1505 2625 asceterium.
1535 2595 1550 2620 i.
1575 2604 1597 2619 e.
1620 2592 1687 2619 VIII.
1711 2590 1920 2618 sanctimoniales

1087 2638 1244 2675 psallentes⁷
1273 2643 1298 2665 et
1324 2638 1359 2665 III
1385 2637 1528 2674 acolythos.
1574 2635 1663 2662 Iulian.
1688 2645 1728 2672 ep.
1753 2644 1811 2660 nov.
1838 2644 1859 2659 c.
1878 2634 1918 2658 53.

1088 2681 1110 2714 §.
1130 2682 1188 2707 195.

1122 2724 1336 2751 Aconitum.
1371 2725 1489 2751 Veneni
1507 2724 1635 2756 species.
1663 2720 1705 2747 111.
1721 2721 1786 2748 Cn.
1804 2719 1919 2755 Pigmen-

1088 2767 1146 2792 tarii
1170 2767 1193 2792 si
1212 2768 1252 2793 cui
1271 2771 1368 2793 temere
1387 2767 1503 2797 cicutam,
1522 2764 1720 2793 salamandram.
1740 2764 1869 2790 aconitum
1888 2778 1918 2781 —

1790 2504 1833 2531 ΙΙΙ.
1858 2505 1920 2532 Cn.

1385 2511 1513 2542 Comes,
1541 2511 1744 2536 Adsectator.

1089 2809 1215 2836 dederint.
1241 2809 1270 2836 fr.
1290 2811 1313 2836 3.
1334 2810 1354 2843 ξ.
1374 2810 1397 2835 3.
1418 2808 1451 2834 ad.
1467 2808 1497 2835 L.
1517 2808 1579 2835 Cor.
1599 2808 1631 2834 de
1650 2808 1696 2833 sic.
1715 2808 1756 2834 48.
1776 2807 1798 2833 8.
