2197 3121
1037 174 1135 205 POR.

215 259 254 286 Ne
277 260 304 286 in
331 258 493 285 aestimando
521 266 661 295 porcorum
689 255 806 293 pondere
830 255 934 282 licentia
959 256 1054 282 suariis

215 302 378 340 praebeatur.
398 301 447 328 Th.
463 301 492 327 C.
506 300 576 327 XIV.
591 301 615 326 4.
635 310 657 326 c.
670 301 694 325 2.
710 298 741 325 cf.
762 309 783 325 c.
797 300 821 325 4.
841 299 862 333 5.
876 302 900 326 2.
921 299 954 326 dc
967 309 1035 326 suar.

252 344 496 378 Porphyrius.
536 343 801 376 Porphyriani.
840 343 956 368 Nomen
983 344 1055 369 liae-

215 390 330 420 retici,
357 390 489 421 eiusque
515 392 720 413 sectatorum.
766 384 809 410 III.
830 385 896 412 Cn.
925 376 1077 420 Qiieiiiad-l

215 430 321 457 modum
339 431 438 459 Ariani.
453 445 482 449 —-
497 428 530 455 ob
550 427 748 455 similitudinem
767 428 916 464 impietatis,
937 426 1055 464 Pon-phy·
1076 442 1077 469 ἢ

216 475 282 500 riani
301 484 314 500 a
332 472 480 510 Porphyrio
500 476 690 509 nuncupantur.
717 469 766 496 Th.
788 469 818 496 C.
838 468 907 496 XVI.
927 471 951 496 5.
972 480 993 496 c.
1013 471 1054 496 66.

216 527 255 554 pr.
276 516 308 543 de
327 516 422 542 haeret.

256 560 472 586 Porrectus.
491 556 611 590 (Partic.)
633 559 667 583 In
687 559 816 591 longum
829 561 992 587 extensus,
1012 565 1056 582 se·

216 604 349 629 cundum
377 607 494 628 rectam
522 602 649 627 lineam.
690 599 721 625 II.
748 600 814 632 Op.
837 597 987 624 Ansractus.
1013 598 1054 625 Cf.

219 644 244 671 h.
265 655 288 671 v.

254 686 470 720 Porrigere.
524 685 554 718 §-
586 686 621 711 1.
660 686 868 714 Protendere,
908 684 1057 719 Obferre,

218 731 380 757 Praebere.
418 728 436 754 1.
455 729 517 763 Sy.
538 728 616 754 Dare.
636 727 666 754 fr.
684 728 726 753 36.
746 736 785 763 pr.
805 725 837 752 ad
857 727 951 752 munic.
972 729 1013 752 50.
1034 728 1056 752 l.

218 771 361 799 Praestare.
386 771 436 798 Th.
457 771 487 797 C.
508 770 565 797 XII.
588 773 608 797 1.
629 781 650 797 c.
670 772 691 796 l.
712 769 744 796 de
764 769 897 795 decurion.
934 768 975 795 III.
991 770 1057 796 Gn.

218 814 248 842 Si
266 815 344 841 arbor
363 815 389 840 in
408 815 487 840 vicini
507 813 616 840 fundum
635 812 736 839 radIces
754 813 881 850 porrexit.
901 812 930 838 fr.
951 814 974 838 6.
994 813 1015 846 5.
1032 814 1056 838 2.

218 857 303 884 arbor.
327 857 387 884 furt.
413 867 480 883 caes,
505 859 546 883 47.
571 858 593 883 7.
635 856 703 882 Cum
726 856 767 882 vir
790 855 865 881 nubit
889 856 914 881 in
938 854 1058 881 seminam

217 901 283 927 viris
306 905 493 938 porrecturam.
522 899 570 926 Th.
591 898 621 926 C.
642 899 686 925 lx.
707 900 730 925 7.
755 908 776 924 c.
795 901 820 925 3.
845 898 877 924 ad
901 897 930 924 L.
955 897 1001 924 lul.
1027 897 1059 923 de

218 942 298 969 adult.
337 943 390 979 Qui
410 943 505 970 furenti
525 942 637 978 gladium
656 942 782 979 porrexit.
803 940 833 967 fr.
854 942 877 967 7.
897 941 918 975 5.
939 942 961 967 6.
983 940 1013 967 ad
1028 940 1057 967 L.

218 986 286 1022 Aqu.
313 988 336 1012 9.
355 988 380 1012 2.
418 986 458 1012 An
484 986 580 1022 porrigi
604 994 696 1011 manus
721 983 752 1010 nd
777 988 902 1010 emtorein
926 982 1058 1010 debeant?

218 1028 249 1054 fr.
271 1030 309 1054 13.
330 1029 351 1062 5.
372 1031 396 1055 4.
415 1028 448 1055 de
467 1027 554 1054 hered.
575 1032 627 1064 pet.
648 1029 671 1053 5.
684 1029 708 1053 3.
730 1026 759 1052 fr.
776 1028 815 1053 15.
834 1027 856 1060 5.
872 1028 895 1052 7.
914 1026 946 1053 de
965 1037 993 1053 re
1007 1025 1059 1052 iud.
1081 1023 1082 1031 ¹

218 1072 259 1097 42.
276 1073 297 1097 1.
320 1071 443 1097 Porrecta
457 1076 534 1107 atque
553 1080 678 1096 concessa
698 1069 868 1107 (privilegia.)
889 1069 937 1095 Th.
950 1068 980 1096 C.
993 1069 1059 1095 VIII.
1081 1101 1082 1108 ἵ

218 1116 242 1140 4.
263 1124 285 1140 c.
306 1116 345 1140 ll.
365 1114 398 1140 de
417 1113 542 1140 cohortal.
580 1112 712 1144 Porrecta,
733 1117 758 1138 ct
777 1112 925 1139 introducta
945 1114 970 1138 in
990 1111 1060 1138 audi-

219 1158 314 1183 torium
334 1156 521 1193 (provocatio)
542 1155 588 1182 Iul.
610 1166 649 1193 ep.
670 1166 730 1182 nov.
751 1165 771 1181 c.
794 1157 851 1182 120.
871 1156 892 1189 5.
912 1157 971 1181 525.
1008 1154 1060 1181 Ad·
1081 1155 1082 1180 l

218 1209 311 1225 versus
331 1199 453 1226 heredem
473 1199 538 1225 eiuS.
557 1200 582 1224 in
603 1208 680 1235 quein
699 1204 835 1236 porrectae
855 1203 916 1224 sunt
935 1199 984 1229 (sc.
1005 1208 1061 1235 pre-

220 1243 284 1275 ces.)
304 1241 346 1268 vel
365 1242 396 1268 ab
417 1241 558 1268 heredibus
579 1243 643 1271 eius.
665 1243 709 1278 qui
728 1243 859 1268 meruerit.
880 1240 928 1267 Th.
949 1240 980 1267 C.
1000 1240 1018 1266 l.
1035 1243 1059 1267 2.
1081 1253 1083 1265 c

219 1295 240 1312 c.
262 1287 301 1311 10.
321 1284 433 1317 (ch.)
454 1284 486 1310 de
505 1284 557 1311 div.
578 1295 657 1311 rcscr.
688 1301 719 1305 -
748 1285 778 1318 ᾗ.
800 1286 835 1311 2.
861 1285 1059 1315 Extendere,
1081 1296 1082 1306 ι

218 1329 451 1364 Amplificare.
489 1327 506 1354 1.
529 1329 590 1361 Sy.
615 1327 734 1356 Adferre.
756 1327 796 1354 Cf.
818 1327 841 1354 h.
862 1337 885 1352 v.
905 1326 927 1360 5.
948 1328 971 1353 4.
1009 1326 1060 1353 Dc-

218 1370 322 1402 duccre,
342 1370 458 1396 Referre.
478 1370 508 1396 sr.
529 1372 586 1396 195.
606 1381 643 1407 pr.
666 1370 703 1404 55.
726 1371 747 1396 l.
768 1380 807 1407 sq.
828 1370 860 1396 de
879 1369 910 1396 V.
923 1370 1005 1396 S.50.
1021 1371 1059 1396 16.

218 1413 260 1439 ΙΠ.
274 1414 340 1441 Gn.
359 1413 446 1439 Edicti
467 1413 571 1449 quidem
590 1413 669 1439 verba
689 1413 839 1445 cessabunt,
854 1429 885 1432 —
905 1414 1060 1439 sententiam

219 1457 339 1490 (autem)
363 1456 441 1482 edicti
465 1455 649 1493 porrigendam
672 1466 731 1482 esse
751 1456 782 1482 ad
802 1456 872 1482 haec.
897 1456 927 1482 fr.
949 1458 971 1482 7.
996 1456 1016 1490 5.
1038 1458 1060 1482 1.
1082 1471 1083 1480 κ

219 1499 251 1526 de
277 1499 367 1526 iurisd.
387 1501 411 1525 2.
433 1501 454 1525 1.
480 1499 509 1525 t‘r.
531 1501 554 1525 l.
578 1499 615 1532 55.
637 1500 658 1524 l.
683 1501 707 1525 4.
733 1498 765 1525 de
789 1499 878 1525 tribut.
903 1504 950 1525 act.
978 1502 1016 1526 14.
1036 1501 1060 1526 4.

220 1542 306 1578 Quam
326 1543 495 1573 sententiam.
520 1543 576 1568 iure
600 1541 725 1577 singulari
744 1547 889 1578 receptam,
909 1541 941 1568 ad
960 1548 1061 1569 caetera

219 1601 252 1605 —
271 1586 370 1622 porrigi
390 1595 441 1610 non
461 1585 567 1621 placuit.
587 1584 617 1610 fr.
636 1586 678 1611 23.
698 1586 720 1618 5.
740 1586 764 1611 3.
784 1584 816 1610 de
835 1585 920 1611 fideic.
941 1585 1004 1612 libb.
1019 1588 1060 1612 40.
1082 1577 1084 1613 ³.

219 1630 244 1654 5.
281 1627 372 1654 Latius
392 1629 510 1664 porrexit.
529 1627 669 1660 (Praetor,
689 1638 724 1654 sc.
745 1627 795 1653 hoc
815 1628 966 1661 iudicium.)
986 1629 1016 1655 fr.
1037 1631 1060 1655 5.

221 1670 243 1704 5.
262 1672 286 1696 2.
307 1672 329 1697 si
348 1681 461 1697 mensor.
483 1673 522 1697 ll.
541 1672 565 1696 6.
602 1669 642 1696 Ne
662 1670 772 1696 ulterius
792 1672 941 1707 porrigatur
961 1673 1061 1708 (poena
1082 1680 1084 1690 ¹

222 1717 339 1750 tempore
368 1713 563 1745 determinata.)
592 1713 622 1739 fr.
647 1717 670 1739 δ.
703 1713 734 1739 dc
758 1713 856 1750 postul.
880 1716 904 1740 3.
930 1716 950 1741 1,
992 1715 1062 1741 Inter

1082 1533 1084 1547 l

222 1765 288 1792 quos
308 1756 471 1792 adgnationis
490 1757 641 1793 incorrupta
661 1757 715 1782 iura
734 1766 781 1793 per
794 1756 912 1783 ordinem
926 1759 1063 1794 porrigun-
1083 1752 1084 1771 ³

222 1803 271 1824 tur.
292 1798 341 1825 Tb.
362 1799 392 1825 C.
412 1798 444 1824 V.
466 1801 487 1824 l.
507 1810 528 1825 c.
551 1801 572 1825 l.
593 1799 625 1825 de
644 1798 712 1834 legit.
733 1799 842 1825 liert-dit.

260 1842 435 1868 Pol-rina.
478 1844 627 1873 Parrum,
658 1843 756 1868 oleris
783 1852 895 1877 genus.
932 1842 975 1868 III.
996 1844 1085 1884 Cyn}

223 1884 265 1910 Do
290 1883 361 1919 lego.
390 1894 421 1910 ex
445 1884 552 1911 redactu
577 1885 719 1913 fructuum.
745 1884 824 1910 oleris
845 1889 870 1910 et
890 1886 1011 1922 porrinae
1029 1901 1061 1904 —
1083 1888 1085 1897 '

222 1932 323 1964 partem
343 1931 449 1952 sextam.
470 1926 499 1952 t'r.
514 1929 554 1953 58.
575 1928 596 1960 5.
621 1929 640 1953 1.
661 1927 693 1953 de
711 1926 792 1953 usnsr.
813 1929 835 1953 7.
858 1929 879 1953 1.

262 1971 393 1996 Porro.
413 1969 536 2002 (Advb.)
562 1970 592 2002 §-
612 1971 646 1996 1.
670 1971 822 1997 Vlterius.
860 1970 902 1996 111.
924 1972 989 1998 (711.
1010 1970 1062 2005 Qui

223 2022 290 2041 rem.
311 2022 387 2048 quam
408 2028 439 2031 -
460 2018 608 2049 acceperat.
629 2012 672 2039 alii
691 2023 771 2050 porro
791 2013 899 2039 dederit.
921 2013 949 2039 fr.
972 2014 1011 2039 19.
1031 2012 1063 2039 de
1084 2011 1085 2040 l

223 2065 256 2081 111.
276 2065 297 2081 c.
318 2055 405 2081 donat.
424 2056 465 2080 39.
485 2058 509 2081 6.
530 2055 560 2081 (1.
582 2055 642 2092 ΠΙ).
662 2056 706 2082 XI.
728 2058 749 2082 7.
776 2071 805 2075 -
832 2057 863 2090 §0
884 2058 919 2082 2.
943 2058 1062 2087 Extra,

225 2100 370 2124 Aliunde.
408 2097 451 2123 111.
472 2099 537 2125 (Ἦ.
569 2097 628 2124 Non
654 2100 709 2124 suis
728 2100 840 2131 meritis.
869 2109 959 2125 verum
982 2109 1061 2136 porro

226 2141 350 2176 quaesitis
374 2140 545 2177 compendiis.
572 2140 709 2178 Nov3Tlt.
732 2141 762 2167 11.
787 2141 819 2168 de
842 2143 980 2179 patrimon.
1001 2142 1018 2168 I.
1038 2143 1061 2167 3.
1084 2146 1086 2174 ζ

227 2183 375 2216 e.l.5.1.
396 2199 427 2202 —
448 2184 479 2216 §0
500 2185 536 2210 3.
558 2186 746 2216 Praeterea,
767 2186 896 2211 Deinde.
933 2185 975 2211 111.
997 2186 1063 2212 Cn.

227 2223 315 2259 Igitur,
335 2230 381 2251 etc.
399 2243 427 2246 —
448 2236 528 2263 porro
543 2231 590 2252 cte.
611 2226 641 2253 fr.
655 2228 697 2253 38.
715 2237 754 2264 pr.
774 2228 806 2254 de
826 2228 901 2254 cond.
921 2227 1008 2254 indeb.
1026 2230 1064 2253 12.
1086 2228 1087 2234 ¹

227 2269 251 2292 ὅ.
272 2266 302 2292 cf.
322 2266 352 2293 fr.
365 2270 406 2294 29.
426 2269 507 2302 515.
528 2269 560 2295 de
579 2269 623 2295 lib.
645 2274 669 2295 et
688 2270 776 2306 posth.
795 2271 836 2296 28.
856 2273 879 2296 2.
918 2271 1000 2297 :Nemo
1020 2271 1065 2297 du-

229 2309 328 2335 bitavit.
366 2310 436 2345 Quin
455 2313 540 2338 minus
560 2323 639 2349 porro
660 2318 708 2338 etc.
734 2312 763 2338 fr.
785 2314 824 2338 78.
850 2313 872 2346 5.
892 2316 915 2339 5.
937 2313 969 2340 de
988 2314 1064 2349 legat.

229 2352 270 2378 111.
291 2353 358 2385 (32.)
396 2352 466 2387 Quid
486 2365 564 2391 porro
584 2355 663 2382 refert
683 2356 748 2382 etc.¹.‘
768 2355 797 2381 sr.
814 2357 834 2381 l.
855 2356 876 2389 5.
894 2358 931 2382 10.
952 2356 983 2382 ad
999 2356 1025 2382 S.
1035 2356 1065 2382 C.

230 2394 312 2431 Turp.
332 2396 372 2420 48.
394 2396 433 2421 16.

267 2438 396 2464 Porta.
425 2438 455 2469 ξ.
470 2440 504 2465 l.
525 2442 621 2467 Fures
641 2452 811 2468 murorum.
848 2441 890 2467 111.
906 2443 971 2469 Cn.
992 2441 1067 2467 Tem-

230 2479 282 2517 pla.
302 2485 400 2516 portas.
420 2479 523 2507 aliudve
542 2483 604 2518 quid
623 2484 757 2521 publicum
777 2486 898 2517 (armatis
918 2484 1065 2517 obsidere.)

232 2522 303 2549 Paul.
324 2521 354 2548 V.
375 2524 416 2548 26.
435 2524 456 2556 5.
476 2525 500 2549 3.
537 2523 646 2553 Sanctae
665 2538 720 2559 ruys.
744 2527 815 2554 velut
838 2529 904 2554 muri
924 2533 947 2553 et
969 2532 1066 2564 portae.

233 2566 289 2592 Gai.
309 2564 338 2590 II.
358 2569 381 2591 a.
406 2565 435 2591 l'r.
454 2568 478 2592 ⁴2.
499 2576 531 2592 nc
551 2577 592 2602 qu.
617 2569 643 2594 in
665 2569 723 2596 locu
743 2580 826 2597 sacro.
846 2573 886 2597 43.
907 2572 930 2597 6,
967 2570 995 2596 In
1015 2581 1068 2596 mu-

234 2609 282 2636 ris.
301 2608 430 2637 turribus,
450 2613 475 2634 et
495 2609 623 2645 portibus.
650 2611 717 2638 Nov.
738 2613 786 2640 Val
815 2613 856 2640 111.
883 2613 914 2639 dc
935 2613 1066 2650 pant-apol.

233 2650 263 2677 11.
283 2653 305 2677 5.
331 2661 351 2676 c.
373 2653 395 2676 l.
419 2652 440 2684 5.
460 2653 483 2677 3.
526 2651 631 2678 Portam
654 2653 751 2681 Romae
777 2656 885 2691 ingredi.
915 2656 944 2682 [Γ.
973 2657 1010 2681 16.
1036 2655 1068 2682 de

233 2694 276 2720 oss.
296 2693 370 2719 Pron.
391 2698 416 2719 et
435 2693 496 2729 Leg.
518 2696 539 2720 l.
562 2696 600 2720 15.
621 2711 652 2714 —
678 2696 708 2729 ᾖ.
729 2699 764 2724 2.
785 2701 919 2730 Aditus,
940 2701 1068 2734 Ingres-

234 2747 292 2763 sus.
329 2735 371 2762 III.
392 2737 457 2763 Cn.
476 2735 568 2773 Neque
587 2737 693 2764 famosis
711 2754 745 2758 —
764 2740 896 2777 dignitatis
915 2746 1007 2778 portae
1026 2751 1068 2778 pa-

235 2779 335 2805 tebunt.
356 2789 376 2804 c.
396 2781 419 2804 2.
441 2778 472 2805 de
492 2779 619 2816 dignitatt.
641 2782 680 2806 12.
702 2783 722 2807 1.

272 2822 445 2848 Portare.
482 2823 513 2855 §-
536 2824 570 2849 l.
597 2826 744 2856 Gestare,
764 2827 930 2854 Baiulare.
967 2827 985 2854 Ι.
1006 2830 1067 2863 Sy.

1087 2334 1089 2348 l

1878 175 1940 204 729

1099 256 1198 283 Gerere
1218 254 1344 287 (telum.)
1370 255 1442 282 Paul.
1463 255 1494 282 V.
1513 256 1554 281 23.
1581 255 1602 288 5.
1623 256 1645 281 7.
1683 254 1777 283 Ferre.
1797 253 1939 281 Praeferre.

1099 299 1130 325 fr.
1152 300 1191 326 18.
1211 309 1249 336 pr.
1270 297 1397 324 commod.
1420 300 1457 324 13.
1478 300 1501 324 6.
1528 298 1557 324 sr.
1576 299 1618 324 38.
1639 297 1671 324 de
1692 298 1767 324 ininr.
1787 299 1828 323 47.
1850 300 1888 323 10.
1909 298 1939 323 fr.

1097 343 1139 368 28.
1160 342 1181 375 5.
1203 343 1225 367 7.
1246 340 1278 367 de
1297 350 1373 378 poen.
1394 341 1435 366 48.
1456 342 1495 367 19.
1510 355 1543 359 —
1562 341 1593 373 5.
1605 342 1640 367 2.
1663 343 1859 375 Adportare,
1880 342 1940 366 Ad-

1093 385 1194 420 ferre.
1236 383 1255 410 Ι.
1279 384 1341 417 Sy.
1369 382 1551 419 Comportare.
1577 383 1626 409 Th.
1648 383 1678 409 C.
1699 383 1743 409 XI.
1762 385 1786 409 2.
1813 393 1834 409 c.
1853 385 1877 408 2.
1901 393 1940 419 pr.

1100 426 1189 453 tribut.
1210 427 1236 453 in
1256 427 1305 463 ips.
1326 436 1396 463 spec.
1434 426 1594 463 Deportare.
1615 425 1761 452 Devehere.
1793 425 1832 451 Cf.
1854 425 1878 452 h.
1898 435 1940 451 vv.

1099 469 1141 495 III.
1165 470 1230 496 (7²1.
1261 468 1359 495 Navem
1385 468 1528 499 fabricare.
1554 473 1578 494 et
1602 468 1709 494 Romani
1734 468 1770 494 VI
1793 469 1867 494 annis
1891 468 1942 494 fru-

1076 511 1077 516 ’
1099 516 1214 538 mentum
1233 516 1345 548 portare.
1366 511 1428 548 le.
1448 511 1489 537 lII.
1508 513 1531 538 6.
1569 510 1605 537 Vt
1625 516 1721 537 certum
1742 511 1847 548 pondus
1866 511 1942 537 veha-

1077 580 1078 593 ἱ
1100 559 1150 583 tur.
1170 570 1202 573 —
1223 559 1266 580 aut
1285 554 1363 580 carbo
1383 558 1512 591 portetur.
1534 553 1563 580 fr.
1584 556 1607 580 4.
1628 555 1648 587 5.
1671 556 1692 580 1.
1713 553 1745 580 de
1764 556 1854 580 servit.
1874 556 1897 580 8.
1920 556 1940 580 1.

1100 597 1245 623 Iussionem
1269 602 1375 634 portare
1394 596 1520 623 Praesidi.
1548 596 1594 622 Iul.
1616 607 1654 633 ep.
1676 606 1735 622 nov.
1756 607 1777 623 c.
1797 599 1838 623 21.
1859 598 1880 631 5.
1902 598 1941 623 76.

1077 641 1079 662 Ε
1102 640 1132 666 cf.
1154 640 1174 673 5.
1195 641 1237 666 63.

1138 684 1387 710 Portendcre.
1424 684 1636 713 Praedicere,
1664 684 1795 709 Praemo
1805 689 1942 709 nstrare.

1078 729 1080 738 '¹
1102 725 1144 751 III.
1165 727 1231 753 011.
1255 725 1327 761 Quid
1351 724 1504 762 portendat,
1534 724 1564 751 ab
1585 724 1769 761 haruspicibus
1787 726 1942 761 requiratur.

1103 768 1151 795 Th.
1173 768 1203 795 C.
1224 767 1294 794 XVI.
1316 769 1355 793 lo.
1376 777 1397 793 c.
1414 770 1435 794 l.
1456 767 1488 794 de
1507 777 1599 805 pagan.

1140 812 1406 841 Forte-atomis,
1438 820 1458 837 s.
1481 811 1768 838 Portentuosus.
1806 810 1943 843 (Adiect.)

1103 856 1339 889 prodigiosus,
1360 855 1608 880 Abominandum
1646 852 1689 878 III.
1704 854 1770 880 Cn.
1791 852 1819 879 Si
1839 858 1944 890 porten-

1105 902 1203 924 tosum.
1228 896 1270 922 vel
1293 901 1485 927 monstrosum,
1510 895 1551 923 vel
1576 895 1689 922 debilem
1713 895 1806 922 mulier
1825 895 1944 922 ediderit.

1080 939 1082 946 ¹
1104 939 1134 965 fr.
1156 941 1212 964 135.
1237 938 1269 964 de
1289 938 1320 965 V.
1341 939 1368 965 S.
1393 941 1433 965 50,
1455 941 1494 965 16.
1538 939 1729 965 Portentuosae
1753 938 1874 969 vilitatis.
1903 938 1945 964 ab-

1104 983 1239 1017 iectaeque
1262 981 1413 1018 pudicitiae.
1445 981 1494 1008 Th.
1520 981 1550 1008 C.
1576 981 1642 1008 Vlll.
1670 983 1708 1007 13.
1733 992 1754 1008 c.
1776 983 1798 1008 1.
1822 982 1888 1015 5.1.
1914 981 1945 1007 de.

1105 1034 1190 1051 revoc.
1211 1024 1298 1050 donat.
1335 1024 1465 1050 Damnato
1485 1030 1673 1061 portentuosae
1692 1025 1890 1061 superstitionis
1903 1034 1945 1050 au-

1105 1073 1185 1094 ctore.
1205 1066 1338 1093 Nestorii).
1356 1066 1392 1092 Ib.
1413 1066 1483 1093 XVI.
1503 1070 1527 1093 5.
1548 1078 1568 1093 c.
1588 1069 1628 1094 66.
1650 1078 1687 1105 pr.
1709 1068 1741 1094 de
1761 1067 1858 1093 haeret.

1142 1112 1380 1137 Portentum.
1431 1112 1490 1136 Res
1520 1113 1738 1145 prodigiosa,
1775 1117 1804 1136 et
1832 1112 1945 1145 perni—

1105 1156 1201 1180 ciosa.
1239 1153 1282 1179 III.
1302 1154 1368 1180 Cn.
1392 1152 1488 1181 ludaei.
1509 1152 1660 1180 Samaritae.
1680 1154 1781 1190 pagani,
1801 1158 1826 1179 et
1846 1158 1946 1179 caetera

1081 1215 1083 1239 ἰ
1105 1197 1295 1223 haereticorum
1314 1205 1407 1231 genera
1427 1200 1617 1232 portentorum.
1638 1196 1705 1222 Νῦν.
1726 1196 1820 1222 Tb.11.
1841 1195 1872 1222 de
1891 1195 1945 1222 Iud.

1104 1239 1122 1266 I.
1143 1242 1166 1265 6.
1188 1250 1208 1265 c.
1232 1241 1252 1266 1.
1277 1239 1294 1265 Α,
1316 1241 1337 1265 1.

1143 1242 1367 1309 Porticittio.
1405 1283 1601 1308 Porticuum
1621 1285 1705 1308 ordo.
1743 1282 1784 1308 111.
1802 1283 1867 1309 (711.
1887 1281 1947 1307 Am-

1105 1325 1177 1363 plum
1197 1324 1260 1361 quid
1281 1324 1413 1350 aedificari
1426 1339 1460 1343 -
1480 1324 1579 1356 iubere,
1599 1325 1680 1351 veluti
1700 1326 1726 1350 in
1747 1326 1882 1351 circuitum
1903 1324 1946 1357 [al.

1106 1367 1217 1402 circum]
1240 1369 1436 1405 perticationes.
1457 1367 1486 1393 fr.
1506 1369 1547 1394 37.
1568 1368 1590 1400 5.
1612 1369 1635 1393 l.
1656 1368 1688 1394 de
1707 1367 1779 1403 relig.
1802 1369 1840 1393 11.
1861 1369 1883 1393 7.

1143 1411 1330 1438 Porticus.
1376 1412 1479 1437 Locus
1511 1417 1658 1444 apertus,
1690 1412 1846 1437 columnis
1877 1420 1948 1436 sus-

1105 1464 1200 1489 penso
1223 1460 1307 1480 tecto
1327 1455 1479 1479 munitus.
1518 1453 1562 1479 III.
1584 1455 1649 1480 Gn.
1673 1453 1716 1479 Ad
1740 1453 1831 1485 aedes,
1857 1453 1904 1479 sed
1924 1458 1949 1479 et

1106 1497 1137 1523 ad
1158 1496 1257 1524 balnea.
1277 1496 1319 1522 vel
1339 1495 1409 1522 aliud
1429 1495 1499 1532 quod
1520 1495 1676 1524 aediticium.
1697 1496 1738 1522 vel
1754 1497 1872 1533 porticus
1892 1497 1949 1522 sinc

1106 1540 1215 1567 nectibus
1235 1544 1283 1566 etc.
1304 1538 1453 1571 (extendi.)
1473 1538 1503 1564 t'r.
1524 1540 1565 1564 41.
1591 1539 1611 1572 §v-
1632 1540 1655 1565 8.
1680 1539 1712 1565 de
1736 1539 1811 1574 legat.
1832 1538 1850 1564 1.
1871 1538 1948 1571 (30.)

1106 1584 1137 1610 cf.
1158 1594 1179 1610 c.
1202 1585 1240 1609 12.
1261 1582 1293 1608 de
1313 1582 1338 1608 h.
1358 1592 1400 1618 qu.
1421 1586 1449 1607 ut
1468 1580 1565 1616 indign.
1585 1583 1608 1607 6,
1628 1583 1669 1607 35.
1708 1581 1766 1607 'Non
1787 1581 1864 1607 modo
1884 1592 1896 1607 a
1917 1597 1949 1600 -

1106 1626 1212 1664 templis
1234 1641 1263 1645 --
1290 1624 1478 1662 prohibentur,
1503 1623 1549 1649 sed
1575 1624 1650 1649 etiam
1676 1623 1792 1655 cellulis,
1818 1624 1949 1655 domibus,

1106 1669 1228 1699 hortulis.
1248 1668 1358 1697 balneis.
1378 1668 1444 1693 arcis
1465 1671 1542 1702 atque
1562 1666 1717 1703 porticibus.
1739 1667 1788 1693 Th.
1803 1667 1833 1693 C.
1848 1667 1892 1693 IX.
1907 1669 1949 1693 45.

1083 1738 1084 1746 ,
1107 1725 1127 1740 c.
1149 1715 1171 1739 4.
1192 1713 1213 1746 5
1237 1715 1257 1738 1.
1279 1712 1309 1737 ct'.
1330 1721 1367 1748 pr.
1391 1710 1423 1736 de
1443 1709 1467 1735 h.
1488 1719 1530 1745 qu.
1551 1709 1583 1735 ad
1603 1709 1665 1735 cccl.
1703 1710 1865 1747 Angiportus
1886 1711 1950 1736 inte-

1106 1766 1166 1792 gros
1192 1771 1223 1775 ——
1249 1754 1396 1783 includere,
1428 1762 1474 1778 scu
1499 1753 1616 1789 porticus
1643 1762 1777 1789 usurpare.
1807 1763 1826 1779 c.
1852 1755 1893 1779 20.
1918 1753 1950 1779 dc

1107 1809 1166 1836 opp.
1188 1798 1248 1835 pub.
1270 1798 1294 1823 S.
1315 1798 1354 1822 12.
1374 1795 1406 1821 cf.
1427 1794 1491 1821 Tab.
1513 1794 1614 1821 Heracl.
1635 1794 1679 1820 lin.
1694 1798 1735 1821 68.
1755 1805 1813 1832 sqq.
1834 1806 1884 1822 aer.
1905 1795 1948 1822 ΒΓ.

1108 1841 1143 1868 Vt
1162 1842 1187 1867 in
1208 1841 1333 1877 parietem
1354 1840 1409 1865 eius
1430 1840 1498 1874 tigna
1518 1839 1658 1863 immittere
1677 1837 1739 1864 mihi
1756 1838 1840 1869 liceat.
1861 1849 1951 1875 supra-

1108 1895 1158 1921 que
1178 1894 1206 1909 ea
1227 1884 1302 1919 tigna·
1316 1892 1339 1908 v.
1359 1892 1381 1917 g.
1402 1883 1531 1917 porticum
1552 1880 1749 1907 ambulatorium
1769 1881 1860 1908 facere.
1882 1882 1949 1908 11:⁵5

1107 1929 1129 1962 5.
1152 1929 1172 1953 1.
1193 1927 1215 1952 si
1235 1926 1325 1952 servit.
1344 1925 1415 1951 vind.
1429 1928 1452 1951 δ.
1468 1925 1491 1950 5.
1512 1923 1561 1950 Th.
1577 1923 1607 1949 C.
1621 1922 1680 1950 XV.
1696 1925 1718 1950 l.
1739 1934 1760 1950 c.
1775 1926 1816 1950 45.
1838 1924 1870 1950 de
1889 1934 1949 1962 opp.

1084 1986 1086 2003 i
1108 1970 1169 2008 pub.

1146 2012 1288 2039 Portio.
1327 2011 1403 2044 §.L
1424 2013 1513 2037 Pars.
1551 2009 1569 2035 Ι.
1591 2010 1652 2043 Sy.
1673 2009 1744 2036 Pars.
1766 2010 1821 2036 Gai.
1843 2009 1871 2036 11.
1890 2012 1949 2036 217.

1108 2056 1149 2082 111.
1170 2057 1211 2081 fil.
1233 2054 1261 2080 [ι’.
1279 2055 1319 2079 44,
1342 2053 1373 2080 de
1393 2059 1459 2091 pact.
1474 2055 1497 2079 2.
1514 2054 1553 2078 14.
1574 2052 1603 2078 fr.
1621 2055 1659 2079 13.
1679 2063 1717 2090 pr.
1738 2053 1770 2079 dc
1790 2054 1893 2079 iureiur.
1911 2055 1948 2078 12.

1084 2119 1085 2134 ,
1107 2102 1131 2125 2.
1170 2098 1220 2124 Pro
1240 2102 1302 2123 rata.
1321 2096 1372 2123 Pro
1394 2098 1521 2132 portione.
1543 2096 1573 2121 l'r.
1592 2098 1630 2122 15.
1651 2097 1672 2129 5.
1692 2098 1728 2122 18.
1749 2095 1781 2121 de
1802 2095 1884 2122 damn.
1905 2096 1949 2122 inf.

1107 2143 1148 2168 39.
1168 2144 1191 2167 2.
1230 2140 1259 2166 11.
1282 2142 1349 2174 Op.
1370 2139 1480 2167 Totum.
1499 2139 1638 2174 Integrum.
1659 2139 1688 2165 sr.
1711 2141 1749 2164 15.
1770 2139 1791 2172 5
1813 2141 1853 2164 18.
1872 2138 1888 2165 l.
1909 2138 1949 2165 Cf.

1108 2196 1132 2210 v.
1153 2184 1262 2220 Integer.
1283 2184 1303 2217 5.
1328 2185 1348 2209 l.
1387 2182 1428 2209 111.
1450 2184 1516 2210 Cn.
1540 2181 1567 2207 In
1587 2182 1668 2218 patris
1689 2183 1729 2207 sui
1749 2181 1835 2208 locum
1854 2183 1950 2219 portio-

1109 2237 1220 2263 ncmque
1240 2226 1382 2253 succedere
1402 2226 1546 2262 (nepotes.)
1567 2224 1623 2250 Gai.
1642 2223 1682 2250 III.
1705 2226 1726 2250 7.
1765 2224 1815 2250 Cui
1829 2241 1859 2244 -—
1875 2224 1951 2250 liber-

1111 2277 1149 2297 tas
1169 2275 1194 2296 et
1213 2271 1300 2307 portio
1320 2268 1473 2295 hereditatis
1493 2268 1580 2294 relicta
1601 2272 1662 2293 crat.
1683 2267 1712 2293 fr.
1727 2269 1768 2294 24.
1783 2267 1814 2293 de
1828 2266 1855 2292 L⁴
1869 2267 1948 2292 Corn.

1111 2314 1142 2340 de
1163 2313 1274 2339 fals-18.
1292 2315 1329 2338 10.
1369 2312 1509 2347 Quotquot
1529 2315 1604 2336 erunt
1623 2310 1654 2336 ab
1674 2315 1783 2346 utraque
1802 2314 1874 2346 parte
1894 2319 1951 2345 per-

1110 2367 1207 2384 sonac.
1233 2357 1258 2381 in
1288 2360 1326 2380 tot
1351 2355 1487 2391 portiones
1513 2353 1643 2379 bct-editas
1669 2352 1806 2379 dividetur.
1832 2352 1887 2378 Gai.
1907 2351 1949 2377 111.

1088 2396 1089 2405 ³
1113 2402 1151 2426 16.
1171 2401 1211 2425 61.
1236 2398 1296 2434 le.
1317 2396 1413 2423 XXVI.
1433 2400 1457 2423 4.
1479 2396 1510 2422 cs.
1530 2396 1560 2422 l'r.
1580 2399 1603 2422 5.
1623 2397 1645 2429 5.
1666 2398 1688 2422 7.
1708 2395 1739 2421 de
1759 2395 1833 2431 legat.
1854 2400 1949 2431 praest.

1109 2445 1151 2469 37.
1176 2444 1198 2468 5.
1240 2441 1322 2467 Extra
1346 2441 1493 2473 portionem
1518 2439 1670 2465 hereditatis
1694 2438 1844 2474 praecipere
1868 2437 1950 2473 (lega-

1112 2488 1187 2517 tum.)
1207 2485 1263 2510 (jai.
1285 2483 1312 2509 11.
1332 2485 1391 2509 217.
1428 2482 1491 2508 Plus
1511 2492 1557 2508 sua
1577 2483 1697 2518 portiom·
1716 2480 1827 2506 solvere.
1852 2479 1888 2505 Id.
1908 2479 1948 2506 111.

1113 2531 1169 2555 122.
1207 2527 1257 2554 Pru
1278 2526 1425 2557 dominicis,
1440 2542 1471 2545 -—
1491 2525 1542 2551 Pro
1562 2524 1690 2551 virilibus.
1710 2523 1876 2560 portionibus
1896 2523 1951 2555 (ad-

1112 2573 1242 2608 quirere.)
1268 2569 1297 2595 fr.
1319 2571 1341 2595 7.
1363 2579 1400 2606 pr.
1425 2568 1457 2594 de
1480 2568 1568 2605 stipul.
1590 2577 1656 2592 εει-ν.
1677 2568 1716 2592 45.
1736 2567 1760 2591 3.
1797 2564 1875 2601 Legis
1896 2565 1950 2592 Fal-

1112 2614 1194 2641 cidiae
1214 2614 1360 2650 portionem
1379 2612 1524 2638 detrahere.
1545 2610 1575 2636 sr.
1588 2612 1629 2635 32.
1650 2609 1686 2642 55.
1700 2610 1724 2634 3.
1738 2618 1777 2644 sq.
1793 2608 1823 2634 ad
1837 2608 1866 2635 L.
1880 2608 1948 2635 Falc.

1111 2659 1152 2683 35.
1172 2660 1195 2682 2.
1233 2655 1329 2681 Debita
1353 2656 1470 2692 pati-onis
1496 2654 1590 2690 portio.
1619 2651 1648 2677 fr.
1671 2653 1708 2677 13.
1729 2661 1767 2688 pr.
1792 2651 1824 2677 dc
1844 2652 1948 2677 iureiur.

1115 2702 1153 2726 12.
1173 2701 1197 2726 2.
1234 2697 1285 2724 Pro
1306 2700 1427 2736 portione
1447 2696 1573 2733 temporis
1593 2694 1750 2726 (deducere.
1770 2704 1793 2719 v.
1814 2694 1949 2723 reddere.)

1113 2743 1142 2769 sr.
1162 2743 1203 2768 *28-
1224 2742 1245 2775 5.
1265 2744 1288 2768 2.
1310 2741 1340 2768 fr.
1351 2743 1392 2767 30.
1412 2741 1471 2773 5.1.
1493 2739 1568 2765 locat.
1585 2739 1623 2763 19.
1637 2739 1660 2762 2.
1682 2737 1710 2763 l'r.
1725 2739 1748 2763 7.
1768 2738 1844 2771 512.
1865 2737 1894 2762 fr.
1912 2739 1947 2762 11.

1113 2785 1160 2812 sol.
1181 2786 1290 2811 matrim.
1310 2786 1351 2811 24.
1365 2786 1389 2810 3.
1405 2798 1435 2802 —-
1457 2782 1487 2815 §-
1503 2782 1537 2807 2.
1559 2782 1718 2811 decessio,
1740 2782 1881 2815 Sequela.
1919 2779 1947 2804 11.

1115 2830 1181 2863 ΟΡ.
1201 2828 1377 2854 Iusti-umento
1397 2825 1490 2851 domus
1509 2824 1644 2850 contineri.
1661 2840 1689 2844 ——
1710 2823 1800 2850 Portio
1815 2823 1870 2848 eius
1883 2831 1948 2847 essc-

1476 2869 1508 2894 92
