2197 3121
935 165 1029 195 DISS
1054 183 1091 189 —
1116 165 1225 196 DIST.

216 250 342 285 (vincula.
362 260 385 276 v.
406 249 541 281 claustra.)
562 248 612 276 Th.
632 247 663 275 C.
684 248 728 274 IX.
748 248 790 274 38.
811 257 832 274 c.
851 249 875 274 3.
896 257 917 273 c.
932 248 955 273 8.
976 246 1008 273 de
1022 248 1057 273 in-

215 294 285 330 dulg.
306 294 377 320 crim.
398 292 543 319 Resolvere
563 290 755 324 (aediticium.)
777 290 806 316 fr.
826 291 868 316 23.
888 291 910 324 5.
931 292 954 317 7.
975 290 1007 316 de
1025 289 1056 316 R.

215 336 247 363 V.
267 338 291 362 6.
314 338 335 362 l.
373 336 403 362 II.
426 338 492 369 Op.
517 334 701 371 Compingere.
722 333 751 359 sr.
772 335 813 359 53.
833 334 854 367 5.
874 335 898 359 5.
919 332 951 359 de
971 332 1002 359 V.
1023 332 1056 359 Ο.

214 381 256 406 45.
283 381 304 405 l.
331 378 361 405 sr.
385 380 426 405 98.
454 379 475 412 5.
500 382 525 404 8.
550 377 582 403 de
606 376 685 403 solut,
709 378 750 402 46.
778 378 802 402 3.
839 375 881 402 III.
903 377 968 403 (711.
989 375 1057 402 Cum

215 421 346 459 spoliatur
366 424 415 454 (sc.
436 422 531 453 navis.)
551 424 595 446 aut
614 421 747 455 mergitur.
766 423 810 445 aut
828 418 992 449 dissolvitur,
1013 423 1057 444 aut

214 465 390 502 pertunditur.
411 464 440 490 sr.
460 465 483 490 6.
504 463 536 490 de
555 462 658 489 incend.
679 463 744 488 ruin.
764 464 806 488 47.
825 463 849 488 9.
887 460 1055 487 Dissolutum

215 512 258 534 aut
277 507 498 543 transfiguratum.
518 506 548 532 fr.
571 508 610 532 10.
631 506 667 539 55.
689 507 712 531 6.
733 515 772 541 sq.
811 504 862 540 Qu.
882 503 951 530 mod.
972 504 1054 530 usust'.

216 552 239 577 7.
260 552 283 576 4.
305 566 336 569 —
356 551 386 583 δ.
408 551 442 576 2.
464 550 642 580 Dirimere,
664 549 866 574 Distrahere.
894 546 986 581 [sy.
1007 546 1056 573 Re-

215 593 345 624 scindere.
366 592 472 619 Tollere
487 591 707 627 (obligationem.)
722 590 778 617 Gai.
792 589 834 616 111.
852 590 908 615 168.
922 600 981 626 sqq.
997 591 1054 616 180.

215 636 287 663 Paul.
308 636 325 663 1.
348 638 368 662 l.
388 636 426 669 55.
445 637 469 661 2.
490 644 529 671 sq.
551 634 580 660 l'r.
601 636 642 660 95.
663 635 684 668 5.
699 635 722 660 4.
743 632 775 659 de
794 632 873 659 solut.
888 634 928 659 46.
943 635 967 659 3.
990 632 1055 658 Tur-

214 680 276 706 bare
296 679 522 711 (matrimonium.)
543 676 572 703 fr.
595 678 617 703 l.
637 677 658 711 5.
678 679 702 703 5.
722 675 754 702 de
779 675 824 701 lib.
845 675 931 701 exliib.
952 677 993 702 43.
1013 677 1054 701 30.

214 722 244 749 11.
266 724 332 756 Op.
353 721 464 751 Durare,
485 731 508 746 v.
526 719 664 746 Constare.
680 736 709 740 —
724 717 845 745 Dissolvi
865 717 1054 755 (adoptionem.
1077 726 1078 732 ¹

213 776 238 791 v.
259 765 472 796 matrimonium.)
511 762 568 789 Gai.
588 763 606 789 1.
632 764 688 788 161.
708 761 738 788 fr.
759 763 782 788 7.
802 761 835 787 de
854 761 949 787 divort.
969 762 1010 786 24.
1030 763 1054 787 2.
1077 784 1078 787 ,

214 807 255 834 III.
271 808 337 834 Gn.
359 805 477 841 Collegia
498 822 530 825 —
550 805 640 832 illicita
664 804 793 830 mandatis
818 809 843 830 et
862 805 1056 830 constitutioni-

213 851 262 876 bus
286 855 312 876 εἰ
335 849 361 875 S.
374 841 447 875 Ctis⁷
463 848 652 875 dissolvuntur.
685 847 714 873 t'r.
738 849 762 873 3.
788 858 826 885 pr.
852 847 884 874 de
909 847 1001 883 colleg.
1030 852 1055 873 et

213 903 284 930 corp.
305 894 347 918 47.
366 894 408 918 22.
455 891 531 918 Tunc
555 890 680 926 obligatio
705 890 810 927 quidem
829 890 984 928 principalis
1004 889 1055 916 dis-

212 935 338 962 solvitur.
363 935 456 971 incipit
479 939 564 960 autem
588 934 671 960 teneri
696 943 756 960 reus
779 933 833 959 litis
853 934 1053 959 contestatione.

212 978 269 1005 Gai.
290 977 331 1003 Ill.
359 979 415 1003 150.
440 977 565 1003 Iudicium
587 993 615 997 -—
637 986 689 1002 non
709 976 873 1005 dissolvitur.
899 987 946 1003 nec
966 976 1054 1003 officio

212 1021 307 1048 iudicis
327 1020 459 1046 absolutio
485 1020 641 1046 continetur.
666 1019 696 1046 fr.
717 1021 758 1045 42.
783 1020 804 1053 5.
824 1021 848 1045 3.
874 1019 922 1046 sol.
943 1021 1053 1046 matrim.

210 1066 253 1091 24.
273 1066 297 1090 3.
335 1063 363 1089 Si
384 1062 480 1089 usnsfr.
502 1063 639 1093 interierit,
659 1062 701 1089 vel
721 1062 850 1089 dissoluta
867 1062 945 1089 fuerit
963 1063 1054 1100 pigno—

211 1109 248 1134 ris
268 1106 402 1142 obligatio.
427 1105 457 1132 t'r.
483 1107 524 1131 69.
549 1105 582 1131 de
606 1105 684 1132 solut.
709 1107 750 1132 46.
773 1107 798 1131 3
827 1122 853 1125 —
879 1106 910 1138 §-
931 1107 968 1132 3.
994 1107 1054 1132 De—

211 1153 358 1186 pendere,
388 1151 526 1175 Solvere.
566 1148 583 1174 I.
614 1149 675 1182 Sy.
703 1147 873 1180 Persolvew,
897 1148 1052 1175 Exsolvere.

211 1193 260 1220 Th.
286 1192 316 1219 C.
342 1191 387 1218 XI.
414 1193 436 1217 1.
461 1201 483 1217 c.
507 1192 549 1217 29.
574 1201 595 1217 c.
620 1192 662 1217 33.
687 1201 745 1228 sqq.
771 1191 804 1218 de
827 1202 922 1218 annon.
948 1196 973 1217 et
992 1191 1051 1217 trib.

209 1236 266 1264 XII.
288 1238 309 1262 l.
330 1246 352 1261 c.
374 1236 430 1261 109.
451 1244 490 1270 sq.
511 1234 543 1260 de
563 1234 698 1260 decurion.

245 1277 462 1307 Dissolutio.
482 1277 513 1310 §.
535 1278 569 1303 l.
590 1279 768 1304 Resolntio.
806 1277 849 1304 111.
874 1279 939 1305 Gn.
959 1277 1051 1304 Disso-

209 1323 310 1349 lutione
329 1331 358 1347 ae
377 1320 572 1357 permutatione
591 1319 637 1345 tali
656 1319 778 1346 voluntas
799 1336 831 1339 -—
850 1325 955 1347 mutata.
976 1320 1006 1347 sr.
1026 1322 1050 1347 6.

209 1366 231 1399 5.
253 1367 275 1391 1.
296 1364 328 1390 de.
348 1373 410 1390 auro
431 1372 482 1399 arg.
502 1363 544 1388 34.
563 1364 587 1388 2.
625 1362 783 1389 Matrimonii
807 1362 899 1390 (lissol.
926 1374 947 1390 c.
971 1366 995 1390 3.
1018 1363 1051 1390 ad

208 1407 238 1435 L.
259 1407 306 1434 Iul.
326 1407 359 1433 de
378 1406 418 1433 ad.
438 1408 461 1432 9.
481 1407 505 1432 9.
534 1421 566 1424 -—
597 1406 628 1439 §.
649 1407 684 1432 2.
711 1408 929 1442 δαίἰ3]ἀ(·ιιύ,
949 1409 1049 1433 Exse-

208 1452 306 1478 cnlio.
336 1449 380 1475 III.
401 1450 467 1476 Gn.
499 1447 562 1474 Sine
581 1448 634 1474 ulla
653 1448 829 1485 trepidatione
847 1460 948 1487 poenae
966 1449 1050 1475 facilis

209 1492 350 1520 dissolutio
371 1497 419 1518 est.
457 1491 507 1518 Th.
528 1490 559 1517 C.
579 1490 623 1517 IV.
648 1493 672 1518 9.
699 1502 720 1518 c.
743 1494 764 1518 1.
785 1492 888 1525 (ch.)
909 1492 941 1519 de
961 1493 985 1519 h.
1006 1503 1048 1529 qu.

210 1547 222 1562 a
241 1546 293 1562 non
313 1535 382 1561 dom.
402 1545 468 1561 man.

244 1580 466 1606 Dissolutor.
491 1577 731 1604 Dissolutrix.
760 1579 938 1611 Turbatur,
969 1581 1049 1606 Tur-

209 1624 327 1648 batrix.
365 1620 408 1646 III.
425 1621 491 1647 Gn.
519 1619 727 1656 Sepulchrorum
746 1620 901 1653 dissolutor,
922 1632 945 1648 v.
966 1622 1050 1648 disso-

210 1664 298 1691 lutrix.
319 1674 340 1690 c.
359 1665 383 1689 8.
403 1663 440 1696 55
460 1665 484 1688 2.
505 1672 544 1699 sq.
565 1662 597 1689 de
622 1662 712 1700 repud.
737 1666 760 1690 5.
787 1666 826 1690 17.
848 1664 879 1690 εἴ.
900 1664 949 1691 Th.
964 1665 995 1691 C.
1006 1665 1049 1691 111.

211 1708 251 1733 16.
273 1717 294 1733 c.
315 1708 337 1733 l.
357 1705 414 1732 eod.

244 1750 466 1776 Dissolutus.
486 1747 606 1781 (Panic.)
627 1749 657 1781 ξ.
673 1750 707 1776 Ι.
728 1752 899 1782 Snblnens,
922 1752 1049 1776 Direm-

209 1799 267 1818 tns.
306 1791 348 1818 111.
369 1793 434 1818 (711.
470 1790 537 1816 Puto
557 1791 653 1823 valere,
673 1793 748 1827 quasi
768 1794 837 1819 omni
862 1802 938 1819 causa
959 1798 985 1819 et
1007 1793 1048 1819 ad-

209 1844 302 1861 versus
321 1844 393 1860 reum
412 1838 437 1859 et
455 1833 582 1859 adversus
607 1834 791 1861 fideiussorem
814 1835 953 1862 dissoluta.
972 1835 1003 1861 t'r.
1024 1837 1046 1861 7.

208 1878 230 1911 5.
252 1879 273 1903 l.
295 1876 327 1903 de
346 1881 468 1902 transact.
488 1878 511 1901 2.
534 1877 573 1902 15.
594 1892 625 1895 -
645 1877 676 1909 ξ.
700 1878 734 1903 2.
757 1879 933 1910 Remissns,
955 1880 1047 1912 Supi-

208 1930 271 1947 nas,
310 1919 352 1945 111.
367 1920 432 1946 Gn.
462 1917 633 1954 Negligentia‚
653 1929 676 1945 v.
696 1919 836 1955 Ignoratio,
857 1920 995 1947 dissoluta.
1016 1921 1045 1947 fr.

207 1965 249 1990 29.
268 1973 307 1999 pr.
327 1961 412 1988 mand.
435 1964 473 1987 17.
497 1963 517 1987 l.
538 1961 568 1987 fr.
588 1963 629 1987 55.
649 1961 682 1987 de
701 1962 787 1989 Aedil.
808 1963 885 1990 edict.
904 1966 946 1990 21.
967 1966 989 1990 l.

242 2006 462 2032 Dissonans.
488 2003 609 2036 (partic.)
636 2005 844 2039 Discrepans.
867 2006 884 2032 I.
903 2008 964 2041 Sy.
986 2007 1046 2033 Dis-

208 2058 296 2079 sonae,
316 2048 492 2074 Dissonantes
511 2048 690 2080 (sententiae.)
710 2047 739 2074 fr.
760 2050 801 2075 24.
822 2059 861 2086 pr.
882 2049 914 2075 de
934 2059 1045 2076 manum.

209 2093 249 2117 40.
269 2093 291 2117 1.
312 2090 342 2117 fr.
361 2092 403 2116 38.
422 2100 461 2127 pr.
482 2089 514 2115 de
533 2100 561 2116 re
579 2090 632 2116 iud.
652 2092 692 2116 42.
716 2092 737 2117 l.

243 2133 498 2160 Dissonantia.
537 2134 778 2160 contrarietas.
816 2134 834 2161 1.
858 2136 919 2170 Sy.
939 2135 1047 2162 Discor-
1068 2132 1069 2146 l

210 2175 259 2201 dia.
279 2186 299 2202 c.
317 2179 342 2202 2.
361 2177 444 2210 5.15.
464 2175 496 2202 de
515 2180 566 2201 vet..
587 2177 642 2202 iure
661 2176 745 2203 enucl.
767 2179 789 2203 l.
808 2179 847 2204 17.

245 2218 435 2246 Ilisso-nus.
455 2219 584 2251 (Adiect.)
605 2220 811 2247 Contrarias.
831 2220 849 2246 I.
870 2222 932 2255 Sy.
952 2221 1046 2247 Disso-
1067 2249 1068 2255 ἵ

211 2270 283 2286 nanS.
320 2260 361 2287 Cf.
380 2261 404 2287 h.
424 2272 448 2287 v.
485 2261 527 2287 111.
544 2263 609 2289 (7η.
635 2260 707 2287 Nihil
726 2262 863 2289 dissonum
881 2264 988 2300 profana
1009 2264 1045 2291 di-
1067 2257 1068 2294 l

210 2304 312 2329 visione
336 2302 465 2330 facientes.
491 2303 541 2330 Th.
560 2303 630 2330 XVI.
652 2305 674 2330 1.
701 2315 721 2331 c.
746 2307 770 2331 3.
791 2305 823 2332 de
841 2306 894 2333 fide
913 2307 980 2333 cath.
1000 2307 1046 2333 Di-

210 2347 295 2372 versis
323 2347 483 2381 temporibus
512 2357 541 2373 ac
569 2346 686 2373 dissonis
713 2348 894 2375 voluntatibus
921 2366 952 2369 —
976 2350 1045 2376 ordi-

210 2398 294 2414 nasse.
315 2398 336 2413 c.
355 2389 378 2413 3.
399 2387 432 2413 de
449 2389 561 2415 codicill.
581 2391 604 2416 6.
624 2391 666 2415 36.

245 2430 450 2457 Distantia.
488 2433 710 2468 Differ-entia.
747 2434 776 2460 ΙΙ.
799 2436 861 2468 Op.
883 2434 1043 2462 Similitudo.

210 2473 258 2510 Ep.
280 2474 340 2499 inst.
360 2473 426 2499 Gaii.
446 2472 476 2498 11.
495 2476 518 2500 5.
538 2475 574 2509 55.
594 2477 618 2502 3.
638 2486 698 2512 sqq.
718 2476 748 2502 11.
770 2478 792 2503 7.
812 2477 834 2510 5.
853 2480 877 2503 8.

245 2516 409 2543 Distare.
429 2516 460 2548 §-
481 2517 515 2542 l·
534 2519 716 2546 Intervallo
736 2522 892 2555 disiungi.
926 2520 955 2546 11.
978 2522 1044 2555 Op.

210 2558 367 2585 Coliaerere.
405 2557 446 2585 Cf.
470 2568 494 2584 v.
519 2558 678 2587 cohaerens.
702 2561 723 2594 5.
749 2564 771 2588 l.
802 2579 832 2582 —
862 2562 903 2589 III.
929 2565 994 2590 (7η.
1014 2563 1044 2590 Si

1878 168 1942 198 295

1137 248 1375 275 Bistonum-e.
1414 250 1601 275 Extenderem
1640 248 1682 275 III.
1710 250 1774 276 (711.
1807 248 1857 275 Per
1876 259 1941 285 quas

1102 291 1151 323 (sc.
1171 291 1333 328 provincias)
1353 301 1395 317 res
1416 297 1505 318 nostra
1524 291 1691 319 distenditur.
1712 292 1761 318 Th.
1777 292 1807 318 C.
1822 291 1878 317 Vll.
1900 293 1939 318 13.

1102 344 1123 360 c.
1144 336 1183 361 12.
1204 334 1236 360 de
1255 335 1332 360 tiron.

1136 377 1426 404 Distu-minare.
1468 379 1627 405 Termini-3
1646 380 1859 413 distinguere.
1896 377 1938 404 111.

1102 420 1166 447 011.
1204 420 1240 446 Ea
1260 422 1309 450 (sc.
1330 419 1427 445 urbana
1447 420 1565 456 praedia)
1590 421 1771 448 communibus
1796 420 1940 457 parietibus

1100 462 1255 499 plerumque
1283 463 1506 490 disterminantur.
1538 464 1568 490 sr.
1593 466 1616 490 4.
1649 465 1670 498 5
1696 466 1735 491 10.
1767 464 1811 490 fin.
1830 463 1938 499 regund.

1102 507 1140 531 10.
1168 508 1188 532 l.

1134 548 1349 576 Distinetio.

1099 600 1164 617 men
1182 594 1398 625 propositum.
1435 590 1558 619 111th.
1578 592 1689 623 Placuit..
1708 610 1739 613 -—
1759 595 1856 631 optima
1877 603 1939 619 sane

1099 633 1276 660 distinctione.
1315 634 1371 661 Gai.
1392 634 1433 660 111.
1456 636 1512 661 197.
1533 634 1564 661 cf.
1584 635 1614 662 fr.
1636 638 1674 662 11.
1695 647 1733 673 pr.
1755 637 1787 663 de
1800 636 1830 663 R.
1846 636 1876 663 C.
1898 638 1939 662 12.

1101 678 1123 703 1.
1159 677 1192 703 Et
1212 677 1276 703 haec
1296 678 1431 704 distinctio
1456 679 1579 704 convenit
1598 678 1651 707 illi.
1671 690 1736 715 quae
1755 690 1767 705 a
1788 680 1881 706 Servio
1902 680 1938 705 in-

1099 719 1218 746 troducta
1239 725 1264 746 et
1283 721 1314 747 ab
1334 721 1455 747 omnibus
1477 720 1530 747 fere
1543 721 1653 757 probata
1674 728 1721 748 est.
1743 723 1826 749 11:35.
1847 733 1886 760 pr.
1901 722 1938 748 lo-

1101 767 1149 788 ont.
1176 765 1214 789 19.
1239 765 1263 790 2.
1306 764 1450 790 Distinctio
1474 763 1598 790 subtilior
1621 764 1768 791 adhibenda
1792 771 1838 792 est.
1864 765 1893 792 fr.
1913 768 1937 791 4.

1399 549 1572 584 Definitio
1600 557 1774 583 accurata,
1808 552 1939 577 Discri-

1099 805 1120 838 5.
1141 807 1164 831 2.
1185 805 1217 832 de
1236 805 1265 832 L.
1286 806 1372 833 Rhod.
1395 808 1434 833 14.
1454 809 1478 833 2.
1503 806 1600 837 Placet.
1620 818 1672 834 non
1692 810 1749 834 sine
1768 808 1938 834 distinctione

1099 847 1150 874 hoc
1168 848 1233 874 tieri.
1260 849 1290 875 fr.
1316 851 1355 876 14.
1381 850 1414 876 de
1437 849 1490 876 mil.
1515 854 1617 877 testam.
1636 853 1678 877 29.
1700 853 1722 878 l.
1748 851 1779 877 cs.
1804 851 1834 877 sr.
1853 854 1895 877 24.
1914 851 1936 884 5.

1099 892 1122 917 2.
1138 890 1170 917 de
1184 890 1262 917 iudic.
1276 894 1299 917 5.
1316 894 1337 918 l.
1375 892 1512 929 Recipere.
1527 893 1641 925 Servari,
1655 894 1859 920 distinctionem.
1880 894 1936 920 Gai.

1099 933 1117 961 I.
1140 936 1196 960 127.
1217 934 1247 960 fr.
1270 936 1308 960 15.
1330 935 1351 968 5.
1371 937 1395 961 2.
1416 935 1448 961 de
1468 941 1544 963 castr.
1564 937 1649 974 pecul.
1669 938 1710 963 49.
1732 938 1771 963 17.

1133 977 1354 1004 Distinctus.
1400 977 1530 1011 (l‘artic.)
1574 981 1753 1006 Discretns.
1796 979 1837 1006 III.
1870 980 1936 1006 Gn-

1099 1018 1177 1045 Certa
1197 1030 1225 1046 ac
1245 1019 1369 1046 distincta
1388 1020 1454 1047 locis
1475 1026 1499 1047 et
1523 1032 1630 1049 numero
1649 1024 1733 1060 pretia
1754 1023 1937 1056 (statuimus.)

1098 1061 1147 1088 Tb.
1169 1061 1199 1089 C.
1218 1062 1274 1088 VII.
1295 1064 1318 1088 4.
1339 1074 1360 1089 c.
1379 1065 1421 1090 31.
1442 1064 1474 1090 de.
1494 1075 1563 1099 erog.
1583 1065 1636 1091 mil.
1660 1076 1717 1092 ann.

1131 1106 1388 1140 Distinguere·
1426 1107 1456 1139 ξ.
1478 1109 1511 1134 1.
1533 1109 1783 1135 Disterminare.
1815 1108 1857 1135 III.
1870 1109 1935 1136 011.

1097 1148 1199 1174 Medius
1218 1150 1314 1185 paries,
1334 1150 1379 1185 qui
1399 1154 1524 1186 utrasque
1543 1150 1620 1177 aedes
1640 1151 1790 1188 distinguat.
1810 1152 1840 1178 l'r.
1859 1153 1883 1178 4.
1903 1151 1936 1177 de

1096 1192 1185 1221 servit.
1205 1191 1254 1227 leg.
1274 1193 1315 1218 33.
1335 1194 1359 1218 3.
1373 1208 1402 1211 —
1416 1193 1446 1225 ξ.
1467 1194 1502 1219 2.
1523 1194 1728 1226 Discernere,
1750 1196 1935 1221 Discrinzen

1098 1241 1249 1261 statuere.
1286 1234 1328 1260 III.
1350 1236 1415 1262 Cn.
1438 1235 1561 1271 Singulas
1581 1247 1673 1263 causas
1693 1237 1803 1273 singulis
1823 1237 1935 1274 adpella-

1095 1277 1212 1303 tionibus
1233 1277 1366 1312 distingui.
1400 1278 1456 1305 Gai.
1476 1279 1506 1305 11.
1528 1281 1585 1305 146.
1622 1279 1749 1307 Maleficia
1769 1280 1891 1307 voluntas
1911 1283 1935 1305 et

1095 1321 1261 1357 propositum
1281 1320 1460 1357 delinquentis
1480 1321 1624 1359 distinguit.
1650 1322 1679 1349 fr.
1700 1325 1740 1350 53.
1763 1334 1803 1361 pr.
1823 1323 1855 1349 de.
1874 1322 1934 1349 furt.

1095 1364 1136 1389 47.
1156 1365 1179 1389 2.
1216 1362 1245 1389 In
1265 1364 1392 1390 mandatis
1407 1364 1559 1402 Principum
1579 1371 1627 1397 est,
1648 1382 1679 1386 -—
1700 1377 1747 1393 nec
1766 1366 1935 1402 distinguitur

1095 1410 1143 1432 etc.
1164 1405 1194 1432 fr.
1213 1407 1237 1432 3.
1258 1405 1290 1433 de
1304 1407 1347 1433 off.
1368 1407 1456 1434 Praes.
1471 1410 1493 1434 l.
1512 1410 1551 1435 la.
1584 1408 1742 1446 Complures
1762 1409 1934 1445 distinguunt,

1095 1453 1120 1475 et
1139 1453 1238 1485 putant.
1259 1448 1315 1475 Gai.
1335 1450 1352 1476 I.
1373 1452 1414 1477 90.
1435 1461 1474 1487 sq.
1519 1451 1599 1487 Quod
1623 1452 1712 1479 Labeo
1735 1453 1886 1488 distinguit,
1909 1456 1935 1478 et

1094 1491 1221 1528 Pompon.
1241 1492 1343 1529 probat.
1369 1493 1399 1519 fr.
1419 1495 1442 1519 6.
1467 1494 1489 1527 5.
1509 1495 1534 1521 6.
1559 1495 1591 1521 de
1610 1494 1641 1521 N.
1662 1495 1694 1522 G.
1713 1497 1737 1522 3.
1758 1498 1781 1522 5.
1806 1495 1837 1521 cf.
1857 1494 1888 1521 fr.
1909 1496 1932 1520 7.

1095 1534 1116 1567 5.
1142 1536 1181 1561 14.
1206 1534 1238 1561 de
1262 1541 1329 1572 pact.
1354 1538 1378 1562 2.
1405 1538 1444 1563 14.
1490 1537 1617 1575 Pompon.
1640 1538 1745 1564 videtur
1764 1538 1934 1574 adquiescere

1095 1577 1326 1614 distinguentibus.
1347 1578 1377 1605 fr.
1398 1580 1420 1605 7.
1441 1580 1462 1613 5.
1481 1582 1506 1606 3.
1527 1580 1559 1606 de
1577 1582 1669 1607 minor.
1694 1582 1717 1606 4.
1738 1582 1761 1607 4.
1786 1597 1818 1600 -
1844 1581 1874 1613 §-
1895 1581 1933 1607 3.

1096 1621 1266 1653 Det-idere,
1286 1623 1459 1649 Dirimere.
1495 1623 1537 1649 III.
1557 1625 1619 1651 Cn.
1639 1623 1761 1650 Publicus
1781 1634 1811 1649 ac
1828 1622 1933 1649 fiscales

1095 1674 1186 1690 causas
1207 1681 1237 1685 —-
1257 1666 1315 1691 siue
1334 1665 1420 1702 aliqua
1442 1667 1637 1693 intermissione
1661 1666 1803 1702 distinguat
1827 1666 1871 1699 [al.
1896 1665 1932 1692 di-

1095 1707 1225 1743 stringat]
1246 1718 1267 1733 c.
1288 1710 1311 1733 5.
1331 1718 1370 1745 pr.
1391 1709 1423 1735 de
1442 1709 1521 1735 seriis.
1541 1711 1565 1735 3.
1586 1711 1627 1735 12.

1128 1750 1345 1777 nistractio.
1390 1753 1575 1783 Alienatio,
1616 1754 1780 1779 Venditio.
1824 1752 1841 1777 I.
1869 1752 1930 1785 sy.

1093 1791 1225 1818 Venditio.
1246 1792 1276 1818 fr.
1296 1794 1337 1819 49.
1358 1793 1390 1820 de
1414 1795 1506 1820 minor.
1532 1796 1555 1820 4.
1580 1796 1603 1820 4.
1630 1794 1659 1821 fr.
1685 1797 1708 1821 5.
1733 1796 1755 1829 5.
1780 1796 1804 1821 9.
1825 1794 1857 1820 de
1876 1794 1930 1820 reb.

1093 1844 1145 1860 eor.
1165 1845 1208 1870 qu.
1228 1844 1248 1861 S.
1269 1839 1316 1862 tut.
1336 1837 1377 1862 27.
1397 1838 1421 1863 9.
1459 1836 1500 1863 ΙΙΙ.
1525 1838 1591 1864 Cn.
1628 1837 1745 1864 Necesse
1768 1842 1809 1864 est
1826 1836 1931 1863 Praeto-

1092 1888 1144 1903 rem
1164 1878 1196 1904 de
1215 1878 1385 1905 distractione
1405 1880 1460 1905 eius
1480 1880 1529 1913 (sc.
1549 1880 1634 1913 fundi)
1656 1886 1681 1907 et
1699 1882 1875 1907 transactione
1894 1890 1931 1906 ar-

1092 1920 1189 1947 bitrari.
1210 1920 1239 1947 fr.
1260 1924 1283 1947 8.
1303 1922 1324 1955 5.
1348 1924 1386 1948 15.
1407 1922 1440 1949 de
1458 1928 1582 1949 transact.
1606 1925 1631 1950 2.
1657 1925 1696 1950 15.
1738 1923 1778 1949 Ne
1801 1923 1930 1949 indefensi

1090 1973 1175 1989 rerum
1194 1966 1401 2000 possessionem,
1421 1971 1464 1992 aut
1477 1966 1656 1993 venditionem
1674 1968 1806 2003 patiantur
1825 1968 1873 1998 (sc.
1888 1966 1930 1992 ab·

1091 2006 1200 2038 sente-S.)
1219 2006 1262 2033 vel
1281 2009 1399 2044 pignoris
1419 2008 1617 2035 distractionem
1636 2014 1684 2035 etc.
1704 2009 1734 2036 l'r.
1757 2011 1778 2036 l.
1799 2009 1831 2035 de
1850 2008 1881 2035 Ν.
1897 2008 1927 2035 G.

1090 2050 1113 2075 3.
1133 2050 1156 2075 5.
1194 2049 1331 2077 Adversus
1351 2051 1547 2078 distractionem
1561 2063 1650 2079 eorum
1663 2054 1801 2089 pignorum
1821 2057 1845 2078 et
1865 2051 1929 2078 fidu-

1092 2092 1196 2124 ciarum,
1217 2108 1249 2112 —
1269 2094 1292 2119 si
1311 2104 1363 2120 non
1383 2095 1417 2120 ita
1438 2100 1466 2121 ut
1484 2100 1589 2132 oportet
1608 2106 1621 2121 a
1640 2096 1770 2122 creditore
1789 2095 1929 2122 distractae

1090 2136 1150 2167 sint⁷
1171 2137 1274 2162 restitui
1293 2137 1319 2162 in
1337 2137 1467 2174 integrum
1485 2143 1582 2175 potest.
1618 2138 1690 2165 Paul.
1710 2138 1728 2164 I.
1747 2140 1771 2164 9.
1797 2139 1817 2172 5.
1838 2139 1861 2164 9.
1899 2137 1928 2163 Si

1090 2179 1230 2215 praeposui
1258 2179 1289 2205 ad
1313 2181 1437 2207 mercium
1461 2181 1666 2207 distractionem.
1691 2181 1722 2207 sr.
1742 2183 1765 2207 5.
1791 2181 1812 2215 5.
1834 2183 1873 2207 12.
1895 2180 1927 2206 de

1090 2223 1150 2247 inst.
1170 2226 1218 2248 act.
1240 2224 1279 2248 14.
1299 2224 1324 2249 3

1124 2265 1348 2292 Risu-actor.
1387 2267 1596 2301 Negotiator.
1640 2266 1681 2293 ΙΙΙ.
1714 2268 1780 2294 Gn.
1818 2266 1925 2301 Argenti

1066 2337 1067 2343 ἵ
1090 2307 1274 2338 distractores.
1300 2313 1325 2334 et
1349 2308 1392 2334 alii
1416 2310 1600 2344 negotiatores.
1621 2320 1641 2335 c.
1661 2313 1685 2336 2.
1705 2311 1726 2344 5
1746 2313 1770 2336 2.
1790 2309 1822 2335 de
1841 2312 1923 2335 const.

1089 2361 1182 2387 pecun.
1202 2352 1225 2377 4.
1248 2352 1286 2376 18,
1307 2361 1328 2377 c.
1347 2353 1389 2376 27.
1410 2350 1442 2377 de
1461 2352 1562 2387 pignor.
1581 2353 1605 2378 8.
1625 2354 1663 2379 14.
1705 2353 1779 2388 Quae
1799 2355 1846 2383 (sc.
1864 2361 1924 2388 pos-

1089 2394 1235 2426 sessiones)
1254 2403 1335 2430 penes
1354 2393 1524 2420 distractores
1537 2395 1643 2422 inutiles
1657 2395 1853 2432 permanebunt.
1873 2393 1922 2420 Th.

1090 2436 1120 2462 C.
1140 2436 1185 2462 XI.
1206 2438 1227 2462 1.
1249 2446 1270 2462 c.
1290 2437 1314 2461 4.
1335 2435 1367 2461 de
1386 2446 1480 2462 annon.
1501 2442 1526 2463 et
1545 2438 1634 2465 tribnt.

1124 2480 1348 2506 Distu-actus.
1373 2478 1491 2512 (Subst.)
1517 2482 1629 2507 Modus
1648 2482 1784 2507 tollendi
1810 2479 1840 2506 11.
1855 2481 1922 2514 ⁰1¹·

1066 2547 1067 2553 ¹
1089 2521 1257 2548 Contractus.
1277 2522 1298 2555 5.
1318 2523 1341 2548 6.
1362 2521 1380 2548 I.
1401 2521 1433 2548 de
1452 2522 1504 2550 obl.
1525 2534 1566 2560 qu.
1588 2534 1659 2560 quas.
1680 2533 1711 2549 ex
1731 2528 1812 2549 contr.
1831 2524 1856 2549 3.
1868 2525 1910 2550 27.

1122 2565 1356 2592 nisu-ahere.
1401 2565 1432 2598 ξ.
1459 2567 1494 2592 l.
1537 2568 1722 2596 Distinere,
1754 2567 1920 2599 Impedire.

209 2601 287 2628 aedes
306 2611 378 2627 meae
398 2612 409 2627 a
429 2603 481 2627 tuis
501 2601 609 2628 aedibus
630 2608 729 2631 tantum
748 2605 860 2637 distent,
880 2611 908 2632 ut
926 2608 1044 2643 prospici
1065 2617 1066 2623 ¹
1086 2607 1104 2633 I.
1129 2608 1189 2641 Sy.
1231 2607 1368 2639 Detinere,
1398 2613 1442 2634 aut
1466 2619 1568 2635 vexare.
1606 2608 1689 2633 Distr.
1714 2607 1826 2641 (funus.)
1846 2608 1876 2635 fr.
1898 2611 1919 2635 1.

209 2655 261 2671 non
281 2645 393 2681 possint.
413 2643 443 2670 fr.
462 2645 504 2670 38.
525 2644 557 2671 de
576 2644 603 2671 S.
623 2645 651 2672 P.
670 2646 702 2673 V.
721 2649 744 2674 8.
764 2650 788 2674 2.
808 2664 841 2667 —
860 2650 890 2682 ἓ.
910 2650 945 2676 2.
965 2650 1043 2686 Dif-
1065 2649 1066 2666 ἶ
1087 2651 1108 2684 5.
1128 2651 1151 2676 6.
1171 2649 1203 2676 de
1222 2650 1298 2676 iuiur.
1317 2653 1358 2677 47.
1380 2653 1419 2677 10.
1440 2651 1469 2677 fr.
1489 2653 1512 2677 3.
1538 2651 1559 2684 5.
1579 2652 1602 2675 4.
1628 2650 1660 2676 de
1679 2650 1778 2687 sepulc.
1797 2651 1859 2678 viol.
1878 2655 1920 2678 47.

203 2690 310 2724 ferre,
333 2688 502 2713 Diversum
520 2698 591 2714 esse.
616 2688 658 2714 III.
677 2690 741 2717 Gn.
762 2690 890 2726 Quaestio
910 2697 958 2723 est,
980 2692 1043 2728 quid
1063 2675 1065 2718 l
1088 2695 1127 2719 12.
1164 2692 1206 2719 111.
1227 2694 1292 2720 Gn.
1313 2693 1400 2720 Studii
1420 2703 1495 2719 causa
1515 2692 1640 2718 distracti.
1663 2692 1746 2720 Vatic.
1766 2694 1787 2727 5.
1807 2696 1866 2721 204.
1885 2694 1920 2721 Vt

209 2730 290 2756 distet
308 2735 357 2757 etc.
383 2730 414 2756 fr.
441 2731 498 2756 115.
522 2730 554 2757 de
573 2730 605 2757 V.
626 2730 653 2757 S.
673 2733 714 2758 50.
740 2734 779 2759 16.
807 2733 878 2761 Inter
896 2745 925 2761 se
944 2735 1043 2761 distant
1062 2726 1064 2783 l
1086 2746 1138 2763 uon
1159 2735 1318 2763 distrahatur
1337 2736 1367 2762 ab
1388 2736 1466 2762 ullius
1485 2744 1614 2771 personae
1627 2736 1736 2762 iustiore
1754 2739 1918 2774 repetitione.

209 2772 269 2806 (hae
287 2773 426 2806 actiones.)
446 2772 475 2799 I'r.
495 2774 519 2800 8.
538 2774 560 2807 5.
579 2776 603 2800 2.
624 2775 646 2800 si
666 2776 754 2802 servit.
773 2777 797 2803 8.
817 2779 840 2804 5.
876 2778 915 2804 Eo
935 2777 1041 2804 distata
1062 2787 1064 2807 i
1086 2779 1115 2806 fr.
1135 2781 1176 2805 31.
1197 2780 1218 2813 5
1239 2781 1261 2805 1.
1282 2779 1373 2815 depos.
1395 2780 1432 2803 16.
1452 2779 1476 2803 3.
1494 2793 1520 2798 -
1538 2778 1567 2810 ξ.
1589 2779 1623 2804 2.
1645 2779 1820 2811 Dirimere,
1845 2781 1917 2806 Dis-

208 2829 241 2834 —
260 2815 332 2852 quod
351 2820 400 2842 etc.
422 2815 478 2842 Gai.
498 2815 516 2842 I.
535 2818 560 2842 3.
579 2816 621 2844 III.
642 2819 699 2843 121.

1062 2826 1063 2856 l
1085 2825 1210 2849 solvere.
1243 2822 1261 2848 I.
1276 2823 1337 2855 Sy.
1358 2821 1500 2847 Dirimere.
1520 2820 1684 2850 Dissolvere.
1704 2821 1848 2848 Resolvere
1865 2823 1917 2854 (so-
