2197 3121
275 178 338 210 492

278 263 346 288 eius
371 261 523 295 pertinet.
562 257 580 284 1.
605 259 666 292 Sy.
703 257 846 295 Expedire.
877 257 919 285 Cf.
945 257 971 284 h.
996 266 1020 283 v.
1044 257 1066 291 9.
1092 258 1116 283 4.

277 303 358 340 Quod
377 302 409 329 ad
428 301 565 328 utilitatem
584 300 694 327 alicuius
714 302 836 338 pertinet,
856 300 978 331 Vtilitas,
997 298 1027 326 Id
1046 298 1118 336 quod
1140 319 1141 322 .

277 348 394 374 interest.
415 345 445 371 l'r.
466 346 505 370 14.
525 345 547 370 si
567 353 608 380 qu.
629 348 707 370 cautt.
726 346 750 370 2.
772 346 812 371 ll.
836 343 865 371 fr.
884 345 926 370 21.
946 343 968 377 9.
987 344 1011 369 2.
1031 342 1061 370 fr.
1075 344 1117 369 22.
1140 335 1141 348 ’

278 390 310 416 ad
329 388 358 415 L.
379 389 446 425 Aqu.
466 389 489 414 9.
509 389 533 413 2.
554 386 583 413 fr.
603 388 644 413 21.
664 387 686 421 9.
706 388 730 413 3.
751 386 784 413 de
803 387 836 413 Α.
849 387 878 413 E.
893 385 924 412 V.
946 386 985 412 19.
1007 387 1029 412 1.
1049 384 1080 412 fr.
1093 387 1117 411 4.

277 433 299 467 9.
319 434 341 457 7.
362 431 395 458 de
413 430 497 457 damn.
523 429 568 456 ink'.
586 431 628 456 39.
648 431 672 456 2.
708 429 739 456 ΙΙ.
764 431 832 463 01).
860 429 897 455 Ita
922 427 1025 455 demum
1049 433 1118 455 ratas

278 484 346 506 esse,
365 475 388 500 si
406 473 528 500 utilitatis
542 472 663 510 publicae
676 473 793 499 interest.
808 488 840 492 --
861 471 965 507 Quodsi
979 471 1119 498 damnosae

277 518 339 549 sint,
359 517 494 543 observari
513 526 566 542 non
586 515 689 542 debere.
709 515 739 542 fr.
761 517 800 541 13.
821 516 842 549 9.
859 516 880 541 l.
900 514 933 540 (18
951 514 1063 551 pollicit.
1077 516 1118 540 50.

278 562 319 586 12.
356 559 425 591 Non,
445 558 516 595 quod
535 560 653 590 interest,
673 574 705 578 —-
725 558 772 585 sed
791 559 828 584 rei
847 567 937 583 verum
956 558 1078 594 pretium,
1098 567 1119 583 s.

277 603 423 630 aestimatio
443 603 493 633 rei,
517 612 541 628 v.
561 602 701 638 quantitas.
727 601 757 627 fr.
777 603 818 626 50.
843 610 882 637 pr.
903 600 935 626 de
953 600 1015 627 furt.
1033 602 1075 627 47.
1094 602 1119 626 2.

278 646 311 673 cf.
336 646 365 672 t‘r.
387 647 408 671 1.
432 646 454 680 9.
473 647 515 671 20.
540 644 572 671 de
595 649 642 671 tut.
668 648 693 670 et
716 648 763 670 rat.
786 645 828 670 27.
847 645 871 669 3.
896 642 926 669 fr.
946 645 971 669 4.
995 644 1017 677 9.
1038 645 1060 670 7.
1085 642 1118 669 de

278 689 363 716 damn.
388 688 432 715 int.
451 690 493 715 39.
511 690 536 714 2.
561 687 591 714 fr.
613 688 670 713 193.
695 686 728 713 de
747 685 778 712 V.
798 685 824 712 S.
845 687 885 712 50.
906 687 946 712 16.
984 685 1064 722 Quod
1084 687 1120 712 in-

276 733 354 759 tersit
372 732 479 768 agentis.
499 746 531 750 —-
552 730 650 766 Quanti
669 730 695 756 in
715 728 787 755 litem
806 729 932 755 iuraverit
950 734 1031 756 actor.
1051 729 1081 756 sr.
1095 732 1119 756 2.

277 775 300 809 9.
322 777 343 802 1.
363 774 396 801 de
415 775 441 800 iu
460 773 497 800 lit.
519 775 567 799 iur.
583 775 621 798 12.
640 774 664 799 3.
702 771 745 798 ΙΙΙ.
764 773 830 799 011.
850 771 934 798 Huius
954 771 1033 798 edicti
1052 771 1121 799 utili-

276 823 318 845 tas
341 817 463 847 evidens.
488 832 519 836 -
545 815 676 852 siquidem
700 814 807 852 publice
830 816 942 841 interest
965 820 1014 842 etc.
1045 814 1075 842 fr.
1096 817 1119 841 1.

277 861 300 895 9.
322 863 343 888 l.
364 860 396 887 de
415 859 515 886 incend.
536 859 616 884 ruina.
636 860 677 884 47.
697 859 721 884 9.
742 857 773 884 cf.
794 857 824 884 sr.
846 859 885 884 16.
906 857 939 884 de
958 868 1017 896 app.
1038 863 1064 884 et
1082 868 1121 885 re-

277 903 321 930 lat.
341 905 382 930 49.
404 905 425 929 l.
461 902 546 928 Etiam
565 901 671 939 publice.
690 901 809 932 interest.
829 901 958 934 (restitui,
978 911 1002 927 v.
1024 902 1121 928 consti-

277 947 337 979 tui.)
361 946 391 973 fr.
411 947 452 971 65.
472 945 493 979 9
512 946 535 970 2.
556 944 588 970 ad
607 943 634 970 S.
656 943 686 970 C.
708 943 787 970 Trcb.
805 945 847 970 36.
868 946 889 970 1.
915 943 945 970 fr.
965 944 1007 970 44.
1026 954 1066 981 pr.
1087 944 1119 970 de

277 999 368 1026 usurp.
387 990 428 1015 41.
447 990 471 1014 3.
508 987 620 1024 Reipub.
640 997 664 1014 v.
685 986 849 1024 Disciplinam
867 986 1002 1024 publicae,
1026 997 1050 1014 v.
1070 986 1120 1013 Pu-

276 1032 361 1059 blicae
385 1031 478 1057 salutis
503 1036 528 1057 et
551 1031 714 1062 securitatis,
742 1031 859 1056 interest.
888 1030 917 1056 ir.
944 1031 982 1056 18.
1008 1029 1040 1056 de
1063 1030 1120 1056 reb.

277 1080 344 1102 auct.
364 1074 416 1101 iud.
436 1076 477 1100 42.
497 1075 520 1100 5.
540 1073 612 1100 Paul.
632 1072 664 1099 V.
684 1075 707 1099 4.
727 1073 810 1107 915.
836 1072 866 1099 fr.
886 1075 910 1099 5.
930 1073 952 1107 9.
974 1074 1014 1099 ll.
1035 1072 1067 1099 de
1087 1072 1120 1099 Ο.

276 1117 309 1145 Ν.
329 1117 360 1144 N.
379 1119 421 1144 39.
443 1119 464 1143 l.
496 1116 556 1142 Non
575 1116 610 1148 id,
631 1115 702 1152 quod
721 1116 843 1153 privatim
862 1116 973 1142 interest
992 1117 1069 1143 unius
1089 1126 1121 1142 ex

276 1161 366 1192 sociis.
387 1176 419 1179 —
438 1159 486 1186 sed
506 1159 577 1196 quod
597 1160 717 1185 societati
738 1158 851 1196 expedit.
876 1158 907 1185 fr.
928 1160 968 1186 65.
988 1159 1010 1192 9.
1028 1161 1053 1185 5.
1072 1169 1120 1196 pro

277 1205 422 1230 soc.17.2.
451 1202 506 1229 Nec
526 1202 641 1229 ullorum
660 1203 741 1238 magis
761 1203 879 1233 interest,
899 1211 975 1238 quam
993 1203 1121 1238 ipsorum,

278 1263 310 1268 —
335 1245 464 1273 eiusmodi
489 1244 637 1282 exemplum
660 1255 713 1271 non
737 1244 846 1271 admitti·
869 1244 900 1271 sr.
924 1246 965 1271 24.
991 1244 1024 1271 de
1046 1244 1120 1271 milit.

278 1294 380 1316 testam.
399 1290 441 1315 29.
462 1290 484 1315 1.
505 1288 537 1315 οἳ.
558 1288 586 1314 l'r.
605 1290 647 1314 23.
668 1288 700 1314 de
719 1292 786 1325 pact.
806 1290 830 1314 2.
847 1289 887 1314 14.
917 1287 1030 1314 Tantum
1048 1297 1121 1325 prae-

278 1332 375 1364 stabis,
400 1333 490 1368 quanti
514 1333 569 1358 eius
590 1330 738 1357 interfuerit
757 1330 826 1363 (l'rui
846 1331 912 1364 etc.)
932 1331 962 1357 sr.
981 1332 1023 1357 33.
1043 1330 1120 1357 locat.

279 1376 320 1402 19.
339 1377 363 1401 2.
384 1374 415 1401 cf.
441 1374 470 1401 fr.
492 1377 531 1401 12.
558 1375 579 1408 9.
600 1376 623 1400 4.
649 1373 681 1400 ad
701 1373 787 1400 exhib.
809 1375 848 1400 10.
868 1375 892 1400 4.
919 1373 949 1400 fr.
972 1375 1011 1400 14.
1036 1374 1119 1408 §.10.

279 1417 312 1444 de
335 1417 395 1444 furt.
420 1419 461 1443 47.
485 1420 508 1444 2.
552 1418 605 1453 Qui
629 1427 675 1443 sua
699 1418 828 1443 interesse
853 1416 924 1443 dicit.
949 1416 980 1443 fr.
1003 1420 1027 1444 2.
1055 1417 1076 1451 9.
1096 1418 1119 1443 3.

279 1460 384 1496 Quand.
404 1470 462 1497 app.
483 1462 523 1486 49.
543 1461 567 1486 4.
605 1460 742 1495 Quatenus
767 1470 823 1486 mea
847 1460 958 1486 interest
978 1460 1121 1498 (implesse

279 1514 337 1530 eum
358 1503 532 1535 mandatum.)
558 1502 614 1529 Gai.
635 1503 677 1529 111.
700 1505 756 1529 161.
794 1502 822 1528 ln
842 1502 886 1535 id.
911 1503 982 1539 quod
1002 1504 1120 1535 interest,

279 1547 375 1583 agitur,
400 1546 424 1572 h.
445 1556 466 1572 e.
492 1545 563 1582 quod
588 1556 642 1572 rem
661 1545 758 1572 habere
777 1546 888 1572 interest
907 1547 1022 1573 emtoris.
1046 1546 1077 1573 fr.
1098 1549 1120 1572 1.

278 1599 317 1627 pr.
337 1589 370 1615 de
389 1589 420 1615 A.
441 1589 469 1615 E.
491 1588 522 1615 V.
545 1590 583 1615 19.
605 1590 617 1614 l
648 1588 679 1615 cf.
700 1588 730 1615 fr.
747 1590 785 1614 13.
806 1598 845 1625 pr.
865 1593 912 1615 rat.
932 1599 987 1615 rem
1007 1588 1066 1615 hab.
1079 1590 1120 1615 46.

279 1634 302 1659 8.
340 1632 424 1659 Cuius
448 1633 570 1662 interest.
594 1636 699 1668 praeter
721 1641 811 1657 verum
835 1632 961 1668 pretium,
985 1631 1025 1663 id,
1050 1631 1121 1668 quod

277 1675 339 1713 plus
359 1676 382 1701 ei
401 1676 489 1701 iussus
504 1679 544 1700 est
558 1673 627 1704 dare,
647 1675 781 1710 consequi.
805 1673 833 1700 fr.
848 1675 889 1700 32.
910 1674 931 1708 9
949 1677 970 1701 1.
990 1674 1022 1701 de
1036 1674 1120 1701 fidele.

278 1718 343 1745 libb.
362 1720 404 1744 40.
425 1720 448 1744 5.
469 1717 500 1743 cf.
522 1717 551 1743 fr.
572 1718 612 1742 18.
633 1721 679 1743 rat.
700 1727 754 1743 rem
776 1716 834 1743 hab.
855 1718 896 1743 46.
916 1720 940 1743 8.
978 1717 1045 1744 Cum
1065 1728 1122 1744 coe-

277 1762 318 1799 pit
336 1762 465 1787 interesse
485 1761 553 1791 eius.
574 1760 619 1796 qui
638 1758 784 1791 mandavitg
809 1764 940 1786 caeterum
959 1761 982 1786 si
1001 1760 1066 1786 nihil
1085 1761 1122 1786 in-

278 1809 362 1831 terest
381 1808 428 1830 etc.
450 1803 477 1829 fr.
499 1804 522 1828 8.
543 1802 564 1835 9.
585 1804 608 1828 6.
629 1802 713 1828 mand.
736 1804 775 1829 17.
798 1805 819 1829 1.
858 1802 960 1835 Pluris,
980 1802 1021 1829 vol
1041 1804 1122 1829 mino-

279 1848 325 1879 ris,
339 1849 468 1873 interesse
481 1846 576 1882 coepit.
591 1861 624 1864 —
643 1845 732 1872 Desiit
750 1847 806 1872 eius
819 1846 956 1872 interesse.
977 1845 1007 1872 fr.
1021 1849 1044 1873 8.
1064 1847 1085 1880 9.
1099 1847 1121 1872 1.

280 1889 314 1916 (18
333 1889 424 1915 edend.
444 1892 468 1915 2.
487 1891 525 1915 13.

317 1932 556 1959 Interficcre.
594 1932 624 1964 §.
645 1932 679 1958 l.
708 1932 868 1958 Occidere.
906 1930 924 1958 I.
948 1932 1010 1966 Sy.
1041 1931 1122 1958 Inter-

280 1976 368 2002 imere.
389 1974 460 2001 Paul.
478 1973 521 2000 111.
540 1976 564 2000 5.
584 1975 681 2008 9910.
702 1984 741 2010 sq.
762 1974 791 2000 fr.
814 1975 835 1999 l.
855 1974 892 2008 99.
908 1976 948 2000 17.
968 1984 1007 2011 sq,
1027 1976 1068 2001 20.
1089 1975 1121 2001 (18

281 2018 308 2045 S.
321 2018 351 2044 C.
377 2017 458 2043 Silan.
477 2019 518 2043 29.
539 2019 562 2043 5.
606 2016 748 2049 Occidere,
769 2016 875 2043 Necare.
900 2016 971 2043 Paul.
996 2017 1029 2043 ib.
1055 2018 1076 2052 9.
1096 2020 1120 2044 2.

281 2061 312 2088 fr.
334 2063 355 2088 l.
375 2071 414 2097 pr.
434 2061 471 2093 99.
494 2061 532 2086 17.
552 2070 592 2096 sq.
613 2059 636 2086 l.·
649 2062 690 2086 29.
710 2062 734 2086 5.
771 2059 813 2086 111.
833 2061 898 2088 οη.
930 2060 983 2095 Qui
1002 2070 1050 2097 per
1069 2061 1121 2086 vim

281 2109 325 2130 aut
344 2103 448 2130 caedem
467 2102 621 2129 interfectus
642 2108 695 2135 est,
719 2103 791 2129 velut
815 2103 945 2139 iugulatus
965 2108 1013 2129 etc.
1049 2102 1120 2129 Paul.

281 2146 299 2173 1.
319 2146 335 2173 1.
358 2164 387 2168 -
413 2147 443 2180 §.
462 2147 497 2173 2.
523 2148 650 2177 Finit-e,
675 2148 814 2173 Abolere.
853 2145 894 2172 111.
914 2148 979 2174 Gn.
999 2146 1042 2172 Ius
1062 2146 1121 2172 alie-

282 2199 343 2216 num
363 2189 481 2226 improba
501 2190 647 2215 temeritate
666 2190 789 2226 pervasit.
810 2190 844 2215 ita
864 2193 891 2214 ut
911 2194 1002 2215 neuter
1021 2199 1122 2227 repara-

282 2233 380 2259 tionem
397 2232 526 2258 interfecti
552 2231 601 2265 [al.
622 2232 776 2269 intercepti]
803 2231 853 2258 hoc
877 2236 954 2268 pacto
979 2233 1060 2258 semel
1080 2243 1122 2259 ne-

282 2276 346 2312 gotii
365 2274 457 2301 audeat
477 2274 617 2311 postulare.
639 2274 688 2302 Th.
703 2275 734 2301 C.
754 2274 798 2301 IV.
816 2277 857 2301 22,
878 2285 899 2301 c.
919 2278 943 2301 2.
964 2275 1033 2301 uude
1052 2277 1085 2302 vi.

318 2318 646 2349 lutet-frigescere.
688 2320 940 2353 Elanguescere.
987 2318 1029 2344 111.
1056 2320 1121 2346 011.

283 2361 404 2398 Captiosi
429 2359 527 2386 silentii
552 2365 667 2398 tempus,
691 2371 738 2398 per
762 2361 833 2398 quod
856 2371 898 2387 res
922 2360 1120 2398 interfrigcscat.

284 2403 368 2431 Vatic.
388 2404 410 2437 9.
433 2404 488 2428 155.

320 2446 574 2474 luem-iacens.
603 2444 721 2479 (l'artic.)
757 2448 792 2473 In
812 2449 913 2473 medio
932 2450 1120 2474 collocatus.

284 2490 327 2517 111.
347 2491 413 2517 011.
441 2489 511 2515 Inter
534 2487 673 2524 templum,
694 2505 725 2508 -—
750 2494 775 2515 et
800 2494 862 2527 post
886 2489 942 2515 loca
966 2489 1071 2526 publica
1097 2495 1122 2516 et

284 2534 374 2559 ianuas
392 2533 489 2570 primas
503 2530 638 2562 ecclesiae,
655 2531 782 2567 quidquid
796 2533 873 2559 sut-rit
886 2533 1050 2559 interiacens.
1071 2532 1120 2559 Th.

286 2576 317 2602 C.
337 2576 381 2602 lx.
401 2577 442 2601 45.
463 2585 482 2601 c.
503 2577 526 2600 4.
547 2584 586 2611 pr.
606 2573 637 2600 de
658 2573 682 2599 h.
703 2583 745 2609 qu.
767 2574 797 2600 ad
818 2575 880 2601 eccl.

322 2618 563 2645 Interiectus.
601 2616 731 2649 (partie.)
769 2617 799 2648 §-
829 2619 862 2643 1.
901 2619 1121 2650 Interiorem,

288 2662 496 2687 Interccdenn.
525 2659 567 2686 111.
583 2661 648 2687 011.
668 2659 798 2685 lnteriecti
814 2661 934 2695 aequoris
954 2665 1060 2687 tractus,
1084 2660 1121 2686 1b.

287 2702 342 2728 ΥΠ.
364 2705 385 2729 4.
411 2714 431 2730 c.
450 2706 491 2730 33.
516 2702 548 2729 dc
573 2713 642 2739 erog.
667 2702 719 2729 mil.
740 2712 833 2728 annon.
870 2702 1015 2730 Interiectis
1035 2703 1123 2740 prohi-

286 2745 343 2772 beri
363 2745 489 2773 obicibus.
518 2746 554 2772 lb.
576 2745 630 2772 VH.
653 2747 691 2772 16.
712 2756 733 2772 c.
752 2747 776 2772 2.
796 2745 828 2772 de.
847 2744 915 2771 litor.
936 2751 961 2771 et
979 2747 1035 2772 itin.
1056 2750 1121 2772 cust.

286 2788 484 2814 Interiectoruni
503 2790 646 2825 spatiorum
665 2788 845 2815 dinumeratio.
876 2787 912 2814 lb.
932 2787 976 2813 XI.
995 2790 1036 2814 31.
1057 2798 1077 2814 c.
1097 2789 1120 2814 6.

288 2830 321 2857 dc
339 2840 422 2868 repar.
442 2840 500 2867 app.
520 2847 552 2851 —
576 2833 606 2865 §.
628 2833 663 2858 2.
688 2833 848 2858 Adiectum
884 2830 927 2856 111.
950 2832 1015 2858 011.
1039 2831 1121 2857 mora-

1097 174 1183 205 INT.

1162 256 1236 282 toriis
1256 255 1413 293 quibusdam
1431 256 1647 283 frustrationibus
1667 257 1811 284 interiectis
1831 257 1929 295 (litigia
1943 268 2003 296 pro-

1162 298 1291 332 trahere.)
1320 299 1355 325 ll).
1380 298 1425 325 XI.
1450 301 1492 326 36.
1518 309 1538 326 c.
1558 302 1582 326 3.
1620 299 1704 335 Quor.
1729 310 1788 337 app.
1811 311 1836 327 n.
1860 311 1910 328 rec.
1948 300 2005 328 Nec

1163 341 1234 368 obsit
1252 357 1285 361 -
1304 341 1421 368 venditio
1440 343 1589 375 interiecta,
1610 342 1653 369 vel
1672 342 1785 380 largitas.
1817 343 1853 370 Ib.
1873 343 1942 371 1111.
1963 346 2003 371 15.

1163 395 1185 411 c.
1205 386 1229 410 5.
1248 384 1272 418 9.
1290 386 1314 411 2.
1335 384 1368 410 de
1387 385 1420 411 iis
1440 395 1483 421 qu.
1503 385 1597 412 admiu.

1198 428 1374 454 Interim.
1411 428 1525 462 (Advb.)
1563 429 1594 462 §-
1613 430 1648 456 1.
1669 431 1806 456 Interea.
1843 427 1863 454 I.
1882 429 1943 463 Sy.
1963 428 2004 455 In-

1164 475 1242 497 terea.
1262 469 1303 497 Cf.
1318 470 1342 496 h.
1357 480 1381 496 v.
1406 470 1436 497 Si
1455 471 1577 508 pendeat,
1597 482 1629 498 an
1649 477 1696 498 etc.
1716 471 1851 498 Pandente
1870 475 1919 497 etc.
1938 471 1968 498 fr.
1981 473 2004 498 1.

1163 514 1185 547 9.
1206 515 1228 540 l.
1248 513 1282 539 ad
1301 512 1366 540 S.C.
1385 513 1450 540 Mac.
1471 515 1510 540 14.
1530 515 1554 541 6.
1580 514 1610 541 fr.
1632 516 1654 541 7.
1675 515 1696 549 9
1719 516 1740 541 1.
1759 514 1792 541 de
1810 524 1878 541 mun.
1899 518 1925 540 et
1943 514 2003 541 hon.

1163 558 1205 583 50.
1224 558 1248 583 4.
1269 556 1326 583 Gai.
1346 556 1376 583 11.
1395 558 1455 583 200.
1492 556 1532 584 111.
1553 559 1619 585 οη.
1642 557 1746 584 Incerto
1766 567 1806 589 eo,
1826 567 1847 584 s.
1878 556 1949 583 Dum
1967 557 2004 583 in-

1165 603 1264 626 certum
1283 604 1331 631 est,
1353 615 1382 620 —-
1403 600 1507 626 interim
1526 600 1658 634 (admitti,
1678 611 1702 627 v.
1723 601 1809 633 esse.)
1827 600 1857 626 sr.
1877 601 1919 626 36.
1937 599 1959 634 9.
1979 600 2004 626 4.

1164 641 1197 668 ad
1216 641 1245 668 L.
1266 641 1334 668 Falc.
1354 644 1397 669 35.
1416 645 1441 669 2.
1465 642 1496 669 fr.
1517 644 1539 669 l.
1563 644 1584 677 9.
1606 646 1627 670 l.
1657 643 1687 670 fr.
1707 644 1730 669 6.
1750 643 1772 677 9'.
1794 645 1816 670 l,
1836 642 1868 669 de
1888 641 2004 669 statulib.

1164 686 1205 711 40.
1226 686 1249 711 7.
1287 685 1419 720 Quamdiu
1438 685 1469 711 ab
1489 685 1540 712 alio
1560 696 1613 712 non
1631 686 1809 724 possideatur⁷
1829 696 1843 712 a
1856 685 1934 712 nobis
1947 694 2006 712 eum

1164 727 1310 765 possidere,
1330 727 1443 765 ideoque
1462 729 1566 755 interim
1586 730 1662 756 etiam
1681 730 1798 767 usucapi.
1823 728 1854 755 sr.
1876 730 1898 755 l.
1921 728 1943 762 9.
1965 729 2004 754 14.

1165 770 1198 797 de
1216 770 1248 796 A.
1265 780 1290 796 v.
1303 770 1334 796 A.
1349 770 1378 797 P.
1393 773 1433 798 41.
1447 774 1470 798 2.
1508 771 1636 807 Quamvis
1655 782 1749 799 servus
1768 773 1871 799 interim
1890 771 2007 798 hostium

1164 813 1223 846 fiat,
1248 812 1346 850 pendet
1368 814 1409 840 ius
1433 813 1584 841 liberorum.
1622 814 1679 842 Gai.
1703 815 1724 842 I.
1749 817 1805 842 129.
1844 814 1904 852 ΠΡ.
1923 814 1956 841 Χ.
1980 814 2005 840 4.

1166 856 1294 892 Quamvis
1319 856 1414 883 auferri
1437 858 1475 883 eis
1500 857 1644 884 dominium
1663 859 1763 895 possit,
1788 858 1892 885 interim
1920 861 2006 883 tamen

1165 899 1338 926 conveniendi
1363 904 1432 926 sunt.
1456 900 1486 926 tr.
1505 902 1546 927 36.
1571 900 1604 927 de
1629 910 1690 927 nox.
1716 905 1764 927 act.
1789 902 1813 927 9.
1833 902 1856 927 4.
1899 899 2006 926 Interim

1165 941 1270 968 decerni
1290 941 1458 975 (alimenta.)
1478 942 1508 969 fr.
1527 945 1568 970 27.
1588 943 1610 978 9.
1629 945 1653 970 3.
1673 942 1706 969 de
1724 943 1797 970 inoff.
1816 947 1918 969 testam.
1937 944 1961 969 5.
1979 944 2005 969 2.

1165 984 1246 1021 Quod
1265 985 1370 1011 interim
1388 986 1525 1022 pervenire
1543 990 1632 1024 potest
1652 987 1697 1019 (ex
1710 987 1799 1024 operis
1813 985 1904 1019 servi.)
1922 985 1953 1012 fr.
1964 986 2005 1012 56.

1165 1028 1186 1062 9.
1205 1030 1230 1054 3.
1255 1027 1288 1054 ad
1305 1027 1335 1054 L.
1356 1026 1426 1054 falc.
1445 1030 1487 1055 35.
1505 1031 1530 1055 2.
1571 1028 1720 1065 Adquirere
1744 1029 1861 1061 interim,
1886 1039 1911 1055 v.
1935 1027 2007 1055 Suos

1165 1071 1269 1097 interim
1288 1070 1374 1097 facere
1396 1070 1530 1104 (fructus.)
1550 1070 1580 1097 l'r.
1594 1072 1619 1098 3.
1639 1082 1679 1109 pr.
1699 1071 1732 1098 de
1751 1082 1782 1098 eo
1801 1082 1826 1109 p.
1847 1081 1889 1108 qu.
1909 1070 1968 1098 fact.
1981 1072 2006 1097 2.

1166 1116 1207 1140 10.
1227 1113 1257 1140 fr.
1269 1114 1309 1140 48.
1330 1123 1369 1151 pr.
1385 1113 1418 1140 de
1433 1114 1464 1140 A.
1476 1113 1506 1140 R.
1518 1113 1552 1140 D.
1562 1115 1603 1140 41.
1618 1116 1641 1141 1.
1655 1129 1684 1133 —
1705 1115 1735 1148 ἕ.
1756 1116 1791 1141 2.
1813 1116 2006 1149 Aliquando.

1164 1156 1183 1183 1.
1204 1157 1266 1191 Sy.
1290 1155 1431 1183 Interdum.
1452 1155 1493 1183 Cf.
1513 1156 1538 1183 h.
1557 1166 1581 1183 v.
1601 1156 1624 1190 9.
1644 1159 1667 1184 l.
1704 1157 1746 1184 111.
1771 1158 1836 1185 Cn.
1866 1156 2008 1183 Statulibe—

1165 1210 1223 1226 rum
1241 1209 1293 1226 non
1313 1200 1404 1235 utique
1423 1199 1460 1226 ibi
1473 1215 1506 1219 —
1520 1200 1635 1226 rationes
1649 1199 1760 1227 reddere
1779 1199 1884 1231 debere,
1903 1199 1951 1226 sed
1970 1200 2008 1226 in-

1165 1243 1241 1269 terim
1260 1242 1395 1280 proficisci
1414 1242 1446 1268 ad
1465 1252 1523 1269 eum
1543 1247 1592 1269 etc.
1616 1241 1647 1269 fr.
1668 1244 1726 1269 112.
1745 1244 1767 1277 9.
1786 1244 1811 1269 3.
1834 1243 1867 1269 de
1886 1242 1962 1269 cond.
1982 1247 2008 1269 et

1165 1285 1231 1312 dem.
1251 1287 1292 1312 35.
1314 1287 1336 1312 1.
1356 1301 1389 1305 --
1408 1286 1439 1319 ξ.
1458 1287 1495 1312 3.
1515 1287 1552 1312 In
1570 1296 1603 1312 re
1618 1287 1793 1320 praesenti.
1830 1285 1865 1312 III
1883 1287 1948 1314 Gn.
1967 1285 2007 1312 In-

1165 1328 1370 1355 numerabilibus
1390 1328 1469 1355 rebus
1488 1328 1594 1366 probari
1614 1333 1716 1366 potest3
1741 1339 1820 1355 unum
1839 1329 1943 1355 interim
1961 1338 2008 1366 po-

1165 1372 1252 1398 suisse
1271 1376 1410 1398 contentus
1430 1381 1484 1398 ero.
1508 1370 1538 1398 l'r.
1559 1373 1600 1398 51.
1620 1372 1641 1406 9.
1661 1374 1685 1398 2.
1705 1371 1738 1398 ad
1755 1371 1785 1398 L.
1805 1371 1874 1408 Aqu.
1893 1373 1916 1399 9.
1935 1373 1960 1398 2.

1201 1415 1444 1442 Interimere.
1481 1415 1512 1448 §.
1537 1415 1572 1441 1.
1602 1416 1818 1451 Intersit-ere,
1845 1416 2006 1442 Occidere.

1164 1457 1182 1485 I.
1198 1459 1260 1492 Sy.
1288 1457 1448 1484 Interficere.
1474 1457 1516 1483 Cf.
1535 1457 1560 1484 h.
1579 1467 1603 1484 v.
1628 1458 1650 1492 9.
1672 1460 1694 1484 1.
1732 1457 1875 1490 Occidere,
1899 1456 2006 1484 Necare.

1165 1500 1238 1527 Paul.
1257 1499 1300 1526 111.
1319 1502 1342 1526 5.
1362 1501 1399 1534 99.
1421 1502 1443 1527 1.
1464 1510 1522 1537 sqq.
1545 1501 1584 1526 11.
1604 1500 1635 1526 fr.
1657 1502 1679 1527 7.
1699 1500 1721 1534 9.
1741 1502 1765 1527 5.
1790 1499 1822 1526 de
1842 1499 1866 1526 d.
1886 1510 1918 1526 m.
1937 1503 1962 1527 4.
1981 1501 2006 1526 3.

1166 1543 1196 1570 fr.
1218 1545 1240 1569 l.
1260 1553 1298 1580 pr.
1319 1543 1356 1577 99.
1377 1545 1418 1570 17.
1437 1553 1477 1580 sq.
1497 1545 1539 1569 20.
1559 1553 1598 1580 sq.
1619 1542 1651 1569 de
1671 1542 1737 1570 S.C.
1758 1542 1839 1569 Silau.
1859 1544 1900 1570 29.
1914 1545 1938 1570 5.
1962 1542 2006 1569 ΠΙ.

1167 1588 1232 1614 Gn.
1251 1585 1409 1622 Vbicunque
1422 1587 1462 1612 vis
1477 1585 1594 1612 adhibita
1607 1591 1656 1618 est,
1677 1596 1743 1623 quae
1761 1587 1911 1612 interimere
1929 1584 2007 1612 solet.

1165 1629 1195 1656 fr.
1218 1631 1240 1655 1.
1265 1629 1287 1662 9.
1306 1630 1347 1655 20.
1368 1628 1400 1655 cl'.
1423 1629 1507 1663 §.18.
1531 1629 1566 1655 ib.
1585 1630 1627 1655 29.
1647 1631 1671 1655 5.
1708 1628 1822 1666 Liquere
1841 1628 1932 1661 debet,
1952 1638 2008 1655 sce·

1166 1671 1221 1698 lere
1239 1672 1412 1697 interemtum.
1438 1671 1468 1697 fr.
1492 1674 1513 1698 l.
1538 1672 1559 1706 9
1578 1674 1620 1698 24.
1646 1671 1680 1698 ib.
1705 1673 1746 1699 29.
1766 1673 1790 1698 5.
1827 1670 1952 1698 Fataliter
1970 1672 2008 1697 in-

1166 1718 1276 1740 teremto
1297 1714 1409 1747 (servo.)
1429 1713 1500 1740 Paul.
1521 1714 1562 1741 111.
1584 1716 1608 1741 6.
1629 1714 1650 1748 9.
1664 1716 1687 1741 9.
1707 1730 1740 1734 —
1760 1715 1790 1748 ξ.
1806 1715 1841 1741 Β.
1865 1716 2007 1747 Tollere,

1167 1759 1308 1784 Abolere.
1350 1756 1368 1783 Ι.
1393 1758 1454 1791 Sy.
1483 1757 1618 1784 Dilatione
1642 1758 1795 1789 interemta.
1825 1756 1905 1784 illico.
1946 1756 2008 1784 Non

1167 1804 1317 1836 exspectata
1337 1798 1386 1826 die.
1406 1800 1436 1826 fr.
1456 1801 1480 1826 3.
1500 1800 1522 1834 9.
1544 1802 1583 1827 14.
1604 1800 1635 1826 de
1655 1799 1771 1827 statulib.
1791 1802 1832 1826 40.
1853 1801 1876 1827 7.

1202 1842 1382 1870 laterior.
1412 1843 1541 1877 (Adiect.)
1566 1845 1729 1870 Intentus.
1765 1843 1784 1870 Ι.
1804 1844 1866 1877 Sy.
1885 1843 2006 1880 Superna

1167 1886 1328 1922 (impressio,
1347 1895 1371 1911 v.
1391 1887 1542 1923 scriptura.)
1563 1885 1612 1912 Th.
1625 1886 1655 1913 C.
1667 1886 1711 1913 Vl.
1725 1888 1766 1913 22.
1787 1896 1808 1913 c.
1820 1888 1843 1912 1.
1863 1885 1896 1913 de
1913 1885 2005 1912 honor.

1167 1928 1249 1955 codic.
1287 1927 1318 1954 Il.
1340 1930 1407 1962 Op.
1434 1929 1565 1955 Exterior.
1592 1928 1633 1955 Cf.
1653 1939 1677 1955 v.
1697 1929 1786 1956 Exter.
1811 1929 1833 1963 9.
1854 1931 1876 1955 l.
1912 1928 2006 1955 Ianuae

1166 1973 1264 2009 primae
1283 1970 1416 1998 ecclesiae.
1437 1987 1469 1991 —
1488 1971 1601 1998 Interius
1620 1971 1754 2009 templum.
1774 1971 1812 1999 lb.
1825 1971 1870 1998 IX.
1884 1972 1925 1997 45.
1945 1980 1966 1997 c.
1980 1972 2005 1997 4.

1165 2025 1205 2052 pr.
1226 2014 1258 2041 de
1277 2015 1301 2041 h.
1321 2024 1364 2051 qu.
1384 2013 1416 2040 ad
1436 2014 1499 2041 eccl.

1202 2058 1382 2084 luterire.
1403 2059 1570 2089 consumi,
1589 2059 1782 2092 Exstingui.
1819 2056 1838 2083 1.
1855 2058 1917 2091 Sy.
1936 2055 2006 2083 Cou-

1166 2102 1246 2133 sumi,
1272 2100 1374 2126 Perimi.
1404 2099 1434 2126 fr.
1453 2102 1494 2126 22.
1519 2099 1552 2126 de
1571 2098 1602 2125 N.
1622 2099 1654 2126 G.
1673 2102 1697 2126 3.
1717 2102 1739 2125 5.
1764 2099 1794 2125 fr.
1816 2101 1854 2125 17.
1875 2109 1914 2136 sq.
1952 2099 2004 2135 Qu.

1165 2148 1225 2170 met.
1246 2153 1266 2169 c.
1287 2145 1310 2169 4.
1329 2146 1353 2168 2.
1374 2142 1403 2169 fr.
1424 2145 1464 2169 44.
1484 2152 1523 2179 pr.
1545 2141 1578 2168 de
1597 2143 1628 2169 A.
1648 2152 1672 2168 v.
1691 2142 1723 2168 Α.
1743 2141 1771 2168 Ρ.
1791 2144 1832 2168 41.
1847 2144 1871 2168 2.
1899 2142 2006 2169 Exstin-

1165 2187 1218 2223 gui,
1236 2185 1403 2217 Intercidere.
1423 2185 1519 2212 Perire.
1540 2185 1570 2212 fr.
1590 2187 1614 2211 5.
1634 2185 1671 2219 99.
1691 2186 1715 2211 2.
1736 2194 1775 2221 sq.
1797 2184 1827 2211 fr.
1850 2186 1888 2211 10.
1908 2195 1947 2222 pr.
1966 2185 2004 2219 99.

1168 2231 1189 2255 1.
1209 2239 1268 2266 sqq.
1288 2231 1312 2255 5.
1332 2238 1390 2265 sqq.
1412 2228 1463 2264 Qu.
1484 2228 1553 2255 mod.
1573 2227 1668 2254 ususl'r.
1690 2229 1712 2254 7.
1731 2230 1756 2254 4.
1776 2227 1806 2254 l'r.
1824 2229 1860 2253 14.
1881 2228 1902 2261 9'.
1919 2229 1942 2254 1.
1962 2227 2005 2255 de-

1166 2282 1223 2309 pos.
1245 2273 1284 2298 16.
1303 2273 1326 2298 3,
1353 2271 1382 2298 fr.
1404 2273 1443 2297 10.
1467 2272 1488 2305 9.
1510 2273 1532 2297 l.
1557 2271 1589 2297 de
1608 2271 1687 2308 peric.
1709 2275 1734 2296 et.
1754 2280 1845 2296 comui.
1867 2273 1906 2297 ls.
1925 2271 1949 2297 6.
1973 2270 2004 2297 fr.

1166 2317 1207 2342 47.
1231 2315 1252 2349 ξ.
1272 2316 1295 2341 6.
1320 2314 1352 2341 de
1371 2314 1446 2351 legat.
1470 2314 1488 2341 Ι.
1509 2314 1584 2346 (30.)
1621 2313 1663 2339 111.
1684 2314 1751 2340 Cn.
1775 2314 1805 2339 Si
1831 2313 1922 2339 mortis
1941 2317 2005 2339 tem-

1167 2369 1231 2395 pore
1250 2357 1353 2384 tabulae
1372 2358 1484 2388 fuerint,
1508 2356 1569 2382 licet
1593 2361 1684 2393 postea
1708 2357 1863 2383 interierint.
1888 2355 1919 2382 fr.
1940 2357 1962 2382 1.
1981 2356 2004 2382 si

1167 2401 1218 2428 tab.
1238 2405 1340 2427 testam.
1362 2400 1460 2427 exstab.
1480 2401 1521 2425 37.
1541 2402 1565 2424 2.
1604 2399 1670 2425 Cum
1690 2415 1722 2418 —
1740 2399 1909 2426 inundatione
1928 2408 2005 2435 aqua-

1168 2454 1237 2475 rum.
1262 2449 1305 2470 aut
1325 2443 1464 2474 chasmate,
1484 2441 1568 2467 aliove
1588 2452 1639 2478 quo
1659 2452 1733 2473 casu,
1754 2452 1814 2479 pars
1834 2441 1907 2468 fundi
1926 2442 2004 2468 inter-

1166 2489 1234 2513 ierit.
1259 2486 1289 2513 fr.
1316 2488 1355 2513 lt).
1379 2487 1400 2520 9.
1423 2487 1443 2511 1.
1468 2483 1484 2510 1.
1506 2485 1545 2509 18.
1565 2485 1588 2509 6.
1609 2484 1640 2510 cs.
1665 2484 1695 2511 sr.
1715 2487 1756 2511 22.
1782 2485 1814 2511 dc
1834 2484 1865 2511 N.
1885 2484 1917 2511 G.
1935 2485 1960 2511 3.
1978 2485 2002 2510 5.

1167 2530 1265 2566 Vtique
1285 2539 1342 2556 cum
1362 2529 1497 2555 interitura
1518 2532 1587 2553 esset
1608 2538 1635 2553 ea
1655 2537 1706 2559 res,
1726 2528 1775 2554 etsi
1794 2529 1914 2554 restituta
1934 2530 2002 2553 esset

1167 2574 1256 2599 actori.
1281 2572 1311 2598 fr.
1332 2573 1371 2597 14.
1401 2571 1465 2604 9.1.
1493 2569 1583 2607 depos.
1605 2572 1643 2597 16.
1663 2572 1687 2597 3.
1724 2570 1753 2597 Si
1777 2580 1843 2607 quae
1866 2570 1932 2597 tales
1949 2570 2002 2595 sint

1167 2618 1221 2649 (sc.
1240 2614 1382 2647 actiones.)
1403 2618 1431 2640 ut
1450 2618 1567 2649 tempore
1587 2617 1631 2639 aut
1649 2618 1732 2639 morte
1751 2614 1887 2640 intereant.
1910 2612 1940 2639 fr.
1959 2612 2000 2637 24.

1166 2669 1204 2696 pr.
1226 2658 1258 2685 de
1276 2656 1377 2683 liberali
1398 2667 1419 2682 c.
1439 2658 1480 2682 40.
1503 2658 1540 2682 12.
1562 2656 1593 2682 cf.
1619 2656 1649 2683 fr.
1670 2659 1710 2682 10.
1730 2656 1763 2682 de
1781 2661 1829 2682 tut.
1850 2661 1876 2683 et
1894 2659 1939 2682 rat.
1958 2656 2000 2680 27.

1165 2704 1189 2728 3.
1227 2701 1289 2727 Sive
1312 2700 1445 2731 homines,
1470 2700 1526 2725 sive
1545 2709 1601 2732 res,
1625 2700 1682 2725 sive.
1700 2699 1836 2731 voluutas,
1859 2699 1914 2725 sive
1933 2697 2000 2723 actio

1166 2744 1306 2775 interierit,
1332 2742 1441 2769 distrahi
1464 2742 1569 2769 videtur
1587 2742 1708 2768 societas.
1731 2741 1762 2768 sr.
1781 2743 1823 2768 63.
1846 2741 1927 2775 9.10.
1950 2749 2000 2776 pro

1165 2796 1219 2813 soc.
1241 2787 1279 2812 17.
1299 2787 1323 2812 2.

1200 2829 1397 2856 Inter-itus.
1434 2827 1551 2862 (Subst.)
1570 2829 1752 2855 Excidium.
1787 2825 1806 2852 Ι.
1825 2826 1887 2860 Sy.
1907 2824 1937 2852 Si
1952 2835 1998 2852 sna
