2197 3121
263 186 325 216 344

266 266 426 293 ercitibusve
451 272 583 304 praesunt.
609 267 638 293 l'r.
663 268 686 292 4.
711 266 733 300 3.
759 267 781 292 l.
807 265 840 292 de
863 264 995 303 publican.
1019 266 1061 292 39.
1081 266 1106 292 4.
1130 288 1131 291 ,

265 308 369 344 Regens
396 311 547 336 exercitum.
578 309 608 335 l'r.
635 310 673 334 12.
699 318 738 345 pr.
763 308 795 335 (18
820 308 851 335 R.
871 309 904 336 M.
925 310 965 335 49.
986 309 1026 334 16.
1063 307 1109 334 Di·
1130 300 1131 310 ¹

265 354 342 379 mitti.
362 362 383 378 s.
403 352 484 385 Mitti,
505 353 535 378 ah
557 353 673 378 exercitu
693 351 742 384 (ab
762 351 922 389 Imperatore
946 352 1013 383 etc.)
1034 350 1064 377 sr.
1085 352 1107 377 l.
1130 345 1131 360 ³

230 400 239 429 J
265 395 296 422 fr.
316 398 339 421 2.
360 405 399 432 pr.
419 396 456 429 33.
479 397 500 421 l.
521 405 559 431 sq.
581 394 614 421 de
632 394 657 421 h.
678 405 720 431 qu.
736 400 789 421 not.
803 396 828 421 3.
843 397 866 421 2.
892 395 998 421 Caeteri
1017 403 1108 420 omnes

265 439 382 464 veterani
401 437 434 464 de
453 448 610 474 quocunque
629 439 754 464 exercitu.
780 437 830 464 Th.
852 438 882 464 C.
903 437 958 464 VII.
978 439 1020 464 20.
1041 447 1062 463 c.
1082 438 1106 463 4.

265 481 287 514 3.
310 482 331 506 l.
352 480 384 507 de
403 486 516 507 veteran.
537 480 682 513 Publicani.
702 497 734 500 —
755 481 817 507 item
837 482 867 513 is.
888 481 933 517 qui
953 479 1017 517 quid
1036 490 1109 507 exer-

267 525 330 550 citui
349 523 526 560 praebendum
546 523 711 551 conduxerit.
731 524 761 550 fr.
783 526 822 550 19.
845 533 885 561 pr.
905 523 938 549 de
956 523 1046 550 testib.
1064 525 1106 549 22.

266 569 290 593 5.
328 566 407 602 Quod
433 566 466 592 ob
491 568 630 593 transitum
656 568 787 594 exercitus
811 566 946 592 confertur
969 577 1001 593 ex
1020 566 1109 593 fructi-

266 610 324 636 bus.
343 609 374 635 l'r.
393 610 435 635 27.
455 609 477 643 3.
496 611 520 636 3.
541 609 573 636 de
592 609 674 637 usul'r.
695 612 717 636 7.
740 611 761 636 l.
782 608 818 637 cs..
834 608 864 635 l‘r.
880 610 920 635 13.
940 609 962 643 3.
977 610 1000 635 7.
1021 608 1052 635 fr.
1068 610 1108 636 15.

265 653 288 686 3.
307 655 330 678 2.
351 652 427 678 locat.
448 653 488 678 19.
507 654 531 679 2.

300 695 527 722 Exhaurire.
574 697 761 726 Evacuare,
782 697 965 722 Absumere.
1002 694 1021 721 1.
1046 695 1108 729 Sy.

266 738 419 770 Effundere,
438 738 580 765 Exinanire
599 739 801 775 (patrimonium
822 738 890 771 etc.)
911 748 932 764 0.
955 740 976 764 1.
997 747 1056 774 sqq.
1076 737 1109 764 de
1130 747 1132 774 ’ἰ

266 781 338 808 inoff.
359 780 458 808 douatt.
477 783 501 807 3.
521 783 563 807 29.
600 781 642 807 III.
655 783 720 808 Cn.
741 781 771 808 Si
792 780 930 807 coheredis
950 781 1001 807 mei
1020 781 1108 817 portio
1130 777 1132 784 '

267 824 393 851 exhausta
413 825 456 855 sit,
476 834 530 853 inea
551 825 658 860 integra.
678 823 709 850 fr.
731 826 752 850 1.
773 824 795 857 3.
817 825 857 850 14.
878 824 909 850 fr.
929 825 970 850 21.
990 824 1012 857 3.
1034 825 1056 849 l.
1077 822 1109 850 ad

265 867 296 894 L.
317 867 386 894 falc.
409 869 451 894 35.
475 870 499 893 2.
536 866 670 893 Exhausta
694 866 800 903 legatis,
823 872 867 893 aut
886 866 1108 899 fideicommissis,

267 927 300 930 —
319 909 460 942 hereditas,
480 920 500 936 s.
518 910 662 936 successio.
687 909 759 936 Paul.
779 909 821 936 III.
841 911 865 936 8.
889 910 959 943 31.
978 909 1023 936 IV.
1043 911 1067 936 5.
1086 910 1108 944 3.

266 956 290 981 5.
318 964 338 980 c.
366 955 387 979 1.
419 954 503 988 Quor.
527 953 635 989 legator.
659 954 683 979 S.
707 954 732 979 3.
780 952 960 979 Hereditatem
985 952 1109 990 spoliare,

267 997 365 1034 apertis
385 995 450 1022 clam
470 995 586 1028 horreis,
606 995 773 1032 sublatisque
797 995 963 1033 supellectile
983 1000 1008 1022 et
1026 1000 1109 1027 veste.

268 1045 291 1065 et
312 1039 448 1076 apothecis
471 1038 615 1065 exhaustis.
640 1038 669 1065 sr.
695 1040 737 1066 40.
761 1049 800 1076 pr.
827 1038 859 1065 de
883 1038 1000 1066 statulib.
1024 1041 1066 1065 40.
1087 1040 1109 1064 7.

268 1082 348 1118 Quod
368 1083 449 1108 totius
468 1082 567 1117 negotii
587 1083 763 1118 cognitionem
782 1082 861 1114 tollit,
881 1087 907 1109 et
925 1083 996 1108 vires
1015 1082 1111 1118 princi-

267 1125 335 1163 palis
360 1125 457 1161 negotii
481 1124 608 1151 exhaurit.
647 1124 697 1152 Th.
718 1125 748 1152 C.
769 1125 787 1151 I.
807 1127 830 1151 2.
856 1135 878 1151 0.
902 1126 926 1151 5.
953 1124 1058 1158 OVck.)
1079 1124 1111 1151 de

268 1169 320 1195 div.
340 1178 420 1194 rescr.
441 1167 471 1194 Si
490 1177 632 1205 possessor
651 1182 683 1185 —
703 1168 868 1205 temporibus
882 1167 961 1194 suerit
979 1167 1111 1200 evolutus,

269 1229 300 1232 —
326 1211 496 1246 redintegrari
525 1210 576 1237 sibi
600 1210 755 1237 exhaustum
780 1210 900 1248 postulet
924 1211 1045 1248 spatium.
1073 1210 1110 1236 lb.

266 1255 313 1282 XI.
332 1256 374 1281 31.
396 1264 417 1280 c.
439 1256 461 1280 1.
482 1253 515 1280 de
532 1264 616 1291 repar.
637 1264 696 1291 app.

303 1298 532 1325 Exhaustus.
561 1296 681 1330 (Partic.)
714 1297 884 1333 Defectus.
914 1297 945 1324 11.
968 1299 1035 1331 ⁰1³-
1054 1296 1112 1324 Ido-

268 1341 311 1367 nei
330 1345 355 1366 et
374 1339 545 1366 sufficientes.
567 1354 599 1358 —
619 1339 726 1366 Tenues
746 1345 771 1366 et
785 1339 914 1367 exhausti.
934 1340 964 1367 sr.
979 1342 1003 1367 6.
1023 1350 1062 1377 pr.
1079 1339 1112 1367 de

268 1393 337 1410 mun.
358 1387 383 1408 et
402 1382 462 1409 hon.
482 1385 523 1409 50.
544 1385 567 1409 4.
592 1382 634 1409 III.
647 1384 713 1410 Cn.
732 1382 884 1410 Exhaustus
903 1393 1054 1420 possessor.
1074 1394 1112 1410 re-

268 1426 423 1462 dimensque
443 1436 546 1463 semper
565 1425 691 1452 inducias.
716 1425 784 1452 Nov.
810 1425 867 1453 val.
887 1426 930 1453 111.
955 1426 988 1453 de
1012 1426 1111 1463 indulg.

268 1469 362 1505 reliqu.
382 1468 412 1494 II.
434 1471 456 1495 l.
477 1479 498 1495 c.
520 1471 541 1495 l.
562 1470 583 1503 3.
600 1471 622 1495 l.
659 1468 808 1496 Laboribus
829 1469 957 1497 exhausti.
978 1469 1045 1496 Nov.
1061 1469 1110 1497 Th.

269 1512 300 1539 II.
320 1512 352 1538 de
371 1511 510 1538 sabi-icens.
530 1512 548 1538 1.
569 1514 593 1539 4.
614 1522 634 1539 0.
656 1513 678 1538 l.
705 1512 727 1546 3.
748 1514 772 1538 1.
808 1513 938 1540 Exhausti
958 1514 1050 1540 aerarii
1069 1523 1112 1540 ne-

270 1556 388 1582 cessitas.
409 1554 458 1581 Th.
478 1554 509 1581 C.
529 1555 574 1582 XI.
596 1556 635 1581 18.
656 1565 678 1581 0.
699 1557 721 1582 l.
742 1556 794 1591 Qu.
815 1566 828 1582 a
847 1557 936 1593 praeb.
957 1557 1034 1583 tiron.

303 1599 564 1626 Exheredare.
606 1599 810 1625 Testamenta
835 1609 948 1626 arcere
969 1601 1006 1626 ab
1025 1601 1111 1625 ltere-

270 1644 376 1668 ditate
395 1643 580 1676 legitimum
599 1643 755 1673 heredem,
776 1643 1021 1668 cuiinstitutio
1041 1643 1113 1668 iure

269 1687 405 1711 debetur.
443 1684 461 1710 I.
481 1686 544 1717 Sy.
565 1683 737 1715 submovere.
751 1683 906 1715 Removere.
926 1695 940 1711 a
959 1684 1112 1716 hereditate,

270 1738 291 1754 S.
312 1728 488 1754 successione.
514 1727 545 1752 t'r.
564 1728 588 1752 3.
615 1727 652 1760 33.
672 1728 697 1752 2.
717 1736 776 1763 sqq.
797 1726 829 1753 de
853 1727 899 1753 lib.
918 1733 944 1754 et
963 1727 1051 1765 posth.
1069 1728 1112 1754 28.

270 1774 294 1796 2.
315 1770 344 1796 l'r.
366 1772 388 1796 7.
408 1780 447 1807 pr.
472 1769 504 1795 de
528 1769 589 1795 bon.
615 1769 726 1795 damnat.
752 1771 793 1795 46.
813 1772 855 1796 20.
892 1770 1071 1801 Exheredem,
1091 1780 1112 1797 S.

270 1813 473 1844 Exheredatum.
494 1812 586 1839 facere.
605 1812 647 1838 Pr.
664 1813 686 1846 3.
701 1815 722 1838 1.
743 1812 761 1838 I.
781 1812 814 1839 de
831 1813 919 1840 exher.
939 1813 1014 1840 liber.
1033 1816 1057 1840 2.
1072 1815 1112 1839 13.

272 1866 292 1882 e.
312 1858 354 1882 24.
374 1855 406 1882 de
424 1855 500 1891 legat.
521 1857 544 1881 (5.
564 1857 606 1881 37.
630 1855 660 1882 ΙΙ.
682 1857 750 1890 Op.
769 1856 895 1893 AdIIgare
914 1856 1061 1883 hereditati.
1082 1856 1112 1883 fr.

272 1900 313 1925 -Η,
335 1898 366 1924 de
385 1898 473 1924 hered.
494 1899 554 1924 inst.
573 1901 615 1924 28.
635 1900 658 1925 5.
695 1898 848 1931 [astitum-e.
873 1910 894 1926 s.
914 1899 1051 1932 Scribere.
1071 1899 1114 1926 he-

273 1941 368 1968 redem.
394 1940 451 1966 Gai.
472 1940 501 1966 ll.
524 1942 579 1967 123.
601 1951 640 1977 sq.
668 1943 724 1968 130.
747 1944 803 1968 134.
824 1952 863 1978 sq.
890 1944 947 1969 141.
971 1953 1029 1979 sqq.
1056 1944 1112 1969 182.

273 1995 312 2021 sq.
350 1984 504 2010 Praeterire.
525 1983 560 2010 lb.
582 1984 611 2010 II.
633 1986 689 2010 123.
710 1994 749 2020 sq.
787 1984 830 2011 Ill.
854 1986 920 2013 Cn.
939 1985 969 2012 Si
988 1996 1051 2012 suus
1071 1985 1114 2012 he-

273 2038 315 2054 res
334 2026 518 2063 adgnascatur.
544 2028 587 2063 qui
607 2037 693 2064 neque
712 2027 788 2054 heres
808 2029 958 2058 institutus,
978 2039 1063 2065 neque
1087 2033 1114 2054 ut

273 2075 379 2107 oporto-t
398 2069 572 2096 exheredatus
593 2071 634 2096 sit.
656 2070 716 2108 Hp.
736 2068 832 2097 XXIII.
851 2073 875 2097 2.
913 2071 994 2106 Quod
1013 2073 1062 2105 (sc.
1080 2076 1115 2097 te-

273 2113 451 2145 stamentum.)
471 2112 568 2139 frustra
592 2113 682 2140 liberis
703 2113 883 2145 exheredatis,
904 2124 956 2140 non
975 2124 1007 2141 ex
1026 2114 1114 2140 officio

274 2157 380 2193 pietatis
403 2155 507 2182 videtur
532 2166 591 2181 esse
615 2158 803 2194 conscriptum.
835 2156 907 2184 Paul.
931 2156 975 2183 IV.
1000 2159 1023 2183 5.
1048 2157 1114 2190 31.

275 2200 303 2225 Si
324 2200 358 2224 sit
377 2204 436 2224 ante
459 2198 509 2224 hoc
533 2198 603 2225 aliud
624 2204 823 2231 testamentum.
848 2210 861 2225 a
886 2210 938 2236 quo
958 2199 1115 2237 posthumus

276 2241 449 2268 exheredatus
474 2242 515 2268 sit.
550 2242 580 2268 fr.
600 2244 624 2268 3.
648 2243 670 2276 3.
689 2244 712 2269 4.
742 2242 774 2269 cl'.
799 2243 829 2269 sr.
851 2244 890 2269 19.
915 2253 954 2280 pr.
975 2243 1007 2269 de
1026 2244 1114 2270 iniust.

276 2290 346 2321 rupt.
365 2286 406 2310 28.
426 2286 450 2310 3.
488 2284 516 2311 Si
535 2285 693 2321 posthumus
707 2296 720 2312 a
739 2286 824 2323 primo
837 2285 919 2321 gradu
933 2285 1115 2318 exheredatus,

277 2340 290 2354 a
310 2326 426 2354 secundo
446 2329 602 2363 praeteritus
622 2329 664 2355 sit.
690 2328 720 2355 sr.
742 2331 781 2355 14.
807 2339 845 2366 pr.
866 2329 898 2355 dc
918 2328 963 2355 111).
984 2334 1009 2355 et
1027 2329 1115 2366 posth.

276 2374 319 2397 2⁵.
337 2372 361 2396 2.
382 2370 412 2396 l'r.
432 2372 455 2396 3.
476 2370 497 2403 3.
518 2372 541 2396 6.
563 2370 592 2396 fr.
612 2373 635 2397 5.
657 2371 689 2397 de
708 2372 796 2398 iniust.
817 2376 885 2408 rupt.
904 2374 946 2398 28.
965 2373 990 2398 3.
1027 2371 1116 2398 Liberi

278 2424 368 2440 eorum
387 2423 439 2439 non
459 2414 609 2439 nominatim
629 2414 788 2441 exheredati.
815 2414 871 2440 Gai.
892 2414 934 2441 III.
954 2416 995 2441 63.
1015 2424 1055 2450 sq.
1075 2416 1116 2440 66.

278 2459 320 2483 71.
357 2455 471 2483 Silentio
491 2455 650 2482 exheredare
669 2457 760 2484 filium.
781 2457 811 2483 sr.
835 2458 874 2483 12.
894 2467 933 2493 pr.
954 2457 987 2484 de
1006 2451 1066 2483 bon.
1088 2456 1117 2483 li-
1138 2472 1139 2478 .

281 2500 345 2526 bert.
371 2501 412 2525 3³.
436 2501 460 2525 2.
498 2498 659 2525 Exheredari
684 2509 740 2526 cum
765 2500 912 2527 adiectione
930 2500 1016 2537 legati.
1055 2499 1116 2537 Ylp.

283 2542 365 2569 xxll.
384 2544 426 2568 22.
446 2542 477 2568 cs.
496 2543 538 2568 21.

314 2585 581 2613 Exheredatio.
605 2586 741 2612 Furtum
760 2588 987 2613 exlceredandi.
1007 2585 1037 2611 11.
1051 2587 1118 2619 Op·

288 2627 426 2654 Institutio.
448 2628 478 2653 l'r.
500 2629 538 2653 19.
559 2627 591 2654 de
609 2626 654 2654 lib.
674 2632 699 2653 et
719 2628 805 2665 posth.
824 2630 866 2655 28,
885 2632 909 2655 2.
928 2628 971 2655 III.
986 2629 1052 2656 Cn.
1065 2628 1119 2654 Do-

284 2679 342 2695 rere
363 2671 539 2696 inum-rentem
563 2680 602 2703 se⁷
629 2675 654 2696 et
677 2670 736 2697 ideo
762 2675 787 2696 et
813 2671 918 2707 indigne
942 2673 1119 2709 praeteritum,

283 2712 326 2738 vel
346 2714 420 2738 etiam
441 2712 644 2739 exlwrrdatione
667 2714 825 2740 submotum.
847 2713 876 2740 sr.
897 2716 920 2740 5.
942 2714 974 2740 dr.
993 2714 1064 2741 inoff.
1084 2719 1120 2741 te-

284 2759 359 2780 stam.
389 2756 412 2780 5.
436 2758 461 2781 2.
506 2755 717 2783 Exheredatione
741 2756 854 2783 adimere
883 2756 1061 2784 hereditatem.
1090 2757 1120 2783 l'r.

288 2799 326 2823 17.
351 2797 372 2831 3
392 2800 415 2822 2.
441 2797 472 2823 de
496 2798 570 2824 milit.
597 2803 698 2825 testam.
723 2801 764 2826 29.
791 2801 812 2825 1.
850 2798 1036 2832 Exheredatio.
1056 2810 1122 2836 quae

287 2850 339 2866 non
359 2845 436 2866 nota(—
455 2841 543 2875 gratia.
563 2841 610 2867 sed
634 2841 684 2868 alio
711 2841 822 2868 consilio
845 2841 944 2869 adiecta
964 2847 1010 2868 est.
1031 2842 1060 2868 sr.
1080 2844 1121 2869 47.
1144 2840 1145 2843 ¹

1083 183 1177 213 EXH.

1154 275 1194 302 pr.
1216 264 1248 291 de
1266 264 1327 291 bon.
1346 264 1433 291 libert.
1453 265 1495 292 38.
1514 268 1539 292 2.
1559 265 1590 292 cf.
1611 266 1641 292 fr.
1660 268 1702 294 20.
1722 277 1761 304 pr.
1781 267 1813 294 de
1833 268 1863 294 B.
1884 267 1910 294 P.
1932 279 1952 295 c.
1973 274 1990 294 1.

1153 309 1194 334 37.
1214 309 1238 334 4.
1277 307 1368 334 Cretio
1388 309 1446 335 sine
1465 308 1668 336 exheredatione
1687 309 1754 336 data.
1773 309 1830 337 Gai.
1848 310 1878 338 II.
1901 313 1958 338 177.

1188 351 1475 378 Exheredatus..
1502 354 1654 379 Exheres.
1692 352 1710 378 I.
1730 353 1791 386 Sy.
1818 353 1992 381 Exheredem.

1153 393 1349 421 Exheredatum
1369 393 1496 427 (facere.)
1521 395 1552 421 ct'.
1573 405 1596 421 v.
1617 394 1797 422 Exhercdare.
1821 406 1845 422 v.
1865 396 1991 423 Exheres.

1153 436 1195 463 III.
1222 438 1288 464 Cn.
1320 436 1406 472 Quem
1431 447 1516 473 neque
1539 437 1676 470 heredem.
1700 448 1785 474 neque
1808 438 1993 466 exheredatum

1153 480 1222 506 fecit.
1243 490 1264 506 0.
1284 481 1325 506 31.
1346 479 1378 506 de
1398 479 1554 506 fideicomm.
1579 482 1603 507 6.
1627 483 1668 507 42.
1694 491 1714 507 0,
1738 482 1780 507 34.
1806 480 1838 507 de
1862 482 1934 508 inoff.
1958 488 1993 509 te-

1153 528 1228 549 stam.
1247 524 1272 549 3.
1291 524 1333 549 28.
1376 522 1429 558 Qui
1454 524 1644 561 emancipatus.
1669 529 1713 550 aut
1736 523 1911 552 exheredatus
1936 526 1993 555 erit.

1153 567 1232 602 quive
1251 565 1378 592 abstinuit
1397 576 1426 592 se
1444 565 1598 593 hereditate.
1617 567 1647 593 l'r.
1670 569 1694 593 2.
1714 577 1753 604 pr.
1776 567 1829 603 Qu.
1854 578 1876 594 0.
1896 578 1926 594 eo
1947 567 1992 604 qu.

1154 610 1180 635 in
1199 608 1231 635 al.
1250 613 1304 646 pot.
1326 610 1366 635 14.
1385 610 1409 635 5.
1446 608 1629 636 Exheredatus
1649 610 1766 637 effectus.
1792 610 1822 636 l'r.
1842 613 1883 637 20.
1902 621 1941 648 pr.
1961 610 1994 637 de

1153 652 1183 678 B.
1204 651 1231 678 P.
1252 662 1273 678 c.
1294 657 1311 678 t.
1330 653 1372 678 37.
1392 654 1415 677 4.
1452 652 1538 678 Etiam
1562 652 1728 680 exheredatis
1750 653 1814 680 filiis
1833 653 1995 680 substituere

1155 694 1309 732 parentibus
1329 694 1399 721 licet.
1420 694 1481 732 Ylp.
1500 695 1596 722 XXIII.
1615 696 1639 722 8.

1187 738 1370 765 Exheres.
1404 740 1665 766 Exlzeredatione
1683 741 1834 767 exclusus
1853 741 1889 766 ab
1907 741 1994 766 ltere-

1154 782 1271 807 ditale.
1308 780 1326 807 1.
1345 782 1406 815 Sy.
1437 781 1629 808 Exheredatus.
1650 782 1707 809 Gai.
1728 782 1758 809 II.
1780 784 1836 809 123.
1857 792 1915 818 sqq.
1952 781 1994 808 111.

1153 825 1196 850 (54.
1215 824 1256 850 66.
1277 823 1308 850 fr.
1330 825 1351 850 l.
1372 825 1393 858 3.
1413 825 1437 850 8.
1458 824 1490 850 de
1510 824 1589 851 Carb.
1610 824 1686 851 edict.
1705 827 1747 852 37.
1764 827 1801 851 lo.
1822 825 1852 852 fr.
1875 825 1956 859 123.
1970 826 1994 851 6.

1154 866 1187 893 de
1212 866 1272 893 bon.
1297 865 1384 893 libert.
1403 867 1446 893 38.
1469 869 1494 894 2.
1531 867 1564 894 II.
1588 869 1655 902 ΟΡ.
1683 868 1774 895 Heres.
1807 868 1864 895 Gai.
1884 868 1915 894 II.
1936 869 1994 894 174.

1156 911 1214 936 177.
1239 919 1279 946 sq.
1304 909 1334 936 fr.
1359 911 1399 936 17.
1423 910 1445 944 3.
1469 912 1493 936 2.
1514 910 1547 937 (18
1565 910 1640 937 milit.
1660 916 1720 938 test.
1739 913 1781 938 29.
1803 913 1825 938 l.
1863 910 1906 937 ΙΙΙ.
1929 911 1995 938 Cn.

1155 952 1287 984 Scribere,
1306 962 1330 979 v.
1351 952 1456 985 Facere.
1476 953 1640 980 exheredem.
1666 954 1696 981 fr.
1719 956 1758 981 17.
1782 954 1804 988 3.
1823 956 1847 980 2.
1873 953 1890 980 l.
1909 954 1950 980 29.
1972 955 1994 979 1.

1154 996 1185 1022 fr.
1206 997 1229 1022 1.
1249 995 1271 1029 3.
1291 996 1314 1022 S.
1335 995 1368 1022 de
1387 995 1465 1022 Carb.
1486 996 1563 1023 edict.
1582 999 1624 1023 37.
1646 999 1685 1024 10.
1706 997 1748 1024 Pr.
1768 997 1786 1023 I.
1807 996 1840 1023 de
1859 995 1947 1022 exher.
1967 995 1996 1022 li-

1154 1039 1209 1065 ber.
1227 1040 1252 1064 2.
1274 1040 1314 1064 13.
1361 1037 1429 1065 Cum
1448 1039 1554 1075 quidam
1567 1056 1599 1059 —
1613 1039 1669 1067 filio
1690 1056 1721 1059 —
1741 1040 1767 1067 X
1786 1040 1908 1076 legasset.
1929 1038 1996 1065 adie-

1156 1083 1206 1108 cit:
1234 1081 1286 1114 ..ln
1312 1086 1413 1108 caetera
1432 1087 1507 1119 parte
1527 1082 1636 1109 exheres
1656 1082 1719 1109 1111111
1739 1084 1822 1110 erit1⁰
1847 1082 1878 1109 fr.
1900 1083 1939 1108 19.
1964 1080 1997 1107 de

1156 1124 1201 1152 lib.
1222 1130 1247 1152 et
1265 1124 1354 1162 posth.
1373 1126 1415 1151 28.
1434 1127 1458 1152 2.
1497 1124 1526 1152 Si
1541 1125 1604 1152 alias
1617 1125 1717 1154 feeerit.
1737 1126 1849 1153 exheres
1869 1129 1935 1151 esto.
1955 1123 1997 1150 vel

1155 1167 1249 1208 perdat
1268 1167 1389 1205 legatum.
1410 1167 1440 1194 sr.
1459 1170 1502 1195 41.
1521 1168 1543 1202 3.
1563 1170 1587 1195 8.
1608 1168 1640 1195 de
1653 1168 1729 1205 legat.
1742 1168 1784 1195 III.
1799 1169 1866 1201 (32.)
1889 1166 1999 1203 Quodni

1156 1212 1191 1238 ita
1210 1212 1335 1243 creveris,
1355 1211 1466 1238 exheres
1486 1213 1556 1238 esto!
1577 1210 1633 1238 Gai.
1648 1211 1679 1238 ll.
1694 1213 1824 1238 165.·174.
1838 1210 1899 1248 ΠΡ.
1913 1210 1997 1237 XXII.

1154 1256 1196 1281 27.
1215 1256 1257 1281 33.
1278 1264 1318 1291 sq.

1190 1297 1394 1325 Exhibere.
1437 1297 1469 1331 ᾖ.
1489 1299 1523 1324 l.
1549 1299 1682 1332 Copiam
1706 1299 1851 1324 alicuius
1870 1298 1996 1333 facere.

1156 1340 1174 1367 I.
1194 1342 1256 1375 Sy.
1275 1341 1356 1367 Extra
1376 1345 1506 1367 secretum
1525 1340 1630 1367 habere.
1650 1340 1681 1367 fr.
1691 1342 1716 1367 3.
1736 1341 1758 1374 3.
1773 1343 1796 1366 ὅ.
1817 1339 1849 1367 de
1868 1339 1913 1366 lib.
1927 1339 1996 1366 hom.

1156 1383 1243 1410 exhib.
1263 1385 1306 1410 43.
1324 1385 1365 1410 29.
1403 1383 1500 1410 Facere
1520 1385 1630 1421 copiam.
1650 1393 1671 1410 s.
1691 1388 1858 1421 potestatem.
1887 1383 1924 1409 lb.
1943 1382 1960 1409 1.
1980 1382 1996 1408 l.

1157 1426 1187 1453 sr.
1205 1424 1230 1453 2.
1250 1426 1280 1453 [ι’.
1299 1428 1323 1453 9.
1343 1427 1365 1461 3.
1384 1428 1408 1453 5.
1429 1426 1461 1454 ad
1485 1426 1572 1454 exhib.
1599 1429 1639 1453 10.
1659 1428 1684 1453 4.
1710 1426 1740 1453 sr.
1760 1427 1784 1452 3.
1809 1427 1830 1460 3.
1850 1427 1874 1452 8.
1894 1425 1927 1452 (18
1945 1425 1997 1452 tab.

1156 1469 1243 1496 exhib.
1263 1471 1304 1496 43.
1324 1472 1348 1496 5.
1384 1469 1478 1497 Edere.
1499 1470 1530 1497 fr.
1549 1471 1573 1497 8.
1598 1480 1637 1508 pr.
1662 1469 1694 1498 de
1719 1469 1812 1496 edend.
1837 1471 1860 1495 2.
1882 1471 1922 1496 13.
1959 1468 1999 1496 Si-

1158 1518 1235 1539 stere.
1255 1512 1286 1539 fr.
1308 1514 1331 1539 1.
1350 1523 1389 1550 pr.
1409 1513 1432 1547 3.
1453 1515 1475 1539 1.
1495 1514 1518 1539 si
1538 1523 1570 1540 ex
1589 1523 1650 1539 nox.
1670 1523 1692 1540 0.
1711 1514 1736 1539 2.
1755 1514 1781 1539 9.
1800 1511 1831 1538 II.
1844 1513 1912 1546 ΟΡ.
1931 1511 1999 1538 Red-

1157 1555 1227 1582 dere.
1246 1555 1278 1582 fr.
1299 1558 1322 1582 1.
1342 1566 1381 1593 pr.
1402 1556 1434 1583 de
1452 1555 1553 1593 fugitiv.
1575 1557 1616 1582 ll.
1634 1557 1659 1583 4.
1695 1555 1854 1582 Restituere.
1876 1555 1933 1581 Gai.
1953 1554 1997 1581 lv.

1158 1601 1216 1625 157.
1237 1600 1295 1625 162.
1315 1608 1355 1635 sq.
1376 1600 1434 1625 165.
1454 1598 1485 1625 fr.
1499 1600 1522 1626 9.
1543 1599 1565 1633 3.
1578 1601 1602 1626 5.
1623 1598 1655 1625 ad
1675 1598 1762 1625 exhib.
1778 1600 1817 1624 10.
1831 1600 1855 1624 4.
1875 1597 1917 1624 111.
1932 1598 1998 1625 011·

1156 1642 1210 1668 Res
1234 1641 1318 1668 ablata
1344 1641 1500 1668 exhibeatur
1523 1646 1549 1668 et
1573 1641 1734 1679 deponatur,
1754 1646 1797 1668 aut
1816 1641 1875 1667 sisti
1894 1640 2000 1667 exhibe-

1156 1686 1213 1712 rive
1231 1684 1358 1711 satisdato
1378 1685 1554 1721 promittatur.
1574 1684 1604 1711 fr.
1625 1686 1666 1711 16.
1686 1685 1718 1712 de
1742 1685 1785 1711 off.
1805 1683 1893 1711 Praes.
1914 1686 1937 1710 1.
1958 1684 1998 1710 18.

1157 1728 1199 1755 Ad
1219 1727 1397 1755 exhibendum
1416 1737 1492 1763 agere
1509 1737 1564 1756 me.
1589 1732 1615 1754 et
1637 1727 1780 1754 exhibitam
1803 1727 1938 1754 vindicare
1957 1726 2000 1753 de-

1157 1771 1227 1797 bere.
1251 1770 1282 1797 fr.
1301 1771 1343 1797 38.
1368 1780 1406 1807 pr.
1433 1770 1466 1797 de
1489 1770 1576 1808 pecul.
1597 1772 1636 1797 15.
1657 1773 1680 1797 1.
1705 1770 1735 1797 sr.
1754 1772 1778 1797 3.
1805 1771 1827 1804 3.
1847 1772 1870 1796 5.
1895 1769 1928 1796 (18
1946 1768 1999 1795 tab.

1158 1814 1245 1841 exhib.
1265 1815 1307 1840 43.
1327 1815 1350 1839 5.
1372 1814 1402 1840 fr.
1424 1815 1446 1840 1.
1467 1824 1506 1851 pr.
1526 1813 1558 1840 de
1577 1815 1644 1850 priv.
1665 1813 1753 1840 delict.
1773 1815 1814 1840 47.
1836 1815 1858 1839 l.
1889 1812 1919 1839 In
1936 1821 1999 1843 rem.

1157 1857 1200 1884 vel
1219 1856 1252 1883 ad
1271 1856 1461 1889 exhibendum,
1486 1856 1528 1883 vel
1552 1857 1574 1883 si
1595 1867 1644 1893 qua
1668 1856 1717 1883 alia
1736 1857 1759 1883 ei
1779 1857 1913 1893 competit.
1931 1855 1999 1882 actio

1159 1901 1191 1928 ad
1210 1911 1269 1927 eum
1288 1899 1468 1937 recipiendum
1487 1900 1587 1936 integra
1606 1901 1662 1926 erit.
1677 1899 1708 1926 fr.
1724 1901 1763 1926 14.
1778 1900 1852 1933 3.11.
1873 1898 1924 1934 Qu.
1937 1902 1998 1924 met.

1159 1955 1180 1971 c.
1201 1946 1224 1970 4.
1243 1946 1268 1970 2.
1306 1942 1467 1970 Facultatem
1491 1944 1529 1969 rei
1553 1942 1716 1969 exhibendae
1735 1942 1838 1969 habere.
1864 1941 1894 1967 fr.
1915 1942 1954 1966 12.
1975 1940 1997 1973 3.

1160 1989 1182 2013 1.
1203 1986 1235 2013 ad
1255 1986 1342 2012 exhib.
1364 1988 1403 2012 10.
1423 1987 1447 2012 4.
1484 1985 1514 2012 Si
1532 1985 1630 2012 iudicio
1649 1989 1675 2012 te
1693 1986 1752 2012 sisti
1771 1985 1931 2022 promisere.
1950 1992 1999 2008 net:

1159 2030 1312 2057 exhibuero.
1338 2029 1368 2055 fr.
1388 2031 1430 2055 45.
1454 2029 1476 2063 3.
1496 2030 1520 2055 3.
1545 2028 1630 2054 mand.
1657 2030 1697 2054 17.
1724 2030 1745 2054 1.
1783 2027 1902 2054 Licentia
1922 2026 2000 2061 igitur

1160 2074 1216 2101 erit.
1237 2077 1323 2099 utrum
1341 2071 1433 2098 malint
1452 2073 1503 2109 ipsi
1517 2072 1653 2108 suscipere
1665 2070 1798 2103 iudicium,
1818 2079 1849 2096 an
1869 2068 1999 2106 pupillum

1161 2115 1298 2142 exhibere.
1323 2119 1351 2140 ut
1374 2115 1441 2151 ipsis
1465 2114 1616 2141 auctoribus
1637 2113 1761 2140 iudicium
1780 2113 1948 2149 suscipiatur.
1967 2110 1998 2137 sr.

1161 2161 1183 2185 1.
1203 2159 1225 2192 3.
1244 2160 1269 2184 2.
1289 2157 1322 2184 de
1341 2156 1408 2183 adm.
1429 2161 1453 2183 et
1472 2158 1552 2194 peric.
1571 2158 1614 2183 26.
1634 2158 1656 2182 7.
1682 2156 1735 2191 Qui
1755 2155 1901 2182 debitorem
1914 2164 1999 2180 meum

1160 2203 1187 2228 in
1206 2200 1331 2227 iudicium
1351 2199 1476 2226 exhibere
1495 2200 1624 2237 promisit.
1644 2198 1674 2225 fr.
1694 2200 1735 2225 28.
1756 2199 1777 2232 3
1797 2200 1821 2224 2.
1843 2197 1875 2224 de
1893 2198 1998 2223 iureiur.

1162 2247 1201 2271 12.
1221 2246 1245 2270 2.
1284 2244 1338 2279 Qui
1352 2242 1494 2270 exhibendi
1506 2242 1633 2280 postulati
1647 2246 1718 2273 sunt,
1731 2246 1841 2279 propter
1853 2240 1928 2267 aliam
1943 2250 2000 2267 cau-

1161 2298 1216 2314 sam
1235 2286 1343 2313 alterius
1363 2286 1479 2312 criminis
1499 2301 1531 2304 —
1550 2286 1588 2311 rei
1607 2294 1660 2311 non
1678 2285 1868 2321 percipiuntur.
1887 2283 1918 2310 fr.
1932 2285 1956 2309 2.
1977 2283 1998 2316 3.

1161 2333 1184 2357 2.
1205 2330 1236 2356 cl'.
1257 2329 1287 2356 fr.
1307 2331 1332 2355 4.
1352 2329 1384 2355 de
1404 2328 1491 2355 exhib.
1511 2329 1570 2354 reiS.
1590 2329 1631 2354 48.
1650 2329 1674 2354 3.
1708 2343 1739 2347 »-
1771 2328 1802 2360 §.
1829 2328 1864 2354 2.
1893 2327 1999 2360 Depu-

1161 2380 1240 2400 tare.
1276 2371 1318 2398 III.
1342 2373 1408 2400 Cn.
1436 2364 1613 2397 Exhiberi'ad
1633 2375 1752 2396 nostrum
1771 2370 1903 2396 sacratiss.
1923 2369 2000 2395 comi-

1162 2421 1251 2442 tatum.
1271 2414 1338 2441 Nov.
1359 2413 1408 2440 Τ11.
1428 2413 1458 2440 ll.
1478 2422 1510 2438 ne
1529 2412 1631 2439 ducian.
1652 2424 1674 2439 v⁴
1695 2413 1747 2440 lim.
1768 2413 1786 2440 l.
1805 2415 1830 2439 2.
1850 2423 1870 2439 c.
1892 2414 1914 2438 l.
1934 2412 1956 2445 3.
1977 2412 1999 2436 l.

1161 2458 1216 2485 Nec
1237 2457 1291 2485 ullo
1315 2457 1386 2493 fungi
1409 2465 1529 2487 munere,
1549 2466 1597 2482 nec
1617 2456 1648 2482 ad
1668 2456 1792 2483 iudicium
1811 2455 1918 2486 deduci.
1939 2456 2000 2487 (nec

1163 2501 1272 2534 eximi.)
1297 2499 1339 2527 vel
1359 2499 1490 2531 exhiberi,
1511 2498 1552 2524 vel
1572 2500 1691 2525 iniuriam
1709 2500 1772 2536 pati.
1797 2509 1818 2525 c.
1838 2500 1861 2525 6.
1881 2497 1914 2524 de
1932 2495 1998 2534 pros.

1163 2549 1189 2571 et
1208 2543 1300 2571 medic.
1321 2544 1360 2569 10.
1379 2543 1421 2568 52.
1442 2554 1472 2558 -
1493 2542 1524 2575 §.
1545 2543 1582 2568 3.
1601 2544 1719 2575 Edere,
1744 2543 1912 2577 Profiteri
1957 2538 1998 2565 111.

1164 2589 1230 2615 Cn.
1250 2586 1279 2613 Si
1303 2586 1410 2612 testium
1435 2586 1539 2611 nomina
1565 2595 1597 2611 ex
1621 2586 1750 2611 sententia
1773 2584 1864 2611 arbitri
1887 2581 1999 2609 exhibita

1164 2640 1216 2656 non
1236 2633 1304 2656 sunt.
1325 2628 1354 2654 fr.
1373 2629 1415 2653 39.
1435 2638 1474 2664 pr.
1495 2627 1527 2653 de
1547 2637 1597 2654 rec.
1618 2638 1660 2664 qu.
1681 2627 1734 2654 arb.
1753 2629 1777 2654 4.
1797 2630 1820 2653 ὅ.
1857 2624 1999 2653 mandator.

1165 2682 1242 2709 quem
1262 2670 1386 2697 exhibere
1404 2670 1482 2697 (lebet.
1501 2670 1610 2697 delator.
1632 2671 1662 2697 I'r.
1681 2672 1723 2696 24.
1748 2670 1781 2696 de
1799 2671 1855 2696 iure
1873 2668 1938 2695 fisci.
1958 2668 1998 2693 -19,

1165 2717 1205 2741 14.
1218 2730 1249 2734 —-
1261 2714 1292 2747 §.
1306 2715 1344 2740 -Ι,
1356 2715 1540 2740 Praestare.
1559 2713 1647 2748 [Sy.
1661 2713 1802 2739 Adhibere.
1823 2711 1854 2738 cl'.
1867 2710 1892 2736 li.
1906 2719 1929 2735 v.
1943 2710 1965 2742 3.
1975 2711 1999 2734 2.

1165 2757 1250 2784 Edere
1270 2756 1382 2788 (ludos.)
1403 2756 1545 2783 Celebrare
1568 2756 1717 2783 editionem.
1741 2755 1791 2782 Th.
1817 2754 1847 2781 C.
1872 2752 1916 2778 171-
1935 2753 1958 2778 ⁴.
1979 2762 1999 2778 c.

1165 2803 1189 2826 2.
1215 2810 1236 2826 e.
1263 2800 1301 2825 13.
1327 2809 1365 2836 pr.
1391 2810 1448 2836 sqq.
1474 2810 1495 2825 c.
1519 2801 1561 2825 22.
1585 2809 1624 2836 pr.
1650 2798 1682 2825 de
1704 2798 1787 2825 Praet.
1812 2801 1837 2823 et
1855 2795 1906 2831 Qu.
1926 2794 2001 2821 Prae-

1168 2847 1238 2869 stare.
1258 2841 1453 2878 (diligentiam.)
1473 2842 1503 2869 sr.
1522 2844 1546 2870 2.
1571 2841 1635 2875 31.
1656 2841 1689 2868 de
1706 2841 1786 2878 perle.
1806 2844 1832 2865 et
1850 2848 1941 2865 comm.
1962 2840 2000 2864 118.

1978 2883 1993 2905 ti
