<?xml version="1.0" encoding="UTF-8"?>
<!DOCTYPE html PUBLIC "-//W3C//DTD XHTML 1.0 Transitional//EN"
    "http://www.w3.org/TR/xhtml1/DTD/xhtml1-transitional.dtd">
<html xmlns="http://www.w3.org/1999/xhtml" xml:lang="en" lang="en">
 <head>
  <title>
</title>
<meta http-equiv="Content-Type" content="text/html;charset=utf-8" />
  <meta name='ocr-system' content='tesseract 3.04.00' />
  <meta name='ocr-capabilities' content='ocr_page ocr_carea ocr_par ocr_line ocrx_word'/>
</head>
<body>
  <div class='ocr_page' id='page_1' title='image "./manualelatinitat00dirk_0467.png"; bbox 0 0 2197 3121; ppageno 0'>
   <div class='ocr_carea' id='block_1_1' title="bbox 1005 154 1090 186">
    <p class='ocr_par' dir='ltr' id='par_1_1' title="bbox 1005 154 1090 186">
     <span class='ocr_line' id='line_1_1' title="bbox 1005 154 1090 186; baseline 0 0"><span class='ocrx_word' id='word_1_1' title='bbox 1005 154 1090 186; x_wconf 76' lang='lat' dir='ltr'>INC.</span> 
     </span>
    </p>
   </div>
   <div class='ocr_carea' id='block_1_2' title="bbox 187 236 1050 490">
    <p class='ocr_par' dir='ltr' id='par_1_2' title="bbox 187 236 1050 309">
     <span class='ocr_line' id='line_1_2' title="bbox 188 236 1050 276; baseline -0.003 -10"><span class='ocrx_word' id='word_1_2' title='bbox 188 240 265 267; x_wconf 82' lang='lat' dir='ltr'>vobis</span> <span class='ocrx_word' id='word_1_3' title='bbox 297 239 409 266; x_wconf 82' lang='lat' dir='ltr'>iudicem</span> <span class='ocrx_word' id='word_1_4' title='bbox 440 240 562 265; x_wconf 85' lang='lat' dir='ltr'>scientes.</span> <span class='ocrx_word' id='word_1_5' title='bbox 593 248 614 264; x_wconf 90' lang='lat' dir='ltr'>c.</span> <span class='ocrx_word' id='word_1_6' title='bbox 640 239 662 263; x_wconf 95' lang='lat' dir='ltr'>l.</span> <span class='ocrx_word' id='word_1_7' title='bbox 689 236 721 263; x_wconf 90' lang='lat' dir='ltr'>de</span> <span class='ocrx_word' id='word_1_8' title='bbox 753 237 842 264; x_wconf 88' lang='lat' dir='ltr'>iurisd.</span> <span class='ocrx_word' id='word_1_9' title='bbox 877 246 944 263; x_wconf 91' lang='lat' dir='ltr'>omn.</span> <span class='ocrx_word' id='word_1_10' title='bbox 973 236 1050 276; x_wconf 63' lang='lat' dir='ltr'>iud.[</span> 
     </span>
     <span class='ocr_line' id='line_1_3' title="bbox 187 284 273 309; baseline 0 0"><span class='ocrx_word' id='word_1_11' title='bbox 187 284 211 309; x_wconf 86' lang='lat'>3.</span> <span class='ocrx_word' id='word_1_12' title='bbox 234 284 273 309; x_wconf 87' lang='lat'>13.</span> 
     </span>
    </p>

    <p class='ocr_par' dir='ltr' id='par_1_3' title="bbox 188 324 1027 490">
     <span class='ocr_line' id='line_1_4' title="bbox 223 324 1026 360; baseline -0.006 -7"><span class='ocrx_word' id='word_1_13' title='bbox 223 324 558 358; x_wconf 74' lang='lat' dir='ltr'>Inconsequenfia.</span> <span class='ocrx_word' id='word_1_14' title='bbox 579 325 739 360; x_wconf 68' lang='lat' dir='ltr'>Defectus</span> <span class='ocrx_word' id='word_1_15' title='bbox 758 325 890 350; x_wconf 79' lang='lat' dir='ltr'><em>ordinis</em></span> <span class='ocrx_word' id='word_1_16' title='bbox 908 328 936 348; x_wconf 78' lang='lat' dir='ltr'>et</span> <span class='ocrx_word' id='word_1_17' title='bbox 954 332 1026 348; x_wconf 84' lang='lat' dir='ltr'>con-</span> 
     </span>
     <span class='ocr_line' id='line_1_5' title="bbox 188 364 1027 403; baseline -0.005 -8"><span class='ocrx_word' id='word_1_18' title='bbox 188 371 326 395; x_wconf 80' lang='lat' dir='ltr'><em>cordiae.</em></span> <span class='ocrx_word' id='word_1_19' title='bbox 363 367 406 394; x_wconf 85' lang='grc'><strong>111.</strong></span> <span class='ocrx_word' id='word_1_20' title='bbox 427 366 566 395; x_wconf 48' lang='grc' dir='ltr'>οηιΡ6ι·</span> <span class='ocrx_word' id='word_1_21' title='bbox 584 366 772 403; x_wconf 73' lang='lat' dir='ltr'>imperfectum.</span> <span class='ocrx_word' id='word_1_22' title='bbox 792 371 817 392; x_wconf 79' lang='lat' dir='ltr'>et</span> <span class='ocrx_word' id='word_1_23' title='bbox 835 367 884 392; x_wconf 88' lang='lat' dir='ltr'>iam</span> <span class='ocrx_word' id='word_1_24' title='bbox 904 364 1027 401; x_wconf 88' lang='lat' dir='ltr'>quodam-</span> 
     </span>
     <span class='ocr_line' id='line_1_6' title="bbox 188 407 1026 445; baseline -0.005 -8"><span class='ocrx_word' id='word_1_25' title='bbox 188 410 266 437; x_wconf 90' lang='lat' dir='ltr'>modo</span> <span class='ocrx_word' id='word_1_26' title='bbox 285 411 351 437; x_wconf 86' lang='lat' dir='ltr'>male</span> <span class='ocrx_word' id='word_1_27' title='bbox 371 415 526 437; x_wconf 84' lang='lat' dir='ltr'>consuetum</span> <span class='ocrx_word' id='word_1_28' title='bbox 551 410 784 445; x_wconf 68' lang='lat' dir='ltr'>inconsequentiae</span> <span class='ocrx_word' id='word_1_29' title='bbox 809 407 852 442; x_wconf 83' lang='lat' dir='ltr'>[al.</span> <span class='ocrx_word' id='word_1_30' title='bbox 876 408 943 434; x_wconf 78' lang='lat' dir='ltr'>male</span> <span class='ocrx_word' id='word_1_31' title='bbox 966 418 1026 433; x_wconf 91' lang='lat' dir='ltr'>con-</span> 
     </span>
     <span class='ocr_line' id='line_1_7' title="bbox 188 450 1025 490; baseline -0.005 -10"><span class='ocrx_word' id='word_1_32' title='bbox 188 455 309 480; x_wconf 87' lang='lat' dir='ltr'>stitutum</span> <span class='ocrx_word' id='word_1_33' title='bbox 333 452 548 490; x_wconf 72' lang='lat' dir='ltr'>consequentiae]</span> <span class='ocrx_word' id='word_1_34' title='bbox 574 462 686 478; x_wconf 89' lang='lat' dir='ltr'>cursum.</span> <span class='ocrx_word' id='word_1_35' title='bbox 711 451 804 478; x_wconf 87' lang='lat' dir='ltr'>Const.</span> <span class='ocrx_word' id='word_1_36' title='bbox 829 450 941 477; x_wconf 85' lang='lat' dir='ltr'>Omnem</span> <span class='ocrx_word' id='word_1_37' title='bbox 961 451 1025 487; x_wconf 82' lang='lat' dir='ltr'>reip.</span> 
     </span>
    </p>
   </div>
   <div class='ocr_carea' id='block_1_3' title="bbox 189 497 255 530">
    <p class='ocr_par' dir='ltr' id='par_1_4' title="bbox 189 497 255 530">
     <span class='ocr_line' id='line_1_8' title="bbox 189 497 255 530; baseline 0 -7"><span class='ocrx_word' id='word_1_38' title='bbox 189 497 211 530; x_wconf 83' lang='lat'>§.</span> <span class='ocrx_word' id='word_1_39' title='bbox 234 498 255 523; x_wconf 97' lang='lat' dir='ltr'>l.</span> 
     </span>
    </p>
   </div>
   <div class='ocr_carea' id='block_1_4' title="bbox 224 537 1026 570">
    <p class='ocr_par' dir='ltr' id='par_1_5' title="bbox 224 537 1026 570">
     <span class='ocr_line' id='line_1_9' title="bbox 224 537 1026 570; baseline -0.005 -4"><span class='ocrx_word' id='word_1_40' title='bbox 224 539 575 566; x_wconf 80' lang='lat' dir='ltr'>Inconsideranter.</span> <span class='ocrx_word' id='word_1_41' title='bbox 607 537 719 570; x_wconf 82' lang='lat' dir='ltr'>(Advb.)</span> <span class='ocrx_word' id='word_1_42' title='bbox 753 538 893 568; x_wconf 75' lang='lat' dir='ltr'>Temere,</span> <span class='ocrx_word' id='word_1_43' title='bbox 913 538 1026 563; x_wconf 82' lang='lat' dir='ltr'>Incon-</span> 
     </span>
    </p>
   </div>
   <div class='ocr_carea' id='block_1_5' title="bbox 178 578 1050 2789">
    <p class='ocr_par' dir='ltr' id='par_1_6' title="bbox 178 578 1050 660">
     <span class='ocr_line' id='line_1_10' title="bbox 188 578 1050 616; baseline -0.003 -8"><span class='ocrx_word' id='word_1_44' title='bbox 188 584 281 608; x_wconf 71' lang='lat' dir='ltr'>sulte.</span> <span class='ocrx_word' id='word_1_45' title='bbox 318 581 349 608; x_wconf 88' lang='lat' dir='ltr'>II.</span> <span class='ocrx_word' id='word_1_46' title='bbox 368 583 435 615; x_wconf 70' lang='lat'>⁰11.</span> <span class='ocrx_word' id='word_1_47' title='bbox 455 580 526 607; x_wconf 83' lang='lat' dir='ltr'>Dolo</span> <span class='ocrx_word' id='word_1_48' title='bbox 546 580 691 612; x_wconf 82' lang='lat' dir='ltr'>(abstinere</span> <span class='ocrx_word' id='word_1_49' title='bbox 708 578 865 610; x_wconf 81' lang='lat' dir='ltr'>hereditate,</span> <span class='ocrx_word' id='word_1_50' title='bbox 885 589 922 605; x_wconf 89' lang='lat' dir='ltr'>sc.</span> <span class='ocrx_word' id='word_1_51' title='bbox 941 578 1027 616; x_wconf 86' lang='lat' dir='ltr'>pupil-</span> <span class='ocrx_word' id='word_1_52' title='bbox 1047 587 1050 615; x_wconf 57' lang='lat' dir='ltr'>t</span> 
     </span>
     <span class='ocr_line' id='line_1_11' title="bbox 178 618 1050 660; baseline -0.003 -10"><span class='ocrx_word' id='word_1_53' title='bbox 178 624 263 659; x_wconf 65' lang='lat' dir='ltr'>dum.)</span> <span class='ocrx_word' id='word_1_54' title='bbox 283 623 312 650; x_wconf 89' lang='lat' dir='ltr'>fr.</span> <span class='ocrx_word' id='word_1_55' title='bbox 331 625 355 650; x_wconf 87' lang='lat'>3.</span> <span class='ocrx_word' id='word_1_56' title='bbox 375 624 398 658; x_wconf 64' lang='grc' dir='ltr'>ξ.</span> <span class='ocrx_word' id='word_1_57' title='bbox 419 625 457 649; x_wconf 89' lang='lat'>17.</span> <span class='ocrx_word' id='word_1_58' title='bbox 478 623 510 649; x_wconf 90' lang='lat' dir='ltr'>de</span> <span class='ocrx_word' id='word_1_59' title='bbox 530 633 605 660; x_wconf 83' lang='lat' dir='ltr'>susp.</span> <span class='ocrx_word' id='word_1_60' title='bbox 626 628 673 649; x_wconf 87' lang='lat' dir='ltr'>tut.</span> <span class='ocrx_word' id='word_1_61' title='bbox 692 624 733 649; x_wconf 80' lang='lat'>26.</span> <span class='ocrx_word' id='word_1_62' title='bbox 754 624 794 648; x_wconf 89' lang='lat'>10.</span> <span class='ocrx_word' id='word_1_63' title='bbox 1047 618 1050 652; x_wconf 54' lang='lat' dir='ltr'>i</span> 
     </span>
    </p>

    <p class='ocr_par' dir='ltr' id='par_1_7' title="bbox 187 664 1049 789">
     <span class='ocr_line' id='line_1_12' title="bbox 224 664 1049 700; baseline -0.002 -6"><span class='ocrx_word' id='word_1_64' title='bbox 224 667 526 694; x_wconf 76' lang='lat' dir='ltr'>Inconsiderate.</span> <span class='ocrx_word' id='word_1_65' title='bbox 566 665 679 699; x_wconf 82' lang='lat' dir='ltr'>(Advb.)</span> <span class='ocrx_word' id='word_1_66' title='bbox 714 664 794 691; x_wconf 74' lang='lat' dir='ltr'>Idem.</span> <span class='ocrx_word' id='word_1_67' title='bbox 822 664 864 691; x_wconf 92' lang='grc' dir='ltr'>ΙΠ.</span> <span class='ocrx_word' id='word_1_68' title='bbox 886 666 951 692; x_wconf 75' lang='lat' dir='ltr'>Cn.</span> <span class='ocrx_word' id='word_1_69' title='bbox 973 664 1026 700; x_wconf 83' lang='lat' dir='ltr'>Qui</span> <span class='ocrx_word' id='word_1_70' title='bbox 1047 682 1049 692; x_wconf 48' lang='lat'><em>1</em></span> 
     </span>
     <span class='ocr_line' id='line_1_13' title="bbox 187 707 1025 746; baseline -0.002 -10"><span class='ocrx_word' id='word_1_71' title='bbox 187 708 380 736; x_wconf 79' lang='lat' dir='ltr'>inconsiderate</span> <span class='ocrx_word' id='word_1_72' title='bbox 399 719 429 736; x_wconf 86' lang='lat' dir='ltr'>ac</span> <span class='ocrx_word' id='word_1_73' title='bbox 447 709 525 746; x_wconf 78' lang='lat' dir='ltr'>vulgo</span> <span class='ocrx_word' id='word_1_74' title='bbox 545 713 608 735; x_wconf 87' lang='lat' dir='ltr'>sunt</span> <span class='ocrx_word' id='word_1_75' title='bbox 627 709 783 744; x_wconf 74' lang='lat' dir='ltr'>congregati.</span> <span class='ocrx_word' id='word_1_76' title='bbox 804 707 853 734; x_wconf 88' lang='lat' dir='ltr'>Th.</span> <span class='ocrx_word' id='word_1_77' title='bbox 874 707 904 734; x_wconf 91' lang='lat' dir='ltr'>C.</span> <span class='ocrx_word' id='word_1_78' title='bbox 920 707 963 734; x_wconf 80' lang='lat' dir='ltr'>Vl.</span> <span class='ocrx_word' id='word_1_79' title='bbox 983 710 1025 734; x_wconf 81' lang='lat'>30.</span> 
     </span>
     <span class='ocr_line' id='line_1_14' title="bbox 189 751 630 789; baseline -0.005 -10"><span class='ocrx_word' id='word_1_80' title='bbox 189 762 210 779; x_wconf 90' lang='lat' dir='ltr'>c.</span> <span class='ocrx_word' id='word_1_81' title='bbox 231 754 270 779; x_wconf 98' lang='lat'>15.</span> <span class='ocrx_word' id='word_1_82' title='bbox 289 762 327 789; x_wconf 90' lang='lat' dir='ltr'>pr.</span> <span class='ocrx_word' id='word_1_83' title='bbox 349 751 380 778; x_wconf 82' lang='lat' dir='ltr'>de</span> <span class='ocrx_word' id='word_1_84' title='bbox 400 751 482 778; x_wconf 84' lang='lat' dir='ltr'>Palat.</span> <span class='ocrx_word' id='word_1_85' title='bbox 503 752 530 779; x_wconf 91' lang='lat' dir='ltr'>S.</span> <span class='ocrx_word' id='word_1_86' title='bbox 551 751 630 787; x_wconf 82' lang='lat' dir='ltr'>largg.</span> 
     </span>
    </p>

    <p class='ocr_par' dir='ltr' id='par_1_8' title="bbox 188 793 1027 916">
     <span class='ocr_line' id='line_1_15' title="bbox 223 793 1024 827; baseline -0.002 -5"><span class='ocrx_word' id='word_1_87' title='bbox 223 794 549 822; x_wconf 74' lang='lat' dir='ltr'>Inconsideratus.</span> <span class='ocrx_word' id='word_1_88' title='bbox 581 793 707 827; x_wconf 79' lang='lat' dir='ltr'>(Adiect.)</span> <span class='ocrx_word' id='word_1_89' title='bbox 744 795 961 820; x_wconf 68' lang='lat' dir='ltr'>Inconsultus.</span> <span class='ocrx_word' id='word_1_90' title='bbox 982 793 1024 820; x_wconf 86' lang='lat'>111.</span> 
     </span>
     <span class='ocr_line' id='line_1_16' title="bbox 188 835 1027 874; baseline -0.004 -9"><span class='ocrx_word' id='word_1_91' title='bbox 188 838 254 866; x_wconf 71' lang='lat' dir='ltr'>Gn.</span> <span class='ocrx_word' id='word_1_92' title='bbox 274 837 379 873; x_wconf 81' lang='lat' dir='ltr'>Quodsi</span> <span class='ocrx_word' id='word_1_93' title='bbox 398 847 446 874; x_wconf 88' lang='lat' dir='ltr'>per</span> <span class='ocrx_word' id='word_1_94' title='bbox 466 847 583 864; x_wconf 81' lang='lat' dir='ltr'>errorem</span> <span class='ocrx_word' id='word_1_95' title='bbox 602 846 631 863; x_wconf 91' lang='lat' dir='ltr'>se</span> <span class='ocrx_word' id='word_1_96' title='bbox 649 835 785 867; x_wconf 77' lang='lat' dir='ltr'>detulerit,</span> <span class='ocrx_word' id='word_1_97' title='bbox 808 835 873 862; x_wconf 88' lang='lat' dir='ltr'>nihil</span> <span class='ocrx_word' id='word_1_98' title='bbox 893 837 916 862; x_wconf 80' lang='lat' dir='ltr'>ei</span> <span class='ocrx_word' id='word_1_99' title='bbox 935 836 1027 863; x_wconf 79' lang='lat' dir='ltr'>obficit</span> 
     </span>
     <span class='ocr_line' id='line_1_17' title="bbox 188 878 828 916; baseline -0.003 -9"><span class='ocrx_word' id='word_1_100' title='bbox 188 879 382 907; x_wconf 86' lang='lat' dir='ltr'>inconsiderata</span> <span class='ocrx_word' id='word_1_101' title='bbox 402 879 543 916; x_wconf 75' lang='lat' dir='ltr'>diligentia.</span> <span class='ocrx_word' id='word_1_102' title='bbox 564 879 606 906; x_wconf 82' lang='lat' dir='ltr'>Fr.</span> <span class='ocrx_word' id='word_1_103' title='bbox 626 879 658 906; x_wconf 89' lang='lat' dir='ltr'>de</span> <span class='ocrx_word' id='word_1_104' title='bbox 676 879 694 905; x_wconf 93' lang='lat' dir='ltr'>I.</span> <span class='ocrx_word' id='word_1_105' title='bbox 714 878 743 905; x_wconf 84' lang='lat' dir='ltr'>F.</span> <span class='ocrx_word' id='word_1_106' title='bbox 763 880 783 913; x_wconf 83' lang='lat'>§.</span> <span class='ocrx_word' id='word_1_107' title='bbox 803 881 828 905; x_wconf 78' lang='lat'>2.</span> 
     </span>
    </p>

    <p class='ocr_par' dir='ltr' id='par_1_9' title="bbox 187 922 1050 1128">
     <span class='ocr_line' id='line_1_18' title="bbox 223 922 1027 956; baseline -0.001 -7"><span class='ocrx_word' id='word_1_108' title='bbox 223 924 462 950; x_wconf 75' lang='lat' dir='ltr'>Inconstans.</span> <span class='ocrx_word' id='word_1_109' title='bbox 499 922 638 956; x_wconf 82' lang='lat' dir='ltr'>(Adiect.)</span> <span class='ocrx_word' id='word_1_110' title='bbox 676 923 868 954; x_wconf 73' lang='lat' dir='ltr'>Mutabilz&#39;s.</span> <span class='ocrx_word' id='word_1_111' title='bbox 889 924 1027 949; x_wconf 80' lang='lat' dir='ltr'>Contra-</span> 
     </span>
     <span class='ocr_line' id='line_1_19' title="bbox 187 964 1049 997; baseline -0.001 -5"><span class='ocrx_word' id='word_1_112' title='bbox 187 968 259 992; x_wconf 74' lang='lat' dir='ltr'>rias</span> <span class='ocrx_word' id='word_1_113' title='bbox 278 967 347 992; x_wconf 79' lang='lat' dir='ltr'>sihi.</span> <span class='ocrx_word' id='word_1_114' title='bbox 385 964 428 991; x_wconf 84' lang='lat' dir='ltr'>III.</span> <span class='ocrx_word' id='word_1_115' title='bbox 450 966 515 992; x_wconf 73' lang='lat' dir='ltr'>Cn.</span> <span class='ocrx_word' id='word_1_116' title='bbox 534 965 583 991; x_wconf 81' lang='lat' dir='ltr'>Est</span> <span class='ocrx_word' id='word_1_117' title='bbox 602 966 670 991; x_wconf 90' lang='lat' dir='ltr'>enim</span> <span class='ocrx_word' id='word_1_118' title='bbox 689 965 850 997; x_wconf 75' lang='lat' dir='ltr'>inconstans.</span> <span class='ocrx_word' id='word_1_119' title='bbox 870 965 958 991; x_wconf 82' lang='lat' dir='ltr'>dicere</span> <span class='ocrx_word' id='word_1_120' title='bbox 977 970 1026 991; x_wconf 86' lang='lat' dir='ltr'>etc.</span> <span class='ocrx_word' id='word_1_121' title='bbox 1048 967 1049 981; x_wconf 63' lang='lat'>¹</span> 
     </span>
     <span class='ocr_line' id='line_1_20' title="bbox 188 1007 1027 1044; baseline 0 -10"><span class='ocrx_word' id='word_1_122' title='bbox 188 1008 218 1035; x_wconf 82' lang='lat' dir='ltr'>fr.</span> <span class='ocrx_word' id='word_1_123' title='bbox 237 1009 277 1033; x_wconf 82' lang='lat'>28.</span> <span class='ocrx_word' id='word_1_124' title='bbox 298 1008 319 1041; x_wconf 69' lang='grc' dir='ltr'>ξ.</span> <span class='ocrx_word' id='word_1_125' title='bbox 339 1009 362 1034; x_wconf 87' lang='lat'>5.</span> <span class='ocrx_word' id='word_1_126' title='bbox 387 1007 420 1034; x_wconf 87' lang='lat' dir='ltr'>de</span> <span class='ocrx_word' id='word_1_127' title='bbox 443 1017 519 1044; x_wconf 86' lang='lat' dir='ltr'>poen.</span> <span class='ocrx_word' id='word_1_128' title='bbox 544 1009 584 1034; x_wconf 74' lang='lat'>48.</span> <span class='ocrx_word' id='word_1_129' title='bbox 611 1009 650 1034; x_wconf 90' lang='lat'>19.</span> <span class='ocrx_word' id='word_1_130' title='bbox 698 1007 957 1040; x_wconf 81' lang='lat' dir='ltr'>Adulandi·studio‚</span> <span class='ocrx_word' id='word_1_131' title='bbox 983 1012 1027 1034; x_wconf 86' lang='lat' dir='ltr'>aut</span> 
     </span>
     <span class='ocr_line' id='line_1_21' title="bbox 188 1050 1050 1086; baseline 0 -9"><span class='ocrx_word' id='word_1_132' title='bbox 188 1055 258 1077; x_wconf 90' lang='lat' dir='ltr'>metu</span> <span class='ocrx_word' id='word_1_133' title='bbox 276 1050 450 1076; x_wconf 83' lang='lat' dir='ltr'>inconstantis</span> <span class='ocrx_word' id='word_1_134' title='bbox 469 1051 595 1086; x_wconf 80' lang='lat' dir='ltr'>ignaviae,</span> <span class='ocrx_word' id='word_1_135' title='bbox 615 1051 741 1083; x_wconf 85' lang='lat' dir='ltr'>(transire</span> <span class='ocrx_word' id='word_1_136' title='bbox 759 1055 860 1076; x_wconf 87' lang='lat' dir='ltr'>tentare</span> <span class='ocrx_word' id='word_1_137' title='bbox 880 1051 941 1084; x_wconf 89' lang='lat' dir='ltr'>etc.)</span> <span class='ocrx_word' id='word_1_138' title='bbox 961 1061 982 1077; x_wconf 92' lang='lat' dir='ltr'>c.</span> <span class='ocrx_word' id='word_1_139' title='bbox 1003 1052 1025 1077; x_wconf 98' lang='lat' dir='ltr'>l.</span> <span class='ocrx_word' id='word_1_140' title='bbox 1048 1068 1050 1078; x_wconf 74' lang='lat'>‚</span> 
     </span>
     <span class='ocr_line' id='line_1_22' title="bbox 188 1093 540 1128; baseline -0.006 -8"><span class='ocrx_word' id='word_1_141' title='bbox 188 1093 220 1120; x_wconf 86' lang='lat' dir='ltr'>de</span> <span class='ocrx_word' id='word_1_142' title='bbox 239 1097 298 1119; x_wconf 86' lang='lat' dir='ltr'>stat.</span> <span class='ocrx_word' id='word_1_143' title='bbox 319 1097 344 1118; x_wconf 84' lang='lat' dir='ltr'>et</span> <span class='ocrx_word' id='word_1_144' title='bbox 363 1093 435 1128; x_wconf 81' lang='lat' dir='ltr'>imag.</span> <span class='ocrx_word' id='word_1_145' title='bbox 458 1094 479 1118; x_wconf 92' lang='lat'>1.</span> <span class='ocrx_word' id='word_1_146' title='bbox 499 1095 540 1119; x_wconf 73' lang='lat'>24.</span> 
     </span>
    </p>

    <p class='ocr_par' dir='ltr' id='par_1_10' title="bbox 187 1135 1049 1301">
     <span class='ocr_line' id='line_1_23' title="bbox 223 1135 1025 1163; baseline -0.001 0"><span class='ocrx_word' id='word_1_147' title='bbox 223 1135 499 1163; x_wconf 76' lang='lat' dir='ltr'>Inconstantia.</span> <span class='ocrx_word' id='word_1_148' title='bbox 536 1137 675 1162; x_wconf 76' lang='lat' dir='ltr'>Levitas</span> <span class='ocrx_word' id='word_1_149' title='bbox 695 1138 805 1162; x_wconf 81' lang='lat' dir='ltr'>animi.</span> <span class='ocrx_word' id='word_1_150' title='bbox 841 1136 883 1162; x_wconf 90' lang='grc' dir='ltr'>ΙΙΙ.</span> <span class='ocrx_word' id='word_1_151' title='bbox 911 1137 976 1163; x_wconf 74' lang='lat' dir='ltr'>Cn.</span> <span class='ocrx_word' id='word_1_152' title='bbox 997 1136 1025 1162; x_wconf 82' lang='lat' dir='ltr'>Si</span> 
     </span>
     <span class='ocr_line' id='line_1_24' title="bbox 187 1177 1026 1216; baseline 0 -11"><span class='ocrx_word' id='word_1_153' title='bbox 187 1178 252 1205; x_wconf 87' lang='lat' dir='ltr'>velit</span> <span class='ocrx_word' id='word_1_154' title='bbox 265 1177 390 1215; x_wconf 76' lang='lat' dir='ltr'>quaedam</span> <span class='ocrx_word' id='word_1_155' title='bbox 404 1177 554 1205; x_wconf 76' lang='lat' dir='ltr'>transferre.</span> <span class='ocrx_word' id='word_1_156' title='bbox 575 1178 701 1214; x_wconf 84' lang='lat' dir='ltr'>quaedam</span> <span class='ocrx_word' id='word_1_157' title='bbox 714 1178 871 1215; x_wconf 79' lang='lat' dir='ltr'>relinquere,</span> <span class='ocrx_word' id='word_1_158' title='bbox 886 1179 954 1205; x_wconf 88' lang='lat' dir='ltr'>iuste</span> <span class='ocrx_word' id='word_1_159' title='bbox 967 1189 1026 1216; x_wconf 88' lang='lat' dir='ltr'>pro-</span> 
     </span>
     <span class='ocr_line' id='line_1_25' title="bbox 188 1220 1049 1255; baseline 0 -7"><span class='ocrx_word' id='word_1_160' title='bbox 188 1226 292 1248; x_wconf 86' lang='lat' dir='ltr'>curator</span> <span class='ocrx_word' id='word_1_161' title='bbox 310 1220 377 1246; x_wconf 85' lang='lat' dir='ltr'>hanc</span> <span class='ocrx_word' id='word_1_162' title='bbox 396 1221 598 1247; x_wconf 73' lang='lat' dir='ltr'>inconstantiam</span> <span class='ocrx_word' id='word_1_163' title='bbox 619 1220 662 1254; x_wconf 85' lang='lat' dir='ltr'>[al.</span> <span class='ocrx_word' id='word_1_164' title='bbox 683 1222 866 1255; x_wconf 68' lang='lat' dir='ltr'>constantiam]</span> <span class='ocrx_word' id='word_1_165' title='bbox 886 1222 1026 1248; x_wconf 75' lang='lat' dir='ltr'>recusabit.</span> <span class='ocrx_word' id='word_1_166' title='bbox 1048 1229 1049 1233; x_wconf 63' lang='lat'>¹</span> 
     </span>
     <span class='ocr_line' id='line_1_26' title="bbox 187 1262 1049 1301; baseline 0.001 -11"><span class='ocrx_word' id='word_1_167' title='bbox 187 1264 218 1291; x_wconf 85' lang='lat' dir='ltr'>fr.</span> <span class='ocrx_word' id='word_1_168' title='bbox 237 1266 278 1290; x_wconf 79' lang='lat'>27.</span> <span class='ocrx_word' id='word_1_169' title='bbox 298 1273 337 1301; x_wconf 85' lang='lat' dir='ltr'>pr.</span> <span class='ocrx_word' id='word_1_170' title='bbox 358 1262 391 1289; x_wconf 90' lang='lat' dir='ltr'>de</span> <span class='ocrx_word' id='word_1_171' title='bbox 408 1273 514 1300; x_wconf 92' lang='lat' dir='ltr'>procur.</span> <span class='ocrx_word' id='word_1_172' title='bbox 533 1265 557 1290; x_wconf 87' lang='lat'>3.</span> <span class='ocrx_word' id='word_1_173' title='bbox 577 1266 601 1290; x_wconf 92' lang='lat'>3.</span> <span class='ocrx_word' id='word_1_174' title='bbox 1047 1281 1049 1294; x_wconf 48' lang='lat' dir='ltr'>t</span> 
     </span>
    </p>

    <p class='ocr_par' dir='ltr' id='par_1_11' title="bbox 186 1307 1050 1720">
     <span class='ocr_line' id='line_1_27' title="bbox 223 1307 1050 1341; baseline 0 -7"><span class='ocrx_word' id='word_1_175' title='bbox 223 1307 463 1337; x_wconf 75' lang='lat' dir='ltr'>lacon-ulte,</span> <span class='ocrx_word' id='word_1_176' title='bbox 494 1316 514 1332; x_wconf 87' lang='lat' dir='ltr'>s.</span> <span class='ocrx_word' id='word_1_177' title='bbox 544 1308 778 1334; x_wconf 76' lang='lat' dir='ltr'>Inconuulto.</span> <span class='ocrx_word' id='word_1_178' title='bbox 816 1307 937 1341; x_wconf 75' lang='lat' dir='ltr'>(Advb.)</span> <span class='ocrx_word' id='word_1_179' title='bbox 974 1310 1050 1339; x_wconf 70' lang='lat' dir='ltr'><em>Ill-l</em></span> 
     </span>
     <span class='ocr_line' id='line_1_28' title="bbox 186 1350 1049 1385; baseline 0 -8"><span class='ocrx_word' id='word_1_180' title='bbox 186 1352 412 1380; x_wconf 79' lang='lat' dir='ltr'>considerate,</span> <span class='ocrx_word' id='word_1_181' title='bbox 432 1350 665 1383; x_wconf 79' lang='lat' dir='ltr'>Imprudenter.</span> <span class='ocrx_word' id='word_1_182' title='bbox 685 1350 703 1376; x_wconf 96' lang='lat' dir='ltr'>I.</span> <span class='ocrx_word' id='word_1_183' title='bbox 724 1351 919 1385; x_wconf 77' lang='lat' dir='ltr'>Sy.1ncaute.</span> <span class='ocrx_word' id='word_1_184' title='bbox 940 1350 981 1377; x_wconf 81' lang='lat' dir='ltr'>Cf.</span> <span class='ocrx_word' id='word_1_185' title='bbox 1000 1351 1025 1377; x_wconf 94' lang='lat' dir='ltr'>h.</span> <span class='ocrx_word' id='word_1_186' title='bbox 1047 1369 1049 1371; x_wconf 34' lang='grc' dir='ltr'>ι</span> 
     </span>
     <span class='ocr_line' id='line_1_29' title="bbox 186 1391 1025 1428; baseline 0.001 -9"><span class='ocrx_word' id='word_1_187' title='bbox 186 1403 210 1419; x_wconf 84' lang='lat' dir='ltr'>v.</span> <span class='ocrx_word' id='word_1_188' title='bbox 247 1392 278 1419; x_wconf 91' lang='lat'>11.</span> <span class='ocrx_word' id='word_1_189' title='bbox 299 1393 366 1426; x_wconf 74' lang='lat'>⁰1).</span> <span class='ocrx_word' id='word_1_190' title='bbox 388 1391 497 1428; x_wconf 88' lang='lat' dir='ltr'>Optimo</span> <span class='ocrx_word' id='word_1_191' title='bbox 518 1392 638 1425; x_wconf 82' lang='lat' dir='ltr'>consilio,</span> <span class='ocrx_word' id='word_1_192' title='bbox 658 1409 691 1412; x_wconf 97' lang='lat'><strong>—</strong></span> <span class='ocrx_word' id='word_1_193' title='bbox 710 1392 888 1420; x_wconf 89' lang='lat' dir='ltr'>Inconsultius</span> <span class='ocrx_word' id='word_1_194' title='bbox 909 1393 1025 1428; x_wconf 82' lang='lat' dir='ltr'>(facere.)</span> 
     </span>
     <span class='ocr_line' id='line_1_30' title="bbox 186 1433 1025 1470; baseline 0.002 -9"><span class='ocrx_word' id='word_1_195' title='bbox 186 1434 216 1461; x_wconf 91' lang='lat' dir='ltr'>fr.</span> <span class='ocrx_word' id='word_1_196' title='bbox 236 1437 277 1462; x_wconf 81' lang='lat'>67.</span> <span class='ocrx_word' id='word_1_197' title='bbox 297 1435 319 1468; x_wconf 64' lang='grc' dir='ltr'>ς’.</span> <span class='ocrx_word' id='word_1_198' title='bbox 339 1436 362 1460; x_wconf 86' lang='lat'>6.</span> <span class='ocrx_word' id='word_1_199' title='bbox 383 1434 415 1460; x_wconf 89' lang='lat' dir='ltr'>de</span> <span class='ocrx_word' id='word_1_200' title='bbox 434 1434 466 1461; x_wconf 88' lang='lat' dir='ltr'>R.</span> <span class='ocrx_word' id='word_1_201' title='bbox 487 1433 518 1460; x_wconf 87' lang='lat' dir='ltr'>N.</span> <span class='ocrx_word' id='word_1_202' title='bbox 531 1436 606 1461; x_wconf 54' lang='lat'>2392.</span> <span class='ocrx_word' id='word_1_203' title='bbox 643 1435 707 1462; x_wconf 84' lang='lat' dir='ltr'>Fato</span> <span class='ocrx_word' id='word_1_204' title='bbox 728 1436 862 1468; x_wconf 77' lang='lat' dir='ltr'>(accidens</span> <span class='ocrx_word' id='word_1_205' title='bbox 882 1436 1025 1470; x_wconf 80' lang='lat' dir='ltr'>damnum.)</span> 
     </span>
     <span class='ocr_line' id='line_1_31' title="bbox 186 1477 1049 1512; baseline 0.002 -8"><span class='ocrx_word' id='word_1_206' title='bbox 186 1477 216 1504; x_wconf 80' lang='lat' dir='ltr'>fr.</span> <span class='ocrx_word' id='word_1_207' title='bbox 237 1480 276 1504; x_wconf 92' lang='grc'>11.</span> <span class='ocrx_word' id='word_1_208' title='bbox 297 1478 318 1511; x_wconf 84' lang='lat'>§.</span> <span class='ocrx_word' id='word_1_209' title='bbox 339 1478 362 1503; x_wconf 81' lang='lat'>4.</span> <span class='ocrx_word' id='word_1_210' title='bbox 383 1477 416 1503; x_wconf 85' lang='lat' dir='ltr'>de</span> <span class='ocrx_word' id='word_1_211' title='bbox 434 1478 527 1504; x_wconf 87' lang='lat' dir='ltr'>minor.</span> <span class='ocrx_word' id='word_1_212' title='bbox 548 1479 571 1504; x_wconf 99' lang='lat'>4.</span> <span class='ocrx_word' id='word_1_213' title='bbox 591 1479 613 1504; x_wconf 90' lang='lat'>4.</span> <span class='ocrx_word' id='word_1_214' title='bbox 651 1477 693 1504; x_wconf 83' lang='lat' dir='ltr'>III.</span> <span class='ocrx_word' id='word_1_215' title='bbox 721 1480 785 1506; x_wconf 75' lang='lat' dir='ltr'>Cn.</span> <span class='ocrx_word' id='word_1_216' title='bbox 811 1479 895 1506; x_wconf 85' lang='lat' dir='ltr'>Cuius</span> <span class='ocrx_word' id='word_1_217' title='bbox 915 1481 963 1512; x_wconf 90' lang='lat' dir='ltr'>(sc.</span> <span class='ocrx_word' id='word_1_218' title='bbox 984 1479 1026 1506; x_wconf 89' lang='lat' dir='ltr'>he-</span> <span class='ocrx_word' id='word_1_219' title='bbox 1048 1498 1049 1502; x_wconf 78' lang='lat'>.</span> 
     </span>
     <span class='ocr_line' id='line_1_32' title="bbox 186 1519 1049 1559; baseline 0.001 -11"><span class='ocrx_word' id='word_1_220' title='bbox 186 1520 270 1553; x_wconf 86' lang='lat' dir='ltr'>redis)</span> <span class='ocrx_word' id='word_1_221' title='bbox 289 1530 384 1546; x_wconf 79' lang='lat' dir='ltr'>nomen</span> <span class='ocrx_word' id='word_1_222' title='bbox 403 1519 553 1546; x_wconf 83' lang='lat' dir='ltr'>inconsulto</span> <span class='ocrx_word' id='word_1_223' title='bbox 573 1522 608 1546; x_wconf 81' lang='lat' dir='ltr'>ita</span> <span class='ocrx_word' id='word_1_224' title='bbox 622 1520 737 1547; x_wconf 82' lang='lat' dir='ltr'>deletum</span> <span class='ocrx_word' id='word_1_225' title='bbox 752 1522 794 1553; x_wconf 79' lang='lat' dir='ltr'>sit.</span> <span class='ocrx_word' id='word_1_226' title='bbox 815 1527 843 1548; x_wconf 91' lang='lat' dir='ltr'>ut</span> <span class='ocrx_word' id='word_1_227' title='bbox 856 1523 961 1559; x_wconf 88' lang='lat' dir='ltr'>penitus</span> <span class='ocrx_word' id='word_1_228' title='bbox 976 1522 1025 1559; x_wconf 78' lang='lat' dir='ltr'>legi</span> <span class='ocrx_word' id='word_1_229' title='bbox 1048 1541 1049 1544; x_wconf 27' lang='grc' dir='ltr'><strong>κ</strong></span> 
     </span>
     <span class='ocr_line' id='line_1_33' title="bbox 186 1562 1026 1600; baseline 0.005 -12"><span class='ocrx_word' id='word_1_230' title='bbox 186 1573 238 1589; x_wconf 91' lang='lat' dir='ltr'>non</span> <span class='ocrx_word' id='word_1_231' title='bbox 257 1564 351 1600; x_wconf 80' lang='lat' dir='ltr'>possit.</span> <span class='ocrx_word' id='word_1_232' title='bbox 372 1562 401 1589; x_wconf 83' lang='lat' dir='ltr'>fr.</span> <span class='ocrx_word' id='word_1_233' title='bbox 424 1565 445 1588; x_wconf 84' lang='lat' dir='ltr'>l.</span> <span class='ocrx_word' id='word_1_234' title='bbox 466 1564 488 1589; x_wconf 91' lang='lat' dir='ltr'>si</span> <span class='ocrx_word' id='word_1_235' title='bbox 508 1563 558 1589; x_wconf 89' lang='lat' dir='ltr'>tab.</span> <span class='ocrx_word' id='word_1_236' title='bbox 584 1568 686 1590; x_wconf 88' lang='lat' dir='ltr'>testam.</span> <span class='ocrx_word' id='word_1_237' title='bbox 711 1564 811 1590; x_wconf 78' lang='lat' dir='ltr'>exstab.</span> <span class='ocrx_word' id='word_1_238' title='bbox 836 1566 878 1591; x_wconf 91' lang='lat'>37.</span> <span class='ocrx_word' id='word_1_239' title='bbox 903 1567 926 1591; x_wconf 75' lang='lat'>2.</span> <span class='ocrx_word' id='word_1_240' title='bbox 953 1565 984 1592; x_wconf 80' lang='lat' dir='ltr'>cf.</span> <span class='ocrx_word' id='word_1_241' title='bbox 1005 1576 1026 1592; x_wconf 90' lang='lat' dir='ltr'>c.</span> 
     </span>
     <span class='ocr_line' id='line_1_34' title="bbox 188 1605 1050 1644; baseline 0.005 -13"><span class='ocrx_word' id='word_1_242' title='bbox 188 1608 227 1632; x_wconf 74' lang='lat'>12.</span> <span class='ocrx_word' id='word_1_243' title='bbox 247 1606 279 1632; x_wconf 88' lang='lat' dir='ltr'>de</span> <span class='ocrx_word' id='word_1_244' title='bbox 298 1610 399 1632; x_wconf 83' lang='lat' dir='ltr'>testam.</span> <span class='ocrx_word' id='word_1_245' title='bbox 420 1607 443 1632; x_wconf 87' lang='lat'>6.</span> <span class='ocrx_word' id='word_1_246' title='bbox 458 1607 500 1632; x_wconf 78' lang='lat'>23.</span> <span class='ocrx_word' id='word_1_247' title='bbox 539 1605 619 1641; x_wconf 81' lang='lat' dir='ltr'>Quod</span> <span class='ocrx_word' id='word_1_248' title='bbox 633 1616 737 1644; x_wconf 83' lang='lat' dir='ltr'>semper</span> <span class='ocrx_word' id='word_1_249' title='bbox 751 1611 776 1633; x_wconf 90' lang='lat' dir='ltr'>te</span> <span class='ocrx_word' id='word_1_250' title='bbox 790 1607 918 1634; x_wconf 85' lang='lat' dir='ltr'>facturum</span> <span class='ocrx_word' id='word_1_251' title='bbox 938 1609 1027 1635; x_wconf 88' lang='lat' dir='ltr'>incon·</span> <span class='ocrx_word' id='word_1_252' title='bbox 1049 1613 1050 1617; x_wconf 60' lang='lat'>¹</span> 
     </span>
     <span class='ocr_line' id='line_1_35' title="bbox 187 1648 1050 1678; baseline 0.003 -3"><span class='ocrx_word' id='word_1_253' title='bbox 187 1648 256 1675; x_wconf 80' lang='lat' dir='ltr'>sulte</span> <span class='ocrx_word' id='word_1_254' title='bbox 275 1650 415 1675; x_wconf 77' lang='lat' dir='ltr'>iuraveras.</span> <span class='ocrx_word' id='word_1_255' title='bbox 436 1658 456 1674; x_wconf 92' lang='lat' dir='ltr'>c.</span> <span class='ocrx_word' id='word_1_256' title='bbox 476 1650 500 1674; x_wconf 79' lang='lat'>2.</span> <span class='ocrx_word' id='word_1_257' title='bbox 521 1648 553 1675; x_wconf 89' lang='lat' dir='ltr'>ad</span> <span class='ocrx_word' id='word_1_258' title='bbox 572 1648 600 1675; x_wconf 87' lang='lat' dir='ltr'>L.</span> <span class='ocrx_word' id='word_1_259' title='bbox 620 1649 667 1676; x_wconf 91' lang='lat' dir='ltr'>Iul.</span> <span class='ocrx_word' id='word_1_260' title='bbox 692 1651 750 1676; x_wconf 84' lang='lat' dir='ltr'>mai.</span> <span class='ocrx_word' id='word_1_261' title='bbox 770 1652 793 1676; x_wconf 87' lang='lat'>9.</span> <span class='ocrx_word' id='word_1_262' title='bbox 814 1652 838 1677; x_wconf 88' lang='lat'>8.</span> <span class='ocrx_word' id='word_1_263' title='bbox 875 1651 1027 1678; x_wconf 86' lang='lat' dir='ltr'>Inconsulte</span> <span class='ocrx_word' id='word_1_264' title='bbox 1048 1649 1050 1658; x_wconf 77' lang='lat'><em>&#39;</em></span> 
     </span>
     <span class='ocr_line' id='line_1_36' title="bbox 187 1690 877 1720; baseline 0.003 -3"><span class='ocrx_word' id='word_1_265' title='bbox 187 1690 255 1717; x_wconf 84' lang='lat' dir='ltr'>adita</span> <span class='ocrx_word' id='word_1_266' title='bbox 273 1691 425 1717; x_wconf 84' lang='lat' dir='ltr'>hereditate.</span> <span class='ocrx_word' id='word_1_267' title='bbox 446 1690 475 1717; x_wconf 85' lang='lat' dir='ltr'>fr.</span> <span class='ocrx_word' id='word_1_268' title='bbox 494 1692 518 1717; x_wconf 77' lang='lat'>2.</span> <span class='ocrx_word' id='word_1_269' title='bbox 539 1691 571 1717; x_wconf 88' lang='lat' dir='ltr'>de</span> <span class='ocrx_word' id='word_1_270' title='bbox 590 1691 666 1718; x_wconf 90' lang='lat' dir='ltr'>cond.</span> <span class='ocrx_word' id='word_1_271' title='bbox 685 1692 773 1719; x_wconf 91' lang='lat' dir='ltr'>indeb.</span> <span class='ocrx_word' id='word_1_272' title='bbox 794 1695 833 1719; x_wconf 77' lang='lat'>12.</span> <span class='ocrx_word' id='word_1_273' title='bbox 853 1695 877 1720; x_wconf 86' lang='lat'>6.</span> 
     </span>
    </p>

    <p class='ocr_par' dir='ltr' id='par_1_12' title="bbox 185 1734 1050 2789">
     <span class='ocr_line' id='line_1_37' title="bbox 223 1734 1026 1771; baseline 0.004 -11"><span class='ocrx_word' id='word_1_274' title='bbox 223 1735 478 1761; x_wconf 78' lang='lat' dir='ltr'>Inconsultus.</span> <span class='ocrx_word' id='word_1_275' title='bbox 515 1734 643 1766; x_wconf 76' lang='lat' dir='ltr'>(Adiect.)</span> <span class='ocrx_word' id='word_1_276' title='bbox 680 1735 711 1768; x_wconf 64' lang='grc' dir='ltr'>δ.</span> <span class='ocrx_word' id='word_1_277' title='bbox 730 1736 765 1762; x_wconf 92' lang='lat'>1.</span> <span class='ocrx_word' id='word_1_278' title='bbox 795 1738 819 1762; x_wconf 77' lang='grc'>,4</span> <span class='ocrx_word' id='word_1_279' title='bbox 839 1747 901 1771; x_wconf 82' lang='lat' dir='ltr'>quo</span> <span class='ocrx_word' id='word_1_280' title='bbox 919 1739 1026 1763; x_wconf 75' lang='lat' dir='ltr'>eonsi-</span> 
     </span>
     <span class='ocr_line' id='line_1_38' title="bbox 187 1778 1027 1813; baseline 0.004 -11"><span class='ocrx_word' id='word_1_281' title='bbox 187 1778 265 1803; x_wconf 74' lang='lat' dir='ltr'>lium</span> <span class='ocrx_word' id='word_1_282' title='bbox 283 1783 408 1802; x_wconf 77' lang='lat' dir='ltr'>nonest</span> <span class='ocrx_word' id='word_1_283' title='bbox 424 1779 572 1811; x_wconf 77' lang='lat' dir='ltr'>petitum.</span> <span class='ocrx_word' id='word_1_284' title='bbox 611 1779 679 1804; x_wconf 72' lang='lat' dir='ltr'>Non</span> <span class='ocrx_word' id='word_1_285' title='bbox 699 1780 818 1804; x_wconf 74' lang='lat' dir='ltr'>aditus.</span> <span class='ocrx_word' id='word_1_286' title='bbox 857 1778 875 1804; x_wconf 96' lang='lat' dir='ltr'>I.</span> <span class='ocrx_word' id='word_1_287' title='bbox 897 1780 958 1813; x_wconf 75' lang='lat' dir='ltr'>Sy.</span> <span class='ocrx_word' id='word_1_288' title='bbox 983 1778 1027 1805; x_wconf 89' lang='lat' dir='ltr'>Ci-</span> 
     </span>
     <span class='ocr_line' id='line_1_39' title="bbox 189 1818 1026 1848; baseline 0.002 -3"><span class='ocrx_word' id='word_1_289' title='bbox 189 1824 225 1845; x_wconf 85' lang='lat' dir='ltr'>tra</span> <span class='ocrx_word' id='word_1_290' title='bbox 246 1818 448 1845; x_wconf 86' lang='lat' dir='ltr'>consultationis</span> <span class='ocrx_word' id='word_1_291' title='bbox 468 1819 580 1845; x_wconf 83' lang='lat' dir='ltr'>modum.</span> <span class='ocrx_word' id='word_1_292' title='bbox 618 1819 778 1846; x_wconf 82' lang='lat' dir='ltr'>Inconsultis</span> <span class='ocrx_word' id='word_1_293' title='bbox 798 1831 827 1847; x_wconf 82' lang='lat' dir='ltr'>ac</span> <span class='ocrx_word' id='word_1_294' title='bbox 846 1822 1026 1848; x_wconf 79' lang='lat' dir='ltr'>nescientibus</span> 
     </span>
     <span class='ocr_line' id='line_1_40' title="bbox 186 1855 1050 1899; baseline 0.005 -12"><span class='ocrx_word' id='word_1_295' title='bbox 186 1861 272 1887; x_wconf 85' lang='lat' dir='ltr'>nobis.</span> <span class='ocrx_word' id='word_1_296' title='bbox 292 1860 340 1887; x_wconf 86' lang='lat' dir='ltr'>Th.</span> <span class='ocrx_word' id='word_1_297' title='bbox 361 1860 391 1887; x_wconf 89' lang='lat' dir='ltr'>C.</span> <span class='ocrx_word' id='word_1_298' title='bbox 412 1861 455 1887; x_wconf 78' lang='lat' dir='ltr'>IX.</span> <span class='ocrx_word' id='word_1_299' title='bbox 476 1863 520 1887; x_wconf 87' lang='lat'>35.</span> <span class='ocrx_word' id='word_1_300' title='bbox 542 1872 562 1887; x_wconf 83' lang='lat' dir='ltr'>e.</span> <span class='ocrx_word' id='word_1_301' title='bbox 585 1863 606 1888; x_wconf 94' lang='lat' dir='ltr'>l.</span> <span class='ocrx_word' id='word_1_302' title='bbox 631 1862 663 1888; x_wconf 84' lang='lat' dir='ltr'>de</span> <span class='ocrx_word' id='word_1_303' title='bbox 687 1864 833 1899; x_wconf 83' lang='lat' dir='ltr'>quaestion.</span> <span class='ocrx_word' id='word_1_304' title='bbox 858 1863 916 1890; x_wconf 82' lang='lat' dir='ltr'>XV.</span> <span class='ocrx_word' id='word_1_305' title='bbox 938 1866 976 1891; x_wconf 89' lang='lat'>15.</span> <span class='ocrx_word' id='word_1_306' title='bbox 1005 1874 1025 1891; x_wconf 86' lang='lat' dir='ltr'>c.</span> <span class='ocrx_word' id='word_1_307' title='bbox 1048 1855 1050 1878; x_wconf 63' lang='lat'>³»</span> 
     </span>
     <span class='ocr_line' id='line_1_41' title="bbox 188 1903 1050 1939; baseline 0.005 -10"><span class='ocrx_word' id='word_1_308' title='bbox 188 1907 211 1930; x_wconf 93' lang='lat' dir='ltr'>l.</span> <span class='ocrx_word' id='word_1_309' title='bbox 249 1903 332 1939; x_wconf 83' lang='lat' dir='ltr'>Quor.</span> <span class='ocrx_word' id='word_1_310' title='bbox 352 1914 390 1930; x_wconf 78' lang='lat'>118.</span> <span class='ocrx_word' id='word_1_311' title='bbox 411 1903 505 1930; x_wconf 84' lang='lat' dir='ltr'>interd.</span> <span class='ocrx_word' id='word_1_312' title='bbox 543 1904 606 1931; x_wconf 88' lang='lat' dir='ltr'>Sine</span> <span class='ocrx_word' id='word_1_313' title='bbox 630 1904 766 1937; x_wconf 76' lang='lat' dir='ltr'>Praetore,</span> <span class='ocrx_word' id='word_1_314' title='bbox 790 1916 813 1932; x_wconf 86' lang='lat' dir='ltr'>v.</span> <span class='ocrx_word' id='word_1_315' title='bbox 834 1906 898 1932; x_wconf 85' lang='lat' dir='ltr'>Sine</span> <span class='ocrx_word' id='word_1_316' title='bbox 917 1908 1028 1933; x_wconf 84' lang='lat' dir='ltr'>auctori·</span> <span class='ocrx_word' id='word_1_317' title='bbox 1048 1908 1050 1932; x_wconf 67' lang='grc' dir='ltr'>ι’</span> 
     </span>
     <span class='ocr_line' id='line_1_42' title="bbox 187 1946 1026 1983; baseline 0.005 -11"><span class='ocrx_word' id='word_1_318' title='bbox 187 1952 239 1973; x_wconf 85' lang='lat' dir='ltr'>tate</span> <span class='ocrx_word' id='word_1_319' title='bbox 259 1946 403 1975; x_wconf 75' lang='lat' dir='ltr'>Praetoris,</span> <span class='ocrx_word' id='word_1_320' title='bbox 423 1946 574 1973; x_wconf 77' lang='lat' dir='ltr'>Inconsulta</span> <span class='ocrx_word' id='word_1_321' title='bbox 598 1947 736 1980; x_wconf 70' lang='lat' dir='ltr'>praetore.</span> <span class='ocrx_word' id='word_1_322' title='bbox 760 1948 890 1981; x_wconf 82' lang='lat' dir='ltr'>(sactum.)</span> <span class='ocrx_word' id='word_1_323' title='bbox 910 1949 940 1975; x_wconf 78' lang='lat' dir='ltr'>fr.</span> <span class='ocrx_word' id='word_1_324' title='bbox 962 1951 984 1976; x_wconf 92' lang='lat'>7.</span> <span class='ocrx_word' id='word_1_325' title='bbox 1004 1950 1026 1983; x_wconf 67' lang='grc' dir='ltr'>ξ.</span> 
     </span>
     <span class='ocr_line' id='line_1_43' title="bbox 185 1990 1026 2027; baseline 0.005 -12"><span class='ocrx_word' id='word_1_326' title='bbox 185 1992 210 2016; x_wconf 77' lang='lat'>2.</span> <span class='ocrx_word' id='word_1_327' title='bbox 229 1990 260 2016; x_wconf 89' lang='lat' dir='ltr'>fr.</span> <span class='ocrx_word' id='word_1_328' title='bbox 280 1991 304 2015; x_wconf 77' lang='lat'>8.</span> <span class='ocrx_word' id='word_1_329' title='bbox 324 1990 361 2023; x_wconf 53' lang='grc' dir='ltr'>ἓξ.</span> <span class='ocrx_word' id='word_1_330' title='bbox 382 1991 405 2015; x_wconf 82' lang='grc'>6.</span> <span class='ocrx_word' id='word_1_331' title='bbox 428 1991 466 2016; x_wconf 82' lang='lat'>15.</span> <span class='ocrx_word' id='word_1_332' title='bbox 486 1992 526 2016; x_wconf 76' lang='lat'>20.</span> <span class='ocrx_word' id='word_1_333' title='bbox 547 2000 605 2027; x_wconf 86' lang='lat' dir='ltr'>sqq.</span> <span class='ocrx_word' id='word_1_334' title='bbox 627 1991 659 2017; x_wconf 81' lang='lat' dir='ltr'>de</span> <span class='ocrx_word' id='word_1_335' title='bbox 678 1996 800 2017; x_wconf 86' lang='lat' dir='ltr'>transact.</span> <span class='ocrx_word' id='word_1_336' title='bbox 820 1994 898 2018; x_wconf 79' lang='lat'>2.15.</span> <span class='ocrx_word' id='word_1_337' title='bbox 918 1991 948 2018; x_wconf 86' lang='lat' dir='ltr'>Il.</span> <span class='ocrx_word' id='word_1_338' title='bbox 959 1994 1026 2026; x_wconf 68' lang='lat'>011.</span> 
     </span>
     <span class='ocr_line' id='line_1_44' title="bbox 187 2032 1026 2071; baseline 0.002 -12"><span class='ocrx_word' id='word_1_339' title='bbox 187 2032 335 2059; x_wconf 75' lang='lat' dir='ltr'>Consulere</span> <span class='ocrx_word' id='word_1_340' title='bbox 355 2032 510 2069; x_wconf 75' lang='lat' dir='ltr'>Principem.</span> <span class='ocrx_word' id='word_1_341' title='bbox 549 2033 689 2060; x_wconf 81' lang='lat' dir='ltr'>Consensu</span> <span class='ocrx_word' id='word_1_342' title='bbox 709 2035 801 2071; x_wconf 63' lang='lat' dir='ltr'>ipsum,</span> <span class='ocrx_word' id='word_1_343' title='bbox 823 2051 853 2055; x_wconf 88' lang='lat'><strong>—</strong></span> <span class='ocrx_word' id='word_1_344' title='bbox 873 2034 1026 2061; x_wconf 81' lang='lat' dir='ltr'>Inconsulto</span> 
     </span>
     <span class='ocr_line' id='line_1_45' title="bbox 186 2074 1050 2114; baseline 0.002 -13"><span class='ocrx_word' id='word_1_345' title='bbox 186 2074 309 2112; x_wconf 83' lang='lat' dir='ltr'>Principe</span> <span class='ocrx_word' id='word_1_346' title='bbox 329 2075 447 2108; x_wconf 77' lang='lat' dir='ltr'>(facere.)</span> <span class='ocrx_word' id='word_1_347' title='bbox 468 2075 497 2101; x_wconf 71' lang='grc' dir='ltr'>[ι’.</span> <span class='ocrx_word' id='word_1_348' title='bbox 518 2077 540 2101; x_wconf 87' lang='grc'>6.</span> <span class='ocrx_word' id='word_1_349' title='bbox 561 2076 599 2109; x_wconf 77' lang='lat'>§§.</span> <span class='ocrx_word' id='word_1_350' title='bbox 620 2078 642 2102; x_wconf 96' lang='lat' dir='ltr'>l.</span> <span class='ocrx_word' id='word_1_351' title='bbox 662 2087 701 2113; x_wconf 87' lang='lat' dir='ltr'>sq.</span> <span class='ocrx_word' id='word_1_352' title='bbox 722 2076 754 2103; x_wconf 89' lang='lat' dir='ltr'>de</span> <span class='ocrx_word' id='word_1_353' title='bbox 773 2077 816 2102; x_wconf 79' lang='lat' dir='ltr'>off.</span> <span class='ocrx_word' id='word_1_354' title='bbox 836 2076 911 2103; x_wconf 79' lang='lat' dir='ltr'>Proc.</span> <span class='ocrx_word' id='word_1_355' title='bbox 927 2082 952 2103; x_wconf 87' lang='lat' dir='ltr'>et</span> <span class='ocrx_word' id='word_1_356' title='bbox 965 2077 1026 2114; x_wconf 77' lang='lat' dir='ltr'>Leg.</span> <span class='ocrx_word' id='word_1_357' title='bbox 1048 2082 1050 2110; x_wconf 62' lang='grc' dir='ltr'>ξ</span> 
     </span>
     <span class='ocr_line' id='line_1_46' title="bbox 189 2118 1027 2152; baseline 0.004 -8"><span class='ocrx_word' id='word_1_358' title='bbox 189 2120 210 2144; x_wconf 97' lang='lat' dir='ltr'>l.</span> <span class='ocrx_word' id='word_1_359' title='bbox 232 2120 271 2145; x_wconf 83' lang='lat'>16.</span> <span class='ocrx_word' id='word_1_360' title='bbox 290 2118 319 2145; x_wconf 87' lang='lat' dir='ltr'>fr.</span> <span class='ocrx_word' id='word_1_361' title='bbox 342 2120 362 2144; x_wconf 92' lang='lat'>1.</span> <span class='ocrx_word' id='word_1_362' title='bbox 383 2119 404 2152; x_wconf 85' lang='lat'>§</span> <span class='ocrx_word' id='word_1_363' title='bbox 426 2120 448 2144; x_wconf 89' lang='lat' dir='ltr'>l.</span> <span class='ocrx_word' id='word_1_364' title='bbox 469 2118 501 2144; x_wconf 88' lang='lat' dir='ltr'>de</span> <span class='ocrx_word' id='word_1_365' title='bbox 520 2118 563 2144; x_wconf 83' lang='lat' dir='ltr'>ot&#39;l&#39;.</span> <span class='ocrx_word' id='word_1_366' title='bbox 584 2118 658 2146; x_wconf 84' lang='lat' dir='ltr'>Proc.</span> <span class='ocrx_word' id='word_1_367' title='bbox 679 2119 755 2146; x_wconf 91' lang='lat' dir='ltr'>Caes.</span> <span class='ocrx_word' id='word_1_368' title='bbox 779 2121 798 2146; x_wconf 92' lang='lat' dir='ltr'>l.</span> <span class='ocrx_word' id='word_1_369' title='bbox 817 2121 854 2146; x_wconf 85' lang='grc'>19.</span> <span class='ocrx_word' id='word_1_370' title='bbox 891 2119 1027 2147; x_wconf 86' lang='lat' dir='ltr'>Inconsul-</span> 
     </span>
     <span class='ocr_line' id='line_1_47' title="bbox 188 2160 1027 2194; baseline 0.005 -8"><span class='ocrx_word' id='word_1_371' title='bbox 188 2160 232 2191; x_wconf 83' lang='lat' dir='ltr'>tis.</span> <span class='ocrx_word' id='word_1_372' title='bbox 252 2176 283 2179; x_wconf 97' lang='lat'><strong>—</strong></span> <span class='ocrx_word' id='word_1_373' title='bbox 302 2161 513 2187; x_wconf 82' lang='lat' dir='ltr'>Decernentibus</span> <span class='ocrx_word' id='word_1_374' title='bbox 534 2162 654 2194; x_wconf 85' lang='lat' dir='ltr'>(uobis.)</span> <span class='ocrx_word' id='word_1_375' title='bbox 679 2161 728 2188; x_wconf 86' lang='lat' dir='ltr'>Th.</span> <span class='ocrx_word' id='word_1_376' title='bbox 750 2162 780 2188; x_wconf 71' lang='lat' dir='ltr'>C.</span> <span class='ocrx_word' id='word_1_377' title='bbox 799 2162 832 2188; x_wconf 86' lang='lat' dir='ltr'>X.</span> <span class='ocrx_word' id='word_1_378' title='bbox 853 2165 875 2189; x_wconf 90' lang='lat'>7.</span> <span class='ocrx_word' id='word_1_379' title='bbox 900 2174 921 2189; x_wconf 88' lang='lat' dir='ltr'>c.</span> <span class='ocrx_word' id='word_1_380' title='bbox 945 2166 968 2190; x_wconf 75' lang='lat'>2.</span> <span class='ocrx_word' id='word_1_381' title='bbox 995 2164 1027 2190; x_wconf 83' lang='lat' dir='ltr'>de</span> 
     </span>
     <span class='ocr_line' id='line_1_48' title="bbox 190 2201 1049 2242; baseline 0.007 -15"><span class='ocrx_word' id='word_1_382' title='bbox 190 2201 338 2229; x_wconf 74' lang='lat' dir='ltr'>Caesarian.</span> <span class='ocrx_word' id='word_1_383' title='bbox 374 2204 417 2230; x_wconf 86' lang='lat' dir='ltr'>HI.</span> <span class='ocrx_word' id='word_1_384' title='bbox 444 2206 510 2231; x_wconf 64' lang='lat'>(711.</span> <span class='ocrx_word' id='word_1_385' title='bbox 534 2204 697 2237; x_wconf 77' lang='lat' dir='ltr'>Inconsulto,</span> <span class='ocrx_word' id='word_1_386' title='bbox 717 2215 747 2231; x_wconf 88' lang='lat' dir='ltr'>ae</span> <span class='ocrx_word' id='word_1_387' title='bbox 766 2206 872 2241; x_wconf 66' lang='lat' dir='ltr'>penitus</span> <span class='ocrx_word' id='word_1_388' title='bbox 891 2207 1027 2242; x_wconf 77' lang='lat' dir='ltr'>ignorante</span> <span class='ocrx_word' id='word_1_389' title='bbox 1048 2211 1049 2218; x_wconf 67' lang='lat'>¹</span> 
     </span>
     <span class='ocr_line' id='line_1_49' title="bbox 189 2243 1025 2281; baseline 0.008 -12"><span class='ocrx_word' id='word_1_390' title='bbox 189 2243 336 2276; x_wconf 76' lang='lat' dir='ltr'>(Praefecto</span> <span class='ocrx_word' id='word_1_391' title='bbox 354 2245 413 2278; x_wconf 76' lang='lat' dir='ltr'>Vr.)</span> <span class='ocrx_word' id='word_1_392' title='bbox 440 2247 476 2273; x_wconf 89' lang='lat' dir='ltr'>Ib.</span> <span class='ocrx_word' id='word_1_393' title='bbox 497 2247 514 2273; x_wconf 94' lang='grc' dir='ltr'>Ι.</span> <span class='ocrx_word' id='word_1_394' title='bbox 537 2249 575 2273; x_wconf 81' lang='lat'>10.</span> <span class='ocrx_word' id='word_1_395' title='bbox 602 2257 622 2273; x_wconf 87' lang='lat' dir='ltr'>c.</span> <span class='ocrx_word' id='word_1_396' title='bbox 648 2249 687 2273; x_wconf 94' lang='lat' dir='ltr'>ll.</span> <span class='ocrx_word' id='word_1_397' title='bbox 712 2247 815 2281; x_wconf 67' lang='lat' dir='ltr'>(ch.)</span> <span class='ocrx_word' id='word_1_398' title='bbox 836 2248 868 2274; x_wconf 90' lang='lat' dir='ltr'>de</span> <span class='ocrx_word' id='word_1_399' title='bbox 888 2250 929 2275; x_wconf 70' lang='lat' dir='ltr'>off</span> <span class='ocrx_word' id='word_1_400' title='bbox 951 2250 1025 2276; x_wconf 82' lang='lat' dir='ltr'>Com.</span> 
     </span>
     <span class='ocr_line' id='line_1_50' title="bbox 189 2286 1026 2329; baseline 0.006 -16"><span class='ocrx_word' id='word_1_401' title='bbox 189 2286 216 2313; x_wconf 89' lang='lat' dir='ltr'>S.</span> <span class='ocrx_word' id='word_1_402' title='bbox 238 2286 316 2322; x_wconf 63' lang='lat' dir='ltr'>lat-gg.</span> <span class='ocrx_word' id='word_1_403' title='bbox 352 2288 407 2315; x_wconf 72' lang='lat' dir='ltr'>Nec</span> <span class='ocrx_word' id='word_1_404' title='bbox 425 2289 512 2320; x_wconf 81' lang='lat' dir='ltr'>licere.</span> <span class='ocrx_word' id='word_1_405' title='bbox 533 2299 552 2315; x_wconf 86' lang='lat' dir='ltr'>s.</span> <span class='ocrx_word' id='word_1_406' title='bbox 568 2289 713 2319; x_wconf 80' lang='lat' dir='ltr'>Prohiberi.</span> <span class='ocrx_word' id='word_1_407' title='bbox 734 2290 883 2317; x_wconf 86' lang='lat' dir='ltr'>inconsulto</span> <span class='ocrx_word' id='word_1_408' title='bbox 898 2291 1026 2329; x_wconf 82' lang='lat' dir='ltr'>Principe.</span> 
     </span>
     <span class='ocr_line' id='line_1_51' title="bbox 189 2329 1049 2369; baseline 0.008 -15"><span class='ocrx_word' id='word_1_409' title='bbox 189 2329 219 2355; x_wconf 78' lang='lat' dir='ltr'>fr.</span> <span class='ocrx_word' id='word_1_410' title='bbox 242 2331 262 2355; x_wconf 91' lang='grc'>1.</span> <span class='ocrx_word' id='word_1_411' title='bbox 283 2339 322 2366; x_wconf 84' lang='lat' dir='ltr'>sq.</span> <span class='ocrx_word' id='word_1_412' title='bbox 344 2329 375 2355; x_wconf 62' lang='lat' dir='ltr'>de.</span> <span class='ocrx_word' id='word_1_413' title='bbox 394 2331 480 2357; x_wconf 82' lang='lat' dir='ltr'>cadav.</span> <span class='ocrx_word' id='word_1_414' title='bbox 504 2342 566 2369; x_wconf 84' lang='lat' dir='ltr'>pun.</span> <span class='ocrx_word' id='word_1_415' title='bbox 591 2336 631 2358; x_wconf 64' lang='lat'>45.</span> <span class='ocrx_word' id='word_1_416' title='bbox 651 2335 692 2358; x_wconf 66' lang='grc'>24.</span> <span class='ocrx_word' id='word_1_417' title='bbox 717 2332 746 2358; x_wconf 85' lang='lat' dir='ltr'>sr.</span> <span class='ocrx_word' id='word_1_418' title='bbox 767 2334 807 2359; x_wconf 78' lang='grc'>46.</span> <span class='ocrx_word' id='word_1_419' title='bbox 832 2334 854 2366; x_wconf 61' lang='grc' dir='ltr'>ξ.</span> <span class='ocrx_word' id='word_1_420' title='bbox 876 2336 899 2360; x_wconf 84' lang='lat'>7.</span> <span class='ocrx_word' id='word_1_421' title='bbox 920 2334 952 2361; x_wconf 82' lang='lat' dir='ltr'>de</span> <span class='ocrx_word' id='word_1_422' title='bbox 972 2337 1027 2361; x_wconf 86' lang='lat' dir='ltr'>iure</span> <span class='ocrx_word' id='word_1_423' title='bbox 1048 2345 1049 2351; x_wconf 67' lang='lat'>¹</span> 
     </span>
     <span class='ocr_line' id='line_1_52' title="bbox 189 2372 1026 2413; baseline 0.008 -16"><span class='ocrx_word' id='word_1_424' title='bbox 189 2372 255 2398; x_wconf 81' lang='lat' dir='ltr'>fisci.</span> <span class='ocrx_word' id='word_1_425' title='bbox 276 2374 316 2398; x_wconf 81' lang='grc'>49.</span> <span class='ocrx_word' id='word_1_426' title='bbox 339 2373 376 2397; x_wconf 74' lang='grc'>14.</span> <span class='ocrx_word' id='word_1_427' title='bbox 413 2372 509 2406; x_wconf 75' lang='lat' dir='ltr'>Liceat,</span> <span class='ocrx_word' id='word_1_428' title='bbox 529 2375 677 2401; x_wconf 86' lang='lat' dir='ltr'>inconsulta</span> <span class='ocrx_word' id='word_1_429' title='bbox 698 2376 773 2401; x_wconf 80' lang='lat' dir='ltr'>etiam</span> <span class='ocrx_word' id='word_1_430' title='bbox 794 2377 912 2413; x_wconf 73' lang='lat' dir='ltr'>(pietate,</span> <span class='ocrx_word' id='word_1_431' title='bbox 933 2387 957 2403; x_wconf 87' lang='lat' dir='ltr'>s.</span> <span class='ocrx_word' id='word_1_432' title='bbox 977 2376 1026 2404; x_wconf 76' lang='lat' dir='ltr'>cle—</span> 
     </span>
     <span class='ocr_line' id='line_1_53' title="bbox 189 2415 1025 2455; baseline 0.007 -14"><span class='ocrx_word' id='word_1_433' title='bbox 189 2416 292 2447; x_wconf 64' lang='lat' dir='ltr'>mentia.</span> <span class='ocrx_word' id='word_1_434' title='bbox 313 2415 423 2447; x_wconf 83' lang='lat' dir='ltr'>nostra.)</span> <span class='ocrx_word' id='word_1_435' title='bbox 443 2426 462 2442; x_wconf 91' lang='lat' dir='ltr'>c.</span> <span class='ocrx_word' id='word_1_436' title='bbox 484 2419 522 2444; x_wconf 88' lang='lat'>17.</span> <span class='ocrx_word' id='word_1_437' title='bbox 542 2428 581 2454; x_wconf 82' lang='lat' dir='ltr'>pr.</span> <span class='ocrx_word' id='word_1_438' title='bbox 608 2418 639 2445; x_wconf 87' lang='lat' dir='ltr'>de</span> <span class='ocrx_word' id='word_1_439' title='bbox 664 2418 792 2455; x_wconf 71' lang='lat' dir='ltr'>dignitatt.</span> <span class='ocrx_word' id='word_1_440' title='bbox 820 2421 858 2445; x_wconf 75' lang='lat'>12.</span> <span class='ocrx_word' id='word_1_441' title='bbox 882 2422 902 2445; x_wconf 93' lang='grc'>1.</span> <span class='ocrx_word' id='word_1_442' title='bbox 924 2419 973 2446; x_wconf 89' lang='lat' dir='ltr'>Th.</span> <span class='ocrx_word' id='word_1_443' title='bbox 994 2420 1025 2447; x_wconf 90' lang='lat' dir='ltr'>C.</span> 
     </span>
     <span class='ocr_line' id='line_1_54' title="bbox 189 2457 1048 2496; baseline 0.006 -12"><span class='ocrx_word' id='word_1_444' title='bbox 189 2457 247 2484; x_wconf 77' lang='lat' dir='ltr'>XV.</span> <span class='ocrx_word' id='word_1_445' title='bbox 270 2459 291 2483; x_wconf 89' lang='lat' dir='ltr'>l.</span> <span class='ocrx_word' id='word_1_446' title='bbox 312 2467 332 2483; x_wconf 91' lang='lat' dir='ltr'>c.</span> <span class='ocrx_word' id='word_1_447' title='bbox 352 2458 393 2483; x_wconf 74' lang='lat'>44.</span> <span class='ocrx_word' id='word_1_448' title='bbox 414 2457 446 2483; x_wconf 87' lang='lat' dir='ltr'>de</span> <span class='ocrx_word' id='word_1_449' title='bbox 465 2468 524 2495; x_wconf 85' lang='lat' dir='ltr'>opp.</span> <span class='ocrx_word' id='word_1_450' title='bbox 544 2461 607 2496; x_wconf 89' lang='lat' dir='ltr'>pub.</span> <span class='ocrx_word' id='word_1_451' title='bbox 637 2477 666 2481; x_wconf 91' lang='lat'>—</span> <span class='ocrx_word' id='word_1_452' title='bbox 697 2462 726 2494; x_wconf 62' lang='grc' dir='ltr'>ξ.</span> <span class='ocrx_word' id='word_1_453' title='bbox 748 2463 782 2487; x_wconf 77' lang='lat'>2.</span> <span class='ocrx_word' id='word_1_454' title='bbox 806 2463 868 2494; x_wconf 79' lang='lat' dir='ltr'>Qui</span> <span class='ocrx_word' id='word_1_455' title='bbox 887 2465 1048 2490; x_wconf 63' lang='lat' dir='ltr'>consilio*</span> 
     </span>
     <span class='ocr_line' id='line_1_55' title="bbox 189 2502 1024 2538; baseline 0.007 -13"><span class='ocrx_word' id='word_1_456' title='bbox 189 2511 248 2526; x_wconf 79' lang='lat' dir='ltr'>non</span> <span class='ocrx_word' id='word_1_457' title='bbox 268 2502 382 2526; x_wconf 78' lang='lat' dir='ltr'>utitur.</span> <span class='ocrx_word' id='word_1_458' title='bbox 420 2502 694 2530; x_wconf 66' lang='lat' dir='ltr'>Inconsideratus.</span> <span class='ocrx_word' id='word_1_459' title='bbox 715 2503 745 2530; x_wconf 90' lang='grc'>11.</span> <span class='ocrx_word' id='word_1_460' title='bbox 761 2506 828 2538; x_wconf 77' lang='lat' dir='ltr'>Op.</span> <span class='ocrx_word' id='word_1_461' title='bbox 850 2504 979 2532; x_wconf 90' lang='lat' dir='ltr'>Consilio.</span> <span class='ocrx_word' id='word_1_462' title='bbox 994 2522 1024 2525; x_wconf 97' lang='lat'><strong>—</strong></span> 
     </span>
     <span class='ocr_line' id='line_1_56' title="bbox 189 2542 1026 2575; baseline 0.008 -7"><span class='ocrx_word' id='word_1_463' title='bbox 189 2542 343 2569; x_wconf 82' lang='lat' dir='ltr'>inconsulto</span> <span class='ocrx_word' id='word_1_464' title='bbox 364 2542 458 2569; x_wconf 73' lang='lat' dir='ltr'>calore.</span> <span class='ocrx_word' id='word_1_465' title='bbox 480 2553 500 2568; x_wconf 88' lang='lat' dir='ltr'>c.</span> <span class='ocrx_word' id='word_1_466' title='bbox 520 2545 543 2569; x_wconf 91' lang='lat'>5.</span> <span class='ocrx_word' id='word_1_467' title='bbox 562 2544 594 2570; x_wconf 87' lang='lat' dir='ltr'>de</span> <span class='ocrx_word' id='word_1_468' title='bbox 612 2546 687 2572; x_wconf 83' lang='lat' dir='ltr'>iuiur.</span> <span class='ocrx_word' id='word_1_469' title='bbox 707 2548 731 2573; x_wconf 85' lang='lat'>9.</span> <span class='ocrx_word' id='word_1_470' title='bbox 750 2548 792 2573; x_wconf 85' lang='lat'>35.</span> <span class='ocrx_word' id='word_1_471' title='bbox 830 2547 871 2573; x_wconf 92' lang='lat' dir='ltr'>III.</span> <span class='ocrx_word' id='word_1_472' title='bbox 892 2549 957 2575; x_wconf 75' lang='lat' dir='ltr'>Cn.</span> <span class='ocrx_word' id='word_1_473' title='bbox 977 2548 1026 2575; x_wconf 87' lang='lat' dir='ltr'>Tc-</span> 
     </span>
     <span class='ocr_line' id='line_1_57' title="bbox 189 2584 1048 2621; baseline 0.007 -10"><span class='ocrx_word' id='word_1_474' title='bbox 189 2586 334 2611; x_wconf 85' lang='lat' dir='ltr'>meritatem</span> <span class='ocrx_word' id='word_1_475' title='bbox 355 2584 485 2611; x_wconf 76' lang='lat' dir='ltr'>facilitatis</span> <span class='ocrx_word' id='word_1_476' title='bbox 512 2587 611 2612; x_wconf 80' lang='lat' dir='ltr'>veniam</span> <span class='ocrx_word' id='word_1_477' title='bbox 635 2590 781 2621; x_wconf 72' lang='lat' dir='ltr'>continere,</span> <span class='ocrx_word' id='word_1_478' title='bbox 802 2595 827 2616; x_wconf 84' lang='lat' dir='ltr'>et</span> <span class='ocrx_word' id='word_1_479' title='bbox 847 2590 1024 2617; x_wconf 88' lang='lat' dir='ltr'>inconsultum</span> <span class='ocrx_word' id='word_1_480' title='bbox 1046 2593 1048 2605; x_wconf 88' lang='lat'><strong>¹</strong></span> 
     </span>
     <span class='ocr_line' id='line_1_58' title="bbox 189 2626 1023 2666; baseline 0.008 -13"><span class='ocrx_word' id='word_1_481' title='bbox 189 2627 301 2654; x_wconf 72' lang='lat' dir='ltr'>calorem</span> <span class='ocrx_word' id='word_1_482' title='bbox 322 2626 464 2654; x_wconf 84' lang='lat' dir='ltr'>calumniae</span> <span class='ocrx_word' id='word_1_483' title='bbox 486 2629 551 2654; x_wconf 79' lang='lat' dir='ltr'>vitio</span> <span class='ocrx_word' id='word_1_484' title='bbox 575 2638 669 2656; x_wconf 87' lang='lat' dir='ltr'>carere.</span> <span class='ocrx_word' id='word_1_485' title='bbox 695 2631 725 2658; x_wconf 80' lang='lat' dir='ltr'>fr.</span> <span class='ocrx_word' id='word_1_486' title='bbox 746 2634 767 2658; x_wconf 95' lang='lat'>1.</span> <span class='ocrx_word' id='word_1_487' title='bbox 793 2633 814 2666; x_wconf 57' lang='grc' dir='ltr'>ᾗ.</span> <span class='ocrx_word' id='word_1_488' title='bbox 839 2635 863 2659; x_wconf 86' lang='grc'>5.</span> <span class='ocrx_word' id='word_1_489' title='bbox 888 2633 920 2659; x_wconf 87' lang='lat' dir='ltr'>ad</span> <span class='ocrx_word' id='word_1_490' title='bbox 944 2633 971 2660; x_wconf 84' lang='lat' dir='ltr'>S.</span> <span class='ocrx_word' id='word_1_491' title='bbox 993 2633 1023 2660; x_wconf 86' lang='lat' dir='ltr'>C.</span> 
     </span>
     <span class='ocr_line' id='line_1_59' title="bbox 189 2670 1023 2707; baseline 0.007 -10"><span class='ocrx_word' id='word_1_492' title='bbox 189 2670 270 2707; x_wconf 87' lang='lat' dir='ltr'>Turp.</span> <span class='ocrx_word' id='word_1_493' title='bbox 291 2671 332 2696; x_wconf 73' lang='lat'>48.</span> <span class='ocrx_word' id='word_1_494' title='bbox 355 2671 394 2696; x_wconf 82' lang='lat'>16.</span> <span class='ocrx_word' id='word_1_495' title='bbox 431 2670 487 2696; x_wconf 70' lang='lat' dir='ltr'>Nec</span> <span class='ocrx_word' id='word_1_496' title='bbox 506 2672 574 2697; x_wconf 81' lang='lat' dir='ltr'>enim</span> <span class='ocrx_word' id='word_1_497' title='bbox 593 2677 701 2699; x_wconf 89' lang='lat' dir='ltr'>eventus</span> <span class='ocrx_word' id='word_1_498' title='bbox 725 2674 810 2701; x_wconf 80' lang='lat' dir='ltr'>damni</span> <span class='ocrx_word' id='word_1_499' title='bbox 830 2677 1023 2703; x_wconf 84' lang='lat' dir='ltr'>restitutionem</span> 
     </span>
     <span class='ocr_line' id='line_1_60' title="bbox 188 2712 1023 2752; baseline 0.01 -13"><span class='ocrx_word' id='word_1_500' title='bbox 188 2713 320 2749; x_wconf 75' lang='lat' dir='ltr'>indulget.</span> <span class='ocrx_word' id='word_1_501' title='bbox 341 2712 387 2739; x_wconf 77' lang='lat' dir='ltr'>sed</span> <span class='ocrx_word' id='word_1_502' title='bbox 406 2712 553 2739; x_wconf 84' lang='lat' dir='ltr'>inconsulta</span> <span class='ocrx_word' id='word_1_503' title='bbox 579 2713 697 2741; x_wconf 80' lang='lat' dir='ltr'>facilitas.</span> <span class='ocrx_word' id='word_1_504' title='bbox 721 2715 751 2743; x_wconf 85' lang='lat' dir='ltr'>fr.</span> <span class='ocrx_word' id='word_1_505' title='bbox 772 2719 811 2744; x_wconf 94' lang='lat' dir='ltr'>ll.</span> <span class='ocrx_word' id='word_1_506' title='bbox 837 2719 858 2752; x_wconf 63' lang='grc' dir='ltr'>ξ.</span> <span class='ocrx_word' id='word_1_507' title='bbox 877 2721 900 2746; x_wconf 88' lang='grc'>4.</span> <span class='ocrx_word' id='word_1_508' title='bbox 928 2719 960 2746; x_wconf 84' lang='grc'>(16</span> <span class='ocrx_word' id='word_1_509' title='bbox 979 2721 1023 2746; x_wconf 88' lang='lat' dir='ltr'>mi—</span> 
     </span>
     <span class='ocr_line' id='line_1_61' title="bbox 189 2755 1021 2789; baseline 0.01 -8"><span class='ocrx_word' id='word_1_510' title='bbox 189 2765 243 2782; x_wconf 88' lang='lat' dir='ltr'>nor.</span> <span class='ocrx_word' id='word_1_511' title='bbox 264 2757 287 2782; x_wconf 88' lang='lat'>4.</span> <span class='ocrx_word' id='word_1_512' title='bbox 307 2757 330 2781; x_wconf 81' lang='lat'>4.</span> <span class='ocrx_word' id='word_1_513' title='bbox 369 2755 521 2781; x_wconf 81' lang='lat' dir='ltr'>inconsulto</span> <span class='ocrx_word' id='word_1_514' title='bbox 540 2766 628 2783; x_wconf 88' lang='lat' dir='ltr'>errore</span> <span class='ocrx_word' id='word_1_515' title='bbox 647 2756 706 2783; x_wconf 89' lang='lat' dir='ltr'>labi.</span> <span class='ocrx_word' id='word_1_516' title='bbox 727 2768 747 2784; x_wconf 91' lang='lat' dir='ltr'>c.</span> <span class='ocrx_word' id='word_1_517' title='bbox 769 2761 790 2786; x_wconf 94' lang='lat'>1.</span> <span class='ocrx_word' id='word_1_518' title='bbox 810 2761 833 2786; x_wconf 91' lang='lat' dir='ltr'>si</span> <span class='ocrx_word' id='word_1_519' title='bbox 851 2763 942 2788; x_wconf 89' lang='lat' dir='ltr'>maior.</span> <span class='ocrx_word' id='word_1_520' title='bbox 962 2762 1021 2789; x_wconf 82' lang='lat' dir='ltr'>fact.</span> 
     </span>
    </p>
   </div>
   <div class='ocr_carea' id='block_1_6' title="bbox 1047 299 1053 2870">
    <p class='ocr_par' dir='ltr' id='par_1_13' title="bbox 1047 299 1053 2870">
     <span class='ocr_line' id='line_1_62' title="bbox 1047 299 1053 2870; baseline 0 0"><span class='ocrx_word' id='word_1_521' title='bbox 1047 299 1053 2870; x_wconf 95' lang='lat' dir='ltr'> </span> 
     </span>
    </p>
   </div>
   <div class='ocr_carea' id='block_1_7' title="bbox 189 2798 1022 2832">
    <p class='ocr_par' dir='ltr' id='par_1_14' title="bbox 189 2798 1022 2832">
     <span class='ocr_line' id='line_1_63' title="bbox 189 2798 1022 2832; baseline 0.013 -10"><span class='ocrx_word' id='word_1_522' title='bbox 189 2799 212 2823; x_wconf 88' lang='lat'>5.</span> <span class='ocrx_word' id='word_1_523' title='bbox 231 2800 271 2825; x_wconf 82' lang='lat'>74.</span> <span class='ocrx_word' id='word_1_524' title='bbox 309 2798 345 2824; x_wconf 63' lang='lat' dir='ltr'>Yt</span> <span class='ocrx_word' id='word_1_525' title='bbox 368 2798 417 2825; x_wconf 87' lang='lat' dir='ltr'>hoc</span> <span class='ocrx_word' id='word_1_526' title='bbox 441 2798 519 2825; x_wconf 89' lang='lat' dir='ltr'>modo</span> <span class='ocrx_word' id='word_1_527' title='bbox 545 2799 688 2826; x_wconf 85' lang='lat' dir='ltr'>inconsulti</span> <span class='ocrx_word' id='word_1_528' title='bbox 712 2801 790 2828; x_wconf 84' lang='lat' dir='ltr'>animi</span> <span class='ocrx_word' id='word_1_529' title='bbox 809 2803 964 2831; x_wconf 83' lang='lat' dir='ltr'>detrimento</span> <span class='ocrx_word' id='word_1_530' title='bbox 984 2815 1022 2832; x_wconf 88' lang='lat' dir='ltr'>re-</span> 
     </span>
    </p>
   </div>
   <div class='ocr_carea' id='block_1_8' title="bbox 1848 157 1910 188">
    <p class='ocr_par' dir='ltr' id='par_1_15' title="bbox 1848 157 1910 188">
     <span class='ocr_line' id='line_1_64' title="bbox 1848 157 1910 188; baseline 0.016 -1"><span class='ocrx_word' id='word_1_531' title='bbox 1848 157 1910 188; x_wconf 82' lang='lat'>453</span> 
     </span>
    </p>
   </div>
   <div class='ocr_carea' id='block_1_9' title="bbox 1072 237 1906 275">
    <p class='ocr_par' dir='ltr' id='par_1_16' title="bbox 1072 237 1906 275">
     <span class='ocr_line' id='line_1_65' title="bbox 1072 237 1906 275; baseline 0.001 -12"><span class='ocrx_word' id='word_1_532' title='bbox 1072 237 1207 264; x_wconf 81' lang='lat' dir='ltr'>trahantur</span> <span class='ocrx_word' id='word_1_533' title='bbox 1226 237 1255 270; x_wconf 90' lang='lat' dir='ltr'>(a</span> <span class='ocrx_word' id='word_1_534' title='bbox 1275 238 1384 274; x_wconf 84' lang='lat' dir='ltr'>repudio</span> <span class='ocrx_word' id='word_1_535' title='bbox 1404 238 1558 272; x_wconf 73' lang='lat' dir='ltr'>mittendo.)</span> <span class='ocrx_word' id='word_1_536' title='bbox 1585 248 1605 265; x_wconf 89' lang='lat' dir='ltr'>c.</span> <span class='ocrx_word' id='word_1_537' title='bbox 1626 239 1649 265; x_wconf 87' lang='lat'>8.</span> <span class='ocrx_word' id='word_1_538' title='bbox 1675 239 1696 272; x_wconf 62' lang='grc' dir='ltr'>ξ.</span> <span class='ocrx_word' id='word_1_539' title='bbox 1718 241 1740 265; x_wconf 90' lang='lat'>7.</span> <span class='ocrx_word' id='word_1_540' title='bbox 1765 238 1797 264; x_wconf 83' lang='lat' dir='ltr'>de</span> <span class='ocrx_word' id='word_1_541' title='bbox 1816 238 1906 275; x_wconf 65' lang='lat' dir='ltr'>repud.</span> 
     </span>
    </p>
   </div>
   <div class='ocr_carea' id='block_1_10' title="bbox 1049 281 1155 307">
    <p class='ocr_par' dir='ltr' id='par_1_17' title="bbox 1049 281 1155 307">
     <span class='ocr_line' id='line_1_66' title="bbox 1049 281 1155 307; baseline 0.019 -2"><span class='ocrx_word' id='word_1_542' title='bbox 1049 292 1050 295; x_wconf 49' lang='lat'>¹</span> <span class='ocrx_word' id='word_1_543' title='bbox 1071 281 1094 306; x_wconf 92' lang='lat'>5.</span> <span class='ocrx_word' id='word_1_544' title='bbox 1116 282 1155 307; x_wconf 90' lang='lat'>17.</span> 
     </span>
    </p>
   </div>
   <div class='ocr_carea' id='block_1_11' title="bbox 1419 323 1907 401">
    <p class='ocr_par' dir='ltr' id='par_1_18' title="bbox 1419 323 1907 401">
     <span class='ocr_line' id='line_1_67' title="bbox 1419 323 1681 351; baseline 0.004 -1"><span class='ocrx_word' id='word_1_545' title='bbox 1419 323 1460 350; x_wconf 79' lang='lat' dir='ltr'>Cf.</span> <span class='ocrx_word' id='word_1_546' title='bbox 1480 335 1502 350; x_wconf 82' lang='lat' dir='ltr'>V.</span> <span class='ocrx_word' id='word_1_547' title='bbox 1524 324 1681 351; x_wconf 87' lang='lat' dir='ltr'>Continens.</span> 
     </span>
     <span class='ocr_line' id='line_1_68' title="bbox 1436 367 1907 401; baseline 0 -8"><span class='ocrx_word' id='word_1_548' title='bbox 1436 367 1564 400; x_wconf 67' lang='lat' dir='ltr'>(Adiect.)</span> <span class='ocrx_word' id='word_1_549' title='bbox 1603 368 1633 401; x_wconf 83' lang='lat'>§.</span> <span class='ocrx_word' id='word_1_550' title='bbox 1663 368 1699 394; x_wconf 90' lang='lat' dir='ltr'>l.</span> <span class='ocrx_word' id='word_1_551' title='bbox 1725 369 1907 394; x_wconf 67' lang='lat' dir='ltr'>ludet-orus.</span> 
     </span>
    </p>
   </div>
   <div class='ocr_carea' id='block_1_12' title="bbox 1106 324 1399 393">
    <p class='ocr_par' dir='ltr' id='par_1_19' title="bbox 1106 324 1399 393">
     <span class='ocr_line' id='line_1_69' title="bbox 1106 324 1380 350; baseline 0 0"><span class='ocrx_word' id='word_1_552' title='bbox 1106 324 1380 350; x_wconf 75' lang='lat' dir='ltr'>lucontinenti.</span> 
     </span>
     <span class='ocr_line' id='line_1_70' title="bbox 1106 366 1399 393; baseline 0 -1"><span class='ocrx_word' id='word_1_553' title='bbox 1106 366 1399 393; x_wconf 82' lang='lat' dir='ltr'>Inconveniens.</span> 
     </span>
    </p>
   </div>
   <div class='ocr_carea' id='block_1_13' title="bbox 1048 407 1907 445">
    <p class='ocr_par' dir='ltr' id='par_1_20' title="bbox 1048 407 1907 445">
     <span class='ocr_line' id='line_1_71' title="bbox 1048 407 1907 445; baseline 0.001 -11"><span class='ocrx_word' id='word_1_554' title='bbox 1048 439 1049 442; x_wconf 16' lang='grc' dir='ltr'><strong>Ἴ</strong></span> <span class='ocrx_word' id='word_1_555' title='bbox 1070 407 1100 434; x_wconf 89' lang='grc'>11.</span> <span class='ocrx_word' id='word_1_556' title='bbox 1122 410 1189 442; x_wconf 73' lang='grc'><strong>01).</strong></span> <span class='ocrx_word' id='word_1_557' title='bbox 1209 408 1391 445; x_wconf 82' lang='lat' dir='ltr'>Consequens.</span> <span class='ocrx_word' id='word_1_558' title='bbox 1413 408 1454 435; x_wconf 79' lang='lat' dir='ltr'>Cf.</span> <span class='ocrx_word' id='word_1_559' title='bbox 1475 410 1498 436; x_wconf 79' lang='grc' dir='ltr'>Ιι,</span> <span class='ocrx_word' id='word_1_560' title='bbox 1518 420 1542 436; x_wconf 90' lang='lat' dir='ltr'>v.</span> <span class='ocrx_word' id='word_1_561' title='bbox 1563 411 1584 444; x_wconf 63' lang='grc' dir='ltr'>ξ.</span> <span class='ocrx_word' id='word_1_562' title='bbox 1603 412 1627 436; x_wconf 98' lang='lat'>3.</span> <span class='ocrx_word' id='word_1_563' title='bbox 1665 410 1706 437; x_wconf 90' lang='grc'><strong>111.</strong></span> <span class='ocrx_word' id='word_1_564' title='bbox 1734 411 1800 437; x_wconf 71' lang='lat' dir='ltr'>Cn,</span> <span class='ocrx_word' id='word_1_565' title='bbox 1831 409 1859 435; x_wconf 91' lang='lat' dir='ltr'>Si</span> <span class='ocrx_word' id='word_1_566' title='bbox 1879 409 1907 435; x_wconf 94' lang='lat' dir='ltr'>li-</span> 
     </span>
    </p>
   </div>
   <div class='ocr_carea' id='block_1_14' title="bbox 1048 451 1908 490">
    <p class='ocr_par' dir='ltr' id='par_1_21' title="bbox 1048 451 1908 490">
     <span class='ocr_line' id='line_1_72' title="bbox 1048 451 1908 490; baseline 0.002 -13"><span class='ocrx_word' id='word_1_567' title='bbox 1048 451 1049 458; x_wconf 55' lang='lat'><em>*</em></span> <span class='ocrx_word' id='word_1_568' title='bbox 1070 451 1143 477; x_wconf 66' lang='lat' dir='ltr'>berta</span> <span class='ocrx_word' id='word_1_569' title='bbox 1163 467 1195 470; x_wconf 82' lang='lat'>—</span> <span class='ocrx_word' id='word_1_570' title='bbox 1215 451 1247 478; x_wconf 91' lang='lat' dir='ltr'>ad</span> <span class='ocrx_word' id='word_1_571' title='bbox 1266 462 1321 478; x_wconf 85' lang='lat' dir='ltr'>eam</span> <span class='ocrx_word' id='word_1_572' title='bbox 1340 451 1490 488; x_wconf 79' lang='lat' dir='ltr'>dignitatem</span> <span class='ocrx_word' id='word_1_573' title='bbox 1509 454 1653 490; x_wconf 74' lang='lat' dir='ltr'>perveniat.</span> <span class='ocrx_word' id='word_1_574' title='bbox 1673 458 1701 479; x_wconf 91' lang='lat' dir='ltr'>ut</span> <span class='ocrx_word' id='word_1_575' title='bbox 1720 453 1908 479; x_wconf 76' lang='lat' dir='ltr'>inconveniens</span> 
     </span>
    </p>
   </div>
   <div class='ocr_carea' id='block_1_15' title="bbox 1069 495 1914 1858">
    <p class='ocr_par' dir='ltr' id='par_1_22' title="bbox 1069 495 1908 871">
     <span class='ocr_line' id='line_1_73' title="bbox 1071 495 1907 533; baseline 0 -13"><span class='ocrx_word' id='word_1_576' title='bbox 1071 495 1105 520; x_wconf 84' lang='lat' dir='ltr'>sit</span> <span class='ocrx_word' id='word_1_577' title='bbox 1125 495 1271 531; x_wconf 81' lang='lat' dir='ltr'>(praestare</span> <span class='ocrx_word' id='word_1_578' title='bbox 1290 499 1401 532; x_wconf 87' lang='lat' dir='ltr'>patrono</span> <span class='ocrx_word' id='word_1_579' title='bbox 1422 497 1537 532; x_wconf 85' lang='lat' dir='ltr'>operas.)</span> <span class='ocrx_word' id='word_1_580' title='bbox 1561 496 1590 522; x_wconf 84' lang='lat' dir='ltr'>fr.</span> <span class='ocrx_word' id='word_1_581' title='bbox 1610 498 1651 522; x_wconf 87' lang='lat'>34.</span> <span class='ocrx_word' id='word_1_582' title='bbox 1676 496 1708 522; x_wconf 89' lang='lat' dir='ltr'>de</span> <span class='ocrx_word' id='word_1_583' title='bbox 1729 506 1799 533; x_wconf 85' lang='lat' dir='ltr'>oper.</span> <span class='ocrx_word' id='word_1_584' title='bbox 1820 495 1907 521; x_wconf 78' lang='lat' dir='ltr'>libert.</span> 
     </span>
     <span class='ocr_line' id='line_1_74' title="bbox 1070 537 1908 575; baseline 0.001 -12"><span class='ocrx_word' id='word_1_585' title='bbox 1070 538 1112 563; x_wconf 80' lang='lat'>38.</span> <span class='ocrx_word' id='word_1_586' title='bbox 1138 539 1159 563; x_wconf 96' lang='lat' dir='ltr'>l.</span> <span class='ocrx_word' id='word_1_587' title='bbox 1202 537 1397 574; x_wconf 77' lang='lat' dir='ltr'>Magistratibus</span> <span class='ocrx_word' id='word_1_588' title='bbox 1420 538 1608 564; x_wconf 81' lang='lat' dir='ltr'>inconveniens</span> <span class='ocrx_word' id='word_1_589' title='bbox 1633 544 1700 571; x_wconf 82' lang='lat' dir='ltr'>erat,</span> <span class='ocrx_word' id='word_1_590' title='bbox 1730 539 1908 575; x_wconf 88' lang='lat' dir='ltr'>(vespertinis</span> 
     </span>
     <span class='ocr_line' id='line_1_75' title="bbox 1070 580 1906 617; baseline 0 -11"><span class='ocrx_word' id='word_1_591' title='bbox 1070 580 1232 617; x_wconf 80' lang='lat' dir='ltr'>temporibus</span> <span class='ocrx_word' id='word_1_592' title='bbox 1252 581 1278 606; x_wconf 88' lang='lat' dir='ltr'>iu</span> <span class='ocrx_word' id='word_1_593' title='bbox 1297 580 1431 617; x_wconf 86' lang='lat' dir='ltr'>publicum</span> <span class='ocrx_word' id='word_1_594' title='bbox 1451 581 1530 613; x_wconf 83' lang='lat' dir='ltr'>esse.)</span> <span class='ocrx_word' id='word_1_595' title='bbox 1550 581 1580 607; x_wconf 80' lang='lat' dir='ltr'>fr.</span> <span class='ocrx_word' id='word_1_596' title='bbox 1600 583 1623 608; x_wconf 76' lang='lat'>2.</span> <span class='ocrx_word' id='word_1_597' title='bbox 1644 582 1664 615; x_wconf 59' lang='grc' dir='ltr'>ξ.</span> <span class='ocrx_word' id='word_1_598' title='bbox 1684 583 1726 608; x_wconf 85' lang='grc'>31.</span> <span class='ocrx_word' id='word_1_599' title='bbox 1746 581 1778 608; x_wconf 84' lang='lat' dir='ltr'>de</span> <span class='ocrx_word' id='word_1_600' title='bbox 1798 580 1831 607; x_wconf 94' lang='grc' dir='ltr'>Ο.</span> <span class='ocrx_word' id='word_1_601' title='bbox 1850 580 1868 606; x_wconf 92' lang='grc' dir='ltr'>Ι.</span> <span class='ocrx_word' id='word_1_602' title='bbox 1885 582 1906 606; x_wconf 91' lang='lat'>1.</span> 
     </span>
     <span class='ocr_line' id='line_1_76' title="bbox 1069 623 1907 658; baseline -0.001 -8"><span class='ocrx_word' id='word_1_603' title='bbox 1069 624 1093 648; x_wconf 76' lang='grc'>2.</span> <span class='ocrx_word' id='word_1_604' title='bbox 1114 636 1144 640; x_wconf 86' lang='grc'>-</span> <span class='ocrx_word' id='word_1_605' title='bbox 1165 623 1197 656; x_wconf 80' lang='lat'>§.</span> <span class='ocrx_word' id='word_1_606' title='bbox 1217 625 1252 650; x_wconf 75' lang='lat'>2.</span> <span class='ocrx_word' id='word_1_607' title='bbox 1274 625 1341 650; x_wconf 78' lang='lat' dir='ltr'>Non</span> <span class='ocrx_word' id='word_1_608' title='bbox 1361 625 1505 655; x_wconf 74' lang='lat' dir='ltr'>idoneus,</span> <span class='ocrx_word' id='word_1_609' title='bbox 1527 625 1700 650; x_wconf 72' lang='lat' dir='ltr'>lnhahilis.</span> <span class='ocrx_word' id='word_1_610' title='bbox 1736 624 1754 651; x_wconf 94' lang='lat' dir='ltr'>I.</span> <span class='ocrx_word' id='word_1_611' title='bbox 1772 625 1833 658; x_wconf 78' lang='lat' dir='ltr'>Sy.</span> <span class='ocrx_word' id='word_1_612' title='bbox 1862 623 1907 650; x_wconf 82' lang='lat' dir='ltr'>Mi-</span> 
     </span>
     <span class='ocr_line' id='line_1_77' title="bbox 1070 665 1907 704; baseline 0.001 -13"><span class='ocrx_word' id='word_1_613' title='bbox 1070 675 1118 692; x_wconf 90' lang='lat' dir='ltr'>nus</span> <span class='ocrx_word' id='word_1_614' title='bbox 1138 671 1224 703; x_wconf 74' lang='lat' dir='ltr'>aptus.</span> <span class='ocrx_word' id='word_1_615' title='bbox 1244 676 1263 692; x_wconf 79' lang='lat' dir='ltr'>s</span> <span class='ocrx_word' id='word_1_616' title='bbox 1284 665 1400 703; x_wconf 87' lang='lat' dir='ltr'>Ineptus.</span> <span class='ocrx_word' id='word_1_617' title='bbox 1420 665 1514 704; x_wconf 81' lang='lat' dir='ltr'>Impar.</span> <span class='ocrx_word' id='word_1_618' title='bbox 1539 666 1589 693; x_wconf 89' lang='lat' dir='ltr'>Th.</span> <span class='ocrx_word' id='word_1_619' title='bbox 1610 666 1640 693; x_wconf 93' lang='lat' dir='ltr'>C.</span> <span class='ocrx_word' id='word_1_620' title='bbox 1661 666 1716 693; x_wconf 69' lang='lat' dir='ltr'>Vll.</span> <span class='ocrx_word' id='word_1_621' title='bbox 1736 669 1777 693; x_wconf 72' lang='lat'>22.</span> <span class='ocrx_word' id='word_1_622' title='bbox 1799 677 1820 694; x_wconf 91' lang='lat' dir='ltr'>c.</span> <span class='ocrx_word' id='word_1_623' title='bbox 1839 668 1863 692; x_wconf 81' lang='lat'>2.</span> <span class='ocrx_word' id='word_1_624' title='bbox 1882 668 1907 692; x_wconf 84' lang='lat'>4.</span> 
     </span>
     <span class='ocr_line' id='line_1_78' title="bbox 1069 708 1907 744; baseline 0.002 -10"><span class='ocrx_word' id='word_1_625' title='bbox 1069 718 1107 744; x_wconf 86' lang='lat' dir='ltr'>sq.</span> <span class='ocrx_word' id='word_1_626' title='bbox 1130 710 1152 735; x_wconf 89' lang='lat'>7.</span> <span class='ocrx_word' id='word_1_627' title='bbox 1172 708 1204 735; x_wconf 92' lang='lat' dir='ltr'>de</span> <span class='ocrx_word' id='word_1_628' title='bbox 1223 709 1260 735; x_wconf 86' lang='lat' dir='ltr'>fil.</span> <span class='ocrx_word' id='word_1_629' title='bbox 1279 709 1384 735; x_wconf 86' lang='lat' dir='ltr'>militar.</span> <span class='ocrx_word' id='word_1_630' title='bbox 1403 708 1459 735; x_wconf 84' lang='lat' dir='ltr'>XII.</span> <span class='ocrx_word' id='word_1_631' title='bbox 1482 711 1502 735; x_wconf 93' lang='lat' dir='ltr'>l.</span> <span class='ocrx_word' id='word_1_632' title='bbox 1525 719 1545 735; x_wconf 87' lang='lat' dir='ltr'>c.</span> <span class='ocrx_word' id='word_1_633' title='bbox 1565 711 1605 736; x_wconf 67' lang='lat'>83.</span> <span class='ocrx_word' id='word_1_634' title='bbox 1627 719 1647 736; x_wconf 88' lang='lat' dir='ltr'>c.</span> <span class='ocrx_word' id='word_1_635' title='bbox 1662 712 1702 736; x_wconf 68' lang='lat'>89.</span> <span class='ocrx_word' id='word_1_636' title='bbox 1723 710 1754 736; x_wconf 87' lang='lat' dir='ltr'>de</span> <span class='ocrx_word' id='word_1_637' title='bbox 1774 710 1907 736; x_wconf 82' lang='lat' dir='ltr'>decuriou.</span> 
     </span>
     <span class='ocr_line' id='line_1_79' title="bbox 1069 751 1908 783; baseline 0.001 -6"><span class='ocrx_word' id='word_1_638' title='bbox 1069 751 1111 777; x_wconf 86' lang='lat' dir='ltr'>llI.</span> <span class='ocrx_word' id='word_1_639' title='bbox 1126 753 1192 779; x_wconf 64' lang='lat'>(711.</span> <span class='ocrx_word' id='word_1_640' title='bbox 1211 752 1366 783; x_wconf 81' lang='lat' dir='ltr'>Exerceant,</span> <span class='ocrx_word' id='word_1_641' title='bbox 1385 751 1428 778; x_wconf 87' lang='lat' dir='ltr'>vel</span> <span class='ocrx_word' id='word_1_642' title='bbox 1447 756 1530 783; x_wconf 83' lang='lat' dir='ltr'>certe,</span> <span class='ocrx_word' id='word_1_643' title='bbox 1549 753 1572 778; x_wconf 89' lang='lat' dir='ltr'>si</span> <span class='ocrx_word' id='word_1_644' title='bbox 1592 753 1800 779; x_wconf 74' lang='lat' dir='ltr'>inconvenientia</span> <span class='ocrx_word' id='word_1_645' title='bbox 1819 752 1908 779; x_wconf 77' lang='lat' dir='ltr'>existi-</span> 
     </span>
     <span class='ocr_line' id='line_1_80' title="bbox 1069 795 1907 829; baseline 0 -9"><span class='ocrx_word' id='word_1_646' title='bbox 1069 795 1206 826; x_wconf 76' lang='lat' dir='ltr'>maverint,</span> <span class='ocrx_word' id='word_1_647' title='bbox 1226 811 1258 814; x_wconf 96' lang='lat'><strong>—</strong></span> <span class='ocrx_word' id='word_1_648' title='bbox 1278 795 1437 821; x_wconf 79' lang='lat' dir='ltr'>transferant</span> <span class='ocrx_word' id='word_1_649' title='bbox 1461 795 1514 828; x_wconf 86' lang='lat' dir='ltr'>(se.</span> <span class='ocrx_word' id='word_1_650' title='bbox 1535 796 1621 829; x_wconf 88' lang='lat' dir='ltr'>rura.)</span> <span class='ocrx_word' id='word_1_651' title='bbox 1646 795 1682 821; x_wconf 92' lang='lat' dir='ltr'>lb.</span> <span class='ocrx_word' id='word_1_652' title='bbox 1702 795 1756 822; x_wconf 66' lang='lat' dir='ltr'>Vll.</span> <span class='ocrx_word' id='word_1_653' title='bbox 1778 796 1817 821; x_wconf 82' lang='lat'>19.</span> <span class='ocrx_word' id='word_1_654' title='bbox 1843 805 1863 820; x_wconf 94' lang='lat' dir='ltr'>c.</span> <span class='ocrx_word' id='word_1_655' title='bbox 1885 796 1907 820; x_wconf 94' lang='lat'>1.</span> 
     </span>
     <span class='ocr_line' id='line_1_81' title="bbox 1070 837 1337 871; baseline 0.004 -8"><span class='ocrx_word' id='word_1_656' title='bbox 1070 838 1091 871; x_wconf 65' lang='grc' dir='ltr'>ξ.</span> <span class='ocrx_word' id='word_1_657' title='bbox 1112 839 1136 863; x_wconf 88' lang='grc'>3.</span> <span class='ocrx_word' id='word_1_658' title='bbox 1156 837 1188 863; x_wconf 87' lang='grc'>(16</span> <span class='ocrx_word' id='word_1_659' title='bbox 1208 837 1337 864; x_wconf 84' lang='lat' dir='ltr'>Saturiau.</span> 
     </span>
    </p>

    <p class='ocr_par' dir='ltr' id='par_1_23' title="bbox 1070 879 1910 1042">
     <span class='ocr_line' id='line_1_82' title="bbox 1105 879 1909 913; baseline -0.002 -6"><span class='ocrx_word' id='word_1_660' title='bbox 1105 882 1377 907; x_wconf 70' lang='lat' dir='ltr'>Inconventus.</span> <span class='ocrx_word' id='word_1_661' title='bbox 1402 879 1531 913; x_wconf 85' lang='lat' dir='ltr'>(Adiect.)</span> <span class='ocrx_word' id='word_1_662' title='bbox 1562 882 1624 913; x_wconf 78' lang='lat' dir='ltr'>Qui</span> <span class='ocrx_word' id='word_1_663' title='bbox 1642 882 1767 908; x_wconf 80' lang='lat' dir='ltr'>iudicio</span> <span class='ocrx_word' id='word_1_664' title='bbox 1786 890 1844 906; x_wconf 81' lang='lat' dir='ltr'>non</span> <span class='ocrx_word' id='word_1_665' title='bbox 1862 886 1909 906; x_wconf 85' lang='lat' dir='ltr'>est</span> 
     </span>
     <span class='ocr_line' id='line_1_83' title="bbox 1070 922 1910 960; baseline -0.001 -12"><span class='ocrx_word' id='word_1_666' title='bbox 1070 925 1313 956; x_wconf 71' lang='lat' dir='ltr'>interpellatus.</span> <span class='ocrx_word' id='word_1_667' title='bbox 1351 923 1394 949; x_wconf 90' lang='lat' dir='ltr'>III.</span> <span class='ocrx_word' id='word_1_668' title='bbox 1407 925 1472 950; x_wconf 63' lang='lat' dir='ltr'>Gn.</span> <span class='ocrx_word' id='word_1_669' title='bbox 1492 923 1554 959; x_wconf 66' lang='lat' dir='ltr'>Qui,</span> <span class='ocrx_word' id='word_1_670' title='bbox 1573 923 1644 960; x_wconf 86' lang='lat' dir='ltr'>quod</span> <span class='ocrx_word' id='word_1_671' title='bbox 1663 923 1765 960; x_wconf 81' lang='lat' dir='ltr'>legibus</span> <span class='ocrx_word' id='word_1_672' title='bbox 1784 922 1910 949; x_wconf 85' lang='lat' dir='ltr'>debuerat</span> 
     </span>
     <span class='ocr_line' id='line_1_84' title="bbox 1070 964 1909 1003; baseline -0.001 -12"><span class='ocrx_word' id='word_1_673' title='bbox 1070 965 1208 1003; x_wconf 80' lang='lat' dir='ltr'>postulari,</span> <span class='ocrx_word' id='word_1_674' title='bbox 1228 966 1386 991; x_wconf 72' lang='lat' dir='ltr'>inconvento</span> <span class='ocrx_word' id='word_1_675' title='bbox 1404 976 1561 1002; x_wconf 80' lang='lat' dir='ltr'>possessore</span> <span class='ocrx_word' id='word_1_676' title='bbox 1574 967 1697 1003; x_wconf 79' lang='lat' dir='ltr'>pervasit.</span> <span class='ocrx_word' id='word_1_677' title='bbox 1712 966 1780 992; x_wconf 67' lang='lat' dir='ltr'>Nov.</span> <span class='ocrx_word' id='word_1_678' title='bbox 1795 965 1852 992; x_wconf 72' lang='lat' dir='ltr'>Vel.</span> <span class='ocrx_word' id='word_1_679' title='bbox 1867 964 1909 991; x_wconf 88' lang='grc'><strong>111.</strong></span> 
     </span>
     <span class='ocr_line' id='line_1_85' title="bbox 1071 1008 1638 1042; baseline 0 -8"><span class='ocrx_word' id='word_1_680' title='bbox 1071 1008 1103 1035; x_wconf 85' lang='lat' dir='ltr'>de</span> <span class='ocrx_word' id='word_1_681' title='bbox 1122 1010 1235 1034; x_wconf 84' lang='lat' dir='ltr'>invasor.</span> <span class='ocrx_word' id='word_1_682' title='bbox 1256 1008 1286 1034; x_wconf 85' lang='lat' dir='ltr'>Il.</span> <span class='ocrx_word' id='word_1_683' title='bbox 1307 1009 1330 1034; x_wconf 85' lang='grc'>8.</span> <span class='ocrx_word' id='word_1_684' title='bbox 1351 1019 1371 1034; x_wconf 89' lang='lat' dir='ltr'>c.</span> <span class='ocrx_word' id='word_1_685' title='bbox 1394 1010 1415 1034; x_wconf 90' lang='lat'>1.</span> <span class='ocrx_word' id='word_1_686' title='bbox 1436 1009 1457 1042; x_wconf 64' lang='grc' dir='ltr'>ξ,</span> <span class='ocrx_word' id='word_1_687' title='bbox 1476 1010 1502 1034; x_wconf 87' lang='lat'>3.</span> <span class='ocrx_word' id='word_1_688' title='bbox 1522 1008 1553 1035; x_wconf 80' lang='lat' dir='ltr'>cf.</span> <span class='ocrx_word' id='word_1_689' title='bbox 1573 1009 1594 1042; x_wconf 65' lang='grc' dir='ltr'>ξ.</span> <span class='ocrx_word' id='word_1_690' title='bbox 1613 1011 1638 1035; x_wconf 75' lang='lat'>2.</span> 
     </span>
    </p>

    <p class='ocr_par' dir='ltr' id='par_1_24' title="bbox 1070 1053 1910 1249">
     <span class='ocr_line' id='line_1_86' title="bbox 1107 1053 1909 1084; baseline -0.001 -6"><span class='ocrx_word' id='word_1_691' title='bbox 1107 1053 1371 1078; x_wconf 71' lang='lat' dir='ltr'>Inconwnlsus·</span> <span class='ocrx_word' id='word_1_692' title='bbox 1422 1053 1652 1084; x_wconf 65' lang='lat' dir='ltr'>Ineunt-ussus,</span> <span class='ocrx_word' id='word_1_693' title='bbox 1682 1054 1909 1079; x_wconf 48' lang='lat' dir='ltr'>Intemeaeratus.</span> 
     </span>
     <span class='ocr_line' id='line_1_87' title="bbox 1070 1093 1910 1132; baseline 0 -12"><span class='ocrx_word' id='word_1_694' title='bbox 1070 1094 1113 1121; x_wconf 91' lang='grc'><strong>111.</strong></span> <span class='ocrx_word' id='word_1_695' title='bbox 1138 1096 1204 1122; x_wconf 76' lang='lat' dir='ltr'>Cn.</span> <span class='ocrx_word' id='word_1_696' title='bbox 1241 1093 1397 1120; x_wconf 85' lang='lat' dir='ltr'>Iuconvulsa</span> <span class='ocrx_word' id='word_1_697' title='bbox 1422 1104 1435 1120; x_wconf 86' lang='lat' dir='ltr'>a</span> <span class='ocrx_word' id='word_1_698' title='bbox 1459 1104 1487 1120; x_wconf 86' lang='lat' dir='ltr'>se</span> <span class='ocrx_word' id='word_1_699' title='bbox 1512 1094 1677 1130; x_wconf 74' lang='lat' dir='ltr'>vectigalium</span> <span class='ocrx_word' id='word_1_700' title='bbox 1699 1096 1828 1132; x_wconf 82' lang='lat' dir='ltr'>pensione</span> <span class='ocrx_word' id='word_1_701' title='bbox 1850 1094 1910 1120; x_wconf 86' lang='lat' dir='ltr'>reti-</span> 
     </span>
     <span class='ocr_line' id='line_1_88' title="bbox 1071 1136 1910 1171; baseline -0.001 -8"><span class='ocrx_word' id='word_1_702' title='bbox 1071 1137 1149 1164; x_wconf 86' lang='lat' dir='ltr'>nendi</span> <span class='ocrx_word' id='word_1_703' title='bbox 1169 1138 1218 1170; x_wconf 83' lang='lat' dir='ltr'>(sc.</span> <span class='ocrx_word' id='word_1_704' title='bbox 1239 1136 1333 1169; x_wconf 79' lang='lat' dir='ltr'>fundi.)</span> <span class='ocrx_word' id='word_1_705' title='bbox 1360 1136 1409 1163; x_wconf 72' lang='lat' dir='ltr'>Th,</span> <span class='ocrx_word' id='word_1_706' title='bbox 1430 1136 1460 1163; x_wconf 90' lang='lat' dir='ltr'>C.</span> <span class='ocrx_word' id='word_1_707' title='bbox 1482 1136 1512 1162; x_wconf 76' lang='lat' dir='ltr'>V.</span> <span class='ocrx_word' id='word_1_708' title='bbox 1534 1138 1573 1163; x_wconf 81' lang='lat'>13.</span> <span class='ocrx_word' id='word_1_709' title='bbox 1595 1147 1615 1163; x_wconf 85' lang='lat' dir='ltr'>e.</span> <span class='ocrx_word' id='word_1_710' title='bbox 1636 1139 1675 1163; x_wconf 85' lang='lat'>14.</span> <span class='ocrx_word' id='word_1_711' title='bbox 1696 1137 1800 1171; x_wconf 65' lang='lat' dir='ltr'>(ch.)</span> <span class='ocrx_word' id='word_1_712' title='bbox 1819 1136 1910 1163; x_wconf 89' lang='lat' dir='ltr'>Incon-</span> 
     </span>
     <span class='ocr_line' id='line_1_89' title="bbox 1070 1179 1910 1217; baseline 0.001 -12"><span class='ocrx_word' id='word_1_713' title='bbox 1070 1179 1145 1206; x_wconf 87' lang='lat' dir='ltr'>vulsa</span> <span class='ocrx_word' id='word_1_714' title='bbox 1166 1179 1321 1216; x_wconf 76' lang='lat' dir='ltr'>simplicitas</span> <span class='ocrx_word' id='word_1_715' title='bbox 1341 1180 1574 1217; x_wconf 81' lang='lat' dir='ltr'>(rescriptorum.)</span> <span class='ocrx_word' id='word_1_716' title='bbox 1599 1180 1635 1206; x_wconf 90' lang='lat' dir='ltr'>Ib.</span> <span class='ocrx_word' id='word_1_717' title='bbox 1655 1179 1711 1206; x_wconf 76' lang='lat' dir='ltr'>XII.</span> <span class='ocrx_word' id='word_1_718' title='bbox 1734 1182 1772 1206; x_wconf 83' lang='lat'>14.</span> <span class='ocrx_word' id='word_1_719' title='bbox 1793 1190 1813 1206; x_wconf 80' lang='lat' dir='ltr'>e.</span> <span class='ocrx_word' id='word_1_720' title='bbox 1835 1181 1857 1206; x_wconf 94' lang='lat' dir='ltr'>l.</span> <span class='ocrx_word' id='word_1_721' title='bbox 1878 1179 1910 1205; x_wconf 86' lang='lat' dir='ltr'>de</span> 
     </span>
     <span class='ocr_line' id='line_1_90' title="bbox 1070 1222 1198 1249; baseline -0.008 0"><span class='ocrx_word' id='word_1_722' title='bbox 1070 1222 1198 1249; x_wconf 78' lang='lat' dir='ltr'>irenarch.</span> 
     </span>
    </p>

    <p class='ocr_par' dir='ltr' id='par_1_25' title="bbox 1070 1266 1913 1689">
     <span class='ocr_line' id='line_1_91' title="bbox 1106 1266 1910 1300; baseline -0.001 -8"><span class='ocrx_word' id='word_1_723' title='bbox 1106 1266 1377 1298; x_wconf 74' lang='lat' dir='ltr'>Incorporalis.</span> <span class='ocrx_word' id='word_1_724' title='bbox 1420 1266 1558 1299; x_wconf 72' lang='lat' dir='ltr'>(Adiect.)</span> <span class='ocrx_word' id='word_1_725' title='bbox 1597 1268 1738 1300; x_wconf 78' lang='lat' dir='ltr'>Corpus,</span> <span class='ocrx_word' id='word_1_726' title='bbox 1767 1267 1815 1291; x_wconf 76' lang='lat' dir='ltr'>vel</span> <span class='ocrx_word' id='word_1_727' title='bbox 1841 1267 1910 1291; x_wconf 76' lang='lat' dir='ltr'>sub-</span> 
     </span>
     <span class='ocr_line' id='line_1_92' title="bbox 1070 1309 1911 1345; baseline -0.002 -10"><span class='ocrx_word' id='word_1_728' title='bbox 1070 1310 1242 1340; x_wconf 73' lang='lat' dir='ltr'>stantiam,</span> <span class='ocrx_word' id='word_1_729' title='bbox 1262 1319 1322 1335; x_wconf 82' lang='lat' dir='ltr'>non</span> <span class='ocrx_word' id='word_1_730' title='bbox 1342 1311 1465 1336; x_wconf 59' lang='lat' dir='ltr'>liabens.</span> <span class='ocrx_word' id='word_1_731' title='bbox 1485 1309 1503 1336; x_wconf 95' lang='lat' dir='ltr'>I.</span> <span class='ocrx_word' id='word_1_732' title='bbox 1516 1311 1577 1344; x_wconf 73' lang='lat' dir='ltr'>Sy.</span> <span class='ocrx_word' id='word_1_733' title='bbox 1598 1309 1673 1345; x_wconf 83' lang='lat' dir='ltr'>Quae</span> <span class='ocrx_word' id='word_1_734' title='bbox 1691 1309 1761 1344; x_wconf 72' lang='lat' dir='ltr'>tangi</span> <span class='ocrx_word' id='word_1_735' title='bbox 1780 1318 1832 1334; x_wconf 85' lang='lat' dir='ltr'>non</span> <span class='ocrx_word' id='word_1_736' title='bbox 1850 1317 1911 1344; x_wconf 87' lang='lat' dir='ltr'>pos-</span> 
     </span>
     <span class='ocr_line' id='line_1_93' title="bbox 1071 1349 1910 1387; baseline -0.001 -10"><span class='ocrx_word' id='word_1_737' title='bbox 1071 1356 1140 1381; x_wconf 67' lang='lat' dir='ltr'>sunt.</span> <span class='ocrx_word' id='word_1_738' title='bbox 1160 1350 1342 1387; x_wconf 84' lang='lat' dir='ltr'>Incorporales</span> <span class='ocrx_word' id='word_1_739' title='bbox 1363 1352 1438 1385; x_wconf 83' lang='lat' dir='ltr'>(res.)</span> <span class='ocrx_word' id='word_1_740' title='bbox 1459 1352 1488 1378; x_wconf 82' lang='lat' dir='ltr'>fr.</span> <span class='ocrx_word' id='word_1_741' title='bbox 1511 1355 1532 1378; x_wconf 91' lang='lat'>1.</span> <span class='ocrx_word' id='word_1_742' title='bbox 1553 1353 1567 1386; x_wconf 63' lang='grc' dir='ltr'><strong>ξ</strong></span> <span class='ocrx_word' id='word_1_743' title='bbox 1596 1354 1618 1378; x_wconf 93' lang='grc'>1.</span> <span class='ocrx_word' id='word_1_744' title='bbox 1639 1351 1671 1378; x_wconf 87' lang='grc'>(16</span> <span class='ocrx_word' id='word_1_745' title='bbox 1690 1351 1720 1377; x_wconf 80' lang='lat' dir='ltr'>R.</span> <span class='ocrx_word' id='word_1_746' title='bbox 1734 1351 1768 1377; x_wconf 94' lang='lat' dir='ltr'>D.</span> <span class='ocrx_word' id='word_1_747' title='bbox 1790 1353 1811 1377; x_wconf 95' lang='lat' dir='ltr'>l.</span> <span class='ocrx_word' id='word_1_748' title='bbox 1825 1352 1848 1377; x_wconf 77' lang='lat'>8.</span> <span class='ocrx_word' id='word_1_749' title='bbox 1869 1349 1910 1376; x_wconf 87' lang='lat' dir='ltr'>III.</span> 
     </span>
     <span class='ocr_line' id='line_1_94' title="bbox 1071 1393 1910 1432; baseline -0.002 -11"><span class='ocrx_word' id='word_1_750' title='bbox 1071 1395 1137 1421; x_wconf 73' lang='lat' dir='ltr'>Cn.</span> <span class='ocrx_word' id='word_1_751' title='bbox 1156 1394 1265 1420; x_wconf 76' lang='lat' dir='ltr'>Etiamsi</span> <span class='ocrx_word' id='word_1_752' title='bbox 1285 1395 1442 1432; x_wconf 86' lang='lat' dir='ltr'>corporibus</span> <span class='ocrx_word' id='word_1_753' title='bbox 1462 1395 1602 1427; x_wconf 85' lang='lat' dir='ltr'>accedunt,</span> <span class='ocrx_word' id='word_1_754' title='bbox 1622 1393 1803 1431; x_wconf 86' lang='lat' dir='ltr'>incorporales</span> <span class='ocrx_word' id='word_1_755' title='bbox 1822 1398 1910 1420; x_wconf 86' lang='lat' dir='ltr'>tamen</span> 
     </span>
     <span class='ocr_line' id='line_1_95' title="bbox 1071 1435 1913 1475; baseline -0.001 -12"><span class='ocrx_word' id='word_1_756' title='bbox 1071 1442 1139 1464; x_wconf 86' lang='lat' dir='ltr'>sunt.</span> <span class='ocrx_word' id='word_1_757' title='bbox 1160 1440 1209 1467; x_wconf 88' lang='lat' dir='ltr'>(sc.</span> <span class='ocrx_word' id='word_1_758' title='bbox 1230 1438 1372 1464; x_wconf 74' lang='lat' dir='ltr'>servitutes</span> <span class='ocrx_word' id='word_1_759' title='bbox 1396 1437 1562 1475; x_wconf 84' lang='lat' dir='ltr'>praediorum</span> <span class='ocrx_word' id='word_1_760' title='bbox 1589 1439 1671 1470; x_wconf 82' lang='lat' dir='ltr'>rust.)</span> <span class='ocrx_word' id='word_1_761' title='bbox 1696 1437 1726 1463; x_wconf 87' lang='lat' dir='ltr'>fr.</span> <span class='ocrx_word' id='word_1_762' title='bbox 1752 1439 1791 1463; x_wconf 85' lang='lat'>14.</span> <span class='ocrx_word' id='word_1_763' title='bbox 1815 1446 1854 1473; x_wconf 88' lang='lat' dir='ltr'>pr.</span> <span class='ocrx_word' id='word_1_764' title='bbox 1880 1435 1913 1462; x_wconf 86' lang='lat' dir='ltr'>de</span> 
     </span>
     <span class='ocr_line' id='line_1_96' title="bbox 1071 1479 1912 1518; baseline -0.001 -12"><span class='ocrx_word' id='word_1_765' title='bbox 1071 1481 1160 1506; x_wconf 75' lang='lat' dir='ltr'>servit.</span> <span class='ocrx_word' id='word_1_766' title='bbox 1181 1481 1204 1506; x_wconf 83' lang='lat' dir='ltr'>S.</span> <span class='ocrx_word' id='word_1_767' title='bbox 1226 1481 1247 1505; x_wconf 93' lang='lat'>1.</span> <span class='ocrx_word' id='word_1_768' title='bbox 1285 1479 1338 1506; x_wconf 78' lang='lat' dir='ltr'>Res</span> <span class='ocrx_word' id='word_1_769' title='bbox 1358 1480 1547 1518; x_wconf 50' lang='lat' dir='ltr'>incorporales</span> <span class='ocrx_word' id='word_1_770' title='bbox 1567 1485 1591 1506; x_wconf 81' lang='lat' dir='ltr'>et</span> <span class='ocrx_word' id='word_1_771' title='bbox 1613 1479 1772 1517; x_wconf 78' lang='lat' dir='ltr'>corporales.</span> <span class='ocrx_word' id='word_1_772' title='bbox 1793 1489 1912 1515; x_wconf 83' lang='lat' dir='ltr'>quaeque</span> 
     </span>
     <span class='ocr_line' id='line_1_97' title="bbox 1072 1523 1913 1560; baseline -0.001 -11"><span class='ocrx_word' id='word_1_773' title='bbox 1072 1525 1094 1549; x_wconf 85' lang='lat' dir='ltr'>ei</span> <span class='ocrx_word' id='word_1_774' title='bbox 1114 1523 1218 1549; x_wconf 76' lang='lat' dir='ltr'>debitae</span> <span class='ocrx_word' id='word_1_775' title='bbox 1237 1527 1305 1549; x_wconf 85' lang='lat' dir='ltr'>suut.</span> <span class='ocrx_word' id='word_1_776' title='bbox 1326 1523 1489 1550; x_wconf 70' lang='grc' dir='ltr'><strong>6;ι1.111.83</strong></span> <span class='ocrx_word' id='word_1_777' title='bbox 1525 1523 1709 1560; x_wconf 79' lang='lat' dir='ltr'>Incorporales</span> <span class='ocrx_word' id='word_1_778' title='bbox 1728 1532 1780 1554; x_wconf 77' lang='lat' dir='ltr'>res,</span> <span class='ocrx_word' id='word_1_779' title='bbox 1801 1532 1867 1558; x_wconf 86' lang='lat' dir='ltr'>quae</span> <span class='ocrx_word' id='word_1_780' title='bbox 1886 1523 1913 1548; x_wconf 90' lang='lat' dir='ltr'>iu</span> 
     </span>
     <span class='ocr_line' id='line_1_98' title="bbox 1071 1564 1912 1603; baseline -0.002 -11"><span class='ocrx_word' id='word_1_781' title='bbox 1071 1567 1126 1592; x_wconf 85' lang='lat' dir='ltr'>iure</span> <span class='ocrx_word' id='word_1_782' title='bbox 1146 1566 1303 1592; x_wconf 86' lang='lat' dir='ltr'>consistunt.</span> <span class='ocrx_word' id='word_1_783' title='bbox 1324 1576 1344 1592; x_wconf 88' lang='lat' dir='ltr'>c.</span> <span class='ocrx_word' id='word_1_784' title='bbox 1367 1568 1404 1592; x_wconf 74' lang='lat'>12.</span> <span class='ocrx_word' id='word_1_785' title='bbox 1431 1566 1463 1592; x_wconf 87' lang='lat' dir='ltr'>de</span> <span class='ocrx_word' id='word_1_786' title='bbox 1482 1576 1596 1603; x_wconf 82' lang='lat' dir='ltr'>praescr.</span> <span class='ocrx_word' id='word_1_787' title='bbox 1618 1566 1633 1592; x_wconf 92' lang='lat' dir='ltr'>l.</span> <span class='ocrx_word' id='word_1_788' title='bbox 1655 1571 1670 1593; x_wconf 80' lang='lat' dir='ltr'>t.</span> <span class='ocrx_word' id='word_1_789' title='bbox 1692 1567 1714 1592; x_wconf 90' lang='lat'>7.</span> <span class='ocrx_word' id='word_1_790' title='bbox 1734 1564 1855 1591; x_wconf 87' lang='lat' dir='ltr'>33.1us</span> <span class='ocrx_word' id='word_1_791' title='bbox 1876 1565 1912 1590; x_wconf 89' lang='lat' dir='ltr'>in-</span> 
     </span>
     <span class='ocr_line' id='line_1_99' title="bbox 1072 1607 1911 1646; baseline -0.001 -11"><span class='ocrx_word' id='word_1_792' title='bbox 1072 1608 1217 1646; x_wconf 87' lang='lat' dir='ltr'>corporale.</span> <span class='ocrx_word' id='word_1_793' title='bbox 1238 1607 1268 1634; x_wconf 76' lang='lat' dir='ltr'>fr.</span> <span class='ocrx_word' id='word_1_794' title='bbox 1288 1610 1311 1634; x_wconf 80' lang='lat'>4.</span> <span class='ocrx_word' id='word_1_795' title='bbox 1332 1609 1352 1642; x_wconf 64' lang='grc' dir='ltr'>ξ,</span> <span class='ocrx_word' id='word_1_796' title='bbox 1368 1610 1409 1635; x_wconf 74' lang='lat'>27.</span> <span class='ocrx_word' id='word_1_797' title='bbox 1431 1608 1462 1635; x_wconf 91' lang='lat' dir='ltr'>de</span> <span class='ocrx_word' id='word_1_798' title='bbox 1482 1619 1570 1646; x_wconf 86' lang='lat' dir='ltr'>usurp.</span> <span class='ocrx_word' id='word_1_799' title='bbox 1592 1610 1631 1635; x_wconf 89' lang='lat'>41.</span> <span class='ocrx_word' id='word_1_800' title='bbox 1646 1610 1670 1635; x_wconf 87' lang='lat'>3.</span> <span class='ocrx_word' id='word_1_801' title='bbox 1691 1619 1711 1634; x_wconf 88' lang='lat' dir='ltr'>c.</span> <span class='ocrx_word' id='word_1_802' title='bbox 1725 1610 1748 1635; x_wconf 82' lang='lat'>3.</span> <span class='ocrx_word' id='word_1_803' title='bbox 1769 1607 1802 1634; x_wconf 82' lang='lat' dir='ltr'>de</span> <span class='ocrx_word' id='word_1_804' title='bbox 1821 1607 1911 1644; x_wconf 84' lang='lat' dir='ltr'>quadr.</span> 
     </span>
     <span class='ocr_line' id='line_1_100' title="bbox 1071 1652 1293 1689; baseline -0.005 -12"><span class='ocrx_word' id='word_1_805' title='bbox 1071 1661 1187 1689; x_wconf 82' lang='lat' dir='ltr'>praescr.</span> <span class='ocrx_word' id='word_1_806' title='bbox 1209 1652 1232 1677; x_wconf 89' lang='lat'>7.</span> <span class='ocrx_word' id='word_1_807' title='bbox 1251 1652 1293 1676; x_wconf 88' lang='lat'>37.</span> 
     </span>
    </p>

    <p class='ocr_par' dir='ltr' id='par_1_26' title="bbox 1072 1692 1914 1858">
     <span class='ocr_line' id='line_1_101' title="bbox 1107 1692 1910 1730; baseline -0.002 -9"><span class='ocrx_word' id='word_1_808' title='bbox 1107 1696 1376 1726; x_wconf 73' lang='lat' dir='ltr'>Incorporare.</span> <span class='ocrx_word' id='word_1_809' title='bbox 1418 1695 1622 1730; x_wconf 76' lang='lat' dir='ltr'>Adgregare,</span> <span class='ocrx_word' id='word_1_810' title='bbox 1652 1696 1856 1721; x_wconf 71' lang='lat' dir='ltr'>Adtribuere.</span> <span class='ocrx_word' id='word_1_811' title='bbox 1892 1692 1910 1719; x_wconf 95' lang='lat' dir='ltr'>I.</span> 
     </span>
     <span class='ocr_line' id='line_1_102' title="bbox 1072 1735 1914 1774; baseline -0.001 -11"><span class='ocrx_word' id='word_1_812' title='bbox 1072 1738 1133 1770; x_wconf 76' lang='lat' dir='ltr'>Sy.</span> <span class='ocrx_word' id='word_1_813' title='bbox 1153 1735 1249 1761; x_wconf 84' lang='lat' dir='ltr'>Teneri</span> <span class='ocrx_word' id='word_1_814' title='bbox 1268 1735 1411 1762; x_wconf 75' lang='lat' dir='ltr'>obnoxium</span> <span class='ocrx_word' id='word_1_815' title='bbox 1431 1737 1530 1769; x_wconf 51' lang='lat' dir='ltr'>(fisco.)</span> <span class='ocrx_word' id='word_1_816' title='bbox 1552 1736 1664 1773; x_wconf 85' lang='lat' dir='ltr'>Captum</span> <span class='ocrx_word' id='word_1_817' title='bbox 1678 1742 1703 1763; x_wconf 85' lang='lat' dir='ltr'>et</span> <span class='ocrx_word' id='word_1_818' title='bbox 1717 1738 1914 1774; x_wconf 83' lang='lat' dir='ltr'>incorporatum</span> 
     </span>
     <span class='ocr_line' id='line_1_103' title="bbox 1072 1778 1912 1815; baseline 0 -10"><span class='ocrx_word' id='word_1_819' title='bbox 1072 1778 1163 1805; x_wconf 81' lang='lat' dir='ltr'>referri</span> <span class='ocrx_word' id='word_1_820' title='bbox 1183 1778 1214 1804; x_wconf 91' lang='lat' dir='ltr'>ad</span> <span class='ocrx_word' id='word_1_821' title='bbox 1235 1778 1361 1810; x_wconf 87' lang='lat' dir='ltr'>(fiscum.)</span> <span class='ocrx_word' id='word_1_822' title='bbox 1382 1778 1431 1804; x_wconf 85' lang='lat' dir='ltr'>Th.</span> <span class='ocrx_word' id='word_1_823' title='bbox 1453 1779 1483 1805; x_wconf 86' lang='lat' dir='ltr'>C.</span> <span class='ocrx_word' id='word_1_824' title='bbox 1504 1779 1547 1806; x_wconf 76' lang='lat' dir='ltr'>IX.</span> <span class='ocrx_word' id='word_1_825' title='bbox 1568 1782 1608 1806; x_wconf 71' lang='lat'>42.</span> <span class='ocrx_word' id='word_1_826' title='bbox 1630 1791 1650 1806; x_wconf 80' lang='lat' dir='ltr'>c.</span> <span class='ocrx_word' id='word_1_827' title='bbox 1672 1782 1694 1806; x_wconf 97' lang='lat'>1.</span> <span class='ocrx_word' id='word_1_828' title='bbox 1714 1781 1751 1814; x_wconf 75' lang='lat'>§§.</span> <span class='ocrx_word' id='word_1_829' title='bbox 1771 1782 1794 1806; x_wconf 76' lang='lat'>2.</span> <span class='ocrx_word' id='word_1_830' title='bbox 1815 1789 1854 1815; x_wconf 89' lang='lat' dir='ltr'>sq.</span> <span class='ocrx_word' id='word_1_831' title='bbox 1879 1778 1912 1805; x_wconf 79' lang='lat' dir='ltr'>de</span> 
     </span>
     <span class='ocr_line' id='line_1_104' title="bbox 1072 1820 1912 1858; baseline 0 -11"><span class='ocrx_word' id='word_1_832' title='bbox 1072 1821 1133 1848; x_wconf 90' lang='lat' dir='ltr'>bon.</span> <span class='ocrx_word' id='word_1_833' title='bbox 1152 1831 1254 1858; x_wconf 87' lang='lat' dir='ltr'>proscr.</span> <span class='ocrx_word' id='word_1_834' title='bbox 1292 1820 1333 1846; x_wconf 86' lang='lat'>111.</span> <span class='ocrx_word' id='word_1_835' title='bbox 1354 1822 1420 1848; x_wconf 74' lang='lat' dir='ltr'>Cn.</span> <span class='ocrx_word' id='word_1_836' title='bbox 1439 1821 1508 1848; x_wconf 81' lang='lat' dir='ltr'>Ante</span> <span class='ocrx_word' id='word_1_837' title='bbox 1528 1824 1683 1849; x_wconf 76' lang='lat' dir='ltr'>sententiam</span> <span class='ocrx_word' id='word_1_838' title='bbox 1702 1833 1751 1849; x_wconf 87' lang='lat' dir='ltr'>nec</span> <span class='ocrx_word' id='word_1_839' title='bbox 1770 1822 1912 1858; x_wconf 72' lang='lat' dir='ltr'>obsignari,</span> 
     </span>
    </p>
   </div>
   <div class='ocr_carea' id='block_1_16' title="bbox 1048 1863 1912 1904">
    <p class='ocr_par' dir='ltr' id='par_1_27' title="bbox 1048 1863 1912 1904">
     <span class='ocr_line' id='line_1_105' title="bbox 1048 1863 1912 1904; baseline 0 -14"><span class='ocrx_word' id='word_1_840' title='bbox 1048 1884 1050 1904; x_wconf 64' lang='lat'>¹.</span> <span class='ocrx_word' id='word_1_841' title='bbox 1072 1874 1119 1890; x_wconf 72' lang='lat' dir='ltr'>nec</span> <span class='ocrx_word' id='word_1_842' title='bbox 1139 1863 1266 1895; x_wconf 74' lang='lat' dir='ltr'>describi,</span> <span class='ocrx_word' id='word_1_843' title='bbox 1291 1868 1334 1889; x_wconf 88' lang='lat' dir='ltr'>aut</span> <span class='ocrx_word' id='word_1_844' title='bbox 1359 1864 1521 1901; x_wconf 83' lang='lat' dir='ltr'>incorporari</span> <span class='ocrx_word' id='word_1_845' title='bbox 1546 1871 1660 1903; x_wconf 89' lang='lat' dir='ltr'>possunt</span> <span class='ocrx_word' id='word_1_846' title='bbox 1683 1866 1773 1897; x_wconf 66' lang='lat' dir='ltr'>(bona,</span> <span class='ocrx_word' id='word_1_847' title='bbox 1794 1875 1860 1902; x_wconf 85' lang='lat' dir='ltr'>quae</span> <span class='ocrx_word' id='word_1_848' title='bbox 1880 1864 1912 1891; x_wconf 80' lang='lat' dir='ltr'>ad</span> 
     </span>
    </p>
   </div>
   <div class='ocr_carea' id='block_1_17' title="bbox 1071 1906 1912 2286">
    <p class='ocr_par' dir='ltr' id='par_1_28' title="bbox 1071 1906 1782 1943">
     <span class='ocr_line' id='line_1_106' title="bbox 1071 1906 1782 1943; baseline 0 -10"><span class='ocrx_word' id='word_1_849' title='bbox 1071 1908 1164 1933; x_wconf 88' lang='lat' dir='ltr'>fiscum</span> <span class='ocrx_word' id='word_1_850' title='bbox 1184 1907 1316 1943; x_wconf 86' lang='lat' dir='ltr'>pertinere</span> <span class='ocrx_word' id='word_1_851' title='bbox 1335 1906 1478 1937; x_wconf 82' lang='lat' dir='ltr'>dicuntur.)</span> <span class='ocrx_word' id='word_1_852' title='bbox 1499 1907 1540 1934; x_wconf 85' lang='lat' dir='ltr'>Fr.</span> <span class='ocrx_word' id='word_1_853' title='bbox 1561 1908 1593 1934; x_wconf 86' lang='lat' dir='ltr'>de</span> <span class='ocrx_word' id='word_1_854' title='bbox 1612 1908 1630 1934; x_wconf 91' lang='lat' dir='ltr'>I.</span> <span class='ocrx_word' id='word_1_855' title='bbox 1650 1908 1678 1935; x_wconf 85' lang='lat' dir='ltr'>F.</span> <span class='ocrx_word' id='word_1_856' title='bbox 1699 1910 1719 1942; x_wconf 64' lang='grc' dir='ltr'>ξ.</span> <span class='ocrx_word' id='word_1_857' title='bbox 1742 1910 1782 1934; x_wconf 85' lang='grc'>14.</span> 
     </span>
    </p>

    <p class='ocr_par' dir='ltr' id='par_1_29' title="bbox 1072 1950 1912 2149">
     <span class='ocr_line' id='line_1_107' title="bbox 1107 1950 1911 1987; baseline -0.001 -10"><span class='ocrx_word' id='word_1_858' title='bbox 1107 1950 1384 1982; x_wconf 78' lang='lat' dir='ltr'>Incorporatio.</span> <span class='ocrx_word' id='word_1_859' title='bbox 1406 1952 1605 1977; x_wconf 68' lang='lat' dir='ltr'>Adtrihutio.</span> <span class='ocrx_word' id='word_1_860' title='bbox 1626 1951 1743 1979; x_wconf 76' lang='lat' dir='ltr'>mon.</span> <span class='ocrx_word' id='word_1_861' title='bbox 1764 1950 1911 1987; x_wconf 81' lang='lat' dir='ltr'>Siquando</span> 
     </span>
     <span class='ocr_line' id='line_1_108' title="bbox 1072 1991 1911 2031; baseline 0.002 -14"><span class='ocrx_word' id='word_1_862' title='bbox 1072 2008 1104 2012; x_wconf 83' lang='lat'>-</span> <span class='ocrx_word' id='word_1_863' title='bbox 1124 1991 1223 2028; x_wconf 85' lang='lat' dir='ltr'>aliquid</span> <span class='ocrx_word' id='word_1_864' title='bbox 1247 1997 1352 2018; x_wconf 86' lang='lat' dir='ltr'>nostrae</span> <span class='ocrx_word' id='word_1_865' title='bbox 1377 1992 1524 2019; x_wconf 84' lang='lat' dir='ltr'>addendum</span> <span class='ocrx_word' id='word_1_866' title='bbox 1546 1999 1586 2019; x_wconf 79' lang='lat' dir='ltr'>est</span> <span class='ocrx_word' id='word_1_867' title='bbox 1610 1995 1661 2026; x_wconf 71' lang='lat' dir='ltr'>rei.</span> <span class='ocrx_word' id='word_1_868' title='bbox 1682 2010 1714 2013; x_wconf 90' lang='lat'>——</span> <span class='ocrx_word' id='word_1_869' title='bbox 1733 1994 1911 2031; x_wconf 84' lang='lat' dir='ltr'>incorporatio</span> 
     </span>
     <span class='ocr_line' id='line_1_109' title="bbox 1072 2034 1912 2074; baseline 0.001 -13"><span class='ocrx_word' id='word_1_870' title='bbox 1072 2035 1235 2072; x_wconf 87' lang='lat' dir='ltr'>compleatur</span> <span class='ocrx_word' id='word_1_871' title='bbox 1253 2040 1301 2061; x_wconf 85' lang='lat' dir='ltr'>etc.</span> <span class='ocrx_word' id='word_1_872' title='bbox 1322 2034 1372 2061; x_wconf 88' lang='lat' dir='ltr'>Th.</span> <span class='ocrx_word' id='word_1_873' title='bbox 1393 2035 1424 2061; x_wconf 91' lang='lat' dir='ltr'>C.</span> <span class='ocrx_word' id='word_1_874' title='bbox 1444 2036 1476 2062; x_wconf 78' lang='lat' dir='ltr'>X.</span> <span class='ocrx_word' id='word_1_875' title='bbox 1497 2038 1519 2062; x_wconf 83' lang='lat'>9.</span> <span class='ocrx_word' id='word_1_876' title='bbox 1541 2047 1561 2063; x_wconf 89' lang='lat' dir='ltr'>c.</span> <span class='ocrx_word' id='word_1_877' title='bbox 1584 2039 1604 2062; x_wconf 83' lang='grc'>1.</span> <span class='ocrx_word' id='word_1_878' title='bbox 1626 2036 1658 2063; x_wconf 87' lang='lat' dir='ltr'>de</span> <span class='ocrx_word' id='word_1_879' title='bbox 1677 2037 1836 2074; x_wconf 82' lang='lat' dir='ltr'>incorporat.</span> <span class='ocrx_word' id='word_1_880' title='bbox 1872 2035 1912 2062; x_wconf 91' lang='lat' dir='ltr'>In-</span> 
     </span>
     <span class='ocr_line' id='line_1_110' title="bbox 1072 2078 1910 2117; baseline 0 -13"><span class='ocrx_word' id='word_1_881' title='bbox 1072 2079 1282 2115; x_wconf 84' lang='lat' dir='ltr'>corporationem</span> <span class='ocrx_word' id='word_1_882' title='bbox 1301 2078 1430 2104; x_wconf 89' lang='lat' dir='ltr'>bonorum</span> <span class='ocrx_word' id='word_1_883' title='bbox 1450 2079 1572 2106; x_wconf 71' lang='lat' dir='ltr'>anteferri</span> <span class='ocrx_word' id='word_1_884' title='bbox 1587 2080 1783 2117; x_wconf 82' lang='lat' dir='ltr'>competitionis</span> <span class='ocrx_word' id='word_1_885' title='bbox 1798 2079 1910 2105; x_wconf 79' lang='lat' dir='ltr'>effectui.</span> 
     </span>
     <span class='ocr_line' id='line_1_111' title="bbox 1072 2120 1404 2149; baseline 0.003 -2"><span class='ocrx_word' id='word_1_886' title='bbox 1072 2121 1107 2147; x_wconf 88' lang='lat' dir='ltr'>lb.</span> <span class='ocrx_word' id='word_1_887' title='bbox 1128 2121 1144 2147; x_wconf 92' lang='lat' dir='ltr'>l.</span> <span class='ocrx_word' id='word_1_888' title='bbox 1165 2120 1181 2147; x_wconf 89' lang='lat' dir='ltr'>l.</span> <span class='ocrx_word' id='word_1_889' title='bbox 1203 2131 1224 2147; x_wconf 90' lang='lat' dir='ltr'>c.</span> <span class='ocrx_word' id='word_1_890' title='bbox 1244 2122 1266 2147; x_wconf 86' lang='lat'>3.</span> <span class='ocrx_word' id='word_1_891' title='bbox 1288 2121 1319 2149; x_wconf 79' lang='lat' dir='ltr'>cf.</span> <span class='ocrx_word' id='word_1_892' title='bbox 1340 2132 1361 2148; x_wconf 87' lang='lat' dir='ltr'>c.</span> <span class='ocrx_word' id='word_1_893' title='bbox 1384 2123 1404 2148; x_wconf 92' lang='lat'>1.</span> 
     </span>
    </p>

    <p class='ocr_par' dir='ltr' id='par_1_30' title="bbox 1071 2164 1911 2286">
     <span class='ocr_line' id='line_1_112' title="bbox 1107 2164 1911 2201; baseline 0.001 -11"><span class='ocrx_word' id='word_1_894' title='bbox 1107 2166 1369 2197; x_wconf 65' lang='lat' dir='ltr'>Incorruptus.</span> <span class='ocrx_word' id='word_1_895' title='bbox 1401 2164 1530 2195; x_wconf 65' lang='lat' dir='ltr'>(Adiect.)</span> <span class='ocrx_word' id='word_1_896' title='bbox 1558 2166 1588 2198; x_wconf 62' lang='grc' dir='ltr'>ξ.</span> <span class='ocrx_word' id='word_1_897' title='bbox 1610 2166 1644 2191; x_wconf 81' lang='lat' dir='ltr'>l.</span> <span class='ocrx_word' id='word_1_898' title='bbox 1665 2167 1814 2201; x_wconf 77' lang='lat' dir='ltr'>Integer,</span> <span class='ocrx_word' id='word_1_899' title='bbox 1836 2167 1911 2191; x_wconf 85' lang='lat' dir='ltr'>Sal-</span> 
     </span>
     <span class='ocr_line' id='line_1_113' title="bbox 1072 2206 1910 2244; baseline -0.001 -11"><span class='ocrx_word' id='word_1_900' title='bbox 1072 2218 1134 2233; x_wconf 79' lang='lat' dir='ltr'>vus.</span> <span class='ocrx_word' id='word_1_901' title='bbox 1172 2206 1214 2232; x_wconf 87' lang='grc'><strong>111.</strong></span> <span class='ocrx_word' id='word_1_902' title='bbox 1232 2208 1297 2234; x_wconf 71' lang='lat'>(711.</span> <span class='ocrx_word' id='word_1_903' title='bbox 1326 2207 1379 2233; x_wconf 74' lang='lat' dir='ltr'>Aut</span> <span class='ocrx_word' id='word_1_904' title='bbox 1399 2208 1476 2242; x_wconf 64' lang='lat' dir='ltr'>igitur</span> <span class='ocrx_word' id='word_1_905' title='bbox 1495 2209 1576 2244; x_wconf 82' lang='lat' dir='ltr'>ipsam</span> <span class='ocrx_word' id='word_1_906' title='bbox 1596 2218 1650 2233; x_wconf 79' lang='lat' dir='ltr'>rem</span> <span class='ocrx_word' id='word_1_907' title='bbox 1670 2207 1777 2234; x_wconf 83' lang='lat' dir='ltr'>debebit</span> <span class='ocrx_word' id='word_1_908' title='bbox 1796 2209 1910 2234; x_wconf 82' lang='lat' dir='ltr'>incorru-</span> 
     </span>
     <span class='ocr_line' id='line_1_114' title="bbox 1071 2249 1909 2286; baseline -0.002 -10"><span class='ocrx_word' id='word_1_909' title='bbox 1071 2255 1142 2286; x_wconf 84' lang='lat' dir='ltr'>ptam</span> <span class='ocrx_word' id='word_1_910' title='bbox 1160 2249 1279 2281; x_wconf 75' lang='lat' dir='ltr'>reddere.</span> <span class='ocrx_word' id='word_1_911' title='bbox 1300 2255 1343 2275; x_wconf 86' lang='lat' dir='ltr'>aut</span> <span class='ocrx_word' id='word_1_912' title='bbox 1363 2251 1576 2276; x_wconf 71' lang='lat' dir='ltr'>aestimationem.</span> <span class='ocrx_word' id='word_1_913' title='bbox 1602 2250 1631 2276; x_wconf 88' lang='lat' dir='ltr'>sr.</span> <span class='ocrx_word' id='word_1_914' title='bbox 1653 2252 1674 2277; x_wconf 96' lang='lat' dir='ltr'>l.</span> <span class='ocrx_word' id='word_1_915' title='bbox 1699 2251 1720 2285; x_wconf 60' lang='grc' dir='ltr'>ξ.</span> <span class='ocrx_word' id='word_1_916' title='bbox 1742 2253 1763 2277; x_wconf 94' lang='lat'>1.</span> <span class='ocrx_word' id='word_1_917' title='bbox 1785 2251 1816 2277; x_wconf 83' lang='lat' dir='ltr'>de</span> <span class='ocrx_word' id='word_1_918' title='bbox 1835 2250 1909 2275; x_wconf 81' lang='lat' dir='ltr'>aesti-</span> 
     </span>
    </p>
   </div>
   <div class='ocr_carea' id='block_1_18' title="bbox 1048 2283 1908 2326">
    <p class='ocr_par' dir='ltr' id='par_1_31' title="bbox 1048 2283 1908 2326">
     <span class='ocr_line' id='line_1_115' title="bbox 1048 2283 1908 2326; baseline 0 -7"><span class='ocrx_word' id='word_1_919' title='bbox 1048 2283 1049 2302; x_wconf 36' lang='grc'><strong>1</strong></span> <span class='ocrx_word' id='word_1_920' title='bbox 1071 2298 1131 2319; x_wconf 85' lang='lat' dir='ltr'>mat.</span> <span class='ocrx_word' id='word_1_921' title='bbox 1153 2295 1191 2318; x_wconf 84' lang='grc'>19.</span> <span class='ocrx_word' id='word_1_922' title='bbox 1212 2294 1236 2319; x_wconf 86' lang='grc'>3.</span> <span class='ocrx_word' id='word_1_923' title='bbox 1263 2293 1294 2319; x_wconf 79' lang='lat' dir='ltr'>cf.</span> <span class='ocrx_word' id='word_1_924' title='bbox 1320 2293 1349 2319; x_wconf 81' lang='lat' dir='ltr'>fr.</span> <span class='ocrx_word' id='word_1_925' title='bbox 1370 2295 1411 2319; x_wconf 67' lang='lat'>25.</span> <span class='ocrx_word' id='word_1_926' title='bbox 1437 2293 1458 2326; x_wconf 59' lang='grc' dir='ltr'>ξ.</span> <span class='ocrx_word' id='word_1_927' title='bbox 1477 2295 1500 2319; x_wconf 80' lang='grc'>3.</span> <span class='ocrx_word' id='word_1_928' title='bbox 1526 2293 1602 2319; x_wconf 82' lang='lat' dir='ltr'>locat.</span> <span class='ocrx_word' id='word_1_929' title='bbox 1628 2295 1667 2320; x_wconf 82' lang='lat'>19.</span> <span class='ocrx_word' id='word_1_930' title='bbox 1686 2296 1709 2320; x_wconf 71' lang='lat'>2.</span> <span class='ocrx_word' id='word_1_931' title='bbox 1748 2294 1811 2320; x_wconf 84' lang='lat' dir='ltr'>Sine</span> <span class='ocrx_word' id='word_1_932' title='bbox 1829 2301 1908 2319; x_wconf 66' lang='lat' dir='ltr'>mora.</span> 
     </span>
    </p>
   </div>
   <div class='ocr_carea' id='block_1_19' title="bbox 1072 2334 1908 2372">
    <p class='ocr_par' dir='ltr' id='par_1_32' title="bbox 1072 2334 1908 2372">
     <span class='ocr_line' id='line_1_116' title="bbox 1072 2334 1908 2372; baseline -0.002 -11"><span class='ocrx_word' id='word_1_933' title='bbox 1072 2340 1096 2361; x_wconf 84' lang='lat' dir='ltr'>et</span> <span class='ocrx_word' id='word_1_934' title='bbox 1116 2337 1297 2372; x_wconf 78' lang='lat' dir='ltr'>incorruptum</span> <span class='ocrx_word' id='word_1_935' title='bbox 1317 2335 1427 2361; x_wconf 75' lang='lat' dir='ltr'>reddere</span> <span class='ocrx_word' id='word_1_936' title='bbox 1447 2338 1496 2367; x_wconf 83' lang='lat' dir='ltr'>(sc.</span> <span class='ocrx_word' id='word_1_937' title='bbox 1517 2335 1687 2372; x_wconf 73' lang='lat' dir='ltr'>depositum)</span> <span class='ocrx_word' id='word_1_938' title='bbox 1708 2336 1736 2362; x_wconf 67' lang='grc' dir='ltr'>[ι’.</span> <span class='ocrx_word' id='word_1_939' title='bbox 1757 2337 1797 2362; x_wconf 83' lang='lat'>34.</span> <span class='ocrx_word' id='word_1_940' title='bbox 1818 2334 1908 2371; x_wconf 83' lang='lat' dir='ltr'>depos.</span> 
     </span>
    </p>
   </div>
   <div class='ocr_carea' id='block_1_20' title="bbox 1047 2377 1909 2411">
    <p class='ocr_par' dir='ltr' id='par_1_33' title="bbox 1047 2377 1909 2411">
     <span class='ocr_line' id='line_1_117' title="bbox 1047 2377 1909 2411; baseline -0.001 -7"><span class='ocrx_word' id='word_1_941' title='bbox 1047 2383 1049 2405; x_wconf 65' lang='lat'>¹.</span> <span class='ocrx_word' id='word_1_942' title='bbox 1072 2380 1111 2404; x_wconf 84' lang='grc'>16.</span> <span class='ocrx_word' id='word_1_943' title='bbox 1132 2380 1157 2404; x_wconf 84' lang='grc'>3.</span> <span class='ocrx_word' id='word_1_944' title='bbox 1181 2394 1212 2397; x_wconf 84' lang='grc'>-</span> <span class='ocrx_word' id='word_1_945' title='bbox 1237 2379 1267 2411; x_wconf 61' lang='grc' dir='ltr'>ξ.</span> <span class='ocrx_word' id='word_1_946' title='bbox 1287 2380 1322 2404; x_wconf 64' lang='grc'>2.</span> <span class='ocrx_word' id='word_1_947' title='bbox 1354 2379 1503 2409; x_wconf 68' lang='lat' dir='ltr'>anidns,</span> <span class='ocrx_word' id='word_1_948' title='bbox 1524 2380 1744 2405; x_wconf 71' lang='lat' dir='ltr'>Inconcussus.</span> <span class='ocrx_word' id='word_1_949' title='bbox 1782 2377 1824 2403; x_wconf 86' lang='lat' dir='ltr'>III.</span> <span class='ocrx_word' id='word_1_950' title='bbox 1843 2378 1909 2404; x_wconf 68' lang='lat' dir='ltr'>Cn.</span> 
     </span>
    </p>
   </div>
   <div class='ocr_carea' id='block_1_21' title="bbox 1066 2421 1909 2798">
    <p class='ocr_par' dir='ltr' id='par_1_34' title="bbox 1068 2421 1909 2672">
     <span class='ocr_line' id='line_1_118' title="bbox 1070 2421 1909 2457; baseline -0.001 -10"><span class='ocrx_word' id='word_1_951' title='bbox 1070 2422 1103 2447; x_wconf 85' lang='lat' dir='ltr'>Et</span> <span class='ocrx_word' id='word_1_952' title='bbox 1123 2421 1254 2448; x_wconf 80' lang='lat' dir='ltr'>condictio</span> <span class='ocrx_word' id='word_1_953' title='bbox 1281 2422 1395 2456; x_wconf 75' lang='lat' dir='ltr'>integrae</span> <span class='ocrx_word' id='word_1_954' title='bbox 1420 2422 1457 2446; x_wconf 73' lang='lat' dir='ltr'>rei</span> <span class='ocrx_word' id='word_1_955' title='bbox 1480 2426 1579 2453; x_wconf 79' lang='lat' dir='ltr'>manet,</span> <span class='ocrx_word' id='word_1_956' title='bbox 1603 2427 1628 2448; x_wconf 70' lang='lat' dir='ltr'>ct</span> <span class='ocrx_word' id='word_1_957' title='bbox 1652 2421 1774 2457; x_wconf 73' lang='lat' dir='ltr'>obligatio</span> <span class='ocrx_word' id='word_1_958' title='bbox 1794 2421 1909 2446; x_wconf 86' lang='lat' dir='ltr'>incorru-</span> 
     </span>
     <span class='ocr_line' id='line_1_119' title="bbox 1069 2463 1908 2501; baseline -0.001 -12"><span class='ocrx_word' id='word_1_959' title='bbox 1069 2469 1121 2501; x_wconf 83' lang='lat' dir='ltr'>pta.</span> <span class='ocrx_word' id='word_1_960' title='bbox 1142 2464 1172 2490; x_wconf 85' lang='lat' dir='ltr'>fr.</span> <span class='ocrx_word' id='word_1_961' title='bbox 1192 2465 1233 2490; x_wconf 75' lang='lat'>⁴26.</span> <span class='ocrx_word' id='word_1_962' title='bbox 1253 2464 1274 2497; x_wconf 65' lang='grc' dir='ltr'>ξ.</span> <span class='ocrx_word' id='word_1_963' title='bbox 1296 2465 1318 2490; x_wconf 86' lang='lat'>4.</span> <span class='ocrx_word' id='word_1_964' title='bbox 1347 2463 1379 2489; x_wconf 84' lang='lat' dir='ltr'>de</span> <span class='ocrx_word' id='word_1_965' title='bbox 1399 2463 1474 2490; x_wconf 84' lang='lat' dir='ltr'>cond.</span> <span class='ocrx_word' id='word_1_966' title='bbox 1496 2464 1583 2490; x_wconf 81' lang='lat' dir='ltr'>indeb.</span> <span class='ocrx_word' id='word_1_967' title='bbox 1607 2466 1644 2490; x_wconf 77' lang='lat'>12.</span> <span class='ocrx_word' id='word_1_968' title='bbox 1664 2465 1687 2490; x_wconf 86' lang='grc'>6.</span> <span class='ocrx_word' id='word_1_969' title='bbox 1724 2463 1908 2499; x_wconf 87' lang='lat' dir='ltr'>Incorruptum</span> 
     </span>
     <span class='ocr_line' id='line_1_120' title="bbox 1069 2506 1907 2543; baseline -0.002 -10"><span class='ocrx_word' id='word_1_970' title='bbox 1069 2517 1173 2533; x_wconf 84' lang='lat' dir='ltr'>manere</span> <span class='ocrx_word' id='word_1_971' title='bbox 1193 2508 1240 2533; x_wconf 78' lang='lat' dir='ltr'>iuS.</span> <span class='ocrx_word' id='word_1_972' title='bbox 1261 2506 1290 2533; x_wconf 90' lang='lat' dir='ltr'>sr.</span> <span class='ocrx_word' id='word_1_973' title='bbox 1311 2508 1334 2533; x_wconf 82' lang='lat'>9.</span> <span class='ocrx_word' id='word_1_974' title='bbox 1354 2516 1393 2543; x_wconf 88' lang='lat' dir='ltr'>pr.</span> <span class='ocrx_word' id='word_1_975' title='bbox 1414 2506 1446 2533; x_wconf 82' lang='lat' dir='ltr'>de</span> <span class='ocrx_word' id='word_1_976' title='bbox 1465 2506 1566 2533; x_wconf 77' lang='lat' dir='ltr'>liberali</span> <span class='ocrx_word' id='word_1_977' title='bbox 1587 2517 1607 2532; x_wconf 90' lang='lat' dir='ltr'>c.</span> <span class='ocrx_word' id='word_1_978' title='bbox 1628 2508 1667 2532; x_wconf 71' lang='lat'>40.</span> <span class='ocrx_word' id='word_1_979' title='bbox 1690 2507 1727 2532; x_wconf 76' lang='lat'>12.</span> <span class='ocrx_word' id='word_1_980' title='bbox 1753 2516 1773 2532; x_wconf 91' lang='lat' dir='ltr'>c.</span> <span class='ocrx_word' id='word_1_981' title='bbox 1794 2508 1817 2532; x_wconf 88' lang='lat'>4.</span> <span class='ocrx_word' id='word_1_982' title='bbox 1842 2506 1863 2539; x_wconf 64' lang='grc' dir='ltr'><strong>ξ</strong></span> <span class='ocrx_word' id='word_1_983' title='bbox 1883 2508 1907 2531; x_wconf 72' lang='lat'>⁴3.</span> 
     </span>
     <span class='ocr_line' id='line_1_121' title="bbox 1069 2549 1908 2586; baseline 0 -11"><span class='ocrx_word' id='word_1_984' title='bbox 1069 2549 1101 2575; x_wconf 85' lang='lat' dir='ltr'>de</span> <span class='ocrx_word' id='word_1_985' title='bbox 1127 2549 1157 2576; x_wconf 83' lang='lat' dir='ltr'>V.</span> <span class='ocrx_word' id='word_1_986' title='bbox 1182 2549 1209 2575; x_wconf 91' lang='lat' dir='ltr'>S.</span> <span class='ocrx_word' id='word_1_987' title='bbox 1234 2550 1257 2575; x_wconf 88' lang='grc'>6.</span> <span class='ocrx_word' id='word_1_988' title='bbox 1281 2551 1323 2575; x_wconf 80' lang='grc'>38.</span> <span class='ocrx_word' id='word_1_989' title='bbox 1368 2549 1520 2586; x_wconf 85' lang='lat' dir='ltr'>Incorrupta</span> <span class='ocrx_word' id='word_1_990' title='bbox 1544 2549 1609 2575; x_wconf 78' lang='lat' dir='ltr'>tides</span> <span class='ocrx_word' id='word_1_991' title='bbox 1630 2550 1908 2581; x_wconf 81' lang='lat' dir='ltr'>(instrumentorum.)</span> 
     </span>
     <span class='ocr_line' id='line_1_122' title="bbox 1069 2591 1908 2629; baseline 0 -11"><span class='ocrx_word' id='word_1_992' title='bbox 1069 2592 1234 2628; x_wconf 84' lang='lat' dir='ltr'>Incorruptis</span> <span class='ocrx_word' id='word_1_993' title='bbox 1258 2592 1460 2629; x_wconf 86' lang='lat' dir='ltr'>probationibus</span> <span class='ocrx_word' id='word_1_994' title='bbox 1486 2592 1672 2624; x_wconf 63' lang='lat' dir='ltr'>(consistere.)</span> <span class='ocrx_word' id='word_1_995' title='bbox 1697 2602 1718 2618; x_wconf 87' lang='lat' dir='ltr'>c.</span> <span class='ocrx_word' id='word_1_996' title='bbox 1740 2594 1779 2618; x_wconf 91' lang='grc'>11.</span> <span class='ocrx_word' id='word_1_997' title='bbox 1805 2592 1837 2618; x_wconf 84' lang='lat' dir='ltr'>de</span> <span class='ocrx_word' id='word_1_998' title='bbox 1855 2591 1908 2618; x_wconf 74' lang='lat' dir='ltr'>fide</span> 
     </span>
     <span class='ocr_line' id='line_1_123' title="bbox 1068 2636 1742 2672; baseline 0 -11"><span class='ocrx_word' id='word_1_999' title='bbox 1068 2636 1186 2661; x_wconf 87' lang='lat' dir='ltr'>instrum.</span> <span class='ocrx_word' id='word_1_1000' title='bbox 1208 2637 1232 2661; x_wconf 83' lang='lat'>4.</span> <span class='ocrx_word' id='word_1_1001' title='bbox 1251 2637 1292 2661; x_wconf 76' lang='lat'>21.</span> <span class='ocrx_word' id='word_1_1002' title='bbox 1313 2646 1334 2662; x_wconf 89' lang='lat' dir='ltr'>c.</span> <span class='ocrx_word' id='word_1_1003' title='bbox 1357 2638 1377 2662; x_wconf 95' lang='lat'>1.</span> <span class='ocrx_word' id='word_1_1004' title='bbox 1397 2646 1446 2672; x_wconf 88' lang='lat' dir='ltr'>pro</span> <span class='ocrx_word' id='word_1_1005' title='bbox 1467 2645 1508 2670; x_wconf 85' lang='lat' dir='ltr'>qu.</span> <span class='ocrx_word' id='word_1_1006' title='bbox 1530 2644 1550 2659; x_wconf 90' lang='lat' dir='ltr'>c.</span> <span class='ocrx_word' id='word_1_1007' title='bbox 1570 2644 1638 2660; x_wconf 78' lang='lat' dir='ltr'>serv.</span> <span class='ocrx_word' id='word_1_1008' title='bbox 1660 2636 1681 2660; x_wconf 85' lang='lat'>7.</span> <span class='ocrx_word' id='word_1_1009' title='bbox 1704 2636 1742 2661; x_wconf 88' lang='lat'>13.</span> 
     </span>
    </p>

    <p class='ocr_par' dir='ltr' id='par_1_35' title="bbox 1066 2677 1907 2798">
     <span class='ocr_line' id='line_1_124' title="bbox 1104 2677 1907 2705; baseline 0.001 -3"><span class='ocrx_word' id='word_1_1010' title='bbox 1104 2679 1390 2705; x_wconf 74' lang='lat' dir='ltr'>Increbescere.</span> <span class='ocrx_word' id='word_1_1011' title='bbox 1433 2679 1624 2704; x_wconf 73' lang='lat' dir='ltr'>Crehescere.</span> <span class='ocrx_word' id='word_1_1012' title='bbox 1672 2677 1713 2704; x_wconf 85' lang='lat' dir='ltr'>Ill.</span> <span class='ocrx_word' id='word_1_1013' title='bbox 1743 2679 1809 2705; x_wconf 71' lang='lat' dir='ltr'>Cn.</span> <span class='ocrx_word' id='word_1_1014' title='bbox 1839 2678 1907 2704; x_wconf 87' lang='lat' dir='ltr'>Cum</span> 
     </span>
     <span class='ocr_line' id='line_1_125' title="bbox 1069 2718 1905 2757; baseline -0.001 -11"><span class='ocrx_word' id='word_1_1015' title='bbox 1069 2721 1136 2746; x_wconf 87' lang='lat' dir='ltr'>enim</span> <span class='ocrx_word' id='word_1_1016' title='bbox 1156 2721 1205 2746; x_wconf 83' lang='lat' dir='ltr'>iam</span> <span class='ocrx_word' id='word_1_1017' title='bbox 1224 2720 1355 2747; x_wconf 88' lang='lat' dir='ltr'>increbuit</span> <span class='ocrx_word' id='word_1_1018' title='bbox 1374 2719 1436 2751; x_wconf 84' lang='lat' dir='ltr'>(hoc</span> <span class='ocrx_word' id='word_1_1019' title='bbox 1455 2718 1510 2744; x_wconf 89' lang='lat' dir='ltr'>iure</span> <span class='ocrx_word' id='word_1_1020' title='bbox 1530 2724 1622 2745; x_wconf 87' lang='lat' dir='ltr'>nostro</span> <span class='ocrx_word' id='word_1_1021' title='bbox 1642 2721 1704 2753; x_wconf 83' lang='lat' dir='ltr'>etc.)</span> <span class='ocrx_word' id='word_1_1022' title='bbox 1724 2731 1745 2747; x_wconf 94' lang='lat' dir='ltr'>c.</span> <span class='ocrx_word' id='word_1_1023' title='bbox 1761 2723 1800 2746; x_wconf 75' lang='lat'>12.</span> <span class='ocrx_word' id='word_1_1024' title='bbox 1820 2731 1858 2757; x_wconf 86' lang='lat' dir='ltr'>pr.</span> <span class='ocrx_word' id='word_1_1025' title='bbox 1874 2720 1905 2746; x_wconf 73' lang='lat' dir='ltr'>de</span> 
     </span>
     <span class='ocr_line' id='line_1_126' title="bbox 1066 2760 1689 2798; baseline 0 -9"><span class='ocrx_word' id='word_1_1026' title='bbox 1066 2762 1097 2789; x_wconf 86' lang='lat' dir='ltr'>R.</span> <span class='ocrx_word' id='word_1_1027' title='bbox 1119 2762 1148 2789; x_wconf 94' lang='lat' dir='ltr'>C.</span> <span class='ocrx_word' id='word_1_1028' title='bbox 1169 2765 1193 2789; x_wconf 82' lang='grc'>4.</span> <span class='ocrx_word' id='word_1_1029' title='bbox 1215 2765 1237 2789; x_wconf 96' lang='lat' dir='ltr'>l.</span> <span class='ocrx_word' id='word_1_1030' title='bbox 1258 2774 1279 2789; x_wconf 81' lang='lat' dir='ltr'>e.</span> <span class='ocrx_word' id='word_1_1031' title='bbox 1301 2765 1322 2789; x_wconf 89' lang='lat'>1.</span> <span class='ocrx_word' id='word_1_1032' title='bbox 1344 2772 1435 2788; x_wconf 89' lang='lat' dir='ltr'>comm.</span> <span class='ocrx_word' id='word_1_1033' title='bbox 1455 2760 1488 2787; x_wconf 76' lang='lat' dir='ltr'>de</span> <span class='ocrx_word' id='word_1_1034' title='bbox 1508 2761 1583 2798; x_wconf 75' lang='lat' dir='ltr'>legat.</span> <span class='ocrx_word' id='word_1_1035' title='bbox 1604 2763 1626 2788; x_wconf 85' lang='lat'>6.</span> <span class='ocrx_word' id='word_1_1036' title='bbox 1647 2764 1689 2789; x_wconf 78' lang='lat'>43.</span> 
     </span>
    </p>
   </div>
   <div class='ocr_carea' id='block_1_22' title="bbox 1102 2803 1902 2837">
    <p class='ocr_par' dir='ltr' id='par_1_36' title="bbox 1102 2803 1902 2837">
     <span class='ocr_line' id='line_1_127' title="bbox 1102 2803 1902 2837; baseline -0.003 -5"><span class='ocrx_word' id='word_1_1037' title='bbox 1102 2806 1358 2833; x_wconf 75' lang='lat' dir='ltr'>Incredibilis.</span> <span class='ocrx_word' id='word_1_1038' title='bbox 1378 2803 1506 2837; x_wconf 65' lang='lat' dir='ltr'>(Adiect.)</span> <span class='ocrx_word' id='word_1_1039' title='bbox 1527 2807 1637 2832; x_wconf 75' lang='lat' dir='ltr'>Fidem</span> <span class='ocrx_word' id='word_1_1040' title='bbox 1655 2809 1812 2833; x_wconf 65' lang='lat' dir='ltr'>excedens.</span> <span class='ocrx_word' id='word_1_1041' title='bbox 1843 2807 1902 2832; x_wconf 62' lang='lat' dir='ltr'>Im»</span> 
     </span>
    </p>
   </div>
  </div>
 </body>
</html>
