2197 3121
1054 168 1145 199 POS.

223 252 286 280 dolo
311 252 406 279 secisse
431 254 570 289 quominus
594 256 693 289 posset.
720 249 749 277 fr.
770 251 810 277 68.
835 249 867 276 de
886 250 917 277 R.
938 249 969 276 V.
994 251 1018 276 6.
1040 251 1062 277 l.

223 296 277 332 Qui
299 297 398 333 potuit.
423 306 471 322 nec
495 295 577 329 (fecit
603 294 669 327 etc.)
697 293 769 320 Paul.
789 293 818 319 11.
839 294 862 319 4.
887 294 908 327 5.
928 295 951 319 2.
976 293 1019 319 111.
1038 295 1062 319 5.

222 339 260 373 55.
280 341 304 365 4.
325 340 347 365 7.
367 338 410 365 IV.
430 341 454 365 5.
480 339 502 372 5
521 340 545 364 2.
571 337 600 364 fr.
619 338 643 363 4.
669 347 700 363 ex
719 347 761 373 qu.
783 346 803 363 c.
824 337 881 362 mai.
901 338 924 362 4.
944 337 968 362 6.
989 336 1019 362 fr.
1041 338 1062 362 7.

221 390 261 418 pr.
282 381 315 408 de
339 386 421 407 contr.
442 386 500 408 emt.
523 381 562 406 18.
583 381 605 406 l.
642 379 728 406 Aliter
751 379 861 406 honeste
889 378 987 405 nubere
1011 389 1063 404 non

222 434 311 461 posse..
339 424 368 450 fr.
388 425 428 450 61.
453 425 474 458 5.
496 426 517 450 1.
544 423 577 449 de
596 423 651 448 iure
671 422 724 449 dot.
741 424 783 449 23.
803 424 827 448 3.
865 421 931 448 Cum
951 423 1062 458 primum

223 468 347 504 potuerit.
371 466 400 493 sr.
420 469 444 492 2.
469 467 490 499 5.
511 467 533 491 1.
554 467 577 492 si
596 476 628 492 ex
648 475 708 491 nox.
729 475 750 491 c.
769 467 793 491 2.
813 466 836 491 9.
873 463 902 490 Si
922 464 999 490 modo
1019 474 1064 501 po-

222 511 311 536 tuerit.
331 509 387 535 Gai.
401 509 442 535 Ill.
460 510 516 535 161.
554 508 604 534 Per
623 518 708 534 rerum
729 513 843 534 naturam
863 517 953 544 posse,
972 517 996 533 v.
1010 517 1063 533 non

222 562 310 589 posse.
330 551 402 578 Paul.
422 551 440 578 1.
461 553 483 578 7.
504 551 525 585 5.
546 553 568 577 7.
588 550 631 577 111.
650 551 711 577 4.B.
732 552 796 585 5.1.
821 549 866 576 IV.
886 551 925 576 ll.
945 550 966 583 5.
987 551 1010 575 8.
1031 566 1061 569 —
1084 556 1086 563 '

223 596 253 628 ἓ.
274 597 309 622 2.
329 597 457 625 Licere,
477 596 566 621 Iuris
585 604 659 620 esse.
696 594 713 620 1.
740 595 801 627 Sy.
825 592 943 618 Admitti.
970 592 1000 618 fr.
1020 594 1062 618 22.

223 638 244 671 5.
267 639 289 664 1.
309 637 341 663 de
360 637 448 674 adopt.
470 639 492 663 1.
513 638 536 662 7.
557 636 586 662 fr.
609 639 630 663 1.
651 638 688 671 55.
708 638 732 663 6.
753 646 791 672 sq.
812 635 843 661 de
863 645 935 672 susp.
956 640 1002 662 tut.
1021 637 1062 661 26.

222 682 263 706 10.
299 679 426 707 Permitti.
447 678 488 705 Cf.
509 689 532 705 v.
552 679 714 706 permittere.
733 680 755 713 5.
778 681 799 704 l.
825 677 951 704 Concedi.
971 678 1001 704 t'r.
1020 681 1061 704 23.

221 733 260 761 pr.
281 722 313 749 dc
332 727 398 759 pact.
418 724 441 747 2.
464 723 503 748 14.
523 722 554 748 fr.
577 725 598 749 l.
619 723 640 756 5.
661 724 685 748 3.
705 721 735 748 fr.
755 723 779 748 3.
799 731 838 757 sq.
864 721 896 747 de
916 731 1019 758 procur.
1038 723 1062 747 3.

220 767 244 793 3.
281 765 382 792 Licere.
407 764 448 791 CF.
468 775 491 790 v.
512 764 594 792 Licet.
614 766 634 799 5.
657 767 678 791 1.
716 763 818 790 Valere.
844 764 873 791 fr.
893 765 917 790 8.
937 764 975 798 55.
995 766 1018 790 2.
1038 767 1065 790 5.

221 818 261 844 sq.
281 810 323 835 23.
344 818 383 844 sq.
405 808 437 834 de
456 813 578 834 transact.
598 811 622 834 2.
643 810 682 833 15.
723 806 766 833 III.
788 809 853 834 Gn.
881 807 915 833 Et
938 817 1018 844 posse
1038 812 1063 833 et

221 851 326 878 debere.
346 851 376 877 fr.
390 852 431 877 30.
452 851 526 884 551.
541 861 580 887 sq.
600 850 632 876 de
645 855 713 887 pact.
726 852 750 876 2.
767 852 806 876 14.
844 850 902 876 Nnn
923 851 1062 887 pertinere.

221 899 265 920 aut
284 904 332 920 nec
351 904 431 931 posse
450 895 589 930 pertinere.
609 893 639 919 fr.
660 895 717 919 115.
743 893 773 919 sr.
794 895 850 919 181.
871 893 903 919 de
922 892 953 919 V.
974 893 1001 919 S.
1021 895 1062 918 50.

221 938 262 963 16.
300 936 349 963 Vel
369 947 421 963 non
440 941 542 973 potest,
561 935 603 962 vel
622 935 660 962 sas
680 946 732 962 non
752 941 800 962 est.
827 936 856 962 fr.
879 939 917 962 13.
944 936 964 970 5.
986 938 1009 962 4.
1030 935 1062 962 de

222 979 247 1005 h.
268 990 311 1016 qu.
331 985 384 1006 not.
406 980 450 1006 inf.
470 981 493 1005 3.
513 981 538 1006 2.
559 978 589 1005 ct'.
609 979 640 1005 sr.
659 981 683 1005 2.
703 979 736 1005 (le
754 979 886 1005 adsessor.
902 981 922 1005 l.
936 980 977 1005 22.
1003 978 1063 1004 Pot-

221 1027 270 1053 est.
291 1024 363 1058 atqui
383 1033 434 1048 non
454 1026 565 1059 oportet.
592 1020 623 1047 fr.
645 1023 683 1048 15.
704 1032 742 1058 pr.
762 1022 793 1048 ad
813 1021 842 1048 L.
863 1021 910 1048 Iul.
930 1021 962 1047 de
981 1021 1061 1047 adult.

220 1066 261 1091 48.
281 1067 305 1091 5.
344 1065 443 1096 Potest,
462 1064 509 1091 sed
529 1063 622 1090 melius
643 1069 683 1090 est
703 1070 751 1090 etc.
775 1065 804 1091 sr.
825 1068 849 1091 4.
869 1065 906 1098 55.
928 1066 949 1090 1.
970 1074 1010 1100 sq.
1031 1063 1063 1090 de

221 1108 264 1134 off.
285 1107 359 1134 Proc.
380 1113 405 1134 et
423 1107 485 1143 Leg.
507 1109 528 1133 l.
551 1108 590 1133 16.
629 1107 696 1142 Qui,
717 1118 774 1134 cum
794 1112 899 1145 posset,
920 1118 971 1133 non
992 1118 1063 1133 recn-

220 1151 297 1181 savit.
317 1161 340 1176 v.
361 1161 413 1176 non
433 1150 502 1176 fecit.
523 1149 606 1176 vatic.
627 1151 648 1183 5.
671 1152 727 1176 155.
748 1150 808 1187 le.
829 1150 913 1176 XXV.
933 1152 956 1176 4.
976 1150 1006 1176 sr.
1024 1152 1062 1176 19.

221 1193 253 1219 de
272 1194 363 1219 minor.
378 1195 401 1219 4.
422 1195 445 1219 4.
484 1194 537 1229 Qui
557 1193 650 1224 noluit.
666 1210 695 1213 -—
711 1198 802 1230 postea
822 1203 874 1219 non
893 1198 989 1230 potest.
1014 1192 1064 1219 Va-

221 1237 263 1262 tic.
290 1237 310 1270 5.
331 1238 354 1262 4.
379 1236 409 1262 fr.
429 1239 452 1262 4.
477 1237 499 1270 5.
518 1239 541 1262 5.
572 1236 623 1271 Qu.
644 1246 665 1261 e.
686 1246 716 1261 eo
737 1246 780 1272 qu.
804 1237 830 1262 in
851 1236 883 1262 al.
902 1241 957 1273 pot.
979 1238 1018 1262 14.
1038 1238 1062 1262 5.

219 1278 277 1304 Iure
297 1280 454 1307 constituto.
474 1289 494 1305 s.
515 1279 566 1305 Per
585 1278 676 1314 legem,
696 1289 784 1316 posse.
806 1278 888 1305 Vatic.
909 1279 930 1312 5.
950 1281 1009 1306 278.
1032 1278 1062 1305 fr.

218 1323 260 1347 51.
279 1331 320 1358 pr.
343 1321 376 1348 de
400 1321 474 1358 legat.
495 1322 525 1348 11.
552 1322 628 1355 (31.)
669 1321 814 1359 Praecepto
839 1321 985 1353 Praetoris,
1011 1332 1063 1348 non

192 1400 194 1404 .
218 1374 307 1401 posse.
331 1364 362 1391 fr.
382 1368 406 1390 ὅ.
427 1375 465 1401 pr.
486 1364 518 1390 de
539 1365 564 1390 in
585 1365 625 1390 ius
644 1374 700 1391 voc.
720 1367 744 1391 2.
764 1366 787 1391 4.
827 1365 973 1391 Constituti
993 1370 1062 1395 sunt,

218 1408 263 1444 qni
282 1412 394 1445 possent
413 1413 461 1434 etc.
482 1407 513 1434 sr.
532 1410 556 1433 2.
576 1408 613 1441 55.
633 1409 674 1434 31.
694 1409 735 1434 33.
756 1407 788 1434 dc
807 1408 838 1434 O.
859 1408 877 1434 1.
900 1409 921 1434 l.
941 1410 965 1434 2.
1002 1407 1063 1434 Non

218 1460 286 1479 esse.
306 1452 350 1487 qui
371 1451 457 1487 possit
477 1455 525 1476 etc.
545 1450 575 1476 fr.
598 1453 637 1477 10.
658 1450 690 1477 de
710 1456 763 1488 opt.
784 1450 832 1487 leg.
853 1452 895 1476 33.
915 1452 938 1476 5.
966 1451 1062 1486 Quam-

218 1493 262 1519 diu
287 1498 388 1530 potest,
408 1509 441 1512 —
466 1493 541 1519 locus
566 1504 618 1519 non
642 1499 682 1520 est
702 1499 749 1520 etc.
771 1510 802 1513 -
828 1504 876 1519 nec
896 1498 955 1519 ante
973 1498 1063 1531 potest

219 1541 268 1562 etc.
289 1537 318 1562 l'r.
338 1538 379 1562 69.
405 1536 437 1562 de
456 1536 486 1562 A.
508 1546 531 1562 ν.
553 1536 586 1563 Ο.
606 1536 637 1563 Η.
657 1539 698 1563 29.
717 1539 742 1562 2.
762 1553 793 1557 —
822 1538 853 1570 §.
874 1538 911 1563 3.
937 1539 1061 1568 Potest,

217 1581 235 1606 i.
254 1590 274 1606 e.
296 1581 468 1610 Convenit,
490 1580 638 1613 Oportet.
676 1579 694 1606 I.
716 1581 777 1614 Sy.
806 1579 908 1611 Debet,
938 1580 1061 1616 Oportet.

218 1621 249 1648 fr.
270 1624 292 1648 7.
313 1622 345 1648 de
364 1622 445 1648 feriis.
464 1624 488 1647 2.
511 1624 550 1648 12.
570 1622 599 1648 fr.
620 1624 644 1649 8.
664 1623 700 1657 55.
723 1625 762 1648 15.
783 1632 823 1659 sq.
843 1622 875 1648 dc
894 1627 1017 1648 transact.
1037 1624 1061 1649 2.

219 1666 262 1690 15.
299 1664 441 1701 Cogendus
462 1670 510 1693 est.
530 1664 621 1691 Potest
641 1667 705 1702 cogi.
727 1666 756 1692 sr.
779 1667 798 1692 1.
822 1675 860 1702 pr.
881 1666 918 1698 55.
934 1667 955 1691 1.
970 1675 1009 1702 sq,
1030 1665 1061 1691 de

219 1706 298 1734 feriis.
317 1710 341 1734 2.
364 1710 402 1734 12.
430 1707 459 1733 fr.
480 1709 502 1734 8.
528 1708 548 1741 5.
569 1710 593 1734 3.
619 1707 648 1735 fr.
671 1711 709 1734 10.
730 1718 788 1745 sqq.
813 1708 845 1734 dc
869 1718 974 1745 procur.
993 1711 1017 1734 3
1037 1710 1061 1735 3.

218 1749 262 1776 111.
282 1751 346 1777 011.
375 1750 559 1777 Consunnnari
588 1756 708 1788 oportet,
736 1752 787 1777 nisi
815 1752 994 1777 renunciatum
1018 1752 1061 1777 sit.

218 1792 375 1819 Renunciari
395 1799 480 1820 autem
500 1794 534 1819 ita
549 1798 646 1830 potest,
668 1799 696 1819 ut
709 1799 758 1820 etc.
779 1794 808 1820 fr.
823 1796 864 1820 22.
885 1794 962 1827 511.
976 1793 1061 1820 mand.

220 1837 259 1861 17.
281 1837 303 1861 1.
340 1835 432 1862 Potest
451 1836 558 1868 (dare.)
584 1847 616 1862 ne
640 1846 749 1862 necesse
768 1835 876 1862 haberet
895 1841 943 1862 etc.
969 1836 999 1862 fr.
1019 1839 1061 1863 27.

218 1878 251 1904 de
270 1878 346 1914 legat.
366 1878 383 1904 1.
404 1879 471 1911 (30.)
508 1878 625 1905 Possunt
644 1879 760 1915 (lugeri.)
786 1879 839 1914 Qui
862 1884 951 1905 contra
972 1879 1063 1905 fecerit

219 1926 267 1947 etc.
293 1920 365 1947 Paul.
386 1921 402 1947 1.
423 1923 464 1947 21.
491 1922 512 1955 5.
534 1923 573 1947 13.
616 1922 654 1948 Eo
679 1927 811 1958 tempore.
837 1932 894 1948 rum
919 1923 968 1948 iam
992 1927 1062 1948 recte

217 1974 271 1990 non
295 1969 388 2001 posset
407 1969 455 1990 cte.
481 1964 511 1990 fr.
531 1966 572 1990 22.
597 1965 619 1997 5.
642 1966 681 1990 ll.
705 1964 790 1991 mand.
817 1967 855 1991 17.
878 1967 900 1991 1.
938 1964 995 1991 Nisi
1019 1976 1062 2002 pa-

218 2011 290 2033 ratus
310 2008 345 2033 sit
367 2007 512 2039 (sai-este.)
539 2012 628 2044 potest
652 2012 700 2033 etc.
729 2007 801 2033 Paul.
822 2007 852 2034 11.
872 2010 913 2034 31.
939 2009 960 2042 5.
981 2010 1003 2034 7.
1029 2008 1060 2034 cs.

218 2049 249 2076 fr.
262 2052 303 2076 43.
324 2050 357 2076 de
377 2060 436 2075 nox.
451 2054 500 2075 act.
514 2051 538 2076 9.
558 2052 582 2075 4.
620 2049 679 2076 Nun
699 2050 805 2076 habebit
824 2052 987 2083 (actionem.)
1004 2061 1061 2077 cum

219 2097 359 2118 contentus
379 2102 438 2118 esse
462 2093 548 2129 possit
572 2093 769 2130 (exceptione.)
795 2093 824 2119 fr.
847 2095 868 2119 1.
893 2095 914 2127 5.
933 2095 957 2120 3.
979 2094 1011 2120 de
1031 2103 1061 2120 eo

218 2144 244 2171 p.
264 2145 306 2171 qu.
327 2135 385 2161 fact.
404 2137 428 2161 2.
450 2137 490 2161 10.

258 2178 460 2205 Possessio.
498 2179 529 2211 ξ.
550 2179 584 2204 l.
615 2180 701 2204 [Istis.
738 2178 757 2205 1.
777 2180 838 2212 Sy.
864 2178 936 2205 [sus
956 2180 1060 2212 (anni.)

221 2218 295 2245 Poss.
316 2220 441 2253 (annua.)
466 2220 523 2247 Gai.
544 2221 562 2247 1.
584 2222 641 2247 111.
682 2221 754 2247 Usus
778 2221 883 2257 quidam
910 2224 993 2258 (agri.
1018 2227 1062 2248 aut

221 2261 359 2295 aedilicii.)
384 2263 413 2289 fr.
435 2266 491 2290 115.
517 2264 549 2290 dc
569 2263 600 2290 V.
622 2264 648 2290 S.
673 2266 713 2290 50.
741 2265 779 2290 16.
821 2264 942 2291 Potestas
971 2271 996 2291 et
1020 2267 1061 2291 ius

221 2304 332 2331 fruendi.
368 2305 520 2333 Domiuium
541 2307 729 2344 possessionis.
750 2307 799 2333 Th.
814 2307 844 2334 C.
859 2307 926 2334 Vlll.
942 2310 982 2334 18.
1003 2319 1023 2334 c.
1039 2311 1060 2334 l.

220 2357 260 2384 pr.
286 2357 307 2373 c.
326 2349 350 2373 2.
374 2347 406 2373 de
427 2354 533 2376 matern.
555 2350 615 2376 bon.
637 2349 677 2376 Cf.
699 2350 755 2376 Gai.
775 2350 805 2376 II.
827 2353 849 2376 7.
872 2367 902 2370 -
922 2351 952 2384 §-
972 2352 1007 2377 1.
1018 2353 1062 2378 A.

222 2392 375 2416 conditio
403 2400 563 2424 praesens.
603 2395 720 2419 Status
748 2396 893 2426 pendens.
931 2393 972 2420 111.
995 2395 1060 2421 Gn.

220 2433 261 2459 Ex
281 2433 460 2469 possessione,
480 2435 537 2460 sive
554 2437 690 2461 servitutis
710 2436 766 2461 sive
786 2435 928 2467 libertatis,
948 2436 1062 2472 (litigare

223 2475 255 2501 de
275 2480 345 2501 statu
363 2476 433 2506 suo.)
453 2475 483 2501 fr.
502 2477 543 2502 33.
562 2478 584 2510 5.
606 2480 625 2504 l.
652 2478 684 2504 de
703 2489 807 2515 procur.
826 2480 850 2505 3.
870 2481 894 2505 3.
919 2495 951 2498 —
976 2480 1006 2512 ξ.
1026 2481 1061 2506 2.

222 2519 376 2544 Delenlio
398 2519 541 2550 (omnis.)
577 2519 608 2545 ΙΙ.
629 2522 696 2554 Op.
716 2521 874 2558 Proprietas.
896 2538 927 2541 -
952 2521 1061 2548 Posses-

222 2561 261 2586 sio
287 2560 456 2591 (naturalis.)
485 2560 515 2586 sr.
538 2562 580 2587 38.
605 2563 626 2595 5.
647 2566 686 2589 10.
711 2564 744 2590 de
770 2575 840 2591 usur.
864 2567 905 2590 22.
933 2566 953 2590 l.
998 2564 1060 2591 Res.

222 2619 255 2622 —
279 2602 358 2629 Vsus.
386 2619 418 2622 —
446 2602 594 2630 Possessio.
624 2620 654 2625 —
683 2607 704 2639 5.
727 2607 787 2634 l.1.
816 2607 848 2633 de
877 2607 929 2633 obl.
958 2617 1000 2643 qu.
1030 2618 1061 2634 ex

223 2645 273 2672 del.
292 2648 315 2671 4.
338 2647 358 2671 1.
386 2645 442 2672 Gai.
462 2645 504 2672 111.
527 2647 585 2671 195.
605 2656 664 2683 sqq.
699 2648 728 2674 1n
749 2651 921 2686 possessionev
941 2660 1008 2676 esse.
1031 2667 1060 2671 -—

222 2688 371 2715 Possidere.
396 2688 426 2714 l'r.
446 2689 470 2714 9.
494 2687 526 2714 de
545 2687 575 2714 R.
596 2687 627 2714 V.
648 2690 672 2715 6.
692 2692 715 2716 l.
734 2691 764 2718 fr.
785 2694 824 2719 10.
849 2693 914 2726 5.1.
935 2691 967 2718 de
985 2693 1017 2719 A.
1036 2703 1061 2719 v.

222 2732 254 2758 A.
274 2731 301 2757 P.
321 2733 362 2756 41.
381 2733 405 2756 2.
443 2730 484 2756 111.
507 2732 573 2758 Cn.
598 2731 638 2757 Ex
666 2733 776 2760 naturali
797 2735 969 2771 possessione
988 2736 1063 2768 (coe-

223 2775 296 2810 pisse
319 2773 489 2806 dominium.)
514 2773 544 2799 sr.
565 2775 588 2800 l.
613 2774 635 2806 5.
657 2775 678 2800 1.
704 2774 735 2800 cf.
760 2785 799 2812 pr.
823 2777 838 2803 1.
865 2777 881 2803 l.
905 2779 947 2804 41.
966 2780 989 2804 2.
1027 2777 1063 2804 Vt

223 2817 360 2852 possessio
380 2826 432 2842 non
452 2815 536 2842 solum
557 2816 656 2847 civilis,
682 2816 730 2842 sed
749 2818 825 2844 etiam
843 2820 969 2847 naturalis
988 2820 1063 2847 intel-

1887 170 1944 200 731

1110 250 1212 287 ligatur.
1232 249 1263 276 fr.
1283 252 1306 276 2.
1332 251 1351 284 5
1374 252 1396 276 1.
1416 261 1464 288 pro
1484 250 1587 277 herede.
1607 251 1648 276 41.
1668 253 1691 277 5.
1718 250 1747 276 fr.
1766 252 1808 276 33.
1832 251 1853 284 5
1875 253 1896 277 7.
1918 251 1949 277 de

1110 293 1141 320 V.
1162 293 1195 320 Ο,
1215 294 1256 319 45.
1278 294 1299 319 l.
1336 292 1459 319 Alionare
1483 293 1580 320 nullam
1606 303 1660 320 rem
1684 298 1787 330 potest,
1808 309 1839 312 —-
1869 299 1894 320 et
1917 304 1949 320 ne

1109 336 1214 373 quidem
1233 337 1440 373 possessionem.
1461 346 1526 372 quae
1547 341 1587 362 est
1605 336 1740 363 naturalis.
1762 336 1791 362 fr.
1812 338 1851 362 11.
1872 336 1904 362 de
1917 337 1948 363 A.

1108 378 1138 405 R.
1159 379 1192 405 D.
1212 381 1243 405 41
1275 380 1296 404 l.
1335 378 1415 413 Quod
1435 379 1503 405 desit
1523 379 1632 406 naturali
1652 381 1831 417 possessioni,
1851 379 1876 406 id
1898 381 1949 406 ani-

1107 432 1165 448 mus
1191 421 1289 458 implet.
1318 421 1348 447 fr.
1367 423 1392 448 3.
1416 422 1439 455 5.
1457 423 1481 447 3
1507 421 1539 447 de
1563 422 1594 448 A.
1621 432 1643 448 ν.
1668 423 1699 449 Α.
1720 422 1746 448 P.
1767 425 1808 449 41.
1828 425 1851 448 2.
1896 423 1948 458 Qui

1108 474 1219 501 corpore
1238 465 1372 500 ingressus
1392 466 1435 493 sit.
1453 481 1484 483 —
1505 469 1533 490 ut
1552 466 1640 501 potior
1659 467 1694 491 sit
1712 465 1784 495 illius
1804 466 1949 502 corporalis

1107 508 1252 544 possessio.
1278 507 1306 534 sr.
1326 509 1367 533 25.
1393 507 1415 540 5
1434 509 1458 532 2.
1483 506 1517 533 ib.
1537 509 1578 533 41.
1597 510 1621 533 2.
1658 508 1798 535 Possessio
1822 510 1948 546 pignoris.

1108 560 1174 586 quae
1199 550 1344 587 corporalis
1369 549 1437 586 apud
1462 560 1520 575 eum
1543 550 1598 576 suit.
1623 551 1652 577 t'r.
1673 553 1713 577 40.
1738 552 1759 585 5.
1778 554 1802 578 2.
1828 552 1860 578 de
1879 553 1947 589 pign.

1108 599 1156 620 act.
1179 596 1217 620 13.
1238 596 1261 620 7.
1298 593 1357 619 Non
1377 592 1540 630 corporalem
1560 595 1766 630 possessionem,
1787 594 1833 621 scd
1854 596 1948 621 iustam

1108 636 1253 673 adquirere.
1279 636 1308 663 fr.
1328 637 1370 662 24.
1396 635 1427 662 de
1451 636 1482 661 A.
1508 645 1532 661 v.
1556 636 1587 661 A.
1612 635 1639 662 P.
1664 638 1705 662 41.
1725 640 1748 663 2.
1791 637 1818 664 In
1842 648 1948 664 vacuam

1108 681 1306 716 possessionem
1326 681 1431 710 intrare,
1450 688 1474 704 v.
1495 678 1592 704 induci.
1613 678 1642 705 sr.
1662 681 1684 705 4,
1705 680 1726 713 5
1746 682 1787 706 22.
1807 680 1840 706 de
1859 691 1947 718 usurp.

1108 724 1148 748 41.
1167 724 1191 748 3.
1216 722 1300 748 vatic.
1320 723 1358 756 §§.
1377 723 1436 748 293.
1455 722 1513 747 314.
1533 722 1591 747 316.
1613 737 1645 740 —
1669 722 1700 755 ς.
1722 724 1806 749 ιιι.
1832 725 1948 750 Deten-

1108 767 1169 797 tio,
1195 776 1272 800 quae
1296 767 1401 791 animo
1425 766 1694 798 sibipossidendi
1714 767 1949 793 interveniente

1107 810 1344 844 confirmatur,
1368 814 1396 834 et
1420 809 1674 833 interdictorum
1698 810 1828 835 auxilio
1849 811 1949 835 muni>

1107 857 1168 877 tur.
1206 850 1235 877 11.
1257 853 1323 884 Op.
1344 850 1430 886 Super
1448 851 1634 887 possessione.
1655 865 1684 869 —
1706 849 1793 887 Super
1811 851 1949 888 principali

1108 895 1262 930 quaestione
1282 893 1406 925 (iudicem
1425 892 1581 930 postulare.)
1602 892 1651 918 Th.
1672 892 1702 919 C.
1722 893 1752 919 11.
1774 895 1812 920 18.
1832 904 1853 920 c.
1873 898 1896 920 2.
1917 895 1949 921 de

1084 934 1086 944 ¹
1107 936 1184 962 indic.
1222 936 1262 962 111.
1278 938 1343 963 Gn.
1363 935 1512 967 Possessio,
1528 946 1593 972 quae
1608 935 1666 961 sacti
1682 940 1760 962 estet
1774 938 1860 963 animi.
1880 937 1911 963 sr.
1927 940 1947 964 l.

1107 979 1128 1012 5.
1151 981 1191 1005 15.
1211 980 1233 1005 si
1254 980 1275 1005 is
1295 989 1337 1015 qu.
1358 983 1458 1004 testam.
1480 978 1524 1004 lib.
1538 979 1578 1004 47.
1599 980 1621 1004 4.
1643 978 1674 1004 cf.
1694 978 1763 1005 f1·.3.
1784 980 1805 1013 5
1818 982 1843 1006 3.
1864 980 1892 1006 sr.
1908 982 1948 1007 49.

1107 1023 1128 1056 5.
1150 1024 1172 1048 1.
1198 1021 1230 1047 de
1255 1022 1285 1048 A.
1311 1032 1335 1047 v.
1360 1021 1390 1047 A.
1412 1020 1438 1046 P.
1458 1023 1499 1047 41.
1519 1023 1542 1047 2.
1590 1020 1741 1052 Possessio.
1770 1032 1836 1058 qnae
1863 1023 1949 1050 locum

1107 1064 1186 1090 habet
1206 1065 1231 1090 in
1251 1064 1390 1090 interdicto
1406 1063 1449 1089 Vti
1469 1063 1625 1095 Possidetis,
1645 1064 1686 1090 vel
1701 1064 1803 1092 Vtrubi.
1824 1065 1853 1092 fr.
1873 1068 1896 1093 9.
1918 1066 1950 1093 de

1107 1107 1137 1134 R.
1158 1107 1189 1133 V.
1210 1108 1234 1133 6.
1256 1109 1277 1133 l.
1298 1107 1327 1133 sr.
1348 1108 1371 1132 7.
1391 1106 1423 1132 de
1442 1116 1541 1143 precar.
1561 1108 1602 1132 43.
1621 1108 1662 1133 26.
1683 1107 1739 1134 Gai.
1754 1107 1797 1134 lV.
1813 1110 1870 1135 149.
1890 1109 1949 1135 Non

1107 1160 1188 1187 posse
1206 1150 1345 1186 adquirere
1370 1150 1582 1186 possessionem,
1608 1151 1630 1176 si
1650 1160 1702 1176 non
1722 1150 1858 1177 antecedat
1878 1157 1950 1178 natu-

1108 1193 1170 1219 ralis
1189 1194 1335 1230 possessio.
1356 1192 1386 1218 t'r.
1405 1194 1429 1218 3.
1449 1192 1470 1225 5.
1490 1193 1514 1217 3.
1535 1192 1566 1218 cf.
1586 1192 1651 1225 5.1.
1673 1192 1704 1219 dc
1723 1193 1754 1219 A.
1774 1204 1798 1220 v.
1813 1194 1844 1220 Α.
1860 1194 1887 1221 Ρ.
1908 1197 1948 1221 41.

1107 1238 1131 1262 2.
1170 1236 1215 1262 Sic
1234 1235 1320 1262 redire
1340 1236 1365 1261 in
1386 1239 1556 1272 potestatem.
1582 1245 1614 1261 ne
1633 1237 1751 1262 amittere
1771 1238 1825 1262 eius
1845 1247 1950 1274 posses·

1108 1280 1208 1305 sioncm
1228 1279 1370 1316 possimus.
1395 1277 1425 1304 fr.
1449 1279 1487 1303 13.
1507 1278 1528 1311 5.
1548 1280 1571 1303 2.
1592 1277 1624 1304 dc
1645 1277 1675 1304 V.
1696 1278 1722 1304 S.
1743 1281 1783 1305 50.
1805 1281 1844 1306 16.
1882 1280 1950 1307 Cum

1109 1321 1141 1348 de
1165 1323 1350 1358 possessione,
1378 1325 1422 1346 aut
1446 1322 1520 1356 quasi
1546 1322 1730 1357 possessione.
1756 1323 1823 1348 inter
1846 1322 1949 1359 aliquos

1109 1364 1283 1391 contenditur.
1304 1364 1361 1390 Gai.
1374 1363 1420 1389 lV.
1435 1365 1492 1390 139.
1522 1363 1605 1390 Fundi
1626 1365 1772 1400 possessio,
1792 1365 1833 1391 vel
1854 1366 1949 1393 usust'r.

1109 1408 1183 1443 quasi
1202 1417 1275 1444 poss.
1305 1406 1334 1433 fr.
1354 1408 1395 1433 23.
1416 1407 1438 1440 5
1457 1409 1480 1433 2.
1502 1417 1533 1433 ex
1554 1417 1596 1443 qu.
1618 1417 1639 1433 c.
1659 1409 1716 1434 mai.
1737 1410 1760 1434 4.
1781 1409 1803 1434 6.
1825 1409 1855 1435 ct'.
1876 1409 1906 1435 fr.
1925 1412 1949 1436 3.

1108 1451 1129 1484 5.
1151 1452 1189 1476 17.
1211 1450 1242 1476 de
1262 1451 1287 1476 vi
1307 1455 1332 1476 et
1351 1450 1377 1476 vi
1397 1459 1457 1476 arm.
1477 1451 1518 1476 43.
1540 1452 1580 1476 16.
1605 1450 1634 1476 fr.
1654 1453 1678 1476 2.
1703 1451 1724 1484 5
1745 1453 1768 1477 3.
1794 1450 1826 1478 de
1850 1462 1949 1489 precar.

1107 1494 1148 1519 43.
1173 1494 1214 1518 26.
1257 1492 1285 1519 Si
1310 1498 1416 1519 nostrae,
1444 1494 1610 1530 possessioni
1634 1495 1719 1520 iuncta
1748 1494 1855 1520 alterius
1883 1496 1950 1522 iusta

1107 1536 1252 1573 possessio.
1278 1552 1309 1555 —
1335 1536 1364 1562 Si
1388 1536 1510 1562 vitiosam
1535 1535 1628 1561 habeat
1651 1538 1861 1573 possessionem.
1892 1539 1908 1564 i.
1928 1550 1949 1564 e.

1107 1584 1151 1605 aut
1170 1580 1204 1607 vi.
1224 1583 1267 1604 aut
1287 1578 1361 1607 clam.
1381 1583 1424 1604 aut
1443 1579 1560 1615 precario
1575 1578 1606 1604 ab
1621 1578 1770 1605 adversario
1786 1580 1948 1616 adquisitam.

1108 1622 1164 1648 Gai.
1186 1621 1229 1648 lv.
1252 1623 1308 1648 151.
1346 1621 1486 1647 Possessio
1511 1626 1537 1648 et
1560 1623 1694 1658 usucapio.
1719 1622 1748 1648 fr.
1767 1624 1809 1649 31.
1834 1624 1854 1657 5.
1875 1625 1898 1650 3.
1918 1624 1950 1650 de

1107 1675 1197 1701 usurp.
1214 1666 1254 1690 41.
1275 1666 1298 1690 3.
1337 1663 1537 1690 Possessionmn
1558 1680 1587 1684 —
1609 1669 1634 1690 et
1653 1664 1795 1691 dominium
1816 1676 1948 1702 quaerere.

1107 1719 1128 1734 c.
1148 1709 1172 1734 8.
1193 1707 1225 1733 de.
1244 1707 1274 1733 A.
1296 1712 1322 1733 et
1342 1706 1371 1733 R.
1387 1706 1413 1733 P.
1435 1709 1457 1733 7.
1476 1708 1518 1732 32.
1555 1706 1751 1743 Adeiscendae
1769 1710 1949 1746 possessionis

1107 1760 1184 1777 causa
1204 1755 1351 1786 comparata
1371 1749 1519 1781 interdicta,
1542 1748 1584 1775 vel
1603 1750 1764 1781 retinendae.
1783 1751 1825 1778 vel
1845 1762 1950 1789 recupe-

1107 1793 1209 1819 randae.
1230 1792 1287 1818 Gai.
1307 1792 1350 1818 lv.
1374 1794 1429 1818 143.
1450 1801 1509 1828 sqq.
1530 1793 1587 1818 154.
1608 1802 1647 1829 sq.
1668 1793 1699 1820 cf.
1720 1793 1775 1820 Frr.
1796 1795 1879 1821 instit.
1906 1794 1949 1822 Vl-

1107 1837 1185 1872 piani.
1206 1835 1244 1868 55.
1264 1836 1287 1860 6.
1308 1844 1346 1870 sq.
1368 1834 1408 1861 ed.
1422 1835 1572 1861 Endlicher.
1589 1852 1617 1855 —
1641 1836 1671 1868 5⁵.
1686 1838 1774 1863 211.
1795 1838 1949 1865 Detentio

1106 1888 1228 1909 rerum,
1249 1888 1328 1912 quae
1343 1880 1516 1911 praesidio
1541 1881 1770 1912 usucapionis,
1794 1882 1841 1906 vel
1859 1884 1950 1916 longi

1107 1923 1264 1955 temporis
1280 1923 1519 1954 possessionis,
1538 1923 1712 1957 firmatur.
1749 1922 1768 1948 1.
1789 1924 1850 1957 Sy.
1876 1924 1948 1950 Boua

1107 1964 1159 1990 tide
1178 1963 1324 2001 possidere..
1353 1962 1493 1990 Possessio
1513 1965 1588 1990 iusta.
1618 1963 1760 2002 VsucapiO.
1781 1965 1837 1993 Gai.
1858 1967 1886 1993 ΙΙ.
1907 1969 1947 1993 52.

1106 2017 1164 2043 sqq.
1184 2008 1279 2033 91.94.
1301 2016 1340 2042 sq.
1377 2006 1420 2032 Ill.
1433 2008 1499 2034 Cn.
1521 2006 1659 2033 Possessio
1680 2009 1744 2039 eius,
1765 2010 1808 2044 qui
1828 2010 1948 2046 usneapit

1106 2056 1167 2087 (pro
1188 2049 1306 2079 herede.)
1327 2049 1356 2075 fr.
1377 2051 1400 2075 2.
1422 2059 1459 2086 pr.
1480 2060 1528 2086 pro
1549 2050 1652 2076 herede.
1671 2052 1712 2077 41.
1732 2053 1755 2077 5.
1781 2051 1836 2078 Gai.
1858 2052 1886 2078 11.
1907 2055 1946 2079 52.

1106 2092 1147 2119 Ad
1162 2093 1349 2129 usucapionem
1363 2103 1418 2118 eam
1432 2094 1630 2130 possessionem
1646 2108 1675 2112 —
1691 2093 1842 2130 procedere.
1862 2094 1946 2122 f1·.39.

1106 2135 1138 2162 de
1158 2136 1188 2161 A.
1209 2145 1232 2161 v.
1253 2136 1284 2161 A.
1304 2134 1331 2161 P.
1352 2137 1392 2161 41.
1413 2138 1437 2161 2.
1475 2135 1608 2173 Vsucapio
1633 2141 1686 2167 est,
1711 2136 1818 2162 dominii
1843 2137 1947 2174 adeptio

1106 2188 1154 2215 per
1173 2179 1396 2204 continuationem
1415 2180 1604 2216 possessionis,
1624 2180 1683 2205 anni
1703 2178 1745 2205 vel
1761 2179 1866 2206 biennii.
1886 2180 1946 2217 le.

1106 2221 1176 2247 XIX.
1203 2224 1226 2247 8.
1265 2220 1300 2247 Vt
1325 2223 1461 2258 possessio
1486 2232 1538 2247 non
1562 2221 1647 2247 solum
1672 2222 1771 2253 civilis.
1801 2222 1847 2249 sed
1871 2225 1946 2249 etiam

1107 2264 1232 2290 naturalis
1252 2264 1420 2300 intelligatur.
1442 2265 1471 2290 t'r.
1491 2267 1515 2291 2.
1540 2264 1561 2297 5.
1584 2266 1605 2290 l.
1630 2274 1678 2301 pro
1702 2264 1791 2291 hert-d.
1811 2267 1851 2291 41.
1872 2268 1894 2292 5.
1915 2266 1945 2292 cf.

1107 2308 1136 2334 sr.
1150 2310 1173 2333 3.
1194 2308 1270 2341 §.15.
1290 2307 1321 2333 ad
1342 2307 1429 2333 exhib.
1451 2309 1490 2332 10.
1510 2309 1533 2333 4.
1572 2306 1674 2333 Genera
1694 2309 1893 2344 possessionum
1908 2314 1947 2335 tot

1106 2356 1180 2379 sunt.
1201 2355 1266 2386 quot
1285 2355 1309 2375 ct
1329 2360 1422 2375 causae
1442 2349 1609 2385 adquirendi.
1630 2366 1661 2370 -—-
1682 2350 1753 2376 velut
1773 2361 1819 2386 pro
1839 2356 1946 2383 emtore,

1105 2404 1154 2431 pro
1181 2393 1277 2419 donato
1303 2397 1351 2418 etc.
1382 2392 1411 2418 t'r.
1435 2394 1458 2418 3.
1488 2392 1509 2426 5.
1534 2395 1575 2419 21.
1600 2392 1632 2419 de
1656 2393 1686 2419 A.
1710 2403 1733 2419 v.
1758 2393 1788 2418 A.
1814 2392 1841 2418 P.
1861 2395 1901 2420 41.
1921 2396 1944 2419 2.

1107 2436 1219 2463 Causam
1238 2435 1418 2471 possessionis
1438 2436 1565 2461 neminem
1585 2436 1635 2462 sibi
1656 2440 1753 2461 mutare
1773 2445 1860 2472 posse.
1880 2435 1910 2462 fr.
1921 2439 1944 2462 2.

1106 2480 1128 2512 5.
1150 2481 1171 2504 l.
1191 2488 1239 2515 pro
1260 2477 1349 2503 hered.
1368 2479 1408 2503 41.
1429 2479 1453 2503 5.
1468 2478 1499 2504 cf.
1521 2478 1551 2504 fr.
1566 2480 1607 2505 33.
1627 2479 1686 2511 5.1.
1707 2477 1739 2503 de
1759 2488 1846 2514 usurp.
1867 2480 1907 2504 41.
1921 2481 1943 2505 3.

1106 2522 1260 2551 Possessio.
1286 2530 1351 2556 quae
1376 2530 1422 2556 pcr
1446 2520 1551 2557 longum
1576 2526 1678 2557 tempus
1702 2521 1739 2546 fit.
1776 2519 1864 2556 Longa
1884 2526 1946 2548 tem-

1106 2565 1179 2601 poris
1199 2563 1370 2600 possessione
1391 2573 1515 2598 quaerere
1535 2563 1585 2589 sibi
1605 2573 1691 2599 posse.
1712 2562 1741 2588 fr.
1758 2564 1798 2589 16.
1814 2562 1846 2588 de
1866 2563 1945 2591 fundo

1107 2608 1160 2633 dot.
1184 2608 1224 2632 23.
1245 2608 1268 2631 5.
1310 2605 1464 2637 Possidet-e.
1493 2611 1518 2631 et
1547 2616 1594 2642 per
1619 2605 1721 2641 longam
1748 2607 1945 2642 possessionem
1993 2605 1995 2607 ’

1107 2659 1207 2686 capere.
1227 2648 1256 2674 sr.
1275 2650 1299 2674 3.
1320 2649 1341 2682 5.
1361 2650 1402 2675 23.
1424 2648 1455 2674 dc
1474 2649 1504 2674 A.
1525 2659 1548 2674 v.
1570 2649 1599 2674 A.
1620 2647 1647 2673 P.
1667 2650 1709 2674 41.
1728 2650 1752 2674 2.
1773 2648 1803 2674 sr.
1822 2650 1864 2675 33.
1883 2650 1904 2683 5.
1919 2652 1942 2676 2.

1108 2693 1139 2718 dc
1159 2701 1249 2728 usurp.
1269 2693 1310 2718 41.
1329 2693 1353 2718 3.
1375 2709 1404 2712 —
1426 2693 1456 2724 ἓ.
1478 2692 1514 2716 3.
1535 2692 1756 2725 Adprehensio
1774 2701 1878 2718 rerum
1896 2696 1943 2719 ιιΙ-

1107 2737 1226 2767 terius,
1251 2745 1331 2769 quae
1354 2737 1476 2760 decreto
1496 2735 1671 2759 Praetoris
1689 2743 1839 2761 concessa
1857 2737 1942 2761 nobis

1107 2784 1159 2804 est.
1198 2777 1216 2804 1.
1236 2779 1298 2812 sy.
1323 2777 1351 2803 In
1376 2776 1443 2801 hona
1467 2774 1574 2801 alterins
1598 2777 1636 2802 ire
1659 2776 1757 2803 iubere.
1794 2776 1821 2802 In
1842 2787 1943 2814 posses-

1108 2822 1209 2847 sionem
1227 2822 1339 2847 mittere.
1359 2818 1389 2844 fr.
1411 2820 1433 2844 1.
1453 2827 1492 2853 sq.
1514 2818 1565 2853 Qu.
1586 2829 1617 2845 cx
1638 2829 1658 2845 c.
1678 2820 1705 2845 in
1723 2829 1796 2857 poss.
1815 2821 1855 2845 42.
1874 2822 1896 2845 4.
1912 2819 1941 2845 cf.

1445 2861 1501 2886 92*
