2197 3121
1002 157 1107 188 MED.

184 244 309 270 solitus.
348 242 365 269 1.
387 244 448 277 Sy.
473 242 552 269 Medii
572 246 644 268 actus
665 240 750 266 homo.
778 238 807 265 fr.
828 240 868 264 15.
888 239 908 272 5.
929 240 970 265 44.
991 238 1023 265 de
1045 241 1046 255 ³

183 286 260 311 iniur.
279 286 321 311 47.
343 287 383 311 10.
403 286 424 318 5.
446 287 468 312 7.
489 285 507 311 I.
528 284 585 311 eod.
604 286 628 309 4.
649 284 671 309 4.
709 281 739 308 11.
760 283 827 315 Op.
849 281 960 308 Artifex.
981 281 1022 308 Cf.

183 327 208 354 h.
233 338 255 354 V.
280 328 345 361 51.
386 327 429 354 ΙΙΙ.
450 329 516 355 Gn.
540 326 677 361 VulgariS,
706 324 749 351 vel
772 323 944 350 mediastinus
969 326 1022 357 (sc.
1044 317 1046 347 l

183 371 302 402 servus3)
318 386 349 389 ——
364 369 545 406 qualisqualis,
556 385 588 389 —
603 367 766 405 compeditus
781 372 828 393 etc.
844 366 874 392 fr.
891 368 930 393 15.
945 367 966 400 5.
981 369 1022 393 44.
1044 380 1046 400 ,¹

183 412 201 438 l.
220 414 261 438 47.
284 414 323 439 10.
361 412 448 450 Opera
472 411 621 438 mediastini
644 410 728 446 fungi.
749 425 782 429 —
805 405 896 446 utputa
916 410 1022 440 atriarii,
1044 407 1045 421 ¹

184 459 210 481 et
229 454 328 486 focarii,
349 460 374 481 et
392 455 433 481 his
453 454 562 481 similes.
583 454 612 480 fr.
629 456 650 480 l.
671 454 691 487 5.
711 455 734 479 5.
753 457 822 479 naut.
843 462 917 489 caup.
937 454 960 478 4.
981 454 1004 478 9.

219 499 418 525 Mediator.
438 499 687 528 Internuneius,
708 499 885 530 sequester.
906 495 1022 522 luen.

184 540 238 575 Qui
257 541 381 578 pecunias
405 541 550 577 accipiunt,
575 539 617 565 vel
643 543 790 576 praestant,
815 542 841 564 et
863 537 1023 564 mediatores
1045 543 1046 570 j

184 593 281 609 corum.
313 582 359 609 Iul.
384 593 424 620 ep.
449 593 508 609 nov.
535 593 556 609 c.
577 584 634 608 115.
658 582 695 616 55.
716 583 775 608 430.
799 582 858 607 452.
879 580 911 606 cf.
940 591 961 607 c.
981 581 1023 607 83.
1044 575 1047 599 ¹

183 626 205 658 §.
224 627 283 652 329.
779 624 780 631 ¹

218 668 381 695 Medica.
418 667 460 694 Cf.
480 678 503 694 v.
524 667 650 694 Medicus.

218 711 469 738 medicamen.
508 712 786 739 Medicamentum.
823 708 865 735 Ill.
887 710 952 736 Cn.
975 708 1025 735 Po-

183 753 262 779 tionis
288 752 403 784 oblatio,
431 752 475 779 vel
500 753 677 780 medicaminis
702 751 785 783 datio,
814 751 856 778 vel
880 752 1023 789 impositio.

183 805 204 822 c.
224 796 266 821 28.
285 805 324 832 pr.
345 796 377 822 de
396 800 498 822 testam.
518 798 541 822 6.
561 797 603 822 23.
640 795 825 827 Medicameu,-
840 794 910 831 quod
935 794 967 820 ad
986 804 1025 820 sa-

182 837 263 864 lutem
283 838 396 864 hominis
420 838 463 865 vel
487 838 519 865 ad
538 837 680 865 remedium
699 837 788 864 datum
812 842 873 864 erat.
898 836 971 863 Paul.
991 836 1023 864 V.
1046 861 1048 868 ,

181 882 224 906 23.
242 881 263 914 ς.
286 883 325 908 19.

221 923 606 955 Medicamentarius,
668 923 1023 950 Medicamentum.
1045 935 1047 943 ‹

186 967 376 1001 Veneficus,
396 968 561 1003 Venefica.
598 966 641 993 111.
661 968 727 994 Cn.
748 966 776 992 Si
796 965 962 997 homicidam,
981 965 1024 992 vel

181 1008 439 1036 medicamentarium
458 1025 490 1029 —
517 1010 653 1042 (maritum
673 1019 749 1036 suum
768 1019 827 1035 esse
846 1009 1023 1046 probaverit.)

181 1065 215 1070 -
234 1051 263 1077 Si
283 1051 429 1083 moecham,
458 1050 501 1077 vel
519 1051 784 1083 medicamentariam,
804 1051 846 1078 vel
866 1051 1024 1078 conciliatri-
1045 1074 1047 1079 .

183 1104 239 1120 cem
253 1094 405 1131 (repudiare.
418 1093 552 1127 voluerit.)
573 1094 622 1121 Th.
634 1094 665 1121 C.
675 1095 718 1121 III.
730 1096 770 1121 16.
791 1105 812 1121 c.
824 1096 848 1120 1.
868 1094 901 1120 de
914 1094 1005 1131 repud.

216 1137 551 1164 Medicamentum.
592 1140 791 1169 Remedium,
816 1140 1024 1172 quodcunque
1045 1153 1047 1162 .=

181 1182 221 1206 ad
237 1182 413 1206 curandum
434 1181 575 1214 aliquem
598 1182 712 1212 datur,
738 1187 794 1208 aut
814 1187 847 1206 ut
866 1182 894 1206 ei
912 1190 1024 1206 nocea-

181 1229 242 1249 tur.
278 1221 297 1248 I.
312 1223 373 1256 Sy.
394 1221 489 1254 Omne,
509 1222 580 1258 quod
600 1222 753 1255 adhibitum.
773 1228 891 1249 naturam
905 1224 969 1254 eius.
983 1224 1025 1249 cui
1045 1220 1047 1252 ζ

181 1264 327 1291 adhibitum
352 1269 437 1296 esset.
461 1270 552 1291 mutat.
578 1265 608 1291 fr.
627 1267 686 1292 236.
705 1276 745 1303 pr.
770 1265 802 1292 de
822 1265 853 1292 V.
873 1265 901 1292 S.
921 1268 962 1292 50.
984 1267 1023 1292 16.
1045 1274 1046 1290 ς

179 1307 226 1339 Ea,
246 1317 313 1344 quae
332 1312 437 1333 nocent.
461 1307 558 1334 Malum
577 1318 714 1335 venenum.
738 1308 834 1335 Malum
853 1309 1025 1335 medicamen-

179 1355 241 1376 tum.
266 1350 297 1376 fr.
317 1351 339 1376 4.
365 1350 386 1383 5
407 1352 430 1376 1.
451 1349 508 1376 sam.
535 1352 627 1377 ercisc.
649 1353 688 1378 10.
708 1354 731 1377 2.
756 1351 786 1378 fr.
809 1354 829 1378 l.
855 1352 877 1385 5.
900 1354 924 1379 1.
950 1352 979 1378 sr.
998 1353 1022 1378 3.

179 1394 216 1427 55.
238 1395 259 1419 1.
280 1403 320 1429 sq.
346 1392 378 1419 ad
397 1392 427 1418 L.
449 1392 530 1419 Corn.
551 1393 583 1420 de
607 1395 682 1420 sicar.
708 1396 748 1421 48.
769 1398 794 1420 ὅ.
818 1394 847 1421 fr.
868 1396 926 1421 236.
947 1405 985 1432 pr.
1006 1394 1021 1421 l.
1045 1421 1046 1426 ¹

178 1438 220 1462 50.
247 1437 286 1462 16.
324 1435 365 1462 111.
392 1437 458 1463 Gn.
488 1435 628 1468 Theriaca..
653 1442 678 1463 et
702 1442 802 1464 caetera
826 1438 1022 1464 niedicatiienta.

179 1478 210 1505 fr.
231 1480 271 1504 12.
291 1478 313 1512 5.
333 1480 374 1504 41.
400 1478 432 1504 de
456 1479 531 1505 instr.
551 1479 599 1515 leg.
619 1482 660 1506 33.
682 1482 706 1506 7.
743 1480 862 1515 Collyria
883 1485 907 1506 et
928 1480 1023 1517 empla-

179 1526 242 1553 stra,
263 1527 288 1548 et
307 1521 447 1558 adparatus
467 1523 551 1548 omnis
571 1523 796 1549 conficiendorum
821 1523 1023 1549 medicamento·
1044 1549 1045 1552 ,

178 1574 244 1590 rum.
264 1563 336 1590 Paul.
356 1564 398 1590 111.
413 1565 436 1590 6.
457 1564 478 1597 5.
493 1566 534 1590 62.
555 1564 585 1590 ct'.
607 1564 663 1592 Gai.
683 1566 714 1592 II.
736 1568 775 1592 79.
813 1565 978 1597 Antidotum,
998 1571 1023 1592 et
1044 1559 1045 1591 J

180 1606 228 1632 alia
257 1602 383 1642 quaedam
407 1606 521 1633 salubria
545 1607 741 1635 medicamenta.
771 1608 801 1634 fr.
824 1609 866 1634 35.
895 1609 916 1642 5.
941 1612 966 1635 2.
991 1609 1023 1635 de
1044 1619 1046 1629 π’

181 1653 263 1675 contr.
285 1654 344 1675 emt.
361 1650 399 1675 18.
420 1651 443 1675 l.
472 1649 609 1677 Venenum
628 1661 677 1688 pro
696 1651 886 1678 medicamento
906 1651 975 1678 dare.
992 1669 1020 1673 —

180 1690 396 1718 Medicamentum
420 1702 468 1729 pro
495 1703 596 1719 veneno
621 1694 719 1721 bibere.
749 1694 778 1721 fr.
801 1696 822 1720 7.
848 1694 869 1728 5.
889 1696 912 1721 6.
938 1695 969 1721 ad
992 1694 1022 1722 L.

180 1734 249 1770 ΑΨ..
269 1736 293 1760 9.
312 1736 336 1761 2.
356 1734 386 1761 fr.
408 1737 430 1761 1.
451 1735 473 1769 ς.
495 1737 516 1762 1.
537 1736 567 1763 fr.
590 1738 629 1763 17.
650 1738 686 1771 §s
707 1731 730 1763 ’4.
750 1738 774 1763 6.
795 1737 824 1763 fr.
844 1738 886 1763 23
906 1738 927 1771 ξ.
946 1740 970 1763 3.
991 1738 1023 1764 de
1044 1755 1046 1759 .

180 1776 266 1803 Aedil.
282 1776 358 1803 edict.
372 1780 413 1804 21.
430 1780 451 1804 1.
477 1778 530 1814 Qui
549 1780 575 1805 in
595 1779 730 1816 publicum
751 1779 815 1806 mala
835 1780 1022 1806 medicamenta
1044 1778 1045 1808 Ξ

179 1819 341 1851 vendiderit.
366 1820 408 1846 vel
432 1821 545 1848 hominis
571 1822 681 1848 necandi
701 1832 777 1848 causa
797 1821 924 1848 habuerit.
949 1823 978 1849 l'r.
997 1825 1021 1849 3.

179 1862 202 1895 5.
224 1864 245 1888 1.
271 1861 303 1888 ad
326 1861 356 1888 L.
382 1862 463 1889 Corn.
487 1864 519 1890 de
543 1865 618 1890 sicar.
641 1866 683 1890 48.
703 1866 727 1890 8.
769 1864 888 1890 Adversa
912 1865 1022 1891 medica-
1044 1857 1045 1875 l

179 1909 265 1931 menta
286 1904 426 1938 (inferre.)
447 1906 477 1932 fr.
497 1908 520 1932 3.
541 1906 573 1932 de
593 1912 658 1933 extr.
680 1918 753 1943 cogn.
774 1910 814 1933 50.
837 1909 876 1934 13.
914 1908 943 1934 Si
963 1910 1021 1944 quis

179 1952 292 1974 mentem
311 1947 421 1974 alicuius
441 1948 645 1983 medicamento,
670 1949 755 1976 aliove
775 1960 839 1986 quo.
860 1950 1020 1977 alienaverit.

180 1990 210 2016 fr.
228 1992 267 2016 15.
288 2000 326 2027 pr.
352 1990 385 2016 de
409 1991 485 2018 iniur.
506 1993 547 2018 47.
568 1994 608 2018 10.
646 1992 864 2019 Medicamentum
888 1994 963 2025 dare,
990 2004 1021 2020 ne
1043 1992 1044 2019 l

180 2034 338 2070 conciperet.
377 2032 483 2060 Partum
506 2034 556 2060 sibi
581 2034 777 2062 medicamentis
801 2036 912 2072 abigere.
942 2037 972 2063 sr.
997 2040 1020 2063 3.
1043 2034 1044 2063 J

180 2075 201 2107 5.
224 2076 261 2101 16.
283 2075 315 2101 de
334 2076 451 2102 statulib.
471 2078 512 2102 40.
533 2079 555 2103 7.
577 2077 605 2104 fr.
625 2079 666 2104 39.
688 2078 719 2104 de
738 2088 814 2115 poen.
835 2081 875 2105 45.
898 2081 937 2106 19.
1042 2113 1043 2116 Ἴ

215 2118 419 2145 Medicina.
456 2120 486 2153 §0
506 2121 540 2147 l.
567 2122 628 2147 Ars
647 2124 795 2148 medendi.
833 2122 876 2148 111.
894 2124 960 2149 Cn·
979 2122 1022 2149 Li·
1042 2121 1044 2137 ³

180 2159 279 2192 bertus,
299 2162 344 2197 qui
363 2161 518 2188 medicinam
539 2168 652 2195 exercet,
672 2174 693 2190 s.
713 2164 782 2190 sacit.
804 2164 834 2190 fr.
846 2167 887 2191 26.
902 2175 942 2202 pr.
965 2166 986 2199 5.
1000 2168 1021 2192 l.
1042 2159 1044 2177 l

182 2202 211 2228 sr.
232 2204 275 2228 27.
298 2203 329 2229 de
349 2214 420 2241 oper.
440 2204 525 2231 libert.
546 2207 587 2232 35.
610 2208 631 2231 1.
670 2206 816 2239 obstetrix.
837 2224 869 2227 -
890 2218 955 2244 quae
975 2210 1022 2235 uti·
1042 2216 1044 2222 ⁸

183 2256 232 2282 quc
255 2245 407 2273 medicinam
431 2248 556 2274 exhibere
581 2249 693 2275 videtur.
717 2250 747 2276 fr.
769 2252 790 2276 1.
818 2251 855 2284 55.
875 2254 898 2277 2.
924 2261 963 2287 sq.
990 2251 1022 2277 de

183 2293 248 2315 extr.
269 2298 342 2324 cogn.
353 2291 394 2317 50.
409 2292 447 2317 13.
462 2307 489 2310 —
515 2292 545 2324 ἕ.
558 2293 592 2318 2.
614 2293 754 2319 Curatio
774 2295 874 2328 aegri.
900 2293 942 2320 111.
955 2295 1021 2321 (7²1.

181 2331 312 2357 Alimenta
326 2338 470 2368 praestare,
490 2339 516 2360 et
529 2334 673 2361 medicinae
688 2336 743 2361 eius
757 2345 917 2363 succurrere.
937 2337 967 2363 fr.
979 2340 1020 2364 22.

181 2375 203 2407 5.
215 2378 239 2400 ὅ.
254 2373 302 2400 sol.
317 2375 426 2401 matrim.
440 2378 481 2402 24.
497 2379 521 2403 3.
538 2393 569 2396 —
590 2378 620 2410 ξ.
636 2379 673 2404 3.
693 2380 889 2410 Remedium,
909 2382 1019 2406 Emen-

181 2419 283 2443 datio.
320 2416 336 2443 Ι,
354 2418 415 2450 Sy.
436 2417 614 2446 Correctiouis
634 2420 770 2447 medicina.
795 2421 950 2448 Emendatio
964 2422 1021 2455 (do-

182 2460 315 2491 mestica.)
343 2459 392 2485 Th.
418 2459 448 2486 C.
472 2460 516 2487 IX.
541 2464 580 2489 13.
605 2474 626 2489 c.
649 2465 669 2490 l.
697 2463 729 2489 de
753 2463 853 2490 emend.
878 2466 1020 2501 propinqu.

181 2502 343 2528 Remedium.
364 2502 431 2528 Nov.
446 2501 495 2528 Th.
510 2503 539 2530 ll.
560 2505 591 2531 de
610 2506 676 2532 amb.
696 2511 722 2532 et
742 2506 790 2533 loc.
806 2506 858 2532 lim.
873 2506 890 2532 I.
905 2508 945 2532 24.
961 2518 981 2534 c.
997 2510 1020 2534 l.
1042 2519 1043 2544 i

181 2555 221 2582 pr.
259 2545 301 2571 III.
324 2546 389 2572 Cn.
418 2545 574 2572 Adhibenda
598 2554 638 2574 est
657 2554 808 2586 competens
829 2549 967 2581 medicina,
992 2555 1021 2577 ut
1042 2545 1043 2564 ³

182 2593 230 2614 etc.
260 2587 310 2613 Th.
331 2587 361 2614 C.
382 2587 425 2614 VI.
445 2590 486 2614 27.
512 2599 532 2614 c.
554 2590 593 2615 18.
618 2590 650 2617 de
673 2597 754 2628 agent.
775 2593 800 2618 iu
821 2592 874 2618 reb.
912 2592 1020 2620 Publica
1042 2588 1043 2591 Ἴ

181 2631 278 2657 tributa
299 2631 392 2666 exigat.
407 2646 438 2650 ——
452 2632 552 2667 privata
573 2631 663 2659 damna
681 2635 809 2661 medicina
827 2645 873 2662 sua
888 2637 1019 2662 resarciat.

181 2673 228 2699 Iul.
250 2683 289 2710 ep.
310 2683 369 2698 nov.
390 2683 411 2699 c.
432 2675 472 2699 95.
493 2674 513 2707 5.
534 2675 593 2700 356.

217 2716 399 2746 Medione,
420 2717 581 2743 Medica.
614 2717 729 2752 (Subst.)
765 2722 857 2747 Artis
877 2724 1020 2748 medendi
1040 2743 1041 2759 ἢ

182 2761 323 2792 peritus,
340 2761 501 2792 periture.
537 2759 554 2785 I.
576 2761 637 2794 Sy.
657 2760 711 2795 Qui
729 2763 882 2790 medicinam
902 2764 1017 2791 exhibet.
1040 2765 1041 2774 ¹

184 2810 204 2827 s.
224 2801 292 2828 facit.
313 2801 342 2827 fr.
362 2802 402 2827 26.
423 2812 460 2838 pr.
481 2801 511 2827 fr.
530 2804 570 2828 27.
592 2803 624 2829 dc
644 2813 714 2839 oper.
735 2803 820 2831 libert.
839 2807 880 2832 38.
902 2809 923 2832 l.
944 2807 973 2833 fr.
996 2809 1016 2833 1.
1040 2817 1041 2832 1

1068 538 1100 563 11.
1122 538 1209 564 Aedu.
1233 537 1310 564 edict.
1334 539 1376 563 21.
1398 539 1420 563 1.

1045 1173 1047 1181 ’
1069 1178 1099 1205 sr.
1119 1180 1142 1205 6.

1845 159 1907 188 575

1069 240 1105 272 55.
1127 240 1148 265 1.
1168 248 1226 275 sqq.
1247 238 1279 265 de.
1299 244 1362 265 extr.
1384 248 1457 275 cogn.
1478 241 1518 266 50.
1540 240 1580 265 13.
1619 239 1772 265 Obstetrix.
1798 238 1905 264 Modica.

1068 281 1179 318 Iuterpr.
1203 281 1234 307 ad
1258 281 1330 307 Paul.
1351 281 1381 307 11.
1402 284 1441 308 24.
1467 283 1488 315 5.
1509 284 1532 309 8.
1570 281 1612 308 111.
1636 284 1701 310 su.
1722 281 1838 308 Medicus
1857 281 1906 307 sor-

1068 329 1137 351 tasse
1158 325 1216 361 quis
1236 325 1346 361 accipiet
1371 325 1447 350 etiam
1468 335 1526 356 eos,
1552 326 1596 361 qui
1621 324 1730 352 alicuius
1751 326 1833 361 partis
1853 333 1908 350 cor·

1067 368 1148 404 poris,
1167 366 1209 393 vel
1229 368 1292 394 certi
1312 366 1412 393 doloris
1433 369 1570 394 sanitatem
1588 367 1760 405 pollicentur3
1780 371 1871 403 utputa
1885 367 1907 392 si

1067 410 1246 442 auricularius,
1266 410 1288 435 si
1308 408 1420 437 fistulae.
1440 409 1483 436 vel
1503 410 1627 436 dentium.
1648 410 1678 436 fr.
1698 412 1719 436 l.
1740 410 1760 443 5.
1780 412 1804 436 3.
1826 409 1857 435 cf.
1877 408 1907 435 l'r.

1044 468 1045 484 3
1066 454 1090 478 3.
1110 452 1127 478 l.
1152 452 1168 478 l.
1194 455 1234 479 50.
1256 453 1296 478 13.
1333 451 1362 478 Si
1386 461 1437 477 non
1463 451 1582 478 adhibuit
1606 453 1747 484 medicum,
1771 457 1799 479 ut
1823 452 1908 478 sanari

1067 497 1161 532 possit,
1181 495 1223 522 vel
1243 494 1337 521 malum
1351 494 1479 525 adhibuit,
1500 495 1547 521 sed
1562 495 1637 532 culpa
1651 506 1704 522 sua.
1725 495 1754 522 fr.
1769 497 1810 521 31.
1830 496 1851 528 5.
1869 497 1907 520 iz.

1465 536 1494 563 Si
1517 537 1634 564 medicus
1659 548 1762 565 servum
1787 538 1908 575 imperite

1068 582 1189 607 secuerit.
1201 597 1233 600 —
1253 580 1282 607 Si
1301 580 1490 607 medicamento
1507 590 1643 617 perperam
1657 592 1720 608 usus
1735 581 1819 608 fuerit.
1840 580 1870 607 fr.
1885 582 1907 606 7.

1046 646 1047 651 .
1068 623 1090 656 5.
1110 624 1132 650 8.
1154 623 1184 649 fr.
1204 625 1227 650 8.
1248 633 1287 660 pr.
1308 622 1339 649 ad
1358 622 1387 649 L.
1407 622 1476 659 Aqu.
1496 624 1520 649 9.
1540 625 1563 649 2.
1584 624 1615 649 cl.
1636 624 1666 650 fr.
1686 625 1709 650 6.
1730 625 1750 657 5.
1769 626 1792 650 7.
1812 624 1845 650 de
1864 623 1908 649 off.

1069 665 1156 692 Praes.
1178 667 1199 692 l.
1222 667 1261 692 18.
1281 666 1310 692 sr.
1329 667 1353 692 3.
1374 665 1406 691 de
1425 670 1490 691 extr.
1511 675 1584 701 cogn.
1603 668 1645 693 50.
1667 668 1706 693 13.
1727 666 1860 693 CultLL.
1874 665 1907 692 M.

1068 708 1125 734 ΧΠ.
1146 710 1168 734 7.
1206 708 1258 735 tbi
1278 710 1336 745 quis
1355 709 1455 735 incuria
1474 712 1581 734 necatus
1601 714 1654 738 est.
1674 709 1716 735 vel
1735 709 1829 735 medici
1848 709 1909 735 insi-

1069 751 1127 777 diis.
1153 751 1182 778 sr.
1203 754 1227 777 5.
1252 752 1273 785 5.
1293 753 1317 778 3.
1338 751 1370 778 de
1389 751 1455 777 S.C.
1476 750 1558 778 Silan.
1577 754 1617 779 29.
1637 754 1661 778 5.
1682 752 1711 778 sr.
1733 754 1772 778 14.
1792 753 1813 785 5.
1834 753 1856 778 7.
1876 751 1909 778 de

1069 793 1129 820 bon.
1154 794 1241 821 libert.
1260 796 1302 821 38.
1322 796 1346 820 2.
1384 793 1519 820 Mercedes
1543 794 1652 821 medIcis
1675 796 1828 832 praestitae,
1852 804 1909 820 cae-

1069 841 1175 873 teraque
1194 837 1339 874 impendia,
1365 846 1430 872 quae
1454 837 1480 863 iu
1500 838 1634 863 curatione
1653 837 1719 864 facta
1739 842 1807 864 sunt.
1835 837 1864 863 fr.
1884 839 1908 863 7.

1069 879 1101 905 de
1120 879 1145 906 l1.
1165 889 1207 915 qu.
1228 880 1308 906 deiee.
1329 881 1352 906 9.
1366 881 1390 905 3.
1412 879 1441 906 fr.
1462 882 1503 906 52.
1523 880 1544 913 5
1566 881 1589 906 4.
1609 890 1657 917 pro
1677 890 1730 907 soc.
1746 882 1785 906 17.
1799 883 1823 906 2.
1850 879 1908 906 Phi-

1069 921 1183 959 losophi,
1204 927 1229 948 et
1248 922 1356 953 medici,
1377 927 1402 947 et
1420 922 1554 953 rhetores,
1575 927 1601 949 et
1619 924 1791 959 grammatici,
1812 922 1907 959 quibus

1068 975 1115 1001 per
1143 965 1209 991 hauc
1236 964 1428 1002 professionem
1456 966 1605 991 immunitas
1634 965 1689 992 dari
1717 966 1794 992 solet.
1826 965 1908 991 vatic.

1069 1008 1089 1041 5.
1111 1009 1167 1034 149.
1188 1007 1218 1034 fr.
1239 1009 1262 1034 6.
1282 1008 1318 1042 55.
1340 1009 1362 1033 1.
1382 1017 1440 1043 sqq.
1462 1007 1494 1034 de
1515 1011 1734 1035 excusatt.27.1.
1755 1009 1786 1035 sr.
1807 1011 1828 1035 l.
1848 1009 1870 1042 5.
1887 1009 1908 1033 l.

1069 1050 1101 1076 dc
1121 1055 1185 1076 extr.
1206 1060 1279 1087 cogn.
1299 1052 1340 1076 50.
1362 1052 1401 1076 13.
1440 1050 1547 1082 Medici.
1572 1052 1744 1087 grammatici,
1764 1056 1790 1077 et
1808 1050 1909 1088 profes-

1046 1104 1047 1132 }
1069 1103 1144 1119 sores
1165 1093 1207 1119 alii
1228 1084 1381 1119 litteral-iim.
1403 1092 1452 1118 Th.
1473 1093 1503 1120 C.
1523 1094 1592 1121 XIll.
1611 1097 1635 1121 3.
1656 1106 1677 1121 c.
1699 1097 1720 1120 1.
1742 1105 1762 1121 c.
1782 1096 1806 1120 3.
1827 1104 1847 1120 c.
1869 1094 1908 1119 16.

1068 1146 1107 1172 sq.
1129 1135 1160 1162 de
1179 1136 1272 1163 medic.
1293 1141 1317 1163 et
1338 1135 1404 1172 pros.
1426 1135 1517 1172 Optio,
1537 1137 1727 1169 valetudinarii.
1747 1137 1840 1163 medici
1860 1140 1908 1162 etc.

1168 1179 1199 1205 de
1223 1180 1278 1205 iure
1302 1180 1408 1204 immun.
1432 1181 1473 1205 50.
1493 1180 1516 1205 6.
1553 1179 1664 1206 Militum
1688 1179 1790 1206 medici.
1818 1178 1848 1205 fr.
1866 1180 1908 1205 33.

1069 1222 1090 1255 5.
1104 1224 1128 1247 ⁴2.
1149 1232 1180 1248 ex
1200 1232 1242 1258 qu.
1263 1232 1284 1248 c.
1300 1222 1358 1247 mai.
1372 1223 1395 1247 4.
1410 1222 1475 1250 6.,(3.
1492 1224 1513 1248 1.
1534 1222 1566 1248 (le
1585 1223 1651 1259 prof.
1672 1228 1697 1249 et
1710 1222 1802 1249 medic.
1818 1224 1856 1247 10.
1867 1223 1908 1247 52.

1103 1265 1285 1292 Medicus.
1305 1264 1433 1297 (Adiect.)
1473 1267 1608 1292 Sonans.
1646 1265 1688 1292 Ill.
1706 1267 1771 1293 Cn.
1791 1265 1866 1300 Quos
1886 1265 1908 1290 si

1045 1299 1047 1335 l
1069 1307 1100 1333 ad
1119 1308 1257 1333 sanitatem
1276 1308 1372 1333 mentis
1392 1308 1509 1343 egregiae
1529 1307 1585 1344 lege
1604 1308 1703 1334 medica
1727 1318 1849 1334 revocare
1869 1317 1909 1333 co-

1068 1360 1166 1377 nemur.
1186 1350 1253 1376 Nov.
1274 1349 1323 1376 Th.
1344 1349 1376 1376 de
1395 1350 1450 1376 Iud.
1470 1350 1488 1377 I.
1508 1352 1532 1377 6.
1554 1361 1574 1377 c.
1596 1353 1617 1378 l.
1638 1352 1659 1385 5.
1681 1353 1702 1377 l.

1102 1394 1238 1420 Medic.
1259 1392 1371 1426 (Advb.)
1400 1395 1571 1421 Moderate.
1610 1393 1652 1420 Ill.
1673 1395 1739 1421 Cn.
1759 1393 1845 1420 Mcdie
1865 1394 1909 1426 igi-

1067 1441 1109 1462 tur
1128 1436 1191 1462 haec
1210 1447 1223 1462 a
1243 1436 1328 1462 iudice
1353 1441 1429 1462 eruut
1448 1436 1620 1473 dispicienda,
1641 1442 1669 1464 ut
1688 1442 1737 1463 etc.
1767 1436 1796 1463 l'r.
1815 1439 1856 1462 25.
1877 1436 1909 1462 d«-

1067 1480 1136 1516 pign.
1160 1484 1208 1505 act.
1230 1481 1270 1505 13.
1291 1480 1313 1505 7.

1102 1523 1299 1549 Bledietas.
1337 1522 1367 1555 ξ.
1389 1522 1423 1548 l·
1444 1522 1635 1548 Dimidium.
1674 1522 1691 1548 1.
1713 1524 1774 1556 Sy.
1794 1522 1908 1548 Dimidia

1066 1575 1136 1602 pars.
1165 1564 1215 1591 Th.
1236 1565 1267 1591 C.
1288 1564 1343 1590 VII.
1363 1565 1386 1591 8.
1416 1574 1436 1590 e.
1458 1566 1498 1590 16.
1524 1565 1588 1598 5.1.
1610 1564 1641 1591 de
1665 1570 1752 1591 metat.
1789 1565 1819 1591 Il.
1841 1567 1908 1598 (Dp.

1068 1607 1196 1639 solidum.
1216 1607 1354 1643 Integrum.
1373 1607 1410 1633 ΙΙ).
1430 1607 1463 1633 X.
1485 1608 1524 1633 18.
1545 1618 1566 1634 c.
1588 1610 1610 1634 1.
1632 1618 1652 1634 c.
1672 1611 1696 1634 2.
1717 1609 1738 1642 5.
1760 1609 1781 1634 l.
1803 1607 1835 1633 de
1855 1607 1909 1633 the-

1044 1641 1045 1652 l
1067 1661 1137 1677 saur.
1166 1650 1232 1676 Nov.
1253 1649 1310 1676 Val.
1330 1649 1372 1676 III.
1398 1649 1430 1676 de
1450 1651 1528 1687 episc.
1550 1650 1601 1676 iud.
1621 1650 1651 1676 ll.
1671 1653 1711 1676 35.
1737 1661 1758 1676 c.
1779 1652 1801 1675 1.
1826 1651 1847 1683 5.
1868 1652 1908 1676 lO.

1067 1693 1109 1720 111.
1124 1695 1190 1721 Gn·
1210 1693 1377 1720 Medietatem
1397 1698 1574 1729 consequatur
1586 1694 1686 1719 inventi
1707 1696 1755 1725 (sc.
1771 1692 1907 1724 thesauri.)

1067 1736 1176 1763 alterum
1196 1736 1295 1762 tantum
1320 1736 1377 1761 sisci
1402 1736 1548 1762 rationibus
1572 1735 1664 1762 tradat.
1695 1735 1743 1762 Th.
1764 1735 1794 1762 C.
1814 1736 1846 1761 X.
1868 1736 1908 1761 18.

1068 1789 1088 1805 c.
1111 1781 1132 1805 l.
1152 1778 1168 1804 1.
1206 1778 1371 1805 Medietatem
1391 1780 1521 1815 portionis
1541 1788 1602 1804 suae
1622 1778 1690 1805 dare.
1712 1777 1778 1804 Nov.
1794 1777 1851 1804 Val.
1866 1777 1906 1804 111.

1044 1812 1045 1852 l
1067 1821 1083 1847 l.
1104 1821 1120 1847 l.
1158 1820 1279 1847 Summae
1298 1821 1424 1848 medietas
1445 1824 1471 1855 (a
1491 1821 1601 1857 singulis
1622 1821 1791 1854 conseratur.)
1811 1820 1859 1847 Th.
1877 1820 1907 1847 C.

1067 1864 1110 1890 VI.
1130 1865 1154 1890 4.
1175 1874 1195 1890 c.
1214 1866 1256 1890 25.
1276 1864 1341 1898 51.
1361 1864 1394 1890 de
1413 1864 1498 1891 Praet.
1519 1869 1544 1890 et
1564 1864 1616 1899 Qu.
1637 1880 1669 1883 —
1695 1864 1726 1896 §0
1743 1865 1778 1890 2.
1800 1865 1918 1901 Media¹

1044 1903 1045 1941 l
1067 1909 1170 1938 ratio.
1189 1908 1489 1941 Temperamentum.
1515 1907 1532 1933 I.
1545 1908 1607 1941 Sy.
1627 1906 1760 1933 Moderata
1780 1907 1906 1933 delinitio.

1066 1949 1103 1976 Ib.
1123 1949 1151 1976 Il.
1171 1951 1212 1976 33.
1233 1960 1256 1976 c.
1272 1952 1294 1976 4.
1316 1950 1348 1976 de
1367 1960 1437 1977 usur.
1475 1949 1517 1976 ΙΙΙ.
1531 1951 1596 1977 Cn.
1616 1949 1746 1985 Pagauum
1766 1950 1906 1986 peculium,

1066 1992 1107 2019 vel
1133 1997 1279 2023 castrense,
1305 1992 1362 2025 vel,
1392 1993 1462 2029 quod
1488 1992 1653 2019 medietatem
1678 1994 1745 2019 inter
1769 1998 1907 2028 utrumque

1067 2036 1182 2067 obtinet,
1203 2036 1295 2072 (quasi
1315 2038 1474 2067 castrense.)
1501 2046 1520 2061 c.
1541 2037 1582 2061 37.
1602 2046 1640 2072 pr.
1662 2035 1693 2062 de
1712 2036 1784 2061 inoff.
1805 2039 1906 2061 testam.

1042 2091 1044 2112 ;
1065 2081 1088 2105 3.
1108 2079 1149 2105 28.
1187 2078 1303 2105 Honesta
1323 2080 1373 2111 (sc.
1393 2078 1463 2111 dos,)
1484 2080 1499 2104 i.
1520 2089 1541 2104 e.
1562 2089 1647 2114 neque
1666 2079 1730 2104 satis
1749 2077 1859 2108 modica.
1874 2094 1905 2097 -—

1066 2132 1150 2158 neque
1170 2123 1233 2148 satis
1254 2121 1399 2152 immodica,
1416 2138 1446 2141 —
1468 2121 1515 2148 sed
1534 2121 1681 2147 medietatis
1701 2120 1835 2147 cuiusdam
1854 2130 1906 2146 mo-

1066 2164 1200 2191 deratione
1224 2165 1358 2191 honorata.
1386 2164 1434 2190 Iul.
1454 2175 1494 2201 ep.
1515 2174 1573 2190 nov,
1600 2174 1620 2190 c.
1640 2165 1681 2190 37.
1706 2164 1806 2197 5164.
1844 2163 1906 2189 Pru-

1066 2207 1214 2234 dentissimi
1244 2208 1307 2233 iuris
1331 2212 1451 2233 auctores
1480 2206 1645 2233 medietatem
1670 2206 1799 2243 quandam
1823 2207 1903 2232 secuti

1065 2255 1134 2277 sunt.
1155 2250 1185 2276 sr.
1204 2252 1228 2276 3.
1249 2251 1271 2276 si
1290 2260 1351 2287 pars
1375 2249 1463 2276 hered.
1484 2254 1536 2286 pet.
1557 2251 1580 2275 5.
1601 2251 1624 2275 4.

1100 2293 1314 2320 Melliflcris.
1338 2295 1476 2320 Medium
1496 2299 1618 2324 tenens,
1636 2293 1789 2319 Modicus.
1811 2291 1827 2317 1.
1843 2292 1903 2324 Sy.

1065 2336 1200 2371 Augustus
1220 2336 1332 2368 (houm.)
1359 2335 1399 2362 Cs.
1421 2335 1445 2361 h.
1466 2345 1489 2361 v.
1510 2335 1530 2368 5.
1551 2337 1575 2361 3.
1613 2333 1752 2363 Modicum.
1772 2333 1902 2360 Mediocre

1066 2378 1152 2411 (ulcus
1173 2380 1234 2410 etc.)
1255 2378 1284 2404 sr.
1306 2380 1328 2404 1.
1349 2378 1369 2410 5.
1390 2380 1414 2404 8.
1434 2378 1464 2404 t'r.
1484 2380 1508 2404 4.
1528 2378 1549 2411 5.
1565 2379 1589 2405 6.
1610 2377 1641 2403 de
1660 2376 1745 2403 Aodil.
1766 2376 1842 2402 edict.
1861 2377 1902 2401 21.

1069 2424 1087 2448 1.
1126 2421 1156 2448 11.
1176 2423 1243 2455 Op.
1268 2421 1393 2457 Optimus
1418 2422 1543 2454 (cocus.)
1568 2421 1598 2447 fr.
1620 2422 1658 2446 le.
1680 2421 1700 2452 5.
1723 2421 1743 2445 1.
1764 2418 1797 2444 ib.
1818 2420 1858 2444 21.
1880 2420 1901 2444 1,

1064 2463 1194 2490 potiores.
1214 2479 1246 2483 ——
1271 2463 1432 2494 Mediocres,
1457 2468 1534 2500 atque
1558 2464 1647 2490 infimi.
1678 2461 1725 2487 Th.
1746 2460 1775 2487 C.
1796 2461 1840 2486 XI.
1862 2462 1901 2487 16.

1066 2518 1087 2533 c.
1107 2510 1130 2533 3.
1152 2517 1191 2543 sq.
1211 2507 1243 2533 de
1264 2511 1327 2532 extr.
1348 2516 1367 2532 S.
1388 2506 1459 2533 sord.
1480 2507 1510 2533 cf.
1532 2506 1560 2532 fr.
1581 2508 1604 2532 9.
1627 2506 1648 2538 5.
1668 2506 1691 2530 4.
1712 2504 1743 2530 de
1763 2504 1805 2529 off.
1827 2503 1900 2530 Proe.

1065 2555 1091 2577 et
1109 2550 1170 2586 Leg.
1192 2552 1213 2575 1.
1235 2551 1274 2575 16.
1313 2548 1417 2575 Summa
1437 2549 1574 2586 supplicia.
1595 2564 1627 2566 —
1651 2546 1820 2572 Medium-ium
1840 2546 1902 2573 ‹leli-

1065 2598 1178 2621 ctorum.
1199 2609 1230 2611 —
1256 2592 1376 2619 Minimae
1401 2594 1540 2630 (poenae.)
1568 2589 1639 2616 Paul.
1660 2588 1690 2615 V.
1716 2590 1754 2615 17.
1780 2590 1801 2623 5.
1821 2591 1844 2615 3.
1869 2590 1900 2616 cl'.

1066 2636 1114 2662 Th.
1130 2636 1160 2662 C.
1176 2635 1216 2661 111.
1239 2637 1277 2661 16.
1298 2646 1320 2662 c.
1339 2638 1362 2661 2.
1383 2646 1421 2673 pr.
1442 2635 1473 2661 de
1493 2632 1583 2670 repud.
1620 2631 1662 2658 111.
1676 2633 1741 2659 Cn.
1761 2632 1901 2659 Mediocris

1064 2679 1160 2714 figurae
1181 2679 1283 2710 (servi.)
1304 2689 1324 2705 c.
1344 2681 1385 2705 35.
1406 2679 1426 2711 5
1447 2680 1470 2702 2.
1491 2676 1523 2702 de
1543 2675 1629 2701 donat.
1650 2678 1672 2701 8.
1689 2677 1729 2701 54.
1759 2675 1900 2701 Mediocris

1064 2721 1163 2758 praedii
1184 2720 1290 2747 fructus.
1306 2722 1334 2748 fr,
1352 2723 1390 2746 15.
1411 2730 1448 2756 pr.
1469 2718 1501 2744 de
1520 2728 1568 2744 usu
1588 2723 1613 2744 et
1632 2718 1712 2744 habit.
1724 2720 1746 2744 7.
1761 2719 1784 2744 S.
1804 2717 1900 2744 Medio»

1064 2765 1144 2790 crium
1164 2764 1313 2790 facultatum
1334 2774 1398 2789 esse.
1427 2761 1583 2798 Paupertate
1603 2761 1747 2788 mediocres
1767 2761 1899 2795 (domiui.)

1063 2807 1093 2833 fr.
1104 2810 1143 2834 44.
1158 2807 1190 2834 de
1201 2808 1267 2834 A.E.
1277 2806 1307 2832 Y.
1318 2808 1355 2831 19.
1366 2807 1386 2831 1.
1403 2804 1565 2831 Th.C.Xlll.
1578 2806 1615 2830 ll.
1628 2815 1648 2831 c.
1660 2807 1698 2832 14.
1714 2805 1746 2832 de
1759 2806 1879 2832 censitor.
