2197 3121
257 182 320 213 120

258 263 299 290 vel
320 274 370 290 non
391 262 549 289 castellanus
568 262 644 289 miles
659 261 734 288 suerit
749 259 898 286 detentator
910 259 1033 286 inventus
1047 263 1096 286 etc.

257 307 307 335 Th.
329 307 360 334 C.
380 306 435 332 ΥΠ.
457 308 495 332 15.
516 316 537 332 c.
556 308 581 331 2.
601 305 634 331 de
654 310 713 330 terr.
733 303 841 330 limitau.
1118 303 1120 315 ¹

292 350 509 378 Casu-num.
551 348 581 381 §.
607 349 641 374 l.
676 348 793 379 Locus,
822 347 976 381 pluribus
1003 343 1119 378 habi-i

257 394 442 421 rationibus
465 397 634 422 constans,
660 392 691 417 in
716 392 835 416 ηιοιίιιιιι
862 389 969 416 castri
992 388 1096 414 muni·
1118 387 1119 419 ξ

257 443 314 463 tna.
353 434 394 460 111.
415 435 476 462 sn.
504 433 532 459 In
552 433 715 470 municipiis.
735 432 860 463 coloniis,
881 430 1000 468 oppidis.
1024 439 1097 467 prac-
1118 436 1119 462 1

257 478 363 505 sectura.
383 478 456 504 vico.
476 475 599 507 castello,
619 475 803 502 conciliabulo.
831 474 902 501 Paul.
922 473 966 500 IV.
986 474 1010 499 6.
1030 473 1052 507 5.
1071 475 1096 499 2,
1118 482 1119 491 ¹

257 520 288 547 cs.
309 520 373 547 Tnb.
394 518 494 547 Hei-acl.
520 518 564 546 lin.
585 521 608 546 9.
635 530 686 546 aer.
707 518 787 556 Neap.
807 517 836 544 L.
857 516 925 543 Gall.
946 515 1047 554 Cisalp.
1066 515 1097 542 [I.
1118 494 1119 532 1

255 566 279 590 2.
299 574 339 600 sq.
359 565 400 590 ¹26.
420 565 460 589 56.
503 561 554 588 Per
573 572 663 589 omnes
683 563 816 588 civitates.
841 561 995 597 municipia,
1014 560 1097 586 vicos.

256 606 371 633 castella.
400 605 449 632 TI).
471 604 501 631 C.
521 604 566 632 XI.
586 607 627 631 20.
653 616 674 631 c.
694 607 718 631 3.
743 604 775 630 (le
799 603 886 630 collat.
910 602 998 629 donat.
1025 601 1096 628 XW.

255 652 279 676 2.
300 661 320 675 e.
342 650 381 675 16.
402 648 434 674 dc
454 648 534 685 episc.
555 647 618 674 eccl.
657 647 738 683 Quod
761 646 793 673 ad
812 647 930 673 notitiam
948 646 1097 682 primatium
1119 643 1120 660 ἶ

256 693 366 720 urbium.
386 692 513 718 vicorum.
533 690 755 726 castellorumque
775 689 904 716 deveniat.
932 688 970 715 Ib.
985 687 1041 715 WI.
1057 689 1096 714 18.
1119 718 1120 733 χ

256 746 277 762 c.
300 737 338 761 13.
359 734 391 761 de
410 734 538 761 desertor.
559 750 590 754 -—
611 735 642 768 §.
663 736 699 760 2.
725 734 977 767 Receptus-ulum
996 741 1099 766 aquae
1118 734 1120 764 ’,

254 779 467 814 profluentis
505 777 522 803 l.
543 778 604 811 Sy.
634 775 868 813 Conceptaculum.
897 775 934 801 lb.
953 773 1012 801 XV..
1031 776 1055 801 2.
1076 784 1097 800 c.

254 824 278 848 2.
300 832 320 848 c.
335 824 359 848 5.
380 820 412 847 de
426 820 534 856 aquaed.
572 818 785 856 Receptaculum,
806 818 891 855 (quod
909 827 1001 854 aquam
1014 817 1099 855 publi-

255 875 310 891 cam
330 864 462 900 suscipit).
489 863 518 889 sr.
540 864 562 889 1.
582 863 603 896 5.
623 864 664 888 39.
686 861 718 888 de
738 872 804 898 aqua
824 865 896 898 quot.
916 862 957 887 43.
975 862 1018 887 20.
1054 860 1097 886 111.

255 909 321 936 Cn.
352 906 515 932 Permittitur
534 915 626 941 aquam
646 915 678 931 ex
698 904 822 936 castello,
846 903 888 931 vel
909 914 941 931 ex
959 905 1030 933 rivo.
1055 903 1098 930 vel

255 961 287 977 ex
307 960 358 987 quo
378 949 429 975 alio
450 948 507 975 loco
527 947 646 985 publico,
672 947 775 974 ducere.
806 947 836 973 l‘r.
858 949 880 974 1.
907 948 929 981 5.
948 948 990 973 41.
1019 946 1050 973 cl'.
1075 947 1096 980 5.

253 995 296 1021 38.
321 993 354 1020 ib.
380 994 420 1018 43.
440 994 482 1017 20.
525 991 554 1017 Si
579 990 611 1017 de
635 990 760 1027 plumbeo
781 989 889 1016 castello
909 989 1028 1017 fistulae.
1048 989 1097 1016 sub

254 1042 349 1064 terram
369 1036 472 1066 missae,
494 1044 587 1070 aquam
607 1033 733 1060 ducerent
752 1034 778 1059 in
798 1036 899 1059 a'cnum.
920 1032 950 1059 fr.
969 1034 1011 1059 38.
1032 1033 1053 1066 5.
1072 1034 1097 1059 2.

255 1079 287 1106 de
307 1079 338 1105 Α.
358 1078 387 1104 Ε.
408 1077 440 1104 V.
466 1078 505 1104 19.
527 1079 549 1103 1.
583 1076 615 1103 cf.
639 1076 671 1103 fr.
692 1078 732 1103 78.
758 1076 790 1102 dc
815 1081 898 1102 contr.
923 1080 982 1102 emt.
1012 1077 1052 1102 18.
1073 1077 1096 1102 1.

254 1121 369 1149 Fistula.
390 1136 422 1140 ——
443 1130 508 1157 quae
527 1125 568 1146 aut
590 1130 621 1145 ex
642 1119 764 1151 castello,
789 1124 832 1145 aut
856 1130 888 1145 ex
914 1119 986 1145 caelo
1006 1128 1098 1155 aquam

255 1166 331 1202 capit.
352 1164 382 1190 sr.
404 1165 444 1190 19.
465 1174 504 1201 pr.
524 1163 556 1190 de
577 1162 604 1189 S.
625 1162 653 1189 P.
674 1162 705 1188 Y.
725 1163 748 1189 8.
768 1164 793 1188 2.
831 1162 948 1189 Castella
967 1161 1097 1199 plumbea,

254 1213 340 1245 putea.
361 1206 485 1244 opercula
503 1211 642 1244 puteorum
662 1211 711 1232 etc.
731 1205 762 1232 fr.
785 1207 824 1232 17.
845 1206 866 1240 5.
886 1206 909 1232 8.
931 1205 960 1231 fr.
974 1206 1015 1232 38.
1036 1205 1058 1239 5.
1072 1208 1096 1232 2.

254 1251 287 1278 de
307 1251 338 1277 Α.
358 1251 388 1277 E.
410 1249 440 1276 V.
463 1251 502 1276 19.
524 1251 545 1276 l.

291 1294 499 1327 castigare.
539 1294 709 1324 coercere,
731 1293 859 1319 Punire.
897 1290 1022 1319 111(ῗή-
1046 1290 1096 1317 Pro

254 1337 332 1364 modo
353 1335 488 1373 querelae.
509 1336 638 1371 corrigere
658 1345 728 1367 eum,
750 1340 793 1361 aut
813 1335 978 1366 comminari,
999 1339 1041 1360 aut
1061 1334 1098 1361 su-

254 1379 341 1406 stihus
362 1380 501 1415 castigare,
526 1383 569 1404 aut
589 1377 699 1404 ulterius
720 1377 864 1415 procedere
882 1379 908 1404 in
927 1388 1012 1415 poena
1032 1378 1096 1404 eius.

254 1423 285 1450 sr.
307 1425 328 1449 l.
349 1422 431 1456 510.
453 1422 484 1448 de
504 1421 547 1447 oss.
569 1420 620 1447 Prt.
641 1421 686 1447 Vr.
708 1423 729 1447 l.
752 1423 790 1447 12.
812 1420 842 1447 fr.
861 1422 885 1447 3.
906 1421 928 1455 5.
949 1423 972 1447 l.
1001 1420 1033 1447 de.
1053 1421 1096 1447 oss.

254 1465 306 1492 Prs.
328 1464 401 1501 Vigg.
424 1467 445 1490 l.
467 1466 507 1490 15.
538 1463 568 1490 fr.
588 1465 611 1490 6.
637 1464 669 1490 de
689 1468 800 1491 accusat.
826 1465 867 1490 48.
887 1466 911 1490 2.
948 1462 999 1490 Pro
1019 1463 1097 1490 modo

255 1508 358 1540 delicti,
379 1513 421 1534 aut
441 1508 594 1543 castigatur.
615 1512 659 1533 aut
677 1507 758 1543 gradu
778 1506 885 1533 militiae
904 1506 1033 1533 deiicitur.
1066 1506 1096 1533 fr.

253 1553 278 1578 3.
298 1552 319 1585 5.
340 1553 362 1576 5.
384 1550 416 1576 es.
437 1551 458 1584 5
481 1552 503 1576 l.
524 1549 554 1576 I‘r.
576 1551 615 1576 13.
636 1550 658 1584 5.
678 1551 702 1576 4.
722 1549 754 1576 de
774 1549 804 1576 R.
825 1549 858 1576 Μ,
878 1551 919 1576 49.
941 1551 980 1576 16.
1009 1550 1097 1586 Quan-

254 1599 307 1621 tum
319 1594 431 1631 pertinet
447 1604 479 1619 nc
493 1592 607 1619 fustibus
622 1593 763 1628 castigetur
777 1594 826 1626 (sc.
842 1592 992 1619 decurionis
1003 1592 1096 1626 fitius),

254 1642 279 1663 et
299 1647 330 1664 ne
351 1638 376 1662 in
397 1636 530 1662 metallum
549 1635 632 1662 detur.
666 1635 695 1661 sr.
715 1637 740 1661 2.
760 1635 781 1669 5.
801 1637 825 1661 2.
846 1635 879 1661 de
900 1635 1033 1662 decurion.
1054 1638 1094 1662 50.

252 1682 276 1706 2.
315 1679 344 1706 Si
363 1680 486 1716 pietatem
507 1679 573 1716 patri
593 1678 707 1704 debitam
727 1688 779 1704 non
799 1677 948 1714 adgnoscit,
969 1679 1095 1715 castigare

253 1725 309 1750 iure
328 1723 427 1760 patriae
447 1723 587 1759 potestatis
608 1731 660 1747 non
679 1720 840 1758 prohiberis,
860 1722 960 1748 acriore
979 1721 1094 1748 remedio

255 1776 358 1792 usurus.
380 1766 401 1791 si
422 1770 470 1791 etc.
491 1775 512 1790 c.
526 1766 550 1790 3.
571 1763 602 1790 dc
622 1763 650 1790 P.
664 1763 692 1790 P.
712 1765 788 1790 847.
826 1764 933 1790 Modum
953 1765 1095 1801 castigandi

254 1814 279 1835 et
299 1809 324 1835 in
344 1818 479 1835 servorum
500 1808 661 1834 cotircitione
679 1806 778 1844 placuit
798 1808 945 1844 temperari.
970 1807 1042 1834 Paul.
1063 1807 1094 1834 V.
1117 1829 1118 1832 ,

254 1853 297 1878 23,
317 1851 339 1885 5
359 1852 383 1877 6.

290 1893 508 1927 Castigatio.
552 1895 652 1919 Actus
676 1895 883 1927 castigandi,
913 1895 1093 1921 Cok'reitio.

254 1937 296 1964 111.
319 1938 380 1964 Cn.
410 1935 525 1967 I'oenae,
551 1945 616 1971 quae
637 1951 668 1954 —-
688 1937 875 1962 marritionem
895 1937 1014 1973 corporis
1035 1947 1095 1963 con-

255 1981 361 2006 tineant.
398 1978 487 2004 Veluti
508 1978 615 2004 fustium
635 1977 786 2005 admonitio.
806 1978 968 2015 flagellorum
989 1980 1094 2015 castiga·
1115 1984 1117 2018 J

255 2024 299 2051 tio.
319 2021 492 2053 vinculorum,
512 2021 666 2047 verberatio.
692 2021 721 2047 fr.
742 2023 765 2047 6.
786 2022 807 2055 5.
827 2024 851 2047 2.
872 2021 901 2047 fr.
923 2023 945 2048 7.
966 2021 999 2048 de
1018 2032 1093 2058 poen.
1115 2036 1117 2043 ν

254 2067 295 2091 48.
318 2067 356 2091 19.
383 2064 413 2091 cs.
435 2064 464 2090 fr.
479 2066 502 2090 3.
517 2064 539 2097 5.
556 2066 576 2090 l.
598 2063 630 2090 dc
649 2063 680 2090 R.
700 2064 732 2090 Μ.
753 2065 794 2090 «19.
816 2065 854 2090 16.
892 2063 1028 2091 Libertum
1043 2075 1094 2091 non
1116 2082 1117 2085 =

255 2108 444 2144 obsequentem
465 2107 610 2138 emendare,
631 2112 672 2132 aut
693 2106 795 2133 verbis.
821 2112 862 2133 aut
889 2107 996 2134 fustium
1021 2109 1095 2134 casti-
1115 2107 1116 2133 Ῐ

255 2152 366 2188 gatione.
393 2150 423 2177 sr.
443 2152 467 2176 9.
488 2150 508 2183 5.
529 2151 552 2175 3.
574 2149 606 2175 de
626 2149 669 2175 off.
690 2149 764 2176 I'roe.
786 2155 809 2175 et
830 2149 891 2186 Leg.
912 2152 934 2176 1.
958 2152 996 2176 16.
1021 2150 1050 2176 fr.
1069 2152 1093 2177 3.

255 2194 276 2228 5.
299 2195 320 2219 1.
342 2193 373 2219 de
393 2193 436 2218 off.
456 2192 508 2218 Prt'.
529 2192 603 2227 Xigg.
624 2194 646 2218 l.
668 2194 707 2218 15.
739 2193 904 2230 Supplicium
924 2204 937 2219 a
957 2204 1034 2220 servo
1054 2203 1095 2219 su-

255 2247 325 2263 mere
354 2246 405 2261 non
433 2235 507 2265 licet,
539 2234 617 2261 modo
642 2241 727 2262 autem
754 2237 888 2271 castigatio
913 2237 950 2262 eis
970 2238 1024 2269 (sc.
1044 2247 1095 2263 mn-

255 2278 408 2316 gistratibus
434 2278 574 2314 municip.)
604 2288 655 2304 non
685 2283 725 2304 est
751 2278 909 2315 deneganda.
941 2279 971 2306 sr.
993 2281 1032 2306 12.
1062 2279 1116 2306 de*

255 2321 346 2349 iurisd.
374 2323 398 2347 2.
420 2323 441 2346 I.
484 2320 561 2346 Levis
586 2320 717 2347 dumtaxat
742 2323 876 2357 castigatio
902 2323 1030 2359 permissa
1054 2327 1094 2349 est
1115 2311 1116 2355 1

256 2365 369 2391 docenti.
398 2363 428 2390 fr.
449 2365 472 2389 5.
493 2364 513 2396 5.
534 2365 557 2389 3.
584 2363 615 2389 ad
636 2363 663 2389 L.
685 2364 772 2400 Aquil.
798 2367 821 2391 9.
841 2368 865 2391 2.
915 2365 1094 2401 Castigatione
1115 2357 1116 2366 ¹

257 2407 414 2444 eompetenti
434 2407 570 2437 corrizere.
591 2416 611 2431 c.
634 2408 654 2432 1.
675 2406 707 2432 «le
727 2408 753 2433 S.
775 2407 806 2434 C.
826 2408 919 2434 Claud.
941 2410 962 2435 7.
983 2410 1023 2434 2-1.
1115 2398 1116 2405 ¹

293 2449 536 2476 (nstin-nonin.
579 2450 788 2477 Abstinentia
812 2462 828 2478 ιι
855 2453 999 2478 venereis
1027 2443 1116 2497 cor-i

255 2495 346 2526 puris
367 2493 600 2526 voluptatibus.
639 2491 655 2517 I.
674 2494 735 2526 Sy.
755 2492 850 2520 I'udor.
881 2493 930 2520 Th.
943 2494 973 2520 C.
988 2493 1032 2519 IX.
1052 2495 1092 2519 25.
1114 2503 1116 2515 1

258 2545 278 2560 e.
302 2536 322 2559 1.
343 2534 374 2560 ι1ι·
394 2540 468 2572 raptu
489 2545 512 2560 v.
532 2535 641 2560 matrim.
663 2536 816 2562 sam-timon.

295 2577 468 2603 castitas.
507 2577 591 2604 Idem.
611 2576 695 2612 quod:
725 2579 939 2605 Castirnonia.
979 2578 1007 2604 11.
1028 2580 1093 2612 Op.

258 2618 374 2645 Castitas
395 2619 477 2651 (tiliae
492 2621 573 2652 suae).
595 2635 626 2638 -
646 2618 812 2646 Contumelia
827 2623 919 2657 stupri.
940 2621 1094 2655 suff-1524.

258 2661 290 2686 «le
310 2660 342 2686 0.
364 2661 380 2686 I.
403 2663 423 2687 1.
443 2665 467 2688 2,
506 2663 657 2688 intemerata
677 2663 819 2699 virginitas.
840 2679 871 2682 ——
900 2663 1001 2690 Violata
1021 2665 1095 2690 casti-
1115 2654 1116 2670 1

259 2709 306 2730 tas.
337 2703 431 2730 ’1’1ι.(’.
453 2704 496 2731 IX.
516 2709 539 2732 ὅ,
561 2717 580 2732 e.
598 2707 618 2731 1.
639 2706 661 2731 si
681 2716 723 2742 qu.
744 2716 797 2731 eam
818 2707 866 2731 cui.
888 2711 933 2732 tut.
972 2706 1014 2732 III.
1029 2708 1094 2735 οη.
1115 2712 1116 2745 J

259 2746 320 2773 Illas
339 2746 416 2772 etiam
436 2757 486 2772 non
507 2747 618 2784 relinqui
633 2749 760 2774 eastitatis
775 2748 893 2774 hortatur
906 2748 1026 2780 adiectio,
1045 2754 1093 2775 etc.
1115 2750 1116 2757 ¹

259 2789 296 2815 lb.
316 2787 388 2814 XVI.
408 2791 432 2814 2.
458 2799 479 2814 c.
500 2791 539 2815 ⁴t-t.
564 2791 586 2823 5.
608 2793 629 2817 l.
655 2791 687 2817 de
706 2792 785 2828 episc.
806 2790 868 2817 cccl.
911 2790 1001 2817 Tales*
1015 2791 1095 2818 homi·
1114 2761 1116 2821 1

260 2841 305 2858 nos
325 2840 382 2857 oum
403 2832 520 2857 castitate
539 2833 627 2859 vivere
647 2833 729 2860 decet.
758 2833 849 2860 Iuliani
869 2834 931 2870 epit.
951 2844 1008 2860 nov.
1030 2844 1050 2860 c.
1070 2836 1093 2860 6.

1076 176 1166 207 (tAs.

1142 259 1164 292 5.
1185 259 1226 285 28.
1255 258 1371 294 Dignum
1390 268 1449 285 esse
1469 261 1581 287 castitati
1596 265 1742 298 temporum
1755 266 1904 289 nostrorum
1918 262 1984 289 bene

1141 302 1251 339 putavit.
1290 300 1331 328 Pr.
1352 301 1370 327 1.
1397 301 1449 337 Qu.
1469 303 1538 329 mod.
1559 308 1606 330 tut.
1627 304 1692 330 finit.
1714 305 1736 330 l.
1755 306 1797 330 22.

1177 345 1370 372 Castrare.
1412 346 1600 373 Teuiculoa
1627 352 1811 381 amputare,
1834 348 1984 375 Evirare.

1140 386 1158 413 1.
1179 388 1240 421 Sy.
1277 386 1415 413 Excidere.
1446 386 1476 414 sr.
1495 390 1520 415 4.
1545 389 1567 422 5.
1586 391 1610 416 2.
1636 389 1668 415 ad
1687 388 1716 415 L.
1737 388 1800 416 Cor.
1825 388 1858 416 de
1876 391 1922 417 sic.
1941 392 1983 417 48.

1140 432 1164 456 8.
1201 429 1359 456 Eunuchum
1379 429 1472 457 facere.
1492 441 1513 457 c.
1534 433 1556 458 l.
1576 442 1616 469 sq.
1637 431 1670 458 (le
1690 430 1800 459 eunuch.
1820 433 1844 459 4.
1863 434 1918 459 42:
1941 433 1983 460 111.

1142 474 1208 500 Gn.
1240 472 1293 508 Qui
1318 472 1450 499 hominem
1474 474 1597 507 invitum,
1626 474 1745 501 libidinis
1773 479 1817 500 aut
1844 476 1985 512 promercii

1142 526 1233 547 causa,
1258 517 1425 548 castraverit,
1453 517 1652 544 castrandumve
1676 518 1814 544 curaverit.
1850 518 1922 545 Paul.
1952 517 1984 545 V.

1141 560 1183 585 23.
1209 559 1299 593 513.
1329 559 1358 586 t'r.
1378 560 1402 586 3.
1428 559 1450 593 5.
1470 562 1494 586 4.
1523 559 1554 586 cf.
1580 559 1610 587 sr.
1630 562 1654 586 4.
1680 561 1701 594 5.
1720 562 1745 586 2.
1769 560 1800 587 sr.
1819 562 1844 587 6.
1868 561 1885 588 l.
1905 561 1922 588 l.
1941 562 1984 588 48.

1142 604 1166 628 8.
1203 601 1231 627 In
1251 611 1303 627 non
1323 601 1440 628 eiusdem
1459 602 1594 639 religionis
1614 604 1658 639 qui
1678 602 1727 629 hoc
1747 603 1839 630 fecerit
1863 604 1916 637 (sc.
1937 605 1984 631 cir-

1143 644 1320 677 cumcidere),
1347 646 1486 672 casti-antis
1504 655 1589 682 poena
1608 647 1744 682 irrogatur.
1772 645 1803 672 fr.
1825 648 1865 672 ll.
1885 656 1924 684 pr.
1948 646 1982 673 ib.

1141 690 1182 714 48.
1202 689 1226 714 8.

1177 731 1379 758 Castratio-
1417 732 1518 758 Actus
1541 728 1723 758 cuitrandi.
1760 731 1803 758 III.
1824 733 1890 760 C'n.
1923 731 1983 759 Non

1142 774 1227 799 omnia
1247 773 1366 800 animalia
1385 778 1496 800 castrata
1516 773 1549 799 ob
1570 773 1596 800 id
1615 775 1702 811 ipsum
1721 776 1815 801 vitiosa
1836 786 1908 807 esse,
1932 776 1984 802 nisi

1141 821 1251 853 propter
1269 817 1353 853 ipsam
1372 818 1556 843 castrationem
1575 816 1641 843 facta
1661 822 1723 844 suut.
1741 818 1922 845 imbecilliora.
1951 817 1982 845 fr.

1119 853 1120 861 ¹
1140 860 1182 885 38.
1203 859 1225 893 ς.
1246 861 1268 885 τ.
1289 859 1322 885 de
1340 859 1426 886 Anda.
1447 859 1524 886 edict.
1543 861 1585 886 21.
1608 862 1629 886 1.

1177 902 1386 929 eustratus.
1415 901 1574 940 (Particip.)
1615 904 1797 931 Testiculz’s
1814 905 1984 938 privatus,

1142 946 1307 971 Exsectu&
1345 944 1388 970 111.
1408 946 1474 972 οη.
1502 945 1531 972 Si
1551 945 1662 982 spadoni
1681 946 1775 973 mulier
1794 948 1927 984 nupserit,
1947 946 1984 973 ‹li—

1142 986 1327 1023 stinguendum
1346 987 1472 1020 arbitror,
1497 993 1625 1015 castratus
1649 988 1729 1016 fuerit
1753 1000 1800 1016 nec
1820 1000 1860 1016 ne.
1889 990 1921 1016 I'r.
1939 991 1982 1017 39.

1141 1030 1163 1064 5.
1184 1032 1206 1057 l.
1227 1029 1260 1056 de
1279 1031 1335 1056 iure
1354 1029 1408 1056 dot.
1427 1032 1469 1057 23.
1488 1033 1512 1058 3.
1533 1031 1564 1058 cf.
1584 1031 1614 1058 fr.
1628 1034 1652 1058 2.
1673 1033 1694 1066 5.
1710 1035 1732 1059 l.
1754 1032 1786 1059 de
1806 1032 1894 1069 adopt.
1917 1034 1938 1059 1.
1959 1034 1982 1059 7.

1141 1073 1171 1099 fr.
1192 1074 1215 1099 6.
1235 1083 1275 1110 pr.
1295 1073 1317 1107 5.
1338 1074 1361 1099 l.
1386 1073 1418 1100 de
1437 1072 1512 1100 liber.
1532 1079 1558 1101 et
1576 1075 1664 1112 posth.
1683 1077 1725 1102 28.
1745 1077 1769 1102 2.
1800 1074 1830 1101 1“ι·,
1852 1077 1892 1102 14.
1916 1076 1939 1109 5.
1960 1077 1983 1101 l.

1142 1115 1175 1142 de
1193 1126 1260 1142 man.
1279 1115 1351 1142 vind.
1375 1117 1417 1142 40.
1436 1118 1460 1143 2.
1498 1116 1528 1144 Si
1551 1118 1638 1145 mulus
1658 1123 1787 1145 castratus
1807 1123 1854 1144 est.
1891 1118 1984 1155 Equus

1142 1164 1278 1186 castratus.
1307 1159 1338 1185 fr.
1357 1160 1398 1185 38.
1419 1159 1441 1193 5.
1462 1161 1484 1186 7.
1505 1160 1538 1187 de
1556 1160 1622 1187 Aed.
1642 1161 1719 1187 edict.
1738 1163 1780 1187 21.
1802 1163 1824 1188 l.

1177 1202 1451 1229 castrensium.
1480 1202 1535 1236 (Cf.
1555 1203 1600 1229 inf.
1620 1214 1644 1230 v.
1665 1203 1844 1237 Castriciaui.)
1882 1205 1984 1231 Mini-

1140 1247 1205 1272 εει-ι’
1224 1247 1415 1272 Castrensis
1440 1247 1466 1272 S.
1484 1248 1623 1280 palatii.
1660 1246 1678 1273 I.
1703 1248 1764 1281 Sy.
1793 1247 1847 1283 Qui
1865 1247 1915 1273 sub
1934 1246 1984 1274 Ca-

1141 1289 1238 1314 strensi
1257 1287 1377 1314 militant.
1403 1287 1453 1315 Th.
1470 1288 1501 1315 C.
1515 1288 1614 1315 1132.
1634 1289 1741 1323 (Rubr.)
1762 1289 1794 1316 de
1813 1290 1982 1316 casti-ousian.

1140 1331 1184 1358 VI.
1203 1333 1245 1358 35.
1266 1342 1286 1358 c.
1306 1333 1330 1358 3.
1350 1341 1390 1368 pr.
1411 1331 1443 1358 de
1463 1332 1529 1368 priv.
1550 1342 1603 1358 eor.
1624 1342 1667 1369 qu.
1687 1333 1714 1359 in
1733 1332 1760 1359 S.
1780 1332 1859 1370 palat.

1177 1375 1399 1402 Castrensis.
1427 1374 1554 1408 (Subst.)
1593 1376 1700 1402 Comes
1716 1378 1907 1410 palatinus,
1927 1377 1984 1411 qui

1141 1419 1229 1445 inter
1251 1420 1441 1452 superiores
1469 1420 1597 1445 ordines
1626 1420 1657 1445 in
1686 1421 1766 1446 αιιΙα
1791 1420 1984 1446 Constanti-

1141 1462 1338 1495 napolitana
1367 1471 1495 1488 munere
1516 1463 1733 1498 fungebatur.
1775 1460 1817 1487 III.
1838 1463 1904 1489 011.
1935 1460 1984 1488 Vir

1141 1503 1257 1541 spectab.
1281 1503 1380 1531 Comes
1405 1509 1431 1531 ct.
1455 1504 1607 1531 Castrensis
1631 1503 1658 1530 S.
1683 1503 1780 1540 palatii.
1813 1503 1850 1530 lb.
1871 1503 1914 1531 VI.
1939 1505 1982 1531 32.

1141 1557 1162 1573 c.
1184 1549 1206 1573 1.
1231 1557 1271 1583 sq.
1300 1547 1332 1574 de
1357 1549 1526 1574 castrensian.
1569 1547 1667 1574 Comes
1691 1546 1910 1579 domesticorum,
1934 1557 1984 1574 nec

1141 1600 1193 1616 non
1212 1591 1289 1616 etiam
1309 1590 1335 1617 S.
1351 1590 1518 1627 largitionum
1534 1600 1632 1623 conieS,
1652 1594 1677 1616 et
1690 1591 1813 1626 magister
1826 1589 1982 1622 officiorum,

1141 1638 1165 1659 et
1185 1634 1336 1659 castrensis.
1369 1633 1407 1660 Ib.
1427 1633 1483 1660 XII.
1505 1636 1527 1660 1.
1553 1644 1574 1660 c.
1593 1635 1635 1659 38.
1659 1632 1692 1659 de
1711 1632 1844 1659 decurion.
1874 1632 1919 1659 XI.
1941 1634 1982 1659 18.

1140 1686 1161 1702 c.
1183 1678 1205 1703 l.
1229 1677 1252 1702 si
1271 1687 1284 1702 a
1304 1676 1393 1713 praeb.
1413 1678 1490 1703 tiron.
1527 1675 1718 1713 Lai-gitionales
1743 1675 1846 1702 urbium
1870 1675 1983 1712 singula-

1139 1730 1209 1752 rum,
1234 1721 1332 1756 quique
1356 1719 1404 1746 sub
1430 1721 1557 1746 castrensi
1581 1719 1700 1745 militant.
1732 1718 1769 1744 lb.
1791 1718 1836 1745 VI.
1853 1720 1894 1745 35.
1916 1729 1937 1746 c.
1956 1720 1981 1746 3.

1139 1773 1178 1800 pr.
1199 1762 1231 1789 de
1250 1762 1337 1800 privil.
1358 1773 1411 1789 eor.
1432 1773 1474 1799 qu.
1495 1764 1520 1789 in
1541 1762 1567 1788 S.
1587 1762 1665 1799 palat.

1176 1806 1400 1833 Castrensis.
1421 1805 1549 1838 (Adiect.)
1581 1807 1611 1839 §0
1632 1806 1667 1831 l.
1688 1807 1734 1832 Aa
1751 1807 1909 1831 militiam
1929 1815 1981 1832 ar-

1139 1855 1255 1875 matam
1274 1851 1453 1883 pertinens.
1492 1848 1509 1875 1.
1532 1850 1594 1883 Sy.
1625 1847 1705 1883 Quod
1724 1849 1750 1874 iu
1770 1849 1873 1880 castris,
1892 1857 1915 1874 v.
1936 1848 1981 1874 mi-

1139 1891 1208 1923 litia,
1229 1891 1387 1928 adquisivit,
1407 1891 1488 1927 Quod
1511 1892 1567 1918 iure
1590 1891 1697 1917 militiae
1717 1891 1813 1923 tenuit,
1838 1890 1981 1918 Castrense,

1139 1934 1282 1971 (peculium
1302 1934 1433 1967 finitam).
1462 1934 1518 1960 Gai.
1539 1933 1568 1960 Π.
1591 1935 1648 1960 106.
1676 1933 1748 1960 Paul.
1762 1933 1804 1959 ΠΙ.
1824 1934 1847 1959 4.
1869 1933 1899 1959 A.
1919 1933 1941 1966 5.
1955 1934 1979 1959 3.

1115 1977 1116 1983 ’
1140 1977 1181 2004 1”ι·.
1202 1977 1234 2003 de
1253 1977 1271 2004 I.
1293 1977 1320 2004 F.
1341 1978 1362 2011 5.
1386 1980 1424 2003 10.
1459 1976 1520 2014 ΠΡ.
1539 1977 1598 2003 XX.
1620 1978 1659 2002 10.
1689 1976 1719 2002 fr.
1739 1978 1762 2002 4.
1783 1976 1819 2009 55.
1842 1977 1864 2001 l.
1884 1985 1924 2012 sq.
1949 1975 1979 2002 fr.

1140 2022 1179 2046 11.
1201 2030 1240 2056 sq.
1271 2020 1302 2046 sr.
1324 2023 1364 2046 18.
1390 2021 1411 2054 5.
1431 2023 1454 2046 5.
1484 2020 1516 2046 de
1535 2024 1612 2045 castr.
1632 2018 1716 2055 pecul.
1741 2020 1782 2045 49.
1805 2019 1843 2044 17.
1880 2018 1921 2045 Ex
1941 2028 1981 2044 ca-

1138 2064 1201 2088 stris
1221 2067 1307 2089 notus.
1345 2063 1497 2090 Castrensis
1517 2063 1616 2088 notitia.
1646 2061 1676 2087 t‘r.
1696 2064 1720 2087 8.
1740 2061 1774 2087 ib.
1794 2062 1835 2087 49.
1857 2063 1896 2087 17.
1934 2061 1980 2087 Mi-

1138 2105 1221 2132 litaris
1242 2107 1395 2143 (prosapia,
1416 2116 1436 2132 s.
1457 2106 1564 2142 stirps).
1595 2104 1644 2131 Th.
1667 2104 1697 2130 C.
1718 2103 1773 2130 ΥΙΙ.
1793 2106 1834 2130 22.
1856 2114 1877 2130 c..
1898 2105 1920 2130 7.
1947 2103 1979 2130 do

1139 2148 1174 2175 iil.
1189 2148 1292 2175 militar.
1321 2149 1433 2182 11οΡ.
1453 2147 1614 2178 Castrensia.
1634 2163 1666 2166 —
1686 2146 1795 2173 Paterna
1815 2146 1896 2179 (bona
1909 2146 1978 2179 lilii).

1138 2192 1168 2218 t'r.
1191 2194 1229 2218 19.
1249 2192 1270 2225 5.
1291 2194 1314 2217 2.
1335 2191 1351 2218 l.
1372 2191 1388 2217 l.
1408 2193 1449 2218 49.
1466 2193 1504 2217 17.
1543 2189 1713 2217 Cohortalina
1733 2191 1759 2216 iu
1778 2190 1931 2226 provinciis,
1946 2205 1979 2209 -

1139 2234 1290 2261 Castrensis
1312 2234 1447 2267 (militia).
1486 2233 1535 2260 Th.
1557 2233 1587 2260 C.
1607 2232 1677 2259 XVI.
1697 2234 1721 2258 5.
1746 2242 1767 2258 c.
1787 2234 1828 2258 (55.
1856 2232 1877 2265 5.
1897 2234 1921 2258 3.
1947 2232 1979 2259 (Ie

1138 2277 1259 2304 haeretic.
1310 2277 1353 2303 III.
1386 2279 1452 2305 Cn.
1492 2277 1520 2303 Si
1553 2275 1645 2302 mulier
1669 2275 1724 2301 tilio
1753 2275 1801 2301 viri
1826 2275 1920 2308 militi,
1946 2275 1978 2302 ad

1139 2326 1285 2347 castrenses
1305 2320 1346 2346 vel
1366 2320 1492 2346 militares
1512 2320 1578 2346 t'orte
1597 2328 1638 2344 res
1652 2317 1848 2355 comparandas,
1868 2318 1977 2355 relique-

1138 2365 1171 2390 rit
1191 2364 1334 2400 peeuniam.
1363 2363 1392 2389 sr.
1412 2365 1435 2389 3.
1462 2363 1477 2389 1,
1498 2362 1513 2388 I.
1538 2364 1579 2388 «19.
1602 2363 1640 2387 17.
1672 2361 1703 2387 es.
1729 2361 1758 2388 sr.
1779 2363 1820 2387 2³5.
1845 2361 1877 2387 de
1901 2360 1975 2387 mitit.

1115 2410 1116 2440 ζ
1138 2411 1238 2432 testam.
1258 2408 1300 2432 29,
1322 2408 1343 2432 l.
1382 2406 1532 2432 Castrensis
1551 2404 1648 2442 peculii
1668 2414 1719 2429 non
1739 2404 1830 2436 facere,
1850 2403 1896 2430 sed
1916 2403 1977 2430 alte-

1138 2451 1192 2476 rius
1216 2449 1325 2486 peculii,
1350 2448 1458 2485 perinde
1481 2458 1509 2473 ac
1533 2449 1554 2473 si
1579 2447 1650 2474 titius
1675 2458 1805 2483 nunquam
1829 2446 1975 2473 militasset.

1138 2492 1168 2518 t'r.
1191 2494 1229 2518 15.
1250 2502 1287 2529 pr.
1313 2491 1345 2518 (1(Δ
1364 2496 1441 2517 castr.
1461 2490 1545 2527 pecul.
1571 2493 1610 2517 w.
1633 2493 1671 2517 17.
1710 2492 1762 2526 Qui
1783 2490 1877 2516 habent
1898 2494 1974 2516 castr.

1139 2535 1278 2572 peculium.
1298 2534 1339 2561 vel
1360 2535 1433 2570 quasi
1454 2538 1530 2559 eastr.
1552 2534 1580 2560 t'r.
1603 2535 1624 2560 7.
1645 2534 1666 2568 5.
1687 2535 1710 2559 6.
1731 2533 1763 2559 de
1781 2533 1913 2559 donation.
1933 2534 1973 2559 39.

1138 2580 1161 2604 5,
1194 2578 1223 2604 t'r.
1243 2580 1266 2604 3.
1291 2578 1312 2611 5.
1331 2579 1354 2603 5.
1382 2576 1414 2602 de
1435 2576 1462 2602 13.
1483 2576 1510 2602 P.
1535 2578 1576 2603 37.
1598 2578 1620 2603 1.

1139 2621 1269 2658 peculium
1289 2620 1389 2651 habeat.
1410 2619 1456 2645 sed
1477 2624 1499 2645 et
1522 2621 1607 2655 quivis
1627 2618 1758 2646 filiusfam.
1790 2618 1820 2645 sr.
1840 2622 1864 2645 8.
1883 2628 1921 2655 pr.
1942 2617 1974 2644 de

1139 2674 1242 2700 procur.
1266 2665 1289 2689 3.
1309 2666 1333 2689 3.
1371 2662 1399 2688 Si
1424 2662 1553 2688 filiusfam.
1579 2673 1609 2689 ex
1635 2662 1761 2689 castrensi
1785 2661 1888 2698 peculio
1913 2665 1974 2697 post

1138 2707 1289 2732 missionem
1309 2706 1384 2732 saciat
1403 2710 1592 2732 testamentum.
1622 2705 1678 2731 Gai.
1693 2704 1722 2731 11.
1740 2706 1796 2731 106.
1824 2705 1908 2730 Etiam
1922 2714 1973 2730 non

1140 2748 1317 2775 castrensibus
1342 2748 1518 2775 creditoribus
1543 2759 1574 2775 ex
1599 2758 1629 2774 eo
1654 2747 1758 2784 peculio
1784 2763 1815 2766 —
1839 2756 1898 2772 eum
1916 2748 1973 2782 cogi

1139 2791 1306 2828 respondere.
1327 2790 1357 2817 sr.
1378 2793 1400 2817 7.
1426 2791 1457 2817 de
1477 2796 1553 2818 castr.
1573 2790 1657 2828 pecul.
1677 2792 1718 2817 49.
1741 2792 1778 2817 17.
1816 2788 1915 2815 Servus
1935 2800 1974 2816 ca-

1139 2835 1259 2865 strensis,
1280 2844 1302 2860 v.
1324 2835 1367 2870 qui
1387 2834 1483 2871 pcculii
1503 2834 1644 2861 castrensis
1664 2838 1711 2860 est.
1732 2833 1761 2860 sr.
1775 2834 1798 2860 9.
1814 2832 1843 2859 sr.
1860 2833 1898 2858 15.
1912 2832 1934 2866 5.
1947 2834 1971 2858 3.

1941 2874 1970 2901 fr.

1664 2576 1722 2602 Non
1747 2575 1831 2602 solum
1855 2577 1877 2602 si
1897 2580 1973 2602 castr.
