2197 3121
946 167 1031 198 ΗΕΒ
1044 186 1086 190 -

203 252 247 279 III.
261 253 327 280 Gn.
347 252 388 279 Ab
403 262 442 284 eo.
462 253 507 289 qui
526 260 587 278 reus
607 250 723 277 criminis
742 248 891 287 postulatus
910 248 1046 276 adversam

203 296 360 322 sententiam
385 297 494 327 meruit,
523 299 642 331 tempore
669 298 758 320 reatus
784 302 941 329 quocunque
968 291 1045 318 modo

203 338 322 365 alienata,
343 338 385 364 Fr.
405 338 438 364 de
457 337 474 364 I.
495 337 523 364 F.
548 338 568 371 §.
589 339 631 363 20.
656 335 687 363 fr.
707 337 747 362 46.
768 336 790 370 ξ.
809 336 833 361 6.
854 334 886 361 de
905 336 960 361 iure
979 335 1045 361 fisci.

203 382 245 407 49.
267 382 307 407 14.
345 380 373 407 ln
393 386 466 407 reatu
486 380 602 407 criminis
622 379 732 406 alicuius
752 388 819 404 esse.
838 377 869 404 fr.
888 378 912 403 3.
933 378 954 411 ξ.
970 379 993 404 9.
1014 377 1046 404 de

203 433 272 450 mun.
294 428 319 449 et
332 423 393 449 hon
406 425 447 449 50.
462 424 485 450 4.
523 422 618 449 Aecus
614 423 725 448 itionem
745 421 858 451 differre
878 419 920 446 vel
939 425 1046 446 rzeitum.

204 465 254 492 Th.
275 465 306 492 C
326 465 370 492 IX.
394 467 436 491 ⁶24.
461 475 482 491 c.
502 467 526 491 3.
552 465 584 491 de
611 470 686 502 raptu
710 465 790 500 virgg.
832 462 942 489 Illicitae
965 468 1045 489 trans-

204 510 315 535 actionis
340 513 436 535 reatus.
468 507 504 534 lb.
524 507 569 534 XI.
593 509 617 534 2.
643 518 663 534 c
684 509 706 534 4.
732 507 823 533 tribut.
847 507 874 532 in
900 507 949 542 ips.
974 516 1045 543 spec.

203 551 340 587 Sacrilegii
358 549 544 588 percellendus
564 555 644 577 reatu.
665 549 732 576 Nov.
748 549 806 576 Val.
825 548 868 575 III.
888 548 920 574 de
939 548 1045 586 palatin.

203 593 234 620 11.
255 596 278 620 τ.
299 604 319 620 c.
342 595 363 619 1.
384 593 405 626 ς’.
428 595 449 619 1.

238 637 511 669 Rebaptizare.
533 637 653 662 Iterum
673 637 852 669 baptizare
875 633 967 668 [Sy.
983 633 1047 659 Sau-

203 680 320 706 ctitatem
344 679 468 715 baptismi
497 680 640 715 geminate
669 689 692 705 v.
717 676 836 704 iterando
862 677 1045 703 contaminare.

204 721 252 749 Th
273 721 304 748 C.
323 721 395 748 XVI.
415 722 439 748 6.
460 732 481 748 c.
502 723 524 747 l.
545 732 566 748 c.
586 724 610 748 3.
630 731 688 757 sqq.
712 730 744 746 ne
764 719 791 746 S.
818 719 888 756 bapt.
914 720 972 746 itei.
1004 719 1046 746 Cf.

202 763 269 790 Nov.
289 765 331 791 3.

238 808 423 834 Rebellis.
462 809 656 834 Seditiosus.
692 804 724 831 II.
741 806 808 838 01).
828 804 958 831 Devotus.
978 803 1045 831 Nov.

201 848 291 876 Maior.
318 850 350 876 de
375 850 473 886 indulg.
499 850 590 885 reliqu.
610 848 653 875 IV.
673 849 697 874 3.
723 858 743 874 c.
766 850 787 874 l.
813 848 834 881 ξ.
855 849 878 873 4.
916 847 959 874 III.
979 849 1046 875 Cn.

201 891 231 918 Si
251 893 310 928 quis
331 909 361 914 —
387 894 520 919 exstiterit
543 893 582 918 sic
601 890 746 928 superbuS‚
774 891 813 916 sic
837 891 982 927 impotens,
1007 891 1046 916 sic

200 934 318 961 rebellis.
352 935 418 961 Nov.
445 935 501 962 Val.
527 935 568 961 Ill.
593 934 625 961 de
650 933 751 971 sepulc.
777 933 839 959 viol.
864 933 894 959 ll.
914 934 953 959 23.
981 943 1002 959 c.
1024 934 1045 959 l.

201 978 223 1011 ᾗ.
243 979 266 1004 6.
305 977 449 1015 Tamquam
469 978 595 1008 rebelles,
617 978 642 1003 in
662 977 728 1013 ipsis
748 977 903 1002 temeritatis
923 985 986 1002 suae
1005 985 1046 1002 co-

200 1020 307 1047 natibus
327 1022 516 1058 opprimantur.
537 1020 587 1047 Th.
608 1020 639 1047 C.
659 1019 715 1046 Vll.
737 1020 776 1046 18.
797 1029 817 1046 c.
834 1021 873 1046 ll.
894 1029 932 1056 pr.
953 1018 985 1045 de
1004 1018 1047 1045 de-

201 1068 295 1089 sertor.

237 1107 463 1133 Recalcare.
501 1108 669 1137 Recolere,
690 1107 824 1132 Iterare.
861 1104 903 1131 Ill.
925 1106 991 1132 (7η.
1011 1104 1047 1131 Vt

200 1149 331 1185 baptisma
350 1154 562 1180 sacrosanctum,
582 1149 717 1184 mysteriis
736 1147 882 1179 recalcatis,
901 1148 1047 1174 temeritate

201 1192 280 1218 noxia
299 1193 432 1217 iterarent.
453 1191 502 1218 Th.
523 1191 554 1217 C.
572 1190 643 1217 XVI.
663 1192 686 1217 6.
708 1201 729 1218 c.
749 1193 771 1217 4.
793 1201 831 1228 pr.
852 1190 891 1217 Ne
911 1190 936 1217 S,
957 1190 1028 1227 bapt.

236 1235 450 1261 necavere.

200 1278 362 1311 ciprocam
381 1283 563 1311 praestare.
600 1277 642 1303 III.
658 1278 724 1304 (711.
744 1276 804 1303 'Non
824 1278 897 1314 prius
920 1290 950 1295 -·
970 1286 1046 1312 quam

199 1318 311 1346 solemni
330 1319 387 1356 lege
406 1330 435 1346 se
455 1321 581 1351 vinxerit.
608 1324 634 1346 et
653 1321 678 1346 in
703 1330 814 1357 poenam
834 1321 964 1357 reciproci
984 1319 1046 1345 stilo

198 1362 349 1399 trepidante
368 1363 504 1389 recaverit.
523 1362 559 1388 lb.
574 1362 618 1389 IX.
632 1365 656 1389 2.
677 1373 699 1389 c.
709 1365 733 1389 3.
754 1362 787 1389 de
798 1362 885 1389 exhib.
899 1373 923 1389 v.
938 1367 1045 1389 transm.

198 1414 260 1431 reis.

236 1449 467 1475 Bet-autum-
492 1449 722 1482 Repromissio.
763 1448 806 1475 111.
821 1450 888 1476 Gn.
908 1448 1046 1475 Facientes

198 1490 354 1518 solemniter
376 1491 504 1528 apochas,
529 1492 585 1517 sive
609 1496 727 1523 recauta,
747 1491 779 1518 de
798 1492 892 1518 iisdem
911 1492 1046 1529 impensis.

198 1533 246 1560 Iul.
266 1544 306 1571 ep.
327 1544 386 1560 nov.
408 1544 428 1560 c.
451 1535 507 1560 123.
528 1534 565 1567 §§.
586 1537 645 1561 53'2.
665 1537 723 1561 534.
743 1537 801 1561 536.

235 1578 449 1604 Recedere·
472 1577 502 1610 ξ.
514 1579 548 1604 1.
565 1579 729 1610 Set-edere,
750 1580 931 1605 Abacedew.
951 1577 969 1604 Ῑ.
982 1579 1044 1612 Sy.

199 1618 314 1656 Fugere,
339 1619 480 1655 Aufugere.
504 1619 534 1646 fr.
557 1622 596 1646 17.
620 1621 657 1655 ἕξ.
677 1623 700 1647 3.
721 1631 778 1657 sqq.
804 1620 836 1647 de
855 1620 942 1647 Aedil.
966 1620 1043 1647 edict.

493 1236 750 1268 Rem-omittere,
781 1236 971 1260 Cautiouem
1000 1244 1047 1260 re—

199 1663 240 1687 21.
262 1664 284 1688 l.
304 1672 325 1689 c.
348 1664 369 1688 l.
391 1662 435 1688 ubi
455 1672 525 1689 caus.
545 1668 605 1689 stat.
619 1665 643 1690 3.
662 1666 702 1690 22.
740 1663 783 1690 111.
799 1665 865 1691 Gn.
885 1665 939 1700 Qui
959 1675 971 1690 a
992 1664 1043 1690 sos·
1065 1652 1067 1664 ⁴

200 1709 258 1730 sato
282 1705 390 1732 recedit.
416 1705 446 1732 fr.
465 1707 488 1731 3.
514 1706 535 1739 ξ.
556 1708 579 1732 4.
605 1706 637 1733 de
656 1706 685 1733 R.
706 1707 739 1733 M.
759 1708 800 1733 49.
823 1708 862 1733 16.
900 1706 956 1733 Nec
974 1717 1045 1733 rece-

200 1746 288 1780 dendi,
308 1758 360 1785 quo
380 1748 471 1780 velint,
492 1754 535 1775 aut
554 1750 719 1786 permutandi
739 1750 795 1776 loca
817 1749 947 1782 (habeant
966 1749 1045 1776 sacul-

199 1791 301 1823 tatem.)
321 1801 343 1817 c.
364 1793 386 1817 1.
407 1791 439 1817 de
459 1790 544 1818 colon.
565 1791 659 1819 Thrac.
676 1795 714 1819 ll.
735 1794 776 1819 51.
814 1791 853 1818 Ne
873 1803 885 1818 a
905 1792 968 1818 filiis
988 1793 1044 1818 eius
1066 1820 1067 1826 ἵ

199 1833 336 1860 recederet
354 1835 403 1867 (sc.
424 1833 557 1867 liba-uus)
582 1834 612 1861 sr.
631 1837 673 1861 34.
693 1836 713 1869 ξ.
735 1838 758 1861 4.
779 1834 811 1861 de
831 1834 906 1870 legat.
928 1835 957 1861 11.
978 1835 1067 1874 (31.1)

201 1876 228 1902 ct
252 1876 283 1902 tr.
304 1877 344 1902 71.
364 1877 422 1910 §.2
426 1877 484 1903 .de
503 1877 579 1903 cond.
599 1883 625 1904 et
644 1878 710 1904 dem.
728 1880 770 1904 35.
792 1880 814 1904 1.
852 1878 881 1904 Si
900 1888 993 1914 aquam
1013 1888 1044 1903 ex

198 1918 306 1945 flumine
331 1919 439 1956 publico
464 1919 587 1950 duna-,is
617 1925 642 1946 et
670 1921 767 1947 flumen
792 1922 940 1947 recesserit.
970 1920 1000 1946 sr.

199 1962 221 1995 §.
240 1963 264 1988 2.
286 1961 318 1987 de
337 1973 402 1999 aqua
421 1967 493 1999 quot.
512 1965 553 1989 43.
572 1965 614 1989 20.
638 1979 669 1982 —-
696 1965 727 1997 §.
748 1965 783 1990 ἒ.
808 1966 917 1996 Abire,
941 1965 1042 1990 Omit-

199 2010 277 2036 tere,
293 2007 491 2039 Relinqaere
537 2005 555 2031 1.
571 2007 633 2040 sy.
654 2006 808 2037 Discedere.
830 2006 911 2033 Abire
929 2008 954 2040 (a
968 2016 1045 2042 nego-

199 2048 259 2081 tio.)
283 2047 324 2074 Cf.
344 2058 368 2074 v.
390 2048 542 2075 Discedere.
562 2049 583 2082 §.
603 2051 626 2074 2.
665 2049 772 2081 Amitti,
795 2049 930 2076 Recedet-e
949 2049 980 2076 ab
1001 2049 1045 2075 ali·

200 2100 252 2127 quo
271 2092 505 2128 (possessionem.)
532 2091 562 2117 fr.
582 2093 624 2117 34.
644 2091 677 2118 de
696 2092 725 2118 A.
748 2102 771 2118 v.
791 2093 822 2119 A.
843 2092 871 2119 P.
891 2095 932 2119 41.
951 2095 976 2118 2.
1013 2092 1043 2118 II.
1065 2119 1066 2123 ,

202 2135 269 2167 01).
289 2134 435 2160 Rem-‘mere
454 2137 548 2170 (penes
568 2135 715 2167 emturum.)
735 2134 765 2161 fr.
779 2137 803 2162 9.
822 2145 861 2172 pr.
882 2135 915 2162 de
934 2146 999 2172 aqua
1019 2140 1044 2161 et
1065 2149 1067 2167 ³.

201 2186 259 2212 aqu.
278 2177 313 2213 pl.
333 2178 374 2203 39.
394 2179 418 2202 3.
456 2176 555 2203 Locum
575 2176 672 2203 habere
692 2178 894 2212 (interdictum.)
913 2194 944 2198 —
964 2178 1045 2205 Rece-

201 2217 315 2244 (lendum
335 2229 393 2245 esse
413 2219 444 2245 ab
465 2230 503 2246 (¹0.
524 2220 554 2246 fr.
568 2221 591 2245 Ῑ3.
612 2220 634 2252 ξ.
649 2222 671 2246 7.
692 2220 724 2246 (le
744 2221 813 2247 hom.
833 2221 879 2247 lib.
899 2222 986 2248 exbib.
1003 2223 1044 2248 453.

200 2262 243 2286 29.
280 2260 323 2287 III.
343 2263 408 2288 Gn.
428 2262 544 2293 Crimen,
564 2264 590 2288 in
610 2272 662 2298 quo
683 2263 749 2289 alius
769 2263 879 2295 destitit,
899 2264 941 2291 vel
959 2266 1045 2291 victus
1066 2273 1068 2282 '

201 2304 320 2329 recessit.
340 2303 410 2330 Paul.
430 2305 449 2331 I.
469 2306 532 2332 6.B.
553 2306 574 2338 ξ.
593 2307 617 2331 3.
656 2306 678 2331 A
698 2316 811 2342 persona
832 2317 883 2332 non
904 2317 962 2333 csse
976 2317 1045 2333 rece-

201 2345 316 2372 dendum
336 2347 405 2377 riuS,
426 2349 498 2374 cuius
519 2348 656 2374 arbitrium
676 2350 804 2375 insertum
825 2355 872 2376 est.
899 2349 930 2376 fr.

202 2388 234 2414 V.
255 2390 287 2414 Ο.
305 2390 344 2414 45.
367 2390 388 2415 1.
426 2390 467 2415 Ab
486 2390 536 2423 his,
557 2402 623 2427 quae
637 2408 669 2410 —
690 2391 772 2428 legata
793 2397 891 2423 essent,
911 2403 1044 2420 recessum

202 2436 243 2457 est
261 2436 371 2468 propter
390 2441 418 2456 ea
439 2436 486 2458 etc.
507 2433 536 2459 fr.
559 2435 597 2460 18.
618 2445 657 2472 pr.
678 2434 710 2460 de
730 2434 798 2460 alim.
818 2445 841 2461 v.
863 2435 941 2461 cibar.
960 2437 1002 2462 34.
1023 2437 1044 2462 l.

203 2473 234 2499 ct'.
260 2473 289 2499 t'r.
311 2475 332 2499 7.
361 2473 394 2499 de
418 2473 494 2500 adim.
520 2475 595 2511 legat.
618 2479 660 2504 34.
685 2479 709 2504 4.
751 2477 896 2504 necessum
920 2488 933 2504 a
956 2479 1046 2515 priore

203 2521 352 2543 contractu.
378 2521 403 2542 et
427 2526 492 2542 nova
517 2519 594 2544 emtio
613 2521 799 2547 intercessisse
818 2520 930 2546 videtur.
953 2520 984 2547 sr.
1005 2523 1045 2548 72.

202 2569 241 2596 pr.
267 2558 298 2585 de
323 2564 406 2585 contr.
432 2564 490 2585 emt.
512 2560 551 2586 18.
573 2562 595 2587 1.
620 2562 651 2588 cf.
676 2563 706 2589 fr.
725 2565 767 2590 21.
787 2573 825 2600 pr.
850 2563 882 2589 de
906 2564 976 2600 pign.
996 2569 1045 2590 act.

204 2603 243 2627 13.
259 2603 283 2627 7.
313 2601 342 2627 Si
362 2607 467 2638 paratus
487 2603 522 2627 sit
541 2602 663 2630 recedere
682 2605 712 2632 ab
727 2606 865 2632 usufructu
879 2606 1045 2633 fructuarius.
1066 2634 1067 2645 ἵ

1066 2650 1067 2654 ’
1089 2659 1143 2686 par.
1163 2649 1224 2675 inst.
1244 2648 1287 2675 IV.
1307 2650 1330 2675 6.
1350 2650 1371 2683 §.
1392 2650 1415 2675 8.

202 2645 233 2671 l'r.
254 2646 294 2670 48.
315 2654 354 2681 pr.
380 2644 412 2670 de
431 2644 512 2670 usut'r.
533 2646 555 2670 7.
578 2647 599 2670 l.
636 2645 696 2673 Non
718 2651 829 2675 recessit
853 2649 885 2675 ab
906 2650 944 2675 eis
964 2649 1045 2676 domi-

202 2688 282 2717 nium.
303 2692 327 2713 ct
343 2686 413 2713 nulla
434 2692 474 2713 est
493 2686 624 2714 alienatio.
645 2688 674 2714 fr.
693 2691 735 2716 35.
755 2691 787 2717 de
806 2693 838 2718 A.
858 2692 889 2718 R.
910 2692 942 2718 D.
964 2694 1005 2718 41.
1021 2695 1043 2719 l.

203 2745 235 2749 -—
255 2730 286 2762 ξ.
305 2731 342 2756 3.
373 2730 574 2762 fflsseutire,
600 2731 743 2758 Distare.
783 2734 814 2760 11.
835 2737 903 2769 op.
928 2734 1043 2761 Probare

202 2773 366 2798 sententiam.
387 2789 417 2792 ν-
437 2771 500 2798 Rec.
520 2773 550 2798 ab
572 2783 608 2799 ea.
629 2772 713 2800 Vatia.
732 2775 754 2808 ᾖ.
775 2777 815 2802 75.
852 2777 893 2803 111.
910 2779 975 2805 011.
1000 2778 1043 2804 Ius

204 2814 281 2841 civile
300 2820 352 2847 est,
378 2815 449 2851 quod
469 2825 553 2851 neque
572 2817 598 2842 in
618 2820 701 2842 totum
721 2827 733 2842 a
753 2819 864 2845 naturali
883 2836 913 2840 -—
934 2821 1042 2853 recedit,

950 2352 991 2376 43.
1013 2350 1045 2376 de
1066 2362 1068 2375 ι

1098 166 1196 198 REC.
1872 169 1935 199 813

1091 259 1139 276 nee
1157 259 1204 286 per
1223 250 1308 275 omnia
1325 250 1348 276 ei
1367 251 1457 276 servit.
1483 250 1512 277 fr.
1532 252 1555 277 6.
1576 261 1615 288 pr.
1641 250 1672 277 cf.
1698 250 1726 276 Γπ.
1750 252 1771 276 1.
1791 250 1828 284 ἕξ.
1847 252 1872 276 3.
1892 260 1932 286 sq.

1091 292 1123 318 de
1142 292 1160 319 Ι.
1181 297 1206 319 et
1224 292 1242 318 I.
1264 293 1285 318 l.
1307 294 1328 318 1.
1367 292 1476 319 Veteres
1497 293 1602 330 quidem
1622 308 1653 312 —
1673 293 1807 331 putabant.
1828 310 1857 313 —-
1879 292 1932 319 Sed

1090 335 1182 362 Aristo
1202 346 1215 361 a
1234 339 1352 361 veterum
1376 337 1500 372 opinione
1526 338 1643 363 recessit.
1670 336 1700 362 t'r.
1721 338 1743 363 1.
1766 336 1787 369 ξ.
1808 337 1832 362 9.
1852 335 1884 362 ad
1902 335 1932 362 L.

1091 378 1160 404 Falc.
1179 380 1221 404 35.
1239 379 1265 404 2.
1285 377 1316 404 ef.
1337 378 1366 404 fr.
1388 380 1410 404 l.
1430 379 1451 412 §.
1468 381 1507 405 19.
1528 379 1559 406 de
1579 381 1724 416 quaestion.
1738 380 1779 406 48.
1797 380 1835 405 18.
1862 377 1933 404 Non-

1091 431 1222 458 nunquam
1241 431 1253 447 a
1272 420 1408 447 voluntate
1428 423 1510 458 patris
1529 423 1628 449 recedit
1647 422 1763 449 Praetor.
1783 422 1813 448 sr.
1829 423 1852 448 l.
1872 422 1893 455 ξ.
1911 423 1932 447 1.

1092 464 1135 490 ubi
1158 473 1220 501 pup.
1240 465 1282 489 27.
1301 465 1325 490 2.

1126 508 1288 534 Recens.
1325 505 1454 539 (Adiect.)
1492 507 1523 540 ξ.
1544 508 1578 534 1.
1610 510 1671 541 Qui
1694 519 1792 535 novus
1817 514 1877 539 est,
1902 517 1933 533 re

1091 551 1206 583 aliqua
1223 555 1426 584 perpetrata.
1454 549 1496 576 III.
1512 551 1578 577 Gn.
1598 550 1719 577 Feminas
1732 560 1876 588 puerperas
1891 550 1934 576 ad-

1091 591 1219 628 pellamus
1238 596 1358 618 recentes
1378 602 1410 618 ex
1429 597 1514 629 partu.
1535 592 1565 619 fr.
1586 595 1642 620 163.
1663 594 1684 628 ξ,
1707 596 1728 620 l.
1749 594 1781 620 de
1800 593 1838 654 V.
1846 593 1872 620 S.
1890 594 1932 619 50.

1092 636 1131 661 16
1168 634 1271 661 Recens
1292 645 1304 660 a
1325 634 1411 661 caede.
1436 635 1466 662 fni
1486 637 1510 662 2.
1535 636 1556 669 ξ,
1575 638 1617 662 24.
1638 636 1670 662 de
1690 636 1759 664 O.1.
1782 639 1803 663 l.
1843 659 1847 663 .
1884 635 1933 662 Re-

1091 678 1159 704 centi
1183 677 1290 711 flagitia
1317 677 1366 704 Th.
1387 677 1418 705 C.
1438 678 1483 704 IX.
1502 680 1544 705 24.
1570 690 1591 706 c.
1610 682 1633 706 3
1654 680 1686 706 de
1705 685 1781 717 raptu
1799 680 1880 715 virgg.
1901 694 1933 698 --

1090 721 1121 754 ξ.
1141 721 1177 746 2.
1202 722 1248 746 -ld
1268 730 1424 755 praesens
1443 727 1585 756 tempus,
1609 729 1665 749 aut
1692 724 1839 757 prozime
1869 725 1933 748 ela-

1088 773 1193 797 psum,
1212 770 1369 797 spectans.
1406 763 1424 790 1.
1443 765 1505 798 Sy·
1533 764 1561 791 In
1581 766 1721 802 praesenti.
1742 764 1852 791 Recenti
1872 769 1934 790 tem-

1091 815 1162 842 pore.
1183 805 1212 832 sr.
1228 807 1250 831 l.
1270 806 1291 839 ξ.
1308 808 1347 832 ll.
1367 805 1397 832 fr.
1411 808 1435 832 2.
1456 806 1488 833 de
1502 806 1581 834 Carb.
1596 808 1690 834 edicto.
1705 809 1746 834 37.
1762 810 1800 834 10.
1822 807 1851 833 ll.
1865 809 1933 841 Op.

1091 848 1216 879 Diutino,
1236 858 1256 874 5.
1277 848 1383 885 Longo,
1404 854 1529 886 tempore.
1550 866 1581 869 —
1606 850 1634 876 ln
1654 851 1760 876 recenti.
1782 851 1811 876 fr.
1831 852 1873 876 25.
1894 860 1933 887 pr.

1090 890 1124 917 de
1148 901 1225 927 poen.
1250 893 1291 917 48.
1312 893 1351 917 19.
1394 891 1517 924 Veteres,
1543 910 1572 913 —
1599 893 1730 920 Recentes
1755 893 1934 930 (Principes.)

1091 933 1140 960 Th.
1162 933 1192 960 C.
1214 933 1244 959 V.
1267 936 1305 960 13Δ
1326 944 1346 960 c.
1369 936 1407 961 15.
1434 946 1455 961 c.
1477 937 1516 962 17.
1537 935 1641 969 (ch.)
1679 936 1817 962 Praeteriti
1836 941 1935 973 tempo<

1090 978 1136 1006 ris.
1158 993 1185 997 -—
1207 976 1333 1003 Recentia
1353 977 1457 1010 (debita
1478 980 1544 1011 etc.)
1570 979 1607 1005 Ib.
1627 979 1645 1006 I.
1666 981 1706 1005 15.
1731 990 1752 1006 c.
1774 981 1813 1006 15.
1839 978 1871 1005 de
1891 978 1933 1005 off.

1091 1019 1178 1046 Vicar.

1126 1063 1291 1090 Recens.
1317 1062 1430 1096 (Advb.)
1459 1066 1627 1097 Rerenter,
1648 1067 1762 1100 Nuper.
1800 1064 1845 1091 III.
1867 1066 1934 1092 Cn·

1091 1105 1194 1131 Recens
1213 1105 1334 1132 conditae
1353 1105 1418 1142 legis
1438 1108 1606 1139 (auctoritate
1625 1109 1809 1145 sequestrata)
1832 1107 1882 1134 Th.
1903 1107 1934 1134 C.

1090 1148 1135 1174 XI.
1156 1150 1179 1174 7.
1201 1158 1222 1175 c.
1244 1150 1283 1175 15.
1303 1148 1335 1175 de
1355 1150 1483 1176 exaction.

1127 1193 1359 1219 Recensere.
1391 1194 1576 1225 Enarrnre,
1596 1196 1802 1222 Enumerare.
1841 1193 1859 1219 1.
1872 1194 1934 1227 sy·

1091 1234 1213 1260 Intimare
1232 1236 1358 1267 (seriem,
1379 1245 1400 1261 s.
1421 1237 1620 1268 continentiam,
1640 1238 1811 1274 scripturae.)
1832 1236 1882 1262 Th.
1903 1235 1933 1262 C.

1091 1277 1133 1303 lv.
1154 1278 1177 1303 4.
1202 1287 1223 1303 c.
1242 1279 1266 1303 3.
1291 1278 1328 1311 ςξ.
1351 1280 1372 1304 1.
1392 1288 1431 1315 sq.
1457 1278 1489 1305 de
1513 1284 1614 1305 testam.
1635 1285 1660 1305 et
1685 1280 1768 1306 codic.
1805 1279 1847 1305 lll.
1868 1281 1935 1307 011.

1092 1320 1166 1355 Quae
1186 1321 1239 1353 (sc.
1258 1322 1406 1353 sententia)
1426 1322 1590 1358 iurgantibus
1610 1324 1697 1359 possit
1719 1323 1751 1349 ad
1770 1322 1877 1360 plenum
1896 1332 1935 1349 re-

1091 1372 1213 1395 censere,
1238 1363 1365 1400 quidquid
1389 1369 1437 1391 etc.
1468 1365 1504 1392 lb.
1528 1365 1572 1392 lv.
1598 1367 1638 1392 17.
1664 1376 1685 1392 c.
1704 1368 1729 1392 3.
1754 1365 1786 1392 de
1810 1371 1876 1392 sent.
1903 1376 1935 1392 ex

1090 1416 1171 1443 peric.

1126 1450 1339 1481 Recensh),
1369 1460 1390 1476 5.
1420 1451 1655 1478 Reeeusitio.
1702 1453 1935 1482 Examinatio,

1089 1495 1293 1527 Recognitio.
1330 1492 1373 1519 Ill.
1395 1494 1461 1520 Gn.
1489 1493 1531 1519 Ad
1549 1493 1739 1529 designandum
1758 1505 1825 1526 enm,
1844 1509 1878 1513 —
1897 1504 1935 1521 re-

1089 1536 1236 1561 censitione
1256 1535 1303 1569 [al.
1323 1536 1493 1570 recensione]
1515 1547 1652 1563 servorum
1672 1536 1745 1563 sacta.
1771 1536 1802 1563 fr.
1822 1539 1846 1563 3.
1867 1538 1889 1571 ξ.
1911 1539 1932 1563 7.

1089 1578 1121 1604 ad
1141 1578 1228 1604 exhib.
1250 1581 1291 1605 10.
1310 1580 1333 1604 4.
1372 1578 1414 1610 Vt,
1434 1581 1540 1605 recitata
1561 1579 1769 1612 consultatione,
1790 1596 1821 1599 —
1841 1590 1935 1617 prope-

1089 1621 1193 1647 modum
1218 1626 1335 1647 actorum
1360 1623 1514 1648 recensione
1541 1633 1592 1649 non
1613 1633 1679 1660 opus
1700 1624 1741 1649 sit.
1767 1622 1816 1649 Th.
1838 1622 1868 1649 C.
1889 1622 1934 1649 XI.

1088 1666 1130 1690 29.
1151 1675 1171 1690 c.
1192 1666 1215 1690 4.
1236 1664 1268 1691 de
1288 1664 1361 1690 relat.

1125 1708 1441 1740 Receptacutum.
1484 1709 1514 1741 §.
1536 1709 1570 1734 1.
1599 1710 1832 1742 Exceplorium
1864 1712 1934 1739 (vas

1089 1752 1159 1778 etc.)
1198 1749 1241 1776 III.
1255 1752 1320 1777 Gn.
1341 1750 1449 1787 liecept.
1470 1761 1560 1786 aquae.
1580 1750 1610 1777 fr.
1634 1753 1654 1777 1.
1680 1752 1701 1785 §v
1721 1754 1745 1777 5.
1770 1756 1798 1777 ut
1817 1752 1843 1777 iu
1863 1751 1933 1777 ssum.

1090 1792 1150 1829 pub.
1165 1794 1206 1818 453.
1228 1794 1267 1819 14.
1305 1792 1406 1819 Vulvae
1424 1793 1561 1819 mulierum
1582 1793 1691 1820 totidem
1706 1793 1873 1831 receptacula
1893 1793 1935 1819 ha-

1090 1835 1151 1861 bere
1175 1840 1296 1872 possunt.
1321 1834 1350 1861 fr,
1370 1837 1411 1862 36.
1437 1835 1469 1862 de
1489 1835 1567 1862 solut.
1588 1838 1629 1863 46.
1649 1838 1673 1863 3.
1695 1853 1725 1857 —
1751 1838 1782 1871 ξ.
1801 1839 1835 1864 2.
1860 1839 1934 1863 Per-

1066 1869 1227 1913 lfugiam.
1264 1877 1308 1904 111.
1323 1880 1389 1906 Cn.
1409 1878 1527 1907 Stabula.
1548 1884 1574 1905 et
1593 1879 1758 1917 receptacula
1776 1880 1932 1906 animalium.

1019 1922 1043 1947 3.
1065 1923 1067 1954 j
1089 1920 1138 1946 Th.
1159 1921 1190 1947 C.
1210 1919 1267 1947 XV.
1290 1923 1311 1947 1.
1337 1932 1358 1947 c.
1377 1923 1419 1948 35.
1445 1921 1477 1948 de
1503 1932 1564 1959 opp.
1590 1923 1650 1960 pub.
1692 1922 1831 1959 Rel‘ugium
1856 1927 1934 1959 atque

1065 1986 1066 1989 ,
1088 1964 1290 2000 receptaculum.
1310 1964 1342 1991 fr.
1364 1966 1403 1991 13.
1423 1964 1455 1991 de
1474 1966 1501 1991 in
1520 1966 1560 1991 ins
1580 1975 1638 1992 voc.
1657 1967 1680 1991 2.
1702 1967 1725 1991 4.

1124 2008 1354 2040 Receptare.
1374 2009 1553 2044 Refugium
1571 2011 1731 2042 praehere.
1769 2008 1787 2034 I.
1802 2009 1864 2042 Sy.
1883 2007 1933 2034 Re-

1089 2051 1176 2086 cipere
1196 2050 1368 2086 (burgarios.)
1389 2050 1438 2076 ΤΙι.
1459 2051 1490 2077 C.
1511 2050 1565 2077 Vll.
1589 2053 1626 2078 14.
1648 2062 1668 2077 c.
1691 2053 1712 2077 1.
1733 2050 1764 2077 de
1785 2050 1887 2086 burgar.

1124 2093 1370 2126 Receptator.
1410 2095 1472 2126 Qui
1495 2096 1616 2128 recipit
1636 2101 1665 2120 et
1682 2096 1827 2120 occultat
1851 2093 1933 2129 (sugi—

1090 2136 1172 2164 tivos.
1192 2141 1235 2161 aut
1254 2137 1433 2169 criminosos.)
1469 2135 1488 2162 1.
1510 2138 1572 2171 Sy.
1597 2137 1650 2171 Qui
1669 2137 1763 2172 recipit
1781 2135 1933 2169 (latrones.)

1088 2178 1229 2215 Receptor.
1257 2179 1288 2205 fr.
1307 2181 1331 2205 3.
1356 2180 1377 2213 9,
1400 2181 1422 2205 1.
1447 2179 1480 2205 de
1503 2180 1546 2205 oss.
1572 2179 1623 2205 Prf.
1640 2178 1712 2214 Yigg.
1734 2180 1756 2204 l.
1777 2180 1816 2205 15.
1841 2178 1871 2205 fr.
1892 2181 1932 2205 13.

1089 2232 1127 2258 pr.
1153 2222 1185 2248 de
1209 2222 1252 2247 oss'.
1278 2221 1365 2248 Pracs.
1390 2223 1409 2248 l.
1432 2223 1470 2247 18.
1500 2221 1530 2247 fr.
1552 2223 1573 2247 l.
1594 2231 1633 2257 sq.
1659 2221 1691 2247 de
1715 2226 1870 2258 receptator.
1890 2223 1931 2247 47,

1091 2265 1130 2290 16.
1166 2264 1294 2292 111th-

1090 2312 1188 2339 trones,
1208 2308 1370 2343 interrogent
1390 2317 1435 2333 eos
1449 2307 1481 2333 (1(
1496 2308 1576 2332 sociis
1591 2311 1616 2332 et
1630 2307 1846 2343 receptatoribus
1866 2306 1895 2332 fr.
1907 2308 1930 2331 6.

1090 2351 1111 2384 ξ
1133 2352 1155 2376 l.
1176 2350 1208 2377 de
1228 2349 1602 2377 cust.etexl1ib.4&.'3.'.cl
1623 2350 1652 2375 lr.
1674 2351 1695 2375 1.
1716 2349 1731 2375 l.
1752 2351 1793 2375 47.
1817 2351 1846 2375 16

1125 2393 1383 2426 Receptieius·
1421 2392 1558 2425 (Adiect.)
1598 2393 1628 2425 ξ.
1649 2394 1682 2418 l.
1713 2393 1932 2418 Restitutioni

1089 2438 1262 2462 subiectus.
1297 2435 1316 2461 I.
1337 2438 1401 2469 Sy.
1426 2435 1511 2470 Quam
1531 2437 1589 2472 quis
1609 2437 1633 2461 in
1653 2439 1763 2460 mortem
1782 2434 1899 2460 mulieris
1919 2445 1931 2460 a

1090 2480 1182 2504 marito
1202 2477 1352 2514 stipulatur.
1372 2477 1523 2515 Iiccepticia
1545 2478 1626 2509 (dos.)
1650 2477 1680 2503 fr.
1699 2479 1740 2502 31.
1761 2477 1782 2510 ξ.
1801 2478 1825 2502 2.
1846 2476 1878 2502 de
1898 2486 1930 2502 m.

1091 2532 1111 2548 c.
1132 2521 1192 2548 don.
1211 2523 1252 2546 39.
1273 2522 1296 2546 (5.
1318 2519 1377 2557 le.
1398 2520 1441 2547 Vl.
1462 2523 1486 2546 5.
1507 2537 1537 2540 —
1559 2521 1590 2553 ς’.
1610 2521 1645 2545 2.
1670 2521 1717 2545 ‚411
1739 2521 1931 2546 restitutiv-

1090 2575 1154 2590 nem
1175 2566 1398 2590 adiuvandam
1418 2565 1621 2597 compositus.
1658 2561 1702 2587 IH.
1717 2562 1783 2588 Cn.
1803 2561 1880 2588 Actio
1894 2573 1932 2589 re-

1090 2607 1208 2644 cepticia.
1234 2616 1254 2632 c.
1274 2608 1298 2632 2.
1319 2616 1358 2643 pr.
1383 2606 1415 2632 de
1439 2611 1522 2632 const.
1542 2615 1598 2642 pec,
1618 2606 1641 2630 4.
1664 2606 1703 2630 18.
1727 2603 1768 2630 Cf.
1789 2603 1932 2642 Theophili

1320 2264 1355 2291 Vt
1378 2264 1544 2295 Irenarchae,
1571 2274 1629 2289 cnm
1653 2263 1875 2301 adprehenderint
1899 2264 1932 2289 la-

1125 2692 1324 2725 Bet-emto.
1361 2692 1392 2724 ξ.
1407 2693 1441 2717 l.
1462 2691 1662 2723 Receptaeio.
1698 2689 1717 2715 I.
1735 2691 1797 2724 Sy.
1818 2689 1866 2716 Vel
1880 2690 1931 2716 sol·

1089 2734 1246 2767 licitatione,
1271 2734 1313 2760 vel
1337 2735 1500 2770 receptione.
1524 2732 1678 2758 subtrahere
1700 2732 1863 2764 Sollicitare,
1888 2732 1929 2758 vel

1088 2782 1232 2814 receptare,
1252 2776 1430 2809 (mulionem.)
1450 2775 1499 2801 Tb.
1521 2775 1551 2801 C.
1568 2774 1635 2801 VIII.
1654 2777 1678 2801 5.
1699 2786 1719 2801 c.
1739 2776 1780 2801 58.
1801 2775 1832 2801 de
1852 2784 1930 2800 cursu

1087 2820 1150 2858 pub.
1170 2819 1211 2847 Cf.
1230 2819 1282 2847 Vll.
1304 2821 1342 2845 14.
1364 2829 1384 2844 c.
1406 2820 1427 2844 1.
1449 2817 1480 2844 de
1501 2818 1602 2854 but-gar.
1617 2835 1645 2839 ·-
1667 2818 1698 2852 ἕ.
1711 2820 1745 2845 2.
1766 2819 1928 2845 Reteneio.
