2197 3121
286 180 348 211 428

287 262 315 289 id
337 262 447 300 perferri
471 263 564 299 possit.
590 262 619 289 fr.
646 264 685 288 11.
711 262 742 289 cs.
768 262 797 289 [Γ.

289 306 362 332 Bene
381 305 493 342 probati.
514 310 539 331 et
559 305 645 331 idonei
666 310 744 342 atque
764 305 869 332 honesti
889 307 1024 339 (tutores.)
1045 306 1075 332 sr.
1090 308 1131 332 17.

288 349 311 383 5.
333 350 355 374 l.
375 347 407 374 de
427 353 529 374 testam.
551 353 596 374 tut.
611 349 652 374 26.
666 350 690 374 2.
712 348 743 375 811.
764 359 784 374 8.
800 350 839 375 14.
855 348 888 375 de
902 354 984 375 contr.
999 354 1025 376 et
1038 359 1130 376 comm.
1152 373 1154 377 .

289 392 350 428 stip.
370 394 394 416 8.
413 392 455 417 38.
493 392 521 417 Si
546 392 568 416 is
589 407 620 410 —
641 396 667 417 et
690 392 778 429 potior
802 391 1011 424 necessitudine,
1032 397 1058 418 et
1077 391 1132 418 ido-

289 443 352 460 neus
372 443 400 459 re
419 433 532 470 fideque.
554 433 638 460 Vatic.
658 434 759 468 5.157.
780 434 811 461 cf.
833 434 882 461 Th.
903 434 934 461 C.
953 434 1011 461 XII.
1031 436 1055 462 6.
1070 445 1091 462 c.
1107 437 1130 462 7.
1152 444 1154 453 ³

289 488 309 503 c.
329 478 354 503 9.
375 476 407 503 dc
426 481 574 513 susceptor.
594 487 715 514 praepos.
747 477 827 515 Apud
840 479 924 503 virum
938 477 1061 504 idoneum
1075 477 1131 512 (de-

287 520 408 557 ponere.)
427 519 457 545 sr.
477 521 501 545 5.
522 519 555 546 de
574 519 655 546 tabul.
676 520 764 546 exhib.
783 522 824 546 43.
845 523 868 547 5.
906 520 936 547 Si
955 519 1016 546 talis
1035 521 1083 552 sit,
1102 525 1130 547 ut

287 562 411 589 ostendat
429 572 487 588 eum
507 572 538 589 ne
559 563 665 599 quidem
684 563 763 590 rebus
777 564 832 589 suis
847 563 1062 590 administrandis
1076 563 1131 590 ido-

287 615 364 632 neum
383 615 449 631 esse.
470 604 554 632 vatic.
575 606 596 639 5
619 608 676 632 129.
714 605 795 641 Quod
815 607 901 642 quivis
920 606 1056 644 patei-sam.
1076 606 1131 633 ido·
1152 632 1153 641 ἶ

286 658 352 675 neus
372 647 441 674 facit.
461 647 491 674 fr.
513 650 552 675 10.
573 648 606 675 de
624 648 690 675 adm.
717 654 743 675 et
766 650 846 685 peric.
865 650 907 676 26.
929 651 952 676 7.
989 649 1074 676 Cuius
1094 649 1131 676 di-

285 692 421 718 versitatis
439 692 484 718 vix
503 691 596 718 idonea
616 693 681 718 ratio
701 691 828 718 redditur.
849 691 905 719 Gai.
920 692 950 718 II.
971 694 1012 719 78.
1031 692 1074 719 III.
1088 693 1130 719 98.

285 734 316 761 Si
335 734 444 761 idoneas
469 744 561 760 causas
586 734 706 770 adlegare
730 736 824 771 possit.
849 734 879 761 fr.
900 737 924 761 4.
949 736 971 769 5.
994 737 1019 762 2.
1044 735 1077 762 ad
1099 734 1129 762 L.

284 777 332 804 Iul.
353 777 387 804 de
405 776 484 804 adult.
505 778 546 803 48.
566 779 590 803 5.
628 776 714 803 Causa
730 778 823 804 mortis
836 777 930 805 idonea
944 788 996 805 non
1016 778 1129 811 videtur,

285 836 318 840 —
337 821 390 847 nisi
414 826 463 847 etc.
489 820 559 847 Coll.
585 819 638 846 LL.
663 820 696 846 M.
720 819 751 846 II.
778 822 800 847 7.
838 820 868 847 Si
886 836 917 840 —
939 821 1034 848 idonea
1053 820 1130 858 culpa
1150 821 1152 852 ,1

285 863 430 900 detegatur,
451 863 522 900 quod
542 864 707 900 (suspectum
722 862 806 890 facere
820 864 1023 901 supersederit.)
1042 864 1073 891 sr.
1089 866 1128 891 12.
1150 892 1151 901 ἵ

283 917 339 933 rem
358 917 420 944 pup.
444 906 508 932 salv.
533 906 575 932 46.
599 907 623 932 6.
665 905 736 932 Satis
760 906 870 933 idoneae
895 908 950 941 (sc.
970 907 1129 934 videbantur
1150 924 1151 930 .

282 949 338 976 illis
357 949 534 987 temporibus)
554 949 620 975 istae
633 950 800 986 pecuniariae
813 960 922 988 poenae.
943 949 1000 977 Gai.
1013 950 1056 977 III.
1066 952 1126 976 223.
1149 966 1150 973 1

281 991 420 1029 Legesque
439 993 466 1018 in
485 996 623 1029 posterum
642 990 755 1018 habeant
774 1009 807 1012 —
827 993 859 1020 ad
872 993 1029 1031 possidendi
1043 993 1127 1020 libros

282 1035 402 1069 [earum]
423 1034 575 1062 facilitatem
594 1034 711 1062 idoneas.
738 1045 760 1062 c.
778 1037 803 1062 2.
829 1036 850 1070 5.
877 1038 917 1062 13.
944 1036 976 1063 de
999 1041 1051 1063 vet.
1070 1037 1127 1062 iure

282 1077 366 1104 enucl.
388 1079 410 1103 l.
432 1079 472 1104 17
497 1094 529 1097 —
553 1078 584 1111 ᾖ.
605 1078 640 1104 2.
666 1079 869 1114 Sufficiens,
889 1082 1047 1107 Promlus
1069 1082 1128 1110 (acl

280 1123 468 1147 solvendum
492 1123 646 1153 debitum,
675 1123 724 1147 vel
751 1124 791 1148 ad
817 1113 1124 1158 satisfaciendum.)

280 1163 298 1189 I.
324 1165 386 1198 Sy.
405 1163 547 1201 Locuples,
567 1163 639 1190 Satis
659 1163 779 1191 idoneus.
805 1164 836 1191 fr.
856 1168 880 1191 5.
905 1166 926 1199 5.
948 1167 970 1192 1.
990 1165 1020 1192 fr.
1043 1167 1066 1192 7.
1085 1175 1125 1202 pr.
1145 1174 1150 1207 1

774 1208 795 1241 ξ.
816 1209 839 1234 1.
865 1207 898 1234 de
922 1207 954 1235 V.
980 1208 1013 1235 Ο.
1038 1210 1080 1235 45.
1102 1210 1124 1234 1.
1146 1233 1147 1244 ¹

279 1249 311 1276 fr.
335 1252 395 1277 234.
424 1251 446 1284 5.
472 1251 494 1276 l.
519 1249 552 1276 de
576 1248 608 1275 V.
633 1250 661 1276 S.
686 1252 727 1276 50.
754 1251 794 1276 16.
837 1250 990 1283 Solvendo.
1010 1251 1124 1278 Idoneus
1147 1275 1148 1279 ,

280 1207 332 1242 Qu.
353 1206 445 1233 satisd.
466 1217 521 1243 cog.
547 1208 571 1233 2.
591 1207 615 1233 8.
640 1206 670 1233 fr.
692 1209 748 1233 112.

279 1293 374 1326 (esse.)
398 1292 428 1319 fr.
449 1295 472 1319 7.
497 1293 535 1326 55.
561 1294 584 1319 9.
609 1302 649 1329 sq.
675 1292 707 1319 de
732 1292 756 1319 d.
781 1303 813 1319 m.
838 1295 861 1319 4.
881 1295 905 1320 3.
925 1293 956 1320 fr.
978 1296 1019 1321 14.
1040 1295 1079 1328 55.
1101 1296 1123 1320 l.
1146 1315 1147 1338 Χ

278 1345 319 1372 sq.
340 1335 373 1362 de
391 1336 418 1362 in
437 1335 505 1362 diem
525 1334 620 1362 addict.
643 1337 683 1362 18.
698 1338 722 1362 2.
761 1335 842 1371 Quod
862 1346 914 1362 non
933 1337 1045 1370 sufficit,
1064 1336 1125 1364 Non
1146 1342 1147 1345 ’

277 1378 403 1405 idoneum
427 1378 565 1415 (pignus.)
589 1378 619 1405 fr.
642 1380 684 1405 28.
709 1378 741 1405 de
763 1378 795 1405 R.
816 1378 847 1406 C.
874 1381 914 1405 12.
944 1382 966 1406 1.
1004 1380 1035 1407 II.
1055 1382 1123 1415 Op.
1146 1402 1147 1416 ¹

277 1420 369 1447 Idonei
389 1426 414 1447 et
433 1421 606 1448 sufficientes.
626 1437 659 1442 —
679 1421 784 1448 Tenues
805 1427 831 1448 et
850 1422 980 1449 exhausti.
999 1423 1030 1450 fr.
1045 1425 1068 1450 6.
1082 1434 1123 1461 pr.

277 1464 311 1491 de
330 1474 399 1490 mun.
420 1469 445 1490 et
465 1464 525 1491 hon.
539 1466 581 1490 50.
592 1467 616 1491 4.
654 1465 768 1492 Idoneus
787 1464 965 1492 facultatibus.
980 1483 1013 1486 —
1026 1467 1122 1504 Egens.
1144 1482 1146 1503 3

278 1506 320 1534 Cf.
344 1517 368 1533 v.
393 1507 488 1543 Egens
543 1507 586 1534 III.
612 1509 678 1536 Cn.
703 1508 733 1535 Si
757 1508 825 1535 dixit
847 1519 876 1535 se
900 1509 1069 1547 locupletem,
1089 1527 1122 1530 —

277 1551 301 1577 si
322 1550 494 1576 fideiussores
519 1550 629 1577 idoneos
653 1551 786 1584 daturum.
812 1552 855 1578 v'eI
879 1554 1016 1589 pecuniam
1036 1553 1122 1580 confe-

275 1594 337 1620 stim
361 1604 390 1619 se
413 1593 569 1620 soluturum.
594 1594 625 1620 fr.
650 1596 691 1620 43.
716 1595 737 1628 5
761 1596 786 1621 3.
812 1594 844 1621 de
868 1594 929 1621 furt.
954 1598 995 1622 47.
1025 1598 1049 1623 2.

275 1646 404 1673 persona,
428 1636 471 1662 vel
496 1637 582 1663 cautio
606 1637 642 1662 sit
664 1636 766 1663 idonea.
792 1637 822 1663 fr.
848 1639 888 1663 11.
914 1648 953 1674 pr.
973 1638 1006 1664 ad
1024 1640 1120 1665 munic.

274 1681 316 1706 50.
338 1681 359 1706 1.
398 1679 427 1706 Si
447 1684 475 1706 tu
495 1679 594 1706 Titium
618 1679 682 1706 mihi
708 1680 946 1713 eommendaveris,
972 1682 1047 1717 quasi
1066 1681 1121 1708 ido-

274 1733 361 1755 neum,
382 1723 423 1749 cui
443 1722 584 1749 crederem.
605 1722 635 1748 fr.
655 1724 697 1749 66.
717 1723 739 1756 5.
760 1725 783 1749 4.
804 1723 837 1749 de
856 1723 916 1749 t'urt.
936 1725 978 1750 47.
997 1726 1021 1751 2.
1043 1724 1074 1751 cs.
1088 1724 1119 1751 fr.

273 1767 316 1792 42.
335 1765 421 1792 mand.
443 1767 482 1792 17.
504 1767 526 1791 1.
563 1765 678 1792 Idoneus
701 1775 857 1803 possessor,
882 1770 912 1792 et'
931 1766 1069 1793 solvendo.
1089 1767 1119 1794 fr.

273 1810 298 1834 2.
318 1809 340 1842 5.
362 1811 383 1835 l.
405 1808 437 1835 de
456 1808 537 1835 fundo
564 1808 619 1835 dot.
643 1811 686 1836 23.
710 1811 734 1835 5.
777 1808 920 1835 Personam
939 1809 1071 1842 mulieris,
1092 1815 1120 1836 ut

274 1850 392 1883 idoneae,
411 1853 494 1888 sequi.
516 1851 546 1878 fr.
570 1853 612 1878 27.
637 1852 658 1886 5.
681 1853 702 1878 l.
728 1851 760 1878 ad
780 1852 806 1878 S.
826 1851 856 1878 C.
877 1852 945 1879 Vell.
968 1854 1007 1878 16.
1029 1855 1051 1879 1.
1090 1852 1120 1879 Si

274 1893 386 1920 idoneus
410 1895 557 1931 promissor
580 1905 632 1921 non
657 1896 699 1921 sit.
725 1911 757 1914 —
783 1894 812 1921 Si
836 1896 863 1921 iu
888 1895 988 1932 aliquid
1007 1895 1118 1922 idoneus
1140 1922 1142 1927 Α

275 1940 347 1962 esset
366 1936 476 1963 debItor.
499 1938 528 1964 t'r.
551 1939 606 1964 112.
627 1938 648 1971 5.
671 1940 692 1964 l.
713 1937 745 1964 de
765 1937 796 1964 V.
818 1938 850 1964 O.
871 1940 912 1965 45.
934 1940 957 1964 1.
994 1938 1046 1964 Pro
1066 1948 1118 1964 non

274 1979 386 2007 idom-is,
407 1981 451 2016 qui
471 1986 532 2006 sunt
551 1980 647 2012 idonei.
669 1981 871 2007 conveniuntur.
893 1981 923 2007 fr.
943 1983 984 2007 46.
1005 1982 1027 2015 5.
1041 1983 1065 2008 9.
1086 1981 1118 2008 de

273 2023 330 2048 iure
349 2022 415 2049 fisci.
435 2024 476 2049 49.
494 2025 532 2049 14.
553 2023 584 2049 cs.
604 2023 635 2050 fr.
649 2025 673 2049 2.
694 2023 726 2050 (18
747 2024 818 2060 quib.
839 2024 893 2050 reb.
915 2023 946 2050 ad
967 2023 1042 2050 eund.
1064 2024 1116 2051 iud.

275 2066 315 2091 ll.
334 2067 358 2091 2.
397 2065 510 2097 Sufficit.
525 2082 555 2085 —
570 2076 618 2103 per
637 2076 716 2093 unum
735 2066 858 2093 idoneum
878 2066 1043 2093 indemnitati
1056 2077 1118 2104 poe-

274 2118 322 2133 nae
341 2108 452 2134 consuli.
478 2108 549 2135 Paul.
571 2108 602 2136 V.
626 2110 669 2136 33.
693 2110 714 2143 5.
741 2111 765 2136 3.
808 2109 837 2136 Si
862 2120 914 2135 non
938 2109 971 2136 ad
995 2109 1117 2136 damnum

274 2151 468 2177 resarciendum
488 2151 599 2178 idoneus
625 2157 672 2178 est.
697 2152 728 2178 fr.
752 2154 793 2179 49.
819 2152 852 2178 de
875 2152 970 2179 admin.
991 2157 1017 2179 et
1035 2154 1116 2190 peric.

272 2194 315 2220 26.
337 2195 359 2219 7.
397 2194 427 2220 Si
447 2196 646 2221 —inveniatur
670 2205 723 2221 non
747 2195 841 2221 idonea
868 2195 1014 2227 hereditas,
1038 2195 1115 2222 heres

274 2241 359 2263 autem
380 2236 498 2263 idumus.
523 2238 553 2264 t'r.

273 2280 297 2306 6.
319 2279 349 2305 fr.
369 2282 410 2305 40.
436 2280 467 2305 d«-
493 2280 517 2306 d.
537 2291 569 2306 m.
594 2283 617 2307 4.
636 2284 661 2308 3.
707 2280 832 2313 Nomina,
859 2291 925 2317 quae
950 2282 1018 2308 iuste
1042 2287 1116 2319 putat

274 2332 326 2349 non
346 2332 405 2349 esse
424 2322 525 2348 idom—a.

274 2367 314 2393 19.
335 2366 356 2399 5.
376 2368 400 2392 4.
421 2365 452 2391 ad
473 2366 539 2391 SC.
560 2365 629 2393 Vvll.
656 2368 695 2393 16.
721 2368 743 2393 l.
782 2366 924 2404 PupiIIaris
944 2369 1067 2404 pecunia,
1089 2369 1139 2403 ut

273 2410 360 2446 possit
380 2408 482 2435 idoneis
502 2409 651 2434 nominihus
672 2409 752 2441 credi,
773 2415 885 2436 servata.
905 2410 937 2437 fr.
953 2412 1010 2437 102.
1030 2421 1069 2448 pr.
1084 2392 1139 2438 (181

274 2451 306 2478 (18
325 2451 405 2478 solut.
425 2453 466 2478 46.
486 2453 510 2477 3.
530 2450 602 2477 Paul.
623 2451 652 2478 II.
674 2454 714 2479 14.
733 2453 755 2486 5.
775 2454 799 2479 6.

310 2495 414 2521 Idus.
454 2495 532 2520 Dies
555 2495 642 2526 VIII„
663 2498 769 2528 quiin
789 2498 936 2531 singulis
956 2499 1116 2523 mensibus
1137 2490 1138 2504 1

273 2540 446 2572 excipiunt
468 2538 585 2563 Nonas.
604 2536 647 2562 III.
668 2538 734 2563 sn.
755 2538 882 2565 Calendis
902 2538 1063 2572 (Ianuariis.)
1082 2555 1114 2558 ——

276 2579 344 2606 Idem
365 2581 390 2606 in
410 2579 500 2606 Idibus
524 2580 600 2605 etiam
625 2584 651 2605 et
669 2578 753 2605 Nonis
773 2581 936 2617 probandum
957 2587 1010 2614 est⁷
1031 2587 1056 2607 vt
1075 2592 1116 2618 ge·
1137 2589 1138 2597 ¹

604 2621 705 2648 diebus.
727 2622 756 2648 I'r.
776 2625 806 2648 41
837 2625 850 2657 5
878 2626 901 2649 2.
923 2624 955 2651 de
974 2624 1006 2651 V.
1028 2624 1113 2651 Ο.45.

275 2622 397 2649 neraliter
416 2624 442 2649 in
463 2622 584 2648 omnibus

277 2665 296 2689 lv
335 2664 402 2690 Intra
424 2665 598 2692 Ianuariarum
618 2664 708 2692 Iduum
729 2665 805 2691 diem.
828 2676 847 2691 c.
864 2668 888 2692 4.
909 2667 941 2693 de
961 2667 1020 2693 coll.
1042 2667 1113 2694 sund.
1136 2686 1137 2697 1

273 2711 340 2743 patr.
363 2709 399 2733 ll.
420 2710 461 2734 64,
507 2708 576 2734 Intra
599 2708 661 2734 Idus
681 2708 865 2745 Septe111b1·eS‚
890 2719 956 2744 quae
975 2715 1037 2736 tunc
1055 2720 1115 2747 pro-

273 2750 358 2776 ximae
378 2749 477 2776 suturae
498 2756 594 2777 essent.
616 2750 645 2777 t'r.
661 2752 718 2777 122.
738 2751 760 2784 5.
775 2752 798 2777 l.
818 2750 863 2777 l.l.
881 2753 922 2777 45.
939 2754 960 2779 l.
998 2753 1027 2779 In
1046 2753 1114 2780 diem

274 2791 373 2819 Iduum.
393 2791 443 2818 Th.
462 2793 531 2820 XIII.
551 2795 575 2820 9.
596 2804 617 2821 c.
636 2795 660 2820 3.
680 2795 703 2828 5.
722 2795 746 2820 3.
767 2793 799 2820 de
817 2793 932 2830 naufrag.

306 2836 434 2863 Iecur·
471 2837 596 2869 Hepari
619 2838 779 2864 viscerum
802 2838 958 2864 maiorum
978 2840 1110 2871 species.

823 264 865 289 20.
891 262 1020 289 commod.
1046 264 1087 290 13.
1107 264 1130 290 6.
1153 266 1156 278 ἵ

1092 1573 1145 1625 Si,¹

575 2240 598 2264 5.
624 2238 656 2264 cf.
677 2238 706 2264 fr.
729 2239 751 2264 l.
777 2238 799 2271 5.
826 2239 866 2264 17.
891 2237 923 2264 de
942 2244 1053 2275 separat.
1074 2229 1139 2266 42.1

546 2324 574 2349 fr.
595 2326 636 2350 35.
657 2324 689 2350 de
708 2323 774 2350 adm.
793 2329 819 2350 et
833 2325 912 2361 peric.
932 2326 974 2351 26.
995 2326 1018 2351 7.
1038 2326 1070 2351 cf.
1084 2325 1115 2352 fx.
1137 2324 1139 2354 ἶ

1022 180 1102 211 IDV
1124 197 1166 204 —
1190 180 1278 212 IGN.

1177 262 1297 290 111011.
1318 261 1358 289 Os
1377 262 1455 290 alicui
1475 263 1561 295 olere,
1582 280 1614 283 —
1635 264 1706 301 quod
1726 266 1810 298 iecur,
1829 266 1901 303 quod
1919 267 2018 305 pulmo,

1177 311 1220 332 aut
1239 305 1311 332 aliud
1330 305 1394 342 quid
1417 306 1539 333 similiter
1563 306 1644 333 dolet.
1669 307 1700 334 sr.
1722 309 1761 334 12.
1786 309 1807 342 5.
1826 311 1850 335 4.
1875 309 1907 336 de
1930 310 2018 337 Aedil.

1177 348 1253 375 edict.
1267 350 1309 375 21.
1325 350 1347 375 l.
1384 349 1517 386 Inspectio
1531 351 1635 381 iecoris,
1656 355 1828 388 extorumque
1846 353 2018 389 praesagium.

1152 382 1154 415 1
1177 391 1226 418 Th.
1247 391 1278 418 e.
1298 391 1369 418 ΧΠ,
1391 394 1430 418 10.
1451 402 1471 419 c.
1491 394 1515 419 9.
1535 392 1568 419 de
1586 401 1677 430 pagan.

1211 435 1413 462 lciunitas.
1428 437 1597 468 luaniens,
1614 438 1732 463 l'enter
1751 438 1887 464 ieiunus.
1900 437 2018 466 mon.

1176 477 1219 503 Ob
1239 477 1363 514 digeriem
1387 479 1462 515 prius
1488 479 1564 504 unius
1588 480 1673 505 noetis
1698 484 1799 506 tantum
1822 481 1958 507 ieiunitate
1974 491 2018 507 va-

1175 526 1268 547 cuetur
1287 522 1338 554 (sc.
1359 520 1474 552 animal.)
1495 520 1536 547 Th
1557 520 1588 548 C.
1607 521 1679 548 XIV.
1690 524 1714 548 4.
1735 533 1757 549 c.
1769 524 1793 549 4.
1813 523 1834 556 5.
1848 524 1872 549 2.
1892 522 1924 549 de
1937 533 2006 550 suar.

1211 564 1420 591 Ieiunium.
1439 565 1652 601 Abstinentia
1671 575 1687 592 a
1706 567 1782 592 vibo.
1801 564 1844 591 III.
1860 566 1926 593 Gn.
1946 565 2019 602 Quo-

1175 616 1232 632 rum
1256 608 1310 639 (sc.
1336 606 1453 640 dierum)
1477 606 1708 634 observationibus
1733 613 1759 634 et
1782 609 1886 635 ieiuniis
1909 613 2018 646 peccata

1152 648 1153 652 1
1175 654 1327 686 purgantur.
1346 649 1384 676 Ib.
1404 650 1434 676 ll.
1455 651 1478 677 8.
1499 660 1519 677 c.
1539 652 1581 676 24.
1601 649 1705 684 (ch.)
1725 650 1758 677 de
1777 650 1858 677 seriis.

1152 689 1153 723 Ξ
1211 692 1383 720 Ieiunas,
1408 692 1537 727 (Adiect)
1565 694 1700 726 Tenuis,
1724 695 1817 720 Vilis.
1838 693 1857 720 I.
1878 694 1940 728 Sy.
1960 692 2019 721 Ste-

1152 733 1153 742 1
1175 734 1232 761 ritis
1253 734 1384 768 (fundus.)
1408 735 1458 762 Th.
1482 736 1528 762 XI.
1553 738 1595 762 20.
1622 746 1643 762 8.
1662 738 1686 762 5.
1706 747 1745 773 pr.
1769 747 1790 763 c.
1811 738 1833 764 6.
1854 747 1894 774 pr.
1913 736 1946 764 de
1965 736 2019 764 col-

1151 782 1153 803 J
1174 777 1218 804 lat.
1239 778 1327 805 donat.
1351 778 1418 805 Nov.
1444 778 1493 805 Th.
1513 778 1544 805 II.
1569 778 1602 805 de
1626 778 1732 806 relevat.
1757 779 1775 806 I.
1794 782 1836 806 25.
1861 790 1882 806 8.
1904 782 1926 806 l.
1950 780 1972 814 5.
1991 781 2017 807 4.

1151 807 1152 820 1
1174 820 1217 847 III.
1241 821 1430 849 Cn.1eiunae
1453 832 1483 848 ac
1508 822 1628 848 desertae
1652 823 1847 859 possessiones.
1877 822 1926 850 Th.
1947 822 1978 850 C.
1998 822 2016 850 1.

1173 864 1190 891 l.
1217 875 1238 891 c.
1263 866 1287 891 5.
1312 875 1351 902 pr.
1389 864 1557 902 Squalidiora
1581 869 1660 901 atque
1683 866 1768 891 ieiuna
1793 866 1959 898 (terrItoria.)
1977 865 2015 893 Ib.

1149 902 1150 907 1
1172 907 1243 934 XIII.
1265 909 1305 934 11.
1326 917 1347 934 c.
1366 909 1390 934 3.
1411 907 1444 934 de
1463 908 1587 934 censitor.
1606 907 1702 935 Messis
1721 909 1814 935 ieiuna.
1834 908 1901 936 Nov.
1923 908 1973 936 Th.
1983 909 2016 936 II.

1173 949 1206 976 de
1225 950 1282 977 Iud.
1302 950 1320 977 I.
1340 951 1364 977 6.
1385 961 1406 977 8.
1427 952 1450 977 l.
1470 951 1491 984 5.
1511 952 1535 977 8.

1207 995 1329 1021 Iesus.
1368 993 1400 1020 cf
1419 1003 1444 1019 v.
1464 992 1598 1020 Christus.

1207 1037 1344 1071 Igitur.
1383 1035 1550 1069 (Coniunet)
1588 1038 1711 1071 Itaque.
1748 1039 1845 1073 Ergo.
1882 1037 1926 1065 111.
1947 1039 2014 1066 οη.

1148 1067 1207 1106 'w
1226 1080 1320 1116 igItur.
1339 1095 1372 1099 ——
1392 1080 1427 1105 ita
1451 1083 1500 1105 etc.
1524 1078 1554 1105 fr.
1576 1081 1633 1106 153.
1658 1080 1691 1106 de
1710 1079 1740 1106 R.
1761 1080 1779 1106 I.
1803 1082 1845 1107 50.
1867 1082 1906 1108 17.
1931 1080 1963 1108 cf.
1983 1080 2014 1108 fr.

1170 1124 1194 1149 6.
1214 1123 1236 1157 5
1258 1124 1280 1149 1.
1300 1108 1333 1149 (18
1353 1121 1489 1149 edend.2.
1510 1123 1550 1149 13.
1592 1122 1674 1159 Igitur
1693 1133 1751 1149 cum
1770 1128 1818 1150 etc.
1837 1134 1862 1150 v.
1883 1123 1976 1151 Cum'
1969 1125 2016 1161 lgi-

1170 1171 1220 1192 tur.
1241 1164 1297 1191 Gai.
1317 1164 1359 1191 III.
1429 1164 1502 1191 1“1“.2.
1527 1164 1561 1191 (18
1583 1170 1654 1192 statu
1677 1165 1746 1192 hom.
1768 1167 1789 1192 l.
1809 1169 1833 1192 5.
1871 1166 1908 1193 Ita
1926 1168 2014 1203 igitur.

1170 1208 1227 1235 Gai.
1246 1208 1277 1235 II.
1298 1209 1356 1235 190.
1385 1178 1420 1244 ig
1407 1209 1476 1234 nitur
1499 1209 1522 1234 si
1545 1218 1570 1234 v.
1642 1208 1680 1234 lb.
1704 1207 1748 1235 lt.
1768 1210 1810 1235 89.
1855 1209 1898 1236 De
1917 1210 2015 1246 quibus

1169 1251 1281 1288 singulis
1300 1251 1479 1288 dispiciamus
1516 1250 1552 1287 lg.
1572 1250 1643 1288 quod
1663 1256 1712 1277 etc.
1733 1251 1789 1278 Gai.
1808 1251 1840 1278 II.
1859 1254 1901 1280 86.
1920 1262 1960 1289 sq.
1981 1253 2013 1279 ef.

1169 1294 1213 1321 IV.
1236 1296 1293 1320 142.
1330 1293 1380 1320 Hic
1399 1298 1503 1320 constat
1523 1299 1571 1320 etc.
1591 1310 1622 1314 -—
1643 1294 1724 1330 Igitur
1743 1299 1792 1321 etc.
1812 1295 1842 1321 fr.
1857 1297 1880 1322 7.
1899 1295 1922 1329 5.
1936 1297 1960 1322 4.
1980 1295 2014 1322 de

1169 1342 1237 1375 pact.
1262 1339 1286 1364 2.
1312 1339 1352 1364 14.
1390 1336 1542 1364 Secundum
1566 1337 1633 1364 hanc
1658 1338 1690 1373 ig.
1715 1338 1874 1375 opinionem.
1899 1338 1956 1365 Gai.
1980 1338 2012 1365 11.

1168 1383 1227 1407 222.
1265 1380 1329 1407 Sive
1347 1381 1426 1416 igitur
1445 1385 1494 1406 etc.
1515 1395 1547 1399 —
1567 1381 1625 1407 sive
1644 1384 1692 1407 etc.
1713 1380 1743 1407 fr.
1757 1382 1781 1407 8.
1801 1381 1824 1415 5.
1837 1383 1862 1408 3.
1881 1381 1915 1408 de
1927 1386 2013 1408 trans-

1146 1418 1147 1433 1
1169 1429 1217 1450 act.
1237 1425 1262 1449 2.
1284 1425 1325 1450 15.

1145 1463 1146 1479 1
1204 1467 1396 1501 Ignarius.
1434 1466 1476 1493 Cf.
1496 1476 1520 1493 V.
1541 1465 1690 1503 signarius.

1203 1512 1380 1544 Ignarus.
1401 1509 1530 1543 (Adiect.)
1551 1511 1698 1542 Inscius,
1719 1511 1890 1546 Ignorans.
1915 1510 2011 1545 [Sy.

1144 1552 1221 1588 Qui
1241 1554 1264 1589 i1.
1257 1557 1350 1587 Qnmat.
1387 1553 1521 1589 Ignorans.
1546 1552 1578 1578 fr.
1596 1554 1638 1579 41.
1659 1552 1691 1579 de
1710 1552 1741 1579 R.
1762 1552 1793 1579 C.
1815 1555 1855 1580 12.
1876 1555 1899 1580 1.
1917 1552 1948 1580 fr.
1967 1555 2010 1581 29.

1166 1606 1204 1632 1³1-
1234 1583 1271 1629 55.
1298 1597 1320 1622 l.
1346 1606 1386 1632 s.q
1411 1598 1435 1622 4.
1460 1595 1545 1622 mand.
1571 1597 1610 1621 17.
1632 1597 1654 1622 l.
1700 1595 2012 1623 111.cn.Certio1-are

1165 1638 1350 1665 fideiussorem
1370 1648 1460 1670 sunm,
1486 1648 1519 1664 ne
1538 1638 1606 1664 sorte
1625 1639 1730 1674 ignarus
1750 1638 1837 1665 solvat
1855 1638 2009 1666 indebitum.

1165 1681 1196 1708 fr.
1215 1683 1257 1708 29.
1278 1691 1317 1718 pr.
1338 1681 1360 1714 5.
1376 1684 1401 1707 2.
1422 1680 1437 1707 1,
1459 1683 1499 1708 17.
1520 1683 1542 1707 1.
1580 1680 1609 1707 Si
1628 1682 1745 1707 incertus
1765 1682 1824 1718 quis
1844 1682 1887 1714 sit,
1907 1692 1939 1708 an
1959 1687 2009 1710 etc.

1165 1741 1197 1744 —
1218 1724 1272 1751 Sed
1292 1729 1317 1750 et
1336 1725 1359 1750 si
1377 1725 1442 1750 iuris
1462 1725 1504 1750 sui
1523 1725 1558 1750 sit
1577 1724 1691 1759 ignarus,
1710 1729 1839 1761 putetque
1857 1730 1907 1751 etc.
1932 1725 1964 1752 sr.
1985 1727 2009 1753 l.

1164 1777 1204 1804 pr.
1225 1767 1257 1793 de
1277 1767 1353 1803 legat.
1374 1766 1417 1793 III.
1438 1768 1514 1799 (32.)
1534 1766 1564 1793 fr.
1586 1768 1626 1793 12.
1651 1767 1715 1800 5.1.
1742 1766 1775 1793 (18
1796 1767 1900 1794 liberali
1925 1778 1946 1795 8.
1966 1769 2008 1795 40.

1142 1814 1143 1818 ’
1166 1812 1205 1837 12.
1243 1810 1273 1836 Si
1291 1810 1360 1836 sorte
1379 1820 1425 1847 per
1444 1810 1609 1847 imperitiam,
1629 1808 1672 1835 vel
1685 1819 1733 1846 per
1745 1811 1927 1843 rusticitatem,
1941 1812 2010 1847 igna-

1164 1863 1208 1879 rus
1229 1852 1309 1879 edicti
1328 1868 1361 1872 —
1380 1853 1516 1890 (aperuit.)
1541 1852 1572 1879 fr.
1591 1853 1615 1878 3.
1640 1853 1677 1886 55.
1697 1854 1739 1878 22.
1765 1852 1798 1879 de
1821 1852 1849 1880 S.
1869 1853 1900 1881 C.
1925 1853 2008 1881 Silan.

1163 1898 1205 1923 29.
1225 1898 1249 1922 5.

1198 1940 1358 1973 lguave.
1397 1938 1510 1972 (Advb.)
1548 1940 1646 1965 Citra
1665 1940 1862 1965 sollertiam.
1882 1938 1924 1965 III.
1939 1939 2006 1966 Gn·

1164 1982 1218 2017 Qui
1242 1982 1295 2015 (sc.
1320 1982 1416 2015 iudex)
1442 1987 1494 2008 tam
1517 1983 1608 2017 ignave
1632 1982 1825 2007 conniventiam
1849 1980 2004 2008 adhibuerit.

1163 2024 1213 2051 Th.
1234 2024 1264 2051 C.
1285 2025 1329 2051 XI.
1349 2026 1390 2051 36.
1412 2035 1433 2051 c.
1453 2026 1495 2051 26.
1533 2024 1610 2060 Quor
1629 2034 1688 2061 app.
1708 2034 1732 2049 n.
1755 2033 1806 2050 rec.

1198 2068 1374 2101 Ignavia.
1396 2069 1548 2099 Desidia,
1568 2068 1704 2094 laertia.
1724 2065 1766 2093 III.
1789 2067 1855 2093 Gn.
1875 2065 1926 2092 Per
1945 2077 2006 2093 con-

1161 2111 1308 2141 tumaciam.
1328 2112 1384 2136 sive
1401 2111 1537 2145 ignaviam,
1551 2108 1593 2135 vel
1607 2119 1707 2145 aegram
1721 2108 1906 2140 valetudinem,
1926 2110 2004 2147 (reip.

1138 2152 1139 2173 1
1161 2154 1264 2189 negotia
1284 2163 1336 2179 non
1356 2154 1467 2189 gerere.)
1491 2152 1520 2178 fr.
1542 2154 1582 2178 13.
1606 2162 1646 2189 pr.
1670 2151 1702 2177 ad
1722 2152 1816 2177 munic.
1837 2153 1878 2178 50.
1899 2154 1921 2178 1.
1960 2152 2004 2179 Ob

1161 2197 1185 2232 ig
1188 2197 1255 2222 navi
1255 2206 1301 2227 im
1309 2195 1370 2264 ⁴veI
1393 2195 1479 2231 neinQr
1466 2196 1589 2226 gentiam,
1614 2194 1655 2221 wel
1680 2194 1782 2226 dolum.
1809 2195 1902 2231 (posse
1921 2205 2005 2222 remo-

1138 2240 1238 2282 veri.)
1258 2238 1288 2265 tr.
1309 2239 1374 2272 4.5.
1394 2241 1418 2264 4.
1443 2238 1476 2264 de
1499 2248 1572 2275 susp.
1598 2238 1743 2264 tu101.‘.‘.6.
1771 2223 1810 2263 10.
1837 2237 2002 2272 ct.sr.‘.'.5.

1138 2268 1201 2308 41.
1222 2282 1255 2308 ad
1274 2282 1292 2307 S
1322 2260 1351 2308 C
1373 2280 1596 2307 Terruit-3317.
1633 2279 1792 2316 Pler=umqu1
1805 2291 1832 2317 pt
1831 2290 1852 2306 ι
1865 2281 2003 2317 ignaviam,

1160 2324 1202 2351 vel
1221 2335 1269 2362 pel
1289 2324 1426 2350 timiditate
1422 2334 1454 2350 ιιι
1474 2333 1572 2354 eorum
1592 2322 1701 2359 (quibus
1716 2322 1874 2359 ielinquitur
1893 2323 2002 2351 libertas

1161 2367 1221 2394 11(1(-
1208 2368 1348 2394 ¹tcommiss
1337 2367 1385 2399 sa.)
1406 2366 1640 2402 v‹.li,r-no1antin1u
1661 2366 1725 2391 iuris
1745 2367 1794 2395 sui.
1809 2381 1840 2385 —
1854 2365 1897 2393 vel
1916 2367 2002 2393 serius

1137 2426 1139 2440 1
1161 2412 1266 2448 petitur.
1287 2410 1329 2436 vel
1348 2411 1374 2436 in
1395 2414 1478 2435 totum
1492 2418 1543 2434 non
1558 2409 1664 2445 petitur.
1684 2408 1713 2434 tr.
1728 2409 1770 2434 26.
1789 2409 1810 2443 5.
1826 2411 1849 2435 l.
1869 2409 1902 2436 de
1914 2408 2000 2436 fideic.

1138 2444 1224 2480 'libb
1244 2455 1329 2479 4115

1196 2498 1376 2530 Ignavum.
1414 2493 1551 2527 (Adiect.)
1590 2496 1687 2521 Iners.
1724 2493 1766 2520 III.
1789 2495 1854 2521 (711.
1887 2494 2001 2530 Quidam

1137 2539 1139 2543 1
1160 2544 1188 2566 ut
1207 2539 1313 2565 desides
1332 2541 1465 2565 recusant.
1490 2552 1522 2556 —
1549 2537 1653 2573 quidem
1677 2536 1742 2563 adeo
1767 2538 1851 2572 ignavi
1871 2542 1945 2570 sunt,
1971 2541 2000 2563 ut

1161 2587 1209 2609 etc.
1230 2581 1279 2608 Th.
1301 2580 1331 2607 C.
1351 2579 1407 2605 Vll.
1427 2582 1467 2605 22.
1488 2590 1509 2605 c.
1531 2581 1552 2605 l.
1573 2580 1605 2605 de
1624 2580 1660 2607 til.
1681 2580 1786 2606 militar.

1137 2622 1138 2649 1
1196 2625 1313 2659 Ignis.
1332 2623 1363 2655 §-
1388 2623 1421 2648 1.
1443 2624 1602 2655 Flamma,
1629 2624 1771 2649 Materia
1791 2631 1934 2649 accensa.
1953 2620 1996 2648 III.

1136 2666 1138 2685 1
1160 2668 1226 2695 Cn.
1247 2666 1321 2702 Aqua
1341 2670 1366 2691 et
1386 2666 1436 2700 igni
1459 2666 1584 2702 accipere.
1611 2665 1640 2691 Γπ.
1661 2667 1700 2692 66.
1726 2666 1747 2699 5.
1769 2667 1792 2692 l.
1817 2665 1850 2691 de
1869 2664 1928 2691 don.
1948 2664 1996 2690 int.

1159 2709 1190 2735 V.
1210 2711 1251 2735 24.
1275 2711 1294 2734 1.
1333 2708 1424 2744 Aquae
1448 2713 1474 2734 et
1497 2709 1564 2745 ignis
1588 2708 1747 2734 interdictio.
1773 2707 1804 2734 sr.
1823 2709 1848 2733 2.
1873 2707 1937 2740 5.1.
1964 2705 1997 2732 de

1158 2761 1236 2789 poen.
1265 2751 1306 2777 48.
1332 2752 1372 2777 19.
1410 2750 1451 2778 Cf.
1476 2761 1499 2778 v.
1525 2750 1693 2778 lutei-dicere.
1734 2750 1778 2777 Ius
1802 2758 1872 2781 esse,
1896 2749 1923 2774 in
1946 2758 1995 2775 suo

1157 2795 1242 2831 ignem
1262 2793 1354 2820 facere.
1376 2793 1405 2820 sr.
1426 2795 1450 2821 8.
1469 2794 1490 2827 5.
1504 2795 1527 2820 6.
1548 2795 1570 2821 si
1590 2794 1680 2820 servit.
1700 2794 1723 2820 8.
1738 2795 1760 2819 5.
1797 2791 1884 2828 Ignem
1903 2800 1936 2817 ne
1951 2790 1995 2817 ha-

1157 2837 1231 2864 beto!
1251 2853 1282 2856 —
1302 2836 1390 2873 Ignem
1409 2838 1575 2864 innocentem
1594 2836 1698 2863 habere.
1722 2835 1754 2862 fr.
1774 2836 1814 2860 ll.
1833 2834 1855 2867 5.
1876 2835 1898 2860 l.
1919 2833 1951 2860 cs.
1971 2835 1992 2868 5.
