2197 3121
954 166 1036 198 SUF
1050 184 1088 190 —
1103 165 1194 197 SUL.

204 252 291 279 lenon.
334 251 388 287 Qui
410 261 458 288 per
482 251 604 286 suffragia
628 248 781 276 praesidum
809 253 853 275 aut
881 247 1046 275 rationalium

205 295 293 332 adepti
312 299 374 321 sunt
393 294 552 330 dignitatem.
572 293 609 320 lb.
631 292 674 319 Vl.
693 294 735 318 22.
756 302 776 319 c.
796 294 820 319 3.
842 291 872 318 cf.
894 302 915 317 c.
935 293 959 317 2.
980 302 1000 318 c.
1021 292 1045 317 6.

204 338 237 365 de
257 338 348 364 honor.
369 336 451 363 codic.
471 336 526 363 Vll.
548 338 569 362 l.
595 345 616 361 c.
637 337 660 362 7.
686 335 718 361 de
742 334 771 361 R.
793 334 825 361 m.
847 350 878 354 -
903 335 933 368 ξ.
956 335 1045 361 4.Α.

204 382 438 410 Honorarium.
458 381 711 406 Emolumeneum
733 377 884 415 (patrocinii
904 378 1045 414 praestiti.)

204 423 246 450 III.
265 424 332 450 Cn.
351 421 406 448 Nec
424 422 507 459 ipsam
526 420 658 452 militiam,
681 420 723 446 vel
743 420 893 456 suffragium
914 420 1047 457 quodcun-

204 476 255 503 que
274 475 321 503 pro
341 475 382 496 ea,
404 480 434 484 -
459 465 485 490 iu
509 464 706 490 successionem
728 479 757 483 —
778 462 900 489 conferri.
925 473 946 488 c.
967 465 989 488 5.
1014 461 1047 488 de

204 508 290 535 silent.
306 513 330 534 et
343 507 431 534 decur.
446 508 487 533 12.
503 507 542 532 16.
557 522 588 526 -
609 507 640 540 ξ.
656 507 693 533 5.
714 507 933 542 Beneficium,
953 508 1047 532 Prae-

203 553 330 578 sidium.
367 549 410 576 Ill.
433 550 499 577 Gn.
528 549 685 586 Corporatis
714 547 813 575 indulta
841 548 971 584 suffragia.
997 546 1046 574 Th.

205 593 235 620 C.
255 592 325 619 XIV.
339 595 363 619 2.
383 603 404 619 c.
417 594 442 619 3.
462 592 494 619 de
513 592 599 629 privil.
620 602 691 629 corp.
712 591 839 626 Suffragia
859 601 1003 621 munerum,
1024 594 1049 616 et

204 635 339 674 privilegia
369 636 530 661 meritorum.
560 635 596 661 lb.
625 634 667 661 lv.
696 635 720 660 8.
749 644 770 660 c.
790 635 813 660 5.
843 633 875 659 de.
900 633 1001 660 liberali
1026 643 1047 659 c.

204 679 290 714 Quam
311 694 340 698 ———
361 677 432 704 nulla
457 679 615 704 comitantur
633 677 755 713 suffragia
781 675 933 702 liberorum.
959 676 994 702 lb.
1016 675 1047 702 V.

206 723 228 747 l.
247 731 269 748 c.
288 722 312 747 3.
332 720 364 747 de
384 720 454 757 legit.
474 720 584 747 heredit.
609 720 738 756 Suffragio
763 720 846 746 iustae
870 720 1048 756 poenitentiae
1070 729 1071 735 ¹

204 763 314 791 absolvi.
335 763 364 790 fr.
387 765 425 790 19.
446 773 484 800 pr.
504 763 537 789 de
555 763 584 790 L.
610 763 690 790 Corn.
715 761 748 787 de
768 761 824 788 sats.
845 765 886 789 ⁴8.
909 764 948 788 10.
987 761 1048 787 Pro-

204 806 297 834 cedere
316 807 443 844 temporis
463 807 623 843 suffragium.
647 805 676 831 fr.
695 806 737 830 24.
758 803 790 831 de
809 805 869 831 don.
890 806 935 831 int.
957 804 986 830 V.
1006 806 1047 829 24.

206 852 228 877 1.
247 849 297 876 Th.
318 849 348 876 C.
368 849 413 876 XI.
433 850 474 876 36.
496 860 517 876 c.
537 851 578 875 21.
599 849 682 884 Quor.
701 847 761 885 adp.
781 857 805 874 n.
820 858 870 874 rec.
891 847 931 874 Cf.
947 846 992 873 XI.
1006 848 1047 873 30.

204 903 225 920 c.
245 895 286 919 22.
307 893 339 919 de
358 892 417 929 adp.
439 898 465 919 et
483 902 560 929 poen.

237 936 460 969 Suffugium.
498 935 703 962 Praesidium
732 935 896 960 ultimum.
943 932 961 959 1.
987 933 1049 966 Sy·

203 978 361 1015 Perfugium.
382 977 423 1005 Cf.
444 977 468 1004 h.
488 987 512 1004 v.
538 978 558 1011 §.
578 978 602 1002 2.
640 975 682 1002 III.
703 976 769 1003 Gn.
792 976 862 1002 Ante
887 985 964 1012 quam
991 980 1049 1001 orto

203 1031 273 1048 nexu
292 1021 433 1056 suffugium
452 1021 549 1057 potius,
569 1029 645 1056 quam
659 1019 837 1045 munificentia
851 1019 975 1055 frausque
995 1023 1050 1044 ten-

204 1069 280 1090 tetur.
302 1063 351 1090 Th.
372 1063 402 1090 C.
423 1063 466 1090 IX.
487 1064 527 1088 42.
548 1073 570 1089 c.
592 1064 614 1088 1.
635 1063 656 1096 ξ,
676 1064 701 1088 3.
721 1061 754 1088 de
774 1061 834 1088 bon.
855 1071 956 1099 proscr.

239 1108 433 1134 Suffultus.
469 1104 511 1131 Cf.
531 1115 555 1132 v.
575 1104 723 1131 Subfultus.

238 1151 461 1184 Suggere1e0
508 1148 538 1181 ξ.
563 1149 598 1175 l.
628 1149 718 1174 Clam
745 1157 941 1182 supponere,
972 1148 1050 1173 Arre

204 1194 361 1219 whiicere
380 1190 428 1224 (id⁷
447 1191 518 1228 quod
537 1190 750 1228 respondeatur.)
788 1190 828 1216 III.
846 1190 913 1217 Cn.
934 1189 993 1216 Non
1008 1189 1050 1215 de-

204 1235 249 1262 bet
266 1233 416 1272 specialiter
435 1234 605 1270 interrogare,
627 1249 658 1253 —
677 1233 725 1260 sed
744 1232 915 1269 generaliter:
942 1234 1001 1269 quis
1023 1232 1049 1258 id

204 1277 310 1305 fecerit?
336 1276 447 1303 alterum
471 1277 540 1302 euim
559 1277 640 1312 inagis
660 1277 840 1312 suggerentis,
868 1286 944 1313 quarn
965 1276 1050 1312 requi-

203 1321 286 1348 rentis
310 1319 423 1346 videtur.
449 1319 479 1346 fr.
505 1321 526 1346 l.
551 1320 573 1353 §.
593 1321 634 1346 21.
659 1318 692 1345 de
717 1321 863 1355 quaestion.
888 1320 929 1345 48.
958 1320 997 1344 18.
1018 1334 1049 1338 -

203 1365 235 1398 5.
251 1365 287 1390 2.
308 1365 482 1397 Adlegare,
506 1363 685 1397 Profiteri.
724 1361 766 1388 111.
790 1363 856 1390 Gn.
880 1361 955 1388 Vltra
980 1363 1050 1387 vires

203 1406 366 1433 facultatium
386 1409 434 1436 est,
454 1404 525 1441 quod
539 1404 673 1431 decretum
693 1409 742 1437 est,
761 1415 810 1431 nec
824 1406 956 1441 suggessit
975 1404 1051 1431 Prae-

202 1450 255 1476 tori
273 1448 306 1475 de
325 1453 395 1474 statu
415 1447 585 1474 facultatium.
610 1447 642 1474 fr.
661 1449 686 1474 2.
711 1448 734 1482 §-
754 1450 778 1475 2.
805 1448 850 1474 ubi
876 1458 938 1485 pup.
964 1449 1005 1474 27.
1025 1450 1049 1474 2.

203 1493 228 1519 A
246 1496 321 1529 parte
347 1490 464 1527 legatarii
488 1495 640 1526 suggestum
664 1495 706 1516 est
725 1496 775 1517 etc.
800 1490 830 1518 fr.
851 1492 892 1517 97.
917 1490 949 1517 de
974 1490 1049 1526 legat.

203 1535 246 1562 III.
265 1536 332 1568 (32.)
353 1544 373 1560 c.
393 1535 417 1560 8.
437 1532 469 1559 ad
489 1533 518 1559 L.
540 1533 608 1560 Falc.
628 1535 652 1559 6.
666 1535 708 1559 50.
723 1549 754 1552 —
775 1534 806 1567 ἓ.
821 1535 858 1561 3.
879 1536 1051 1561 Relatione

203 1580 312 1613 facta,
330 1578 537 1604 denunciare.
575 1576 618 1603 ΠΙ.
633 1577 699 1604 Gn·
713 1575 854 1612 Suggestio
868 1578 904 1603 tui
920 1576 1049 1607 culminis,

204 1637 237 1642 —
255 1631 304 1658 per
322 1629 400 1657 quam
418 1620 566 1654 suggeritur
584 1624 633 1645 etc.
654 1618 720 1645 Nov.
741 1619 791 1646 Th.
809 1619 838 1645 II.
859 1619 892 1646 de
911 1621 1049 1657 patrimon.

204 1663 223 1690 1.
241 1665 266 1690 3.
286 1673 307 1690 c.
326 1666 349 1690 2.
370 1672 409 1700 pr.
446 1661 585 1688 Desideria
598 1661 712 1688 Senatus
726 1667 754 1688 ut
767 1672 901 1699 suggeras,
920 1672 1050 1699 rogamus.

205 1705 286 1733 Gesta
305 1706 331 1732 in
351 1705 412 1731 Seu.
433 1704 465 1731 de
488 1705 568 1741 recip.
589 1703 638 1731 Th.
659 1704 689 1731 C.
719 1704 755 1731 Vt
778 1707 933 1741 suggeritur.
962 1705 1051 1731 Provi-

205 1749 360 1776 dentissime
378 1752 507 1783 suggesta.
527 1747 594 1773 Nov.
614 1747 663 1774 Th.
683 1748 714 1774 II.
734 1748 766 1774 de
785 1748 884 1785 postul.
904 1748 922 1774 I.
937 1750 977 1774 10.
991 1758 1012 1774 c.
1029 1749 1051 1774 l.

205 1802 245 1829 pr.
270 1807 300 1812 --
329 1792 360 1825 §.
386 1792 425 1817 4.
454 1792 610 1822 Suadere,
640 1793 872 1818 Commendare.
914 1790 958 1817 III.
984 1792 1050 1818 Cn.

205 1835 309 1861 Novum
328 1833 467 1860 consilium
486 1838 513 1859 et
531 1833 675 1860 remedium
699 1844 771 1870 sugg.
792 1834 822 1860 fr.
844 1835 867 1860 1.
893 1844 932 1871 pr.
959 1833 991 1860 de
1015 1835 1052 1860 in-

206 1878 270 1914 spic.
290 1881 382 1903 ventre
400 1878 442 1902 25.
462 1878 486 1902 4.
507 1875 589 1902 Prout
607 1875 714 1912 religi0,
733 1887 758 1903 v.
779 1876 936 1908 admissum,
961 1887 1052 1913 sugge-

206 1921 247 1946 rit.
268 1919 299 1946 fr.
319 1921 359 1946 79.
379 1919 401 1952 §.
422 1921 445 1946 l.
470 1919 502 1946 de
527 1919 604 1945 iudic.
624 1921 647 1945 5.
669 1921 690 1946 1.
710 1919 740 1946 fr.
763 1921 784 1946 l.
804 1920 826 1953 §.
846 1922 870 1946 2.
899 1920 931 1946 de
951 1920 1049 1946 effract.

205 1964 246 1989 47.
269 1963 309 1988 18.
347 1962 423 1997 Quae
442 1972 484 1988 res
498 1963 523 1988 in
537 1963 676 1999 proposito
690 1972 796 1998 quoque
809 1964 933 1999 suggerit,
954 1968 982 1989 ut
1002 1968 1049 1989 etc.

206 2005 237 2032 fr.
256 2007 298 2031 35.
319 2005 340 2038 ξ.
361 2006 385 2031 3.
405 2004 438 2031 de
456 2004 546 2031 hered.
566 2006 627 2031 inst.
652 2006 694 2031 28.
714 2007 738 2031 5.
775 2006 903 2042 Aequitas
927 2007 1050 2042 suggerit.

205 2048 372 2075 Humanitate
390 2052 553 2084 suggerente.
578 2048 608 2074 fr.
634 2049 657 2074 7.
682 2058 721 2085 pr.
746 2048 779 2075 de
803 2049 858 2075 iure
883 2048 936 2075 dot.
961 2051 1002 2075 23.
1026 2050 1050 2075 3.

206 2091 237 2118 fr.
258 2092 298 2117 13.
317 2100 356 2127 pr.
375 2090 408 2116 de
432 2090 476 2116 lib.
502 2095 527 2116 et
550 2090 638 2127 posth.
662 2093 704 2118 28.
723 2093 747 2117 2.
769 2108 800 2112 -·
824 2093 856 2126 §0
874 2093 912 2118 5.
934 2094 1051 2126 Suppe-

206 2136 322 2161 ditare.
359 2133 402 2159 III.
417 2134 484 2160 Cn.
503 2132 668 2160 Animalibus
681 2133 811 2166 alimenta,
832 2145 899 2171 quae
912 2135 993 2161 fiscus
1008 2144 1052 2160 no-

208 2181 262 2202 ster
281 2177 410 2212 suggerit.
437 2177 593 2202 ministrare.
619 2176 668 2203 Th.
689 2177 720 2204 C.
741 2177 807 2203 Vlll.
826 2180 850 2204 5.
876 2188 896 2203 c.
916 2179 958 2204 23.
985 2178 1006 2212 §.
1026 2180 1051 2204 3.

209 2218 242 2245 de
261 2229 339 2246 cursu
356 2219 419 2256 pub.
439 2218 480 2245 Cf.
501 2218 570 2244 XIV.
590 2220 614 2245 6.
635 2229 656 2245 c.
676 2221 699 2246 3.
720 2219 753 2246 de
772 2219 835 2246 calc.
856 2225 954 2247 coctor.

242 2262 449 2296 suggestio.
475 2262 506 2296 §.
521 2262 555 2288 1.
578 2263 793 2289 Consultatio
813 2265 995 2298 Principis.
1015 2266 1052 2290 li-

208 2306 288 2331 bello
307 2306 544 2337 comprehensa.
581 2304 624 2331 III.
645 2306 711 2332 Gn.
736 2305 902 2337 Relationes.
927 2306 970 2332 vel
994 2316 1053 2341 sug-

209 2347 342 2383 gestiones
370 2345 546 2374 iudicantium.
576 2357 597 2373 c.
616 2349 641 2373 2.
671 2347 703 2374 de
731 2347 784 2374 LL.
810 2350 832 2374 l.
854 2350 893 2374 14.
918 2359 938 2375 c.
958 2351 1000 2376 34.
1021 2349 1052 2375 de

210 2389 268 2426 adp.
288 2393 314 2414 ct
333 2388 444 2414 consult.
464 2391 488 2416 7.
508 2391 549 2416 62.
587 2390 615 2416 In
635 2392 754 2417 notitiam
773 2396 889 2418 nostram
909 2393 1053 2428 suggestio-

210 2431 287 2458 nibus
306 2431 421 2458 iudicum
440 2431 631 2468 perferendum.
656 2433 692 2459 lb.
713 2433 783 2460 xlv.
803 2435 826 2460 6.
848 2444 869 2460 c.
889 2436 912 2460 3.
938 2435 970 2461 de
990 2435 1052 2462 calc.

211 2480 309 2501 coctor.
330 2474 362 2500 cf.
382 2474 414 2500 X.
435 2476 458 2500 9.
479 2484 500 2500 e.
518 2477 543 2501 2.
567 2475 599 2502 de
624 2477 756 2513 incorpor.
781 2476 826 2503 XI.
846 2478 887 2504 30.
915 2487 935 2503 c.
956 2479 997 2503 41.
1022 2478 1054 2504 de

211 2517 269 2554 adp.
289 2522 315 2543 et
334 2526 410 2554 poen.
449 2516 616 2552 Suggestioni
634 2519 798 2555 Illyricianae
817 2519 997 2546 advocationis
1016 2531 1055 2547 re-

210 2560 381 2598 spondentes,
401 2559 576 2586 decernimus.
597 2570 618 2586 c.
637 2563 661 2587 5.
681 2562 714 2588 de
733 2561 763 2589 V.
783 2562 810 2588 S.
831 2565 854 2589 6.
873 2563 915 2588 38.
942 2562 982 2589 Cf.
1003 2562 1053 2590 Th.

211 2602 242 2629 C.
263 2601 330 2628 VIII.
350 2604 373 2629 4.
388 2612 409 2628 c.
423 2604 446 2628 4.
461 2602 494 2628 de
513 2602 640 2629 cohortal.
660 2619 690 2624 —
711 2605 741 2637 ἓ.
763 2607 797 2631 2.
819 2606 1053 2638 Dennnciatio,
1075 2605 1077 2618 ¹

211 2647 413 2673 Insinuatio.
451 2645 469 2671 I.
491 2646 552 2679 Sy.
578 2644 729 2673 Insinuatio.
754 2647 796 2674 Cf.
817 2647 841 2674 h.
861 2658 885 2674 v.
922 2647 965 2674 ΠΙ.
986 2650 1052 2676 Cn.

210 2731 378 2758 cessaverint.
399 2730 449 2757 Th.
470 2730 500 2757 C.
520 2730 564 2757 IX.
584 2733 625 2756 40.
647 2740 668 2756 c.
690 2733 729 2757 15.
748 2731 781 2758 de
799 2744 876 2770 poen.
892 2733 933 2761 Cf.
948 2734 994 2761 XI.
1009 2736 1051 2760 30.

211 2784 232 2801 c.
251 2775 292 2800 59.
312 2773 344 2800 de
363 2772 422 2810 adp.
443 2778 468 2800 et
487 2783 563 2810 poen.
584 2773 654 2800 XIII.
674 2775 698 2799 5.
719 2783 739 2800 c.
760 2776 800 2801 16.
825 2786 865 2812 pr.
886 2776 919 2803 de
939 2776 1051 2803 navicul.

210 2815 299 2843 Aedes
318 2815 439 2853 publicas
458 2831 490 2836 --
509 2817 608 2853 passim
626 2816 694 2842 dirui
707 2815 845 2852 plectenda
859 2819 952 2846 urbani
972 2819 1053 2846 officii

1876 166 1940 196 927

1091 248 1266 283 suggestione.
1291 246 1358 274 Nov.
1384 247 1474 274 Maior.
1501 247 1533 273 de
1557 246 1632 274 aedif.
1660 246 1722 284 pub.
1748 245 1792 273 lV.
1817 249 1842 273 4.
1867 257 1888 272 c.
1916 248 1938 272 l.

1111 300 1131 317 r.
1153 291 1174 324 §.
1197 292 1219 316 1.

1091 301 1108 328 p
1125 333 1340 367 Suggestus.
1362 332 1487 365 (Subst.)
1513 333 1544 366 ἓ.
1564 334 1598 359 l.
1625 335 1733 359 Sectile
1759 334 1938 367 magistra-

1091 383 1178 402 tuum
1197 377 1363 402 maiorum.
1402 375 1419 401 I.
1435 377 1496 409 Sy·
1517 375 1680 402 Consulatus
1701 376 1820 411 insignia.
1858 374 1938 400 Tanti

1091 424 1229 455 suggestus
1248 418 1353 445 infulae.
1374 417 1440 444 Nov.
1462 417 1519 444 Val.
1534 417 1575 444 III.
1596 418 1628 444 «le
1642 418 1762 444 honorat.
1776 417 1806 444 11.
1823 419 1862 443 12.
1877 427 1898 443 c.
1915 419 1937 442 l.

1091 462 1112 495 §.
1129 464 1150 488 l.
1170 477 1202 482 —-
1222 462 1253 495 ξ.
1268 462 1303 488 2.
1325 463 1509 496 Sug-gestio.
1548 460 1590 487 III.
1606 463 1672 489 Gn.
1693 461 1790 488 Teneri
1805 461 1938 497 magistra-

1092 510 1143 535 tus,
1163 519 1194 523 -
1214 505 1236 531 si
1256 514 1287 531 ex
1306 509 1431 540 suggestu
1451 514 1540 530 eorum
1561 519 1592 523 ——
1613 503 1724 530 Praeses
1744 503 1846 530 dederit
1866 513 1938 529 cura-

1093 552 1172 574 tores.
1193 546 1222 573 fr.
1246 549 1266 574 1.
1286 548 1308 581 §.
1327 549 1351 574 5.
1372 546 1404 573 dc
1424 556 1488 583 mag.
1509 556 1583 573 conv.
1603 549 1645 573 27.
1665 551 1688 574 8.

1127 590 1351 624 Suggillare.
1388 591 1540 621 Laedere,
1562 591 1691 616 Notare.
1730 589 1770 616 HI.
1792 591 1859 617 Cn.
1888 588 1939 615 Ne-

1093 643 1143 669 que
1162 632 1216 659 doli
1240 633 1374 669 exceptio.
1398 642 1484 668 neque
1512 632 1560 658 alia
1586 632 1691 668 quidem
1716 632 1764 667 [al.
1785 631 1936 669 quaedam]

1093 685 1158 711 quae
1177 676 1281 712 patroni
1300 676 1451 712 parentisve
1471 676 1623 712 opinionem
1650 675 1719 712 apud
1743 675 1827 701 bonos
1851 684 1938 702 mores

1092 718 1215 754 suggillet
1243 719 1272 744 fr.
1293 720 1316 744 4.
1337 719 1358 752 ξ.
1381 719 1420 745 16.
1440 718 1472 744 de
1492 717 1516 744 d.
1536 728 1568 744 m.
1589 728 1644 744 cxc.
1665 720 1706 744 44.
1727 720 1750 744 4.
1788 718 1816 744 Si
1842 718 1938 745 famosa

1092 763 1159 787 actio
1179 771 1231 787 non
1251 762 1300 792 sit,
1324 760 1366 787 vel
1386 760 1513 798 pudorem
1538 771 1590 787 uon
1610 761 1733 797 suggillat
1753 761 1796 794 [al.
1818 761 1938 798 suggilat,

1093 814 1115 830 v.
1135 803 1263 839 sugillet]
1285 803 1313 830 fr.
1336 806 1375 830 10.
1396 804 1417 837 ξ,
1440 806 1479 830 12.
1500 803 1532 830 de
1552 805 1578 830 in
1599 805 1639 830 ius
1659 814 1715 830 voc.
1736 806 1760 830 2.
1780 806 1804 830 4.

1128 847 1363 881 Suggillatio.
1384 848 1607 879 Contumelia,
1628 849 1823 881 Ignominia.
1843 847 1862 874 I.
1877 849 1938 882 Sy.

1094 889 1199 916 Iniuria.
1219 890 1249 916 fr.
1271 892 1310 916 15.
1331 891 1352 924 §.
1371 891 1413 916 35.
1434 889 1466 915 de
1485 890 1561 916 iniur.
1581 891 1622 916 47.
1646 892 1684 916 10.

1128 933 1366 966 suggrunda.
1404 932 1445 959 Cf.
1465 942 1488 958 v.
1509 932 1675 969 Subgrunda.

1129 975 1208 1006 Sui,
1229 976 1314 1005 sibi,
1335 983 1388 1002 se·
1408 974 1557 1008 (Pronom.)
1577 975 1618 1002 Cf.
1639 986 1663 1002 v.
1684 975 1728 1007 Se,
1747 985 1771 1002 v.
1791 975 1895 1006 Secum.
1914 985 1938 1001 v.

1096 1017 1192 1044 Semet.
1230 1017 1273 1044 111.
1294 1019 1360 1045 Cn.
1385 1017 1432 1044 Sui
1455 1018 1552 1044 furtum
1571 1018 1657 1045 facere
1680 1020 1729 1052 (sc.
1749 1028 1854 1045 servum
1875 1018 1939 1054 fugi·

1094 1061 1196 1092 tivum.)
1216 1070 1238 1087 c.
1253 1061 1275 1086 1.
1290 1060 1322 1086 de
1337 1070 1404 1087 serv.
1418 1060 1491 1097 fugit.
1505 1063 1528 1088 6.
1546 1063 1567 1088 l.
1605 1061 1789 1097 Spectaculum
1809 1062 1849 1087 sui
1869 1071 1941 1098 prae-

1095 1103 1163 1130 bere.
1184 1104 1214 1130 fr.
1234 1106 1258 1130 2.
1284 1104 1306 1137 §.
1326 1105 1349 1129 5.
1370 1103 1402 1129 de
1422 1103 1445 1130 h.
1470 1105 1513 1141 qui
1538 1109 1591 1130 not.
1616 1104 1661 1131 inf.
1681 1107 1704 1131 3.
1724 1107 1749 1131 2,
1786 1104 1862 1131 Hunc
1888 1104 1939 1130 sibi

1094 1151 1190 1173 metum
1210 1147 1266 1184 ipsa
1286 1146 1371 1173 infert.
1393 1147 1422 1173 fr.
1442 1148 1484 1173 21.
1505 1157 1543 1184 pr.
1564 1147 1615 1182 Qu.
1636 1152 1697 1174 met.
1719 1158 1739 1174 c.
1760 1150 1784 1174 4.
1802 1149 1827 1173 2.
1864 1146 1940 1173 Prae-

1094 1195 1183 1216 sentes
1202 1189 1368 1221 absentibus,
1391 1200 1420 1216 ac
1439 1189 1491 1215 sibi
1511 1195 1638 1226 perpetuo
1658 1190 1820 1222 vacantibus,
1840 1189 1939 1227 praefe-

1095 1238 1192 1259 rantur.
1217 1232 1267 1259 Th.
1292 1232 1323 1259 C.
1343 1232 1361 1258 Ι.
1386 1234 1409 1259 9.
1437 1242 1457 1258 c.
1478 1233 1502 1258 3.
1522 1232 1637 1266 (Wek.)
1662 1233 1694 1259 de
1717 1234 1760 1260 off.
1785 1244 1847 1270 mag.
1869 1234 1939 1260 offic.

1095 1276 1166 1307 Sibi,
1191 1285 1220 1301 ac
1244 1275 1448 1301 necessitatibus
1474 1277 1590 1313 propriis
1615 1277 1724 1313 (petitae
1743 1278 1883 1313 angariae.)
1901 1277 1940 1303 lb.

1096 1318 1163 1345 VIII.
1183 1321 1206 1345 5.
1231 1328 1252 1344 e.
1273 1321 1297 1345 4.
1317 1328 1355 1355 pr.
1382 1317 1414 1344 de
1440 1328 1518 1345 cursu
1542 1318 1603 1356 pub.
1631 1318 1702 1350 Sibi.
1722 1318 1866 1356 liberisque
1885 1321 1941 1346 suis

1095 1363 1242 1396 (civitatem
1265 1362 1381 1399 petere.)
1406 1361 1464 1388 Gai.
1484 1361 1502 1388 Ι.
1522 1365 1563 1388 55.
1602 1361 1673 1393 Sibi,
1693 1361 1857 1398 familiaeque
1880 1372 1942 1389 suae

1095 1406 1275 1438 (constituere
1294 1404 1434 1442 sepulchra
1454 1406 1520 1437 etc.)
1544 1404 1574 1431 fr.
1595 1406 1619 1432 6.
1643 1414 1682 1442 sq.
1707 1404 1740 1431 dc
1764 1405 1835 1441 relig.
1858 1407 1896 1431 11.
1917 1407 1940 1432 7.

1095 1448 1127 1474 cf.
1149 1447 1178 1474 fr.
1200 1449 1238 1473 10.
1259 1447 1291 1473 de
1317 1447 1408 1474 iurisd.
1428 1449 1451 1474 2.
1475 1449 1496 1473 l.
1534 1447 1659 1480 Sibimet,
1684 1448 1727 1474 vel
1751 1458 1800 1474 suo
1826 1449 1941 1486 corpori,

1095 1492 1245 1528 (impetrata
1265 1491 1350 1522 scita.)
1371 1490 1438 1516 Nov.
1453 1489 1503 1516 Th.
1517 1490 1547 1517 ΙΙ.
1563 1490 1595 1516 de
1615 1501 1662 1517 am.
1682 1490 1736 1517 mil.
1757 1490 1806 1517 fori
1826 1501 1941 1528 praescr.

1096 1534 1114 1560 I.
1128 1536 1151 1560 9.
1173 1544 1193 1560 c.
1207 1535 1231 1559 2.
1251 1534 1273 1567 ξ.
1292 1535 1316 1559 3.
1354 1532 1427 1559 Duas
1448 1533 1593 1559 concedant
1613 1533 1714 1566 liberis,
1734 1549 1763 1553 —-
1785 1535 1888 1561 tertiam
1908 1535 1942 1561 si-

1096 1577 1177 1603 bimet
1196 1577 1331 1602 retenturi.
1352 1575 1401 1602 Tb.
1423 1576 1454 1602 C.
1469 1575 1535 1602 VIII.
1556 1579 1580 1602 4.
1595 1587 1616 1603 c.
1631 1578 1654 1603 7.
1669 1576 1701 1602 de
1715 1576 1842 1603 cohortal.
1880 1577 1939 1604 Non

1097 1621 1188 1646 timere
1207 1619 1258 1645 hoc
1278 1618 1401 1649 edictum,
1421 1618 1472 1645 sibi
1492 1620 1560 1645 enim
1574 1619 1699 1655 vigilavit.
1720 1619 1748 1646 fr.
1763 1621 1787 1646 6.
1807 1620 1828 1653 §
1843 1621 1865 1646 7.
1886 1620 1940 1656 Qu.

1095 1664 1122 1689 in
1148 1662 1178 1688 fr.
1202 1661 1271 1688 cred.
1296 1664 1337 1687 42.
1357 1663 1381 1687 8.
1419 1661 1487 1688 Cum
1512 1678 1544 1681 —
1568 1663 1751 1699 unusquisque
1775 1673 1865 1689 eorum
1889 1663 1941 1690 sibi

1095 1706 1251 1741 negotietur.
1271 1704 1301 1731 fr.
1321 1706 1362 1730 64.
1383 1714 1431 1741 pro
1450 1714 1504 1731 soc.
1526 1706 1565 1732 17.
1585 1706 1609 1731 2.

1131 1749 1301 1775 §ulem-e.
1344 1748 1374 1781 §.
1396 1748 1429 1774 1.
1459 1749 1594 1774 Versare
1619 1758 1747 1774 vomere.
1770 1750 1881 1775 Arare.
1923 1749 1941 1775 I.

1097 1792 1160 1825 Sy.
1180 1790 1292 1816 Versare
1312 1791 1414 1823 (arva.)
1440 1790 1490 1817 Th.
1515 1790 1546 1817 C.
1567 1790 1622 1817 VII.
1647 1792 1689 1817 20.
1716 1801 1737 1817 c.
1760 1793 1799 1817 ll.
1820 1791 1852 1818 de
1872 1797 1942 1818 vete-

1097 1844 1150 1860 ran.
1167 1849 1196 1853 —
1217 1834 1248 1866 ξ.
1263 1835 1298 1859 2.
1318 1835 1530 1860 Proscindere
1549 1833 1727 1867 (verberibus,
1747 1836 1941 1867 tormentisve.)

1096 1876 1139 1903 ΙΙΙ.
1154 1878 1220 1904 Gn.
1240 1875 1281 1902 Sit
1300 1876 1391 1902 eculeo
1412 1876 1525 1908 deditus.
1546 1876 1704 1913 ungulisque
1723 1876 1887 1903 sulcantibus
1907 1876 1942 1903 la-

1096 1924 1150 1945 tera
1171 1918 1285 1956 perferat
1304 1924 1353 1945 etc.
1374 1919 1410 1945 lb.
1431 1919 1474 1946 IX.
1495 1921 1535 1946 16.
1556 1930 1577 1946 c.
1597 1921 1621 1946 6.
1642 1919 1674 1946 de
1694 1920 1805 1946 malefic.

1130 1963 1275 1989 sulcus.
1314 1962 1344 1994 ξ.
1365 1963 1400 1988 l.
1421 1964 1575 1994 Fussala,
1600 1964 1722 1996 (vomere
1746 1964 1876 2000 impresso
1896 1962 1942 1989 du·

1097 2006 1158 2037 cta.)
1195 2004 1237 2031 III.
1261 2006 1327 2032 Gn.
1348 2004 1487 2031 Frumenta
1507 2005 1603 2037 sulcis,
1628 2010 1672 2032 aut
1690 2007 1782 2032 vineae
1801 2005 1941 2032 scrobibus

1096 2047 1258 2074 mandentur.
1279 2057 1300 2074 c.
1314 2049 1337 2074 3.
1352 2047 1385 2074 de
1399 2047 1479 2074 feriis.
1493 2050 1517 2074 3.
1534 2050 1572 2074 12.
1610 2048 1693 2075 Arare
1712 2054 1737 2075 et
1750 2058 1838 2075 serere
1851 2058 1941 2086 posse⁹

1096 2092 1172 2117 etiam
1192 2092 1249 2117 sine
1269 2090 1350 2117 sulcis
1370 2092 1493 2127 aquariis.
1514 2090 1544 2118 fr.
1566 2093 1589 2117 l.
1608 2092 1645 2125 ἕξ.
1666 2094 1689 2117 5.
1709 2093 1732 2117 9.
1753 2091 1783 2118 fr.
1797 2093 1838 2118 24.
1859 2102 1898 2129 pr.
1918 2092 1941 2125 §.

1098 2136 1120 2160 l.
1141 2133 1173 2160 de
1192 2144 1256 2170 aqua
1276 2139 1301 2160 et
1320 2143 1377 2170 aqu.
1398 2133 1434 2171 pl.
1454 2136 1495 2160 39.
1516 2136 1540 2160 3.
1562 2151 1592 2154 -
1613 2135 1643 2167 §.
1664 2136 1698 2160 2.
1720 2136 1871 2166 Canalis,
1892 2137 1941 2161 Ri-

1096 2187 1150 2203 vus
1170 2186 1279 2210 aquae.
1317 2176 1360 2202 Ill.
1379 2178 1446 2204 Gn.
1467 2176 1563 2202 Sulcus
1582 2176 1706 2213 publicus
1726 2187 1857 2213 aquarum.
1879 2187 1900 2203 c.
1915 2179 1938 2203 6.

1096 2219 1129 2246 de
1148 2219 1255 2256 aquaed.
1272 2220 1310 2245 11.
1325 2220 1366 2245 42.
1404 2220 1505 2256 Aquam
1525 2219 1599 2245 sulco
1619 2224 1710 2256 aperto
1731 2235 1763 2239 --
1783 2219 1894 2246 educere
1914 2221 1939 2246 in

1096 2262 1204 2289 fundum
1224 2262 1381 2288 inferiorem.
1402 2262 1432 2288 fr.
1452 2264 1494 2288 29.
1514 2262 1546 2287 de
1566 2262 1596 2288 S.
1617 2261 1644 2288 P.
1664 2262 1694 2289 R.
1715 2264 1739 2289 8.
1758 2264 1783 2289 3.

1131 2306 1307 2338 Sulphur.
1348 2306 1466 2331 Terrae
1481 2315 1597 2339 genus,
1622 2304 1716 2337 (facile
1742 2306 1826 2341 ignem
1854 2306 1939 2331 conci-

1098 2349 1199 2386 piens.)
1235 2348 1277 2374 111.
1303 2349 1369 2375 Cn.
1393 2348 1471 2379 Auri,
1498 2352 1524 2373 et
1547 2349 1660 2384 argenti,
1686 2353 1711 2373 et
1734 2347 1871 2385 sulphuris
1896 2347 1940 2381 [al.

1098 2390 1248 2429 sulpuris.]
1279 2395 1304 2416 et
1330 2391 1409 2421 aeris.
1435 2395 1461 2416 et
1485 2389 1560 2421 ferri,
1591 2395 1617 2417 et
1645 2395 1807 2417 caeterorum
1837 2390 1940 2417 fodinas

1099 2450 1131 2454 ——
1150 2443 1278 2460 exercere.
1299 2433 1328 2459 fr.
1351 2435 1390 2459 13.
1410 2433 1431 2466 §.
1452 2435 1475 2459 5.
1497 2433 1529 2459 de
1548 2434 1629 2459 usufr.
1651 2435 1673 2459 7.
1696 2435 1717 2460 l.

1132 2475 1396 2509 Sulphuraria.
1434 2477 1551 2507 Locus,
1576 2477 1628 2501 uhi
1651 2477 1941 2512 sulphurfoditur

1099 2526 1129 2546 et
1152 2524 1387 2554 praeparatur.
1429 2518 1447 2544 I.
1470 2520 1532 2553 Sy.
1557 2518 1699 2555 Sulphuris
1723 2518 1818 2545 fodina.
1844 2519 1874 2545 fr.
1901 2521 1940 2546 13.

1099 2563 1120 2596 ξ.
1141 2565 1164 2589 5.
1185 2562 1217 2588 de
1236 2561 1316 2588 usufr.
1336 2562 1359 2587 7.
1381 2563 1403 2587 1.
1428 2561 1457 2587 fr.
1478 2563 1519 2587 52.
1544 2561 1565 2594 §.
1586 2562 1609 2587 8.
1635 2561 1667 2587 de
1690 2561 1749 2588 furt.
1775 2564 1815 2588 47.
1834 2564 1860 2589 2.
1896 2562 1940 2589 111.

1100 2607 1165 2633 Cn.
1185 2604 1213 2630 Iu
1234 2604 1382 2633 calcariam.
1407 2604 1448 2630 vcl
1467 2603 1658 2640 sulphurariam
1679 2603 1723 2637 [al.
1743 2604 1939 2642 sulpurariam]

1075 2652 1077 2668 ἓ
1098 2647 1221 2674 damnari.
1241 2647 1271 2673 fr.
1291 2648 1315 2673 8.
1334 2647 1356 2680 §.
1379 2649 1418 2673 lo.
1439 2646 1470 2672 de
1490 2656 1567 2683 poen.
1587 2648 1628 2672 48.
1652 2648 1691 2673 19.

211 2688 307 2715 Officia
333 2704 363 2708 ——
393 2687 539 2725 dispendiis
567 2687 752 2721 subiacebunt,
781 2692 803 2717 si
832 2692 858 2717 in
885 2692 1076 2727 suggestione.

1132 2691 1417 2722 Sulphuratum.
1460 2691 1666 2721 Banu-ntum,
1691 2691 1847 2724 sulphure
1870 2692 1940 2717 illi-

1098 2739 1170 2760 tum.
1207 2732 1249 2759 III.
1270 2734 1337 2760 Gn.
1357 2732 1491 2763 Titiones‚
1519 2737 1544 2757 et
1567 2731 1616 2758 alia
1640 2731 1708 2768 ligna
1729 2738 1809 2759 cocta.
1830 2749 1861 2753 ——
1881 2731 1940 2758 Sul-

1098 2775 1208 2812 phurata
1228 2775 1272 2809 [al.
1293 2775 1440 2812 sulpurata]
1467 2784 1572 2811 quoque
1596 2774 1628 2801 de
1647 2774 1724 2812 liguo.
1744 2775 1775 2802 fr.
1795 2778 1835 2803 55.
1859 2776 1895 2808 ἐξ.
1917 2776 1939 2802 7.

1098 2829 1138 2855 sq.
1158 2818 1191 2845 de
1209 2818 1286 2854 legat.
1306 2818 1347 2844 111.
1368 2819 1435 2851 (32.)
