2197 3121
1036 159 1129 191 DES.

218 242 251 269 de
269 243 325 268 iure
343 241 410 268 fisci.
431 244 470 269 10.
486 243 508 268 1.
545 241 656 268 Delator
673 239 739 267 facta
759 240 960 267 denunciatione
979 239 1059 267 desti-

217 286 257 311 tit.
282 284 311 311 fr.
332 287 373 311 10.
393 295 432 322 pr.
458 285 490 311 de
514 284 565 310 div.
592 288 670 320 temp.
690 293 729 320 pr.
754 285 795 309 44.
815 285 839 310 3.
882 283 935 319 Qui
965 293 1059 310 nurum

217 337 291 354 suam
311 338 434 354 accusare
453 327 621 357 instituisset,
641 331 734 363 postea
754 326 883 353 desistere
903 325 1001 352 maluit.
1027 325 1058 352 fr.

219 372 259 396 11.
280 371 301 404 5.
321 372 344 397 3.
366 370 396 397 cf.
416 370 448 397 fr.
468 372 492 396 2.
512 370 533 403 5.
555 371 577 395 l.
598 368 628 394 fr.
648 370 690 395 39.
711 370 732 403 5.
753 371 776 395 6.
798 368 827 395 fr.
841 370 883 395 40.
903 369 924 403 5.
940 371 962 395 1.
983 368 1015 395 ad
1028 368 1058 395 L.

218 412 265 439 lul.
286 413 318 439 de
338 413 418 439 adult.
438 414 478 438 48.
498 414 521 438 5.
559 412 588 437 Si
609 412 667 447 quis
687 417 864 438 accusatorem
883 421 936 437 non
955 411 1058 443 habeat,

218 471 251 475 —-
271 455 489 492 quemadmodum
508 456 539 485 is,
560 455 633 480 euius
653 459 789 481 accusator
808 453 950 480 destiterit.
979 453 1010 480 fr.
1034 455 1058 480 6.

218 499 240 532 5.
260 500 284 525 2.
310 498 343 525 (le
361 508 431 526 mun.
451 503 477 524 et
494 497 555 523 hon.
580 499 622 523 50.
642 498 665 523 4.
711 497 851 523 Desistens
871 497 992 523 omittere
1011 498 1059 523 cri-

217 551 285 567 men.
320 541 350 568 fr.
376 543 399 567 4.
419 551 458 578 pr.
485 540 517 566 ad
541 540 568 566 S.
594 540 624 566 C.
650 540 732 577 Turp.
755 540 797 566 48.
822 540 862 566 16.
899 555 932 559 -—
968 540 998 573 §.
1022 542 1058 566 2.

218 586 323 610 Abire.
360 584 378 610 I.
393 585 454 618 Sy.
482 582 625 614 Recedore,
644 583 732 609 Exire.
760 592 780 608 c.
796 583 836 608 13.
856 582 916 616 5.1.
936 582 969 608 de
982 592 1058 619 prox.
1080 594 1081 598 ¹

219 626 247 653 S.
267 628 346 653 scrin.
372 628 411 653 12.
432 628 473 653 19.
515 625 558 652 III.
579 627 645 653 Cn.
673 625 702 651 In
725 625 916 657 deficientium,
940 625 984 651 vel
1007 625 1058 652 alio

218 669 297 695 modo
317 668 508 700 desistentium,
528 668 586 695 loca
604 669 749 706 pervenire.
783 667 850 694 Νῦν.
870 670 912 694 35.
936 678 957 694 c.
979 670 1001 694 1.
1026 684 1058 688 —

218 712 250 745 ἕ.
277 713 314 738 3.
348 713 519 743 Desinere,
547 714 688 739 Cessare.
729 710 771 736 III.
797 711 863 738 Gn.
896 710 1059 747 Peregrinari

218 755 269 780 iam
289 753 399 786 destitit,
419 755 459 787 (si
479 754 581 787 rediit.)
612 765 633 781 c.
654 756 676 780 7.
697 753 729 780 de
747 753 826 779 incol.
847 755 887 779 10.
906 755 948 780 39.
985 753 1060 780 Prae-

220 797 346 834 cipimus,
366 813 398 817 —
418 802 447 824 ut
466 797 573 823 litorum
592 796 703 823 desistat
721 806 750 822 ac
769 801 893 833 portuum
911 798 1060 833 perniciosa

219 839 348 866 custodia.
381 839 430 866 Th.
446 839 476 867 C.
497 840 552 866 HI.
573 840 613 865 16.
634 840 693 865 c.1.
714 838 746 865 de
765 838 835 865 litor.
856 843 881 865 et
900 840 954 866 itin.
976 844 1042 866 cust.

253 884 451 910 Desolare.
491 884 687 910 Solitariam
706 884 898 916 relinquere.
935 882 1060 910 III-Gn.

219 923 315 951 Curias
335 925 449 952 desolari
469 925 638 961 cognovimus
657 923 712 955 his,
737 925 782 960 qni
805 934 853 961 per
872 925 997 961 originem
1016 925 1061 951 ob-

218 969 292 994 noxii
312 973 381 994 sunt.
410 968 447 995 lb.
467 968 523 994 XII.
545 969 567 994 1.
588 978 608 994 c.
630 969 669 994 13.
690 967 722 994 de
742 967 875 994 decurion.

254 1012 466 1038 Desolatus.
495 1009 626 1043 (Panic.)
665 1011 831 1037 Desertus.
868 1010 910 1037 Ill.
928 1012 994 1038 011.
1021 1010 1061 1037 In-

220 1052 303 1085 sulae,
324 1059 367 1079 aut
385 1053 442 1080 loca
463 1052 588 1079 desolata.
624 1052 673 1079 Th.
693 1052 724 1079 C.
744 1053 788 1080 lx.
808 1054 850 1080 38.
871 1064 892 1080 c.
914 1056 953 1080 10.
974 1053 1005 1080 de
1025 1055 1061 1080 in-

220 1095 290 1132 dulg.
311 1097 382 1123 crim.
419 1095 503 1122 Sedes
527 1095 640 1122 desolati
663 1097 740 1122 ruris.
770 1095 807 1122 lb.
826 1096 872 1123 XI.
891 1098 933 1123 24.
953 1107 975 1123 c.
994 1098 1018 1123 6.
1038 1097 1060 1130 5.
1082 1091 1083 1104 ³

218 1139 244 1164 3.
263 1138 296 1165 de
314 1143 413 1175 patroc.
432 1139 514 1164 vicor.

253 1182 473 1208 Desolvere·
511 1183 715 1214 Persolrere,
736 1183 928 1216 Depenaere.
965 1181 1060 1217 [Sy.

219 1222 338 1250 Solvere.
369 1223 399 1250 sr.
418 1226 460 1250 41.
481 1224 502 1258 5.
523 1226 546 1250 9.
567 1224 599 1251 de
618 1224 704 1251 fideic.
724 1224 788 1251 libb.
808 1226 849 1251 40.
870 1227 893 1251 5,

253 1268 482 1300 Desperare·
521 1270 609 1302 Spem
638 1269 787 1295 abiicere.
827 1267 871 1294 III.
896 1269 962 1296 011.
993 1267 1061 1295 Cum

218 1309 253 1336 de
271 1310 321 1336 viri
340 1310 393 1335 vita
418 1308 588 1346 desperasset
612 1310 748 1344 (mulier.)
780 1310 811 1337 sr.
831 1313 873 1337 21.
893 1321 931 1348 pr.
955 1311 989 1337 de
1011 1316 1060 1338 act.

218 1362 270 1379 rer.
290 1357 367 1378 aniot.
386 1353 428 1378 25.
447 1354 471 1378 2.
510 1352 577 1379 Cum
597 1352 747 1390 desperavit
770 1353 846 1380 aliam
868 1354 1060 1391 probationem,

218 1400 282 1422 tunc
310 1394 396 1421 denuo
425 1394 457 1421 ad
484 1395 639 1432 religionem
667 1395 816 1422 convolare.
854 1406 875 1423 c.
901 1399 941 1423 ll.
971 1396 1004 1424 de
1028 1396 1060 1423 R.

220 1437 252 1465 C.
271 1439 295 1464 4.
318 1439 339 1464 l.

253 1480 494 1513 Desperatio.
531 1481 685 1517 Defectus
704 1484 781 1516 spei.
818 1482 861 1509 III.
880 1484 946 1511 Gn.
966 1482 1061 1509 Sinon

219 1523 247 1549 in
273 1527 361 1553 reatu,
390 1522 439 1549 sed
467 1522 652 1560 desperatione
679 1534 765 1551 rerum
796 1535 844 1562 per
875 1527 1061 1552 conscientiam

219 1570 291 1592 metu
310 1566 470 1592 imminentis
489 1567 664 1593 accusationis
684 1569 743 1604 quis
764 1568 879 1605 adoptet.
899 1568 931 1595 sr.
951 1571 974 1596 7.
994 1569 1016 1603 5.
1035 1571 1060 1595 2.

221 1607 255 1634 de
272 1608 333 1635 bon.
354 1608 468 1635 damnat.
488 1610 530 1635 48.
549 1611 591 1635 20.
633 1609 697 1636 Sola
721 1612 824 1638 miseris
848 1611 880 1638 ad
898 1611 1062 1649 poscendum

221 1650 347 1677 auxilium
370 1651 485 1678 sufficiat
510 1652 659 1689 desperatio
683 1652 834 1681 liberorum.
871 1654 921 1681 Th.
942 1654 973 1681 C.
992 1654 1060 1681 Vlfl.

241 1694 264 1719 7.
285 1703 306 1719 c.
326 1696 348 1720 1.
369 1694 401 1721 de
420 1695 477 1721 iure
492 1694 599 1721 liberor.
636 1695 836 1723 Donatistarum
856 1697 1005 1735 desperatio
1024 1697 1062 1724 fu-

223 1740 278 1761 cata
297 1736 414 1772 persidia.
442 1737 479 1763 lb.
499 1737 569 1764 XVI.
589 1740 613 1764 5.
635 1748 655 1765 c.
675 1740 716 1766 37.
738 1738 770 1765 de
789 1739 911 1766 haeretic.

256 1779 501 1812 Desperatus.
529 1780 650 1813 (Partie.)
683 1783 760 1815 Spei
778 1792 898 1816 expers.
929 1782 972 1809 III.
995 1784 1061 1810 Cn.
1082 1781 1084 1800 ἶ

222 1820 313 1847 Rebus
332 1821 445 1848 adflictis
465 1832 493 1848 ac
513 1822 669 1859 desperatis.
699 1823 766 1850 Νῦν.
780 1824 884 1851 Valent.
904 1825 946 1851 III.
967 1825 999 1851 de
1018 1836 1062 1862 pa·
1083 1830 1084 1839 ¹

222 1868 288 1890 rent.
310 1874 351 1900 qu.
371 1863 408 1890 sil.
437 1863 468 1890 II.
487 1866 528 1890 33
550 1875 571 1891 c.
593 1867 615 1891 l.
657 1865 734 1903 Opus
758 1866 925 1903 desperatum
948 1884 981 1887 —
1006 1878 1062 1895 cae-

222 1905 284 1932 lesti
308 1905 397 1932 favore
424 1908 473 1933 iam
497 1907 705 1944 adimplevimus.
733 1908 852 1936 Prooem.
872 1910 891 1937 I.
915 1911 937 1945 5.
956 1913 980 1937 2.
1022 1910 1062 1938 Ne

223 1948 356 1986 desperati
375 1949 407 1975 ad
426 1949 584 1976 delationem
603 1950 679 1977 facile
697 1952 803 1988 possint
825 1954 883 1980 sine
907 1964 984 1980 causa
1003 1964 1063 1981 con-

223 1990 319 2027 fugere.
345 1991 375 2018 fr.
396 1994 436 2018 18.
456 1993 477 2026 5.
497 1995 521 2019 3.
542 1993 574 2019 de
593 1994 649 2019 iure
668 1994 734 2021 fisci.
754 1996 795 2021 49.
817 1997 856 2022 14.

256 2035 475 2068 Respicere.
507 2036 537 2068 §.
558 2037 592 2062 l·
624 2038 782 2070 Spectare.
814 2038 939 2067 HLGn.
959 2039 1062 2077 Specus

225 2082 265 2103 est
283 2077 367 2109 locus,
388 2088 419 2104 ex
433 2088 485 2114 quo
500 2078 651 2115 despicitur.
677 2079 707 2106 fr.
722 2082 744 2106 1.
765 2081 786 2114 5.
800 2082 824 2107 3.
845 2081 878 2108 de
896 2083 944 2108 riv.
964 2085 1005 2109 43.
1019 2085 1060 2110 21.

225 2135 258 2139 —
283 2120 313 2153 §-
333 2122 368 2146 2.
398 2122 614 2148 Contemnere.
651 2122 681 2149 H.
705 2125 771 2157 01).
799 2124 908 2161 Optare.
937 2136 957 2153 c,
978 2128 1001 2152 5.
1021 2136 1061 2163 pr.

226 2161 278 2196 Qu.
296 2163 371 2189 milit.
390 2173 462 2200 poss.
488 2166 528 2190 12.
546 2166 588 2190 34.

260 2206 493 2238 Despoliare.
514 2208 678 2241 Spoliare,
701 2209 861 2244 Diripere.
882 2210 900 2237 1.
912 2212 974 2246 Sy.
995 2211 1063 2249 Spo-

227 2246 298 2272 IIare.
322 2246 352 2274 fr.
372 2250 394 2274 1.
414 2248 443 2274 sr.
463 2251 506 2275 31.
526 2250 547 2283 5.
569 2251 591 2276 7.
613 2250 645 2276 de
664 2250 724 2277 don.
744 2253 790 2279 int.
811 2252 842 2280 V.
861 2255 903 2280 24.
924 2256 946 2280 l.

261 2290 504 2322 Despoliatio.
547 2295 729 2327 spoliatio,
760 2297 923 2323 Privatio.
961 2297 979 2324 I.
999 2300 1061 2332 sy.

228 2330 355 2357 Dlulctari.
399 2333 485 2360 Adlici
509 2335 701 2372 despoliatione
731 2337 778 2370 [al.
803 2338 1006 2375 dispoliatione]
1031 2341 1060 2370 L.

228 2373 352 2399 librarum
371 2377 432 2402 auri.
460 2376 509 2404 Th.
533 2377 563 2404 C.
582 2378 627 2405 IX.
648 2381 688 2406 17.
709 2390 730 2406 c.
749 2381 773 2406 6.
793 2380 825 2407 de
844 2382 944 2419 sepulc.
964 2384 1026 2410 viol.

229 2458 302 2485 Neve
323 2459 371 2485 sub
392 2460 517 2488 ecclesiae
534 2465 639 2491 nomine
658 2481 690 2485 ·—-
709 2466 845 2502 praedam.
870 2468 943 2495 velut
966 2470 1062 2496 infirmi

228 2512 308 2528 sexus
328 2501 498 2538 despoliatos,
516 2506 656 2534 invaderet.
686 2508 736 2535 Th.
751 2508 781 2536 C.
800 2509 871 2537 XVI.
890 2514 914 2538 2.
935 2522 956 2538 c.
970 2513 1011 2538 28.
1030 2513 1062 2539 de
1083 2506 1085 2531 l

229 2546 309 2581 episc.
329 2545 423 2571 eccles.

264 2589 520 2620 Respondete.
553 2593 764 2624 Sponsalibus
783 2598 936 2632 obligare.
968 2597 1062 2632 [Sy.

230 2630 371 2667 Sponsalia
395 2630 487 2658 facere.
522 2632 553 2659 fr.
572 2635 613 2660 32.
637 2635 674 2669 55.
693 2639 734 2664 27.
755 2648 794 2675 sq.
819 2639 852 2666 de
875 2639 935 2666 don.
960 2641 1006 2667 int.
1030 2641 1062 2668 V.

228 2675 270 2699 24.
292 2675 313 2699 l.
360 2673 477 2710 Sponsa,
506 2675 654 2713 Desponsa.
685 2678 768 2707 Vatic.
789 2682 810 2716 5.
829 2684 888 2709 202.
929 2683 971 2710 III.
997 2685 1062 2711 Cn·

229 2715 260 2742 Si
284 2721 411 2752 patronus
435 2717 486 2744 sibi
511 2718 682 2756 desponderit
704 2722 791 2757 aliam,
818 2725 862 2752 vel
885 2726 1063 2760 destinaverit,

230 2758 273 2785 vel
297 2761 490 2787 matrimonium
514 2761 621 2789 alterius
645 2763 789 2801 adpetierit.
822 2767 852 2795 fr.
873 2770 912 2795 ll.
938 2769 959 2803 5.
978 2772 1003 2797 2.
1032 2770 1064 2797 de

230 2801 325 2828 divort.
350 2804 391 2829 24.
412 2805 436 2829 2.
471 2804 502 2830 ef.
523 2804 553 2831 fr.
571 2807 612 2832 36.
637 2806 666 2833 fr.
687 2808 728 2834 66.
747 2818 787 2845 pr.
812 2810 845 2837 de
867 2811 898 2838 R.
922 2812 954 2839 N.
978 2814 1020 2839 23.
1038 2816 1062 2840 2.

1881 163 1946 194 275

1102 240 1187 269 Vatic.
1207 242 1228 276 5.
1248 243 1307 268 202.
1344 242 1379 269 Et
1398 242 1501 270 absenti
1521 243 1657 270 absentem
1675 242 1836 280 desponderi
1855 254 1943 281 posse.

1079 285 1081 310 ἶ
1103 283 1133 310 fr.
1154 286 1178 311 4.
1198 285 1220 318 5.
1242 286 1264 311 l.
1285 284 1317 311 (lc
1336 286 1453 322 sponsal.
1473 288 1514 312 23.
1535 288 1558 312 1.

1137 328 1389 360 Desponsam.
1423 330 1634 363 Despondere.
1666 328 1708 354 III.
1726 330 1791 356 Gn.
1811 329 1875 356 Slve
1893 331 1944 356 iam

1104 368 1278 406 desponsatae
1297 370 1394 396 suerint
1414 372 1468 403 (sc.
1487 372 1635 407 virgines,)
1654 372 1710 397 sive.
1729 381 1790 398 non.
1819 383 1840 398 c.
1862 374 1884 398 1.
1903 382 1943 409 pr.

1104 411 1136 438 de
1159 417 1235 450 raptu
1258 414 1339 449 virgg.
1366 414 1389 439 9.
1410 415 1450 440 1³3.
1496 414 1550 440 Alii
1573 413 1762 451 desponsatae,
1791 416 1945 442 renunciare

1103 455 1249 482 conditioni
1269 460 1295 482 et
1313 455 1412 482 nubere
1435 456 1478 483 alii
1503 458 1573 491 (non
1592 456 1793 494 prohibentur.)
1823 468 1844 484 c.
1866 460 1888 485 1.
1912 458 1945 485 de

1103 498 1221 535 sponsal.
1241 501 1265 525 5.
1286 500 1309 525 1.

1137 541 1354 569 Destinat-e.
1401 542 1432 575 ᾖ.
1460 543 1495 569 l.
1537 544 1759 575 Constituere,
1794 545 1943 570 Praesti-

1103 589 1205 613 tnere,
1234 585 1418 611 Decernere.
1454 584 1472 610 I.
1492 586 1554 619 Sy.
1583 584 1719 621 Cogitate,
1739 585 1824 612 Velle.
1852 585 1882 612 fr.
1902 588 1944 612 40.

1104 625 1137 652 de
1155 626 1269 663 religios
1291 629 1331 654 11.
1346 629 1369 654 7.
1380 627 1411 653 fr.
1425 629 1449 654 9.
1463 637 1502 664 pr.
1514 628 1551 661 55.
1565 629 1590 654 2.
1604 630 1627 654 4.
1642 638 1681 664 sq.
1695 630 1718 655 7.
1737 628 1769 655 de
1780 628 1867 655 hered.
1882 630 1944 655 inst.

1104 670 1145 696 28.
1166 671 1189 696 5.
1228 670 1412 702 Constituere,
1436 670 1576 697 Destinato
1601 681 1660 697 esse
1683 672 1776 697 animo.
1806 671 1836 698 fr.
1855 673 1897 698 27.
1921 672 1943 706 5.

1103 713 1128 738 2.
1154 711 1187 738 ad
1205 714 1300 739 munic.
1324 715 1365 739 50.
1386 715 1409 739 1.
1453 713 1536 745 Dare,
1561 713 1673 749 Eligere.
1708 714 1738 740 fr.
1760 716 1799 740 18.
1826 715 1847 748 5.
1866 716 1891 741 4.
1912 714 1945 741 de

1104 755 1197 782 minor.
1217 757 1241 782 4.
1260 758 1284 782 4.
1315 756 1346 782 fr.
1367 758 1424 783 141.
1444 767 1484 793 pr.
1509 757 1530 790 5.
1552 759 1574 783 l.
1600 756 1633 783 de
1651 756 1683 783 V.
1709 756 1741 783 Ο.
1767 758 1807 782 45.
1829 759 1852 783 l.
1892 757 1945 784 De-

1105 798 1215 833 signare.
1245 798 1286 825 Cf.
1306 798 1330 825 h.
1351 809 1376 825 v.
1396 800 1418 833 5.
1436 801 1461 826 2.
1502 799 1707 831 Demonstrare,
1732 799 1882 826 Declarare.
1913 799 1943 827 fr.

1106 842 1146 867 13.
1166 840 1204 874 55.
1223 843 1248 868 2.
1269 851 1308 878 sq.
1333 841 1363 868 fr.
1383 844 1425 868 21.
1445 841 1478 868 de
1497 842 1525 868 S.
1545 841 1573 869 P.
1592 841 1624 868 R.
1645 843 1668 868 8.
1687 844 1712 868 3.
1732 842 1762 868 fr.
1776 844 1800 869 3
1820 843 1856 876 55.
1878 844 1900 869 1.
1920 844 1944 869 5.

1105 892 1164 919 sqq.
1184 883 1217 909 de
1236 884 1303 910 adm.
1324 889 1349 910 et
1367 886 1447 921 peric.
1466 886 1507 912 26.
1530 887 1552 911 7.
1589 884 1632 911 HI.
1654 886 1719 912 Cn.
1745 885 1799 921 Qui
1818 885 1946 912 conditio-

1105 936 1165 952 nem
1188 926 1324 953 destinans
1350 928 1479 959 inserere,
1503 938 1554 954 non
1580 927 1688 954 addidit.
1721 927 1751 954 fr.
1771 930 1795 955 9.
1819 929 1840 962 5.
1861 930 1884 955 5.
1913 928 1946 955 de

1105 969 1195 995 hered.
1228 971 1289 996 inst.
1322 971 1364 995 28.
1389 972 1412 996 5.
1463 970 1522 996 Non
1554 970 1663 1003 fecisse,
1698 981 1755 997 cum
1788 970 1947 998 destinatum

1105 1012 1221 1039 haberet.
1250 1012 1280 1039 sr.
1300 1014 1341 1038 55.
1362 1012 1383 1046 5.
1404 1014 1427 1039 4.
1449 1013 1480 1039 de
1499 1013 1565 1040 adm.
1586 1019 1611 1040 et
1630 1024 1685 1051 per.
1704 1016 1746 1040 26.
1762 1016 1784 1040 7.
1822 1014 1876 1049 Qui
1895 1019 1946 1040 sta-

1105 1060 1187 1081 tutam
1216 1060 1241 1082 et
1269 1055 1427 1082 destinatam
1454 1057 1480 1082 in
1503 1062 1607 1093 tempus
1631 1072 1663 1076 -—
1688 1056 1835 1083 libertatem
1859 1057 1945 1084 habet.

1106 1097 1136 1124 fr.
1153 1100 1176 1124 1.
1189 1108 1228 1135 pr.
1250 1098 1283 1124 de
1302 1098 1419 1125 statulib.
1439 1100 1480 1125 40.
1496 1101 1518 1125 7.
1556 1101 1585 1125 Si
1604 1100 1672 1125 iuter
1692 1100 1811 1125 maritum
1830 1099 1946 1126 futurum

1106 1146 1131 1167 et
1151 1140 1308 1167 destinatam
1327 1152 1436 1168 uxorem
1456 1143 1586 1168 convenit.
1606 1141 1674 1168 f1·.7.
1695 1142 1716 1175 5.
1734 1144 1754 1168 l.
1775 1142 1806 1167 dt·
1822 1143 1877 1168 iure
1891 1142 1946 1170 dot.

1104 1186 1146 1210 23.
1166 1186 1190 1211 3.
1228 1184 1403 1221 Desponderc
1422 1184 1481 1213 sibi.
1501 1184 1544 1211 vel
1563 1184 1702 1211 destinare.
1732 1184 1773 1211 Cf.
1787 1195 1810 1211 ν.
1827 1186 1947 1223 Despon-

1106 1227 1176 1253 dere..
1213 1227 1379 1254 Manifestum
1394 1227 1490 1253 furtum
1503 1237 1571 1259 esse,
1591 1227 1675 1253 donec
1694 1227 1823 1264 perferret
1836 1238 1875 1259 eo,
1894 1238 1946 1264 quo

1105 1270 1223 1308 perferre
1241 1270 1282 1297 sur
1301 1270 1469 1297 destinasset.
1498 1270 1554 1296 Gai.
1575 1269 1616 1296 III.
1637 1271 1695 1296 184.
1727 1269 1798 1296 Paul.
1819 1270 1849 1297 II.
1863 1273 1904 1297 31.
1924 1272 1946 1305 5.

1105 1316 1129 1340 2.
1170 1314 1230 1340 Etsi
1254 1319 1329 1351 pater
1354 1324 1407 1340 non
1430 1313 1615 1345 destinaverit,
1644 1314 1703 1349 quis
1732 1323 1822 1349 gerere
1845 1313 1947 1340 debeat.

1106 1356 1136 1383 fr.
1155 1359 1180 1384 3.
1201 1358 1222 1391 5.
1242 1358 1265 1383 6.
1287 1357 1318 1383 cs.
1339 1357 1360 1390 5.
1381 1359 1405 1383 5.
1425 1356 1458 1383 de
1477 1356 1543 1383 adm.
1564 1361 1589 1382 et
1608 1356 1689 1392 peric.
1709 1357 1750 1382 26.
1766 1358 1788 1382 7.
1809 1372 1841 1375 —
1861 1357 1892 1389 ξ.
1911 1357 1947 1383 2.

1107 1401 1327 1431 Conzmittere,
1349 1401 1514 1427 Mandare.
1551 1398 1570 1425 I.
1594 1400 1655 1433 Sy.
1686 1398 1782 1425 llaberi
1801 1400 1828 1425 in
1846 1399 1906 1431 hoc,
1925 1409 1948 1426 S.

1105 1444 1186 1479 gratia
1209 1447 1258 1469 etc.
1295 1443 1464 1469 Destinatum
1489 1452 1548 1469 esse
1573 1441 1612 1468 ad.
1646 1441 1677 1468 fr.
1697 1443 1739 1468 55.
1764 1442 1802 1476 55.
1822 1444 1846 1469 2.
1867 1445 1890 1469 7.
1915 1442 1948 1469 de

1107 1486 1186 1522 legat.
1204 1485 1247 1511 III.
1268 1486 1335 1518 (32.)
1360 1486 1390 1512 I'r.
1409 1488 1451 1513 30.
1471 1496 1510 1523 pr.
1531 1486 1553 1519 5.
1573 1487 1596 1511 5.
1617 1484 1650 1511 de
1670 1484 1701 1511 V.
1722 1484 1750 1511 S.
1770 1488 1812 1512 50.
1833 1487 1873 1513 16.
1901 1485 1949 1512 Pa-

1106 1534 1203 1561 ratum,
1227 1529 1403 1555 Destinatum.
1432 1528 1463 1555 fr.
1484 1531 1524 1555 55.
1545 1528 1582 1562 55.
1601 1529 1626 1554 2.
1647 1537 1687 1564 sq.
1708 1529 1731 1554 7.
1751 1527 1768 1554 I.
1788 1529 1865 1562 (32.)
1901 1528 1946 1555 III.

1107 1574 1173 1600 Gn.
1205 1572 1259 1608 Qui
1280 1572 1333 1605 (sc.
1354 1572 1441 1605 servi)
1461 1570 1493 1598 ad
1513 1572 1569 1597 eius
1589 1581 1686 1608 corpus
1705 1570 1844 1603 tuendum,
1868 1576 1947 1607 atque

1106 1616 1191 1652 ipsius
1213 1615 1324 1646 cultum,
1351 1615 1495 1652 praepositi
1516 1614 1693 1650 destinatique
1713 1618 1809 1640 essent.
1837 1613 1867 1640 fr.
1886 1615 1946 1640 203.

1106 1658 1139 1684 de
1158 1657 1190 1685 V.
1211 1658 1238 1684 S.
1258 1660 1299 1684 50.
1321 1659 1361 1684 16.
1404 1657 1433 1684 Si
1457 1657 1525 1683 forte
1544 1657 1622 1682 certis
1643 1656 1768 1682 oneribus
1788 1656 1948 1683 destinatum

1107 1702 1142 1727 sit
1159 1701 1358 1738 patrimonium,
1383 1705 1475 1737 utputa
1495 1700 1625 1726 alimentis
1649 1698 1814 1736 praestandis
1838 1704 1886 1726 etc.
1914 1699 1947 1726 fr.

1106 1746 1146 1770 50.
1172 1744 1237 1777 5.1.
1263 1743 1296 1769 de
1315 1743 1393 1769 iudic.
1418 1745 1442 1769 5.
1463 1744 1485 1769 1.
1528 1741 1588 1768 Non
1611 1746 1697 1773 totus,
1727 1743 1772 1778 qui
1795 1742 1947 1779 sepulturae

1106 1786 1252 1813 destinatus
1272 1790 1320 1817 est,
1340 1787 1394 1818 (sc.
1414 1785 1489 1811 locus
1508 1785 1648 1821 religiosus
1667 1785 1730 1817 fit.)
1750 1784 1797 1811 sed
1817 1790 1946 1821 quatenus

1107 1839 1203 1866 corpus
1223 1829 1356 1855 humatum
1376 1833 1424 1855 est.
1448 1828 1479 1854 fr.
1498 1830 1523 1854 2.
1542 1829 1564 1862 5.
1584 1830 1608 1854 5.
1632 1827 1663 1854 cf.
1684 1827 1714 1854 fr.
1734 1829 1758 1854 4.
1779 1827 1812 1854 de
1831 1827 1946 1864 religios.

1107 1873 1147 1899 11.
1168 1873 1190 1898 7.
1228 1872 1305 1903 Doti,
1324 1881 1345 1897 s.
1366 1870 1487 1908 Nuptiis,
1511 1870 1645 1897 destinari.
1670 1870 1700 1896 sr.
1722 1872 1745 1897 7.
1765 1871 1786 1905 5
1806 1872 1830 1898 3.
1854 1871 1885 1898 fr.
1905 1873 1946 1898 68.

1107 1914 1139 1941 de
1158 1916 1214 1941 iure.
1240 1914 1294 1941 dot.
1317 1916 1359 1940 23.
1379 1916 1403 1940 3.
1450 1914 1525 1949 Quae
1555 1913 1670 1951 publicis
1699 1913 1791 1940 usibus
1818 1914 1948 1941 destinata

1083 1979 1085 1996 ,
1107 1963 1176 1984 sunt.
1211 1957 1241 1984 fr.
1263 1959 1302 1984 17.
1322 1967 1361 1994 pr.
1387 1956 1419 1983 de
1438 1956 1470 1983 V.
1491 1957 1518 1983 S.
1539 1959 1580 1983 50.
1602 1958 1642 1983 16.
1672 1956 1704 1983 cf.
1724 1956 1754 1983 fr.
1775 1958 1798 1984 8.
1824 1957 1845 1991 5.
1865 1959 1889 1984 2.
1915 1957 1948 1984 de

1084 1999 1085 2002 ¹
1107 2000 1223 2037 religios.
1246 2002 1285 2027 11.
1306 2002 1328 2026 7.
1359 2000 1389 2026 sr.
1409 2002 1433 2026 2.
1454 2000 1475 2034 5.
1495 2002 1519 2026 5.
1540 2010 1572 2026 ne
1591 2010 1634 2036 qu.
1655 2001 1681 2026 in
1700 1999 1760 2026 loco
1779 1999 1841 2037 pub.
1861 2001 1902 2026 43.
1922 2001 1946 2026 8.

1107 2060 1139 2063 —
1160 2044 1191 2077 §-
1216 2045 1252 2070 3.
1283 2044 1458 2078 Dirigere,
1484 2044 1671 2069 Dimittere.
1709 2042 1727 2069 I.
1746 2044 1808 2077 Sy.
1834 2042 1946 2075 Mittere,

1108 2086 1307 2113 Transmittere.
1342 2086 1391 2112 Th.
1416 2086 1446 2112 C.
1471 2085 1516 2112 XI.
1541 2087 1583 2111 30.
1613 2095 1633 2111 c.
1653 2087 1694 2112 31.
1720 2095 1759 2122 sq.
1787 2085 1819 2112 de
1842 2096 1901 2123 app.
1921 2091 1948 2112 et

1106 2140 1183 2167 poen.
1230 2130 1351 2166 Dirige-re
1374 2129 1414 2155 ad.
1448 2129 1484 2155 lb.
1509 2128 1577 2154 Ylll.
1602 2130 1626 2154 5.
1651 2138 1671 2154 c.
1696 2130 1737 2155 48.
1757 2139 1796 2166 pr.
1825 2129 1890 2163 5.1.
1915 2128 1947 2155 de

1109 2183 1187 2199 cursu
1210 2172 1272 2209 pub.
1314 2172 1357 2198 III.
1382 2173 1447 2200 Cn.
1483 2172 1536 2207 Qui
1570 2172 1714 2197 testimonii
1742 2181 1819 2198 causa
1847 2172 1947 2198 evocati

1106 2221 1176 2245 sunt.
1196 2215 1238 2242 vel
1257 2217 1280 2241 si
1300 2216 1345 2252 qui
1364 2214 1497 2241 iudicandi
1518 2224 1594 2240 causa
1614 2215 1747 2245 arcessiti,
1772 2214 1814 2241 vel
1838 2216 1863 2241 in
1887 2224 1946 2251 pro-

1106 2260 1218 2285 vinciam
1237 2258 1368 2284 destinati.
1389 2258 1418 2284 fr.
1438 2260 1462 2284 2.
1483 2258 1503 2291 5.
1524 2259 1547 2283 3.
1568 2257 1600 2283 de
1620 2257 1698 2283 indic.
1718 2259 1741 2283 5.
1762 2259 1784 2283 1.
1806 2257 1835 2283 cf.
1851 2257 1899 2283 Th.
1914 2256 1944 2282 C.

1106 2301 1150 2328 VI.
1172 2303 1210 2327 14.
1232 2311 1252 2327 c.
1273 2302 1297 2328 3.
1318 2301 1351 2327 de
1371 2311 1435 2327 com.
1456 2300 1486 2327 R.
1501 2300 1533 2326 Μ.
1573 2300 1626 2335 Qui
1647 2316 1678 2319 —
1699 2300 1731 2326 ad
1750 2300 1874 2326 iudicium
1887 2304 1945 2325 tuae

1107 2343 1272 2370 celsitudinis
1293 2343 1442 2369 destinandi
1466 2359 1498 2362 —
1524 2348 1691 2380 usurparunt,
1721 2353 1742 2369 e.
1762 2345 1802 2368 20.
1827 2342 1858 2368 de.
1883 2352 1944 2379 opp.

263 2418 511 2449 Despoliator.
550 2424 739 2456 Spoliator,
759 2426 890 2458 Raptor,
928 2425 971 2452 ΠΙ.
996 2428 1061 2454 cn·
1083 2402 1084 2447 ,
1106 2387 1168 2424 pub.
1189 2389 1212 2413 δ.
1240 2388 1279 2412 12.
1312 2387 1343 2412 ct.
1370 2385 1420 2412 Th.
1445 2384 1475 2412 C,
1502 2385 1546 2412 H.
1570 2387 1594 2412 4.
1623 2396 1644 2412 c.
1672 2387 1710 2412 13.
1740 2389 1776 2419 55.
1804 2387 1825 2411 l.
1846 2394 1885 2421 sq.
1913 2384 1945 2411 de

1105 2430 1190 2456 Praet.
1210 2434 1236 2455 et
1255 2429 1306 2464 Qu.

1142 2472 1370 2499 nestinatio.
1398 2472 1430 2505 §.
1447 2473 1481 2498 l.
1512 2473 1706 2501 Consilium,
1726 2472 1944 2503 Propositum,

1108 2517 1284 2541 Sententia
1310 2517 1419 2541 animi.
1460 2514 1478 2540 I.
1500 2516 1561 2548 Sy.
1595 2514 1730 2540 Voluntas.
1759 2512 1816 2539 Gai.
1836 2512 1865 2539 II.
1887 2514 1943 2540 169.

1084 2557 1085 2564 ¹
1108 2569 1129 2584 c.
1149 2560 1173 2584 5.
1196 2567 1235 2593 sq.
1256 2557 1289 2583 de
1307 2559 1363 2584 iure
1382 2557 1461 2584 delib.
1486 2558 1509 2583 6.
1529 2559 1570 2583 30.
1612 2556 1721 2582 Elec-tio.
1750 2555 1780 2582 fr.
1801 2557 1841 2581 77.
1861 2555 1883 2589 5.
1904 2557 1944 2582 10.

1109 2601 1141 2627 de
1160 2600 1237 2637 legat.
1262 2599 1291 2626 II.
1317 2600 1394 2633 (31.)
1439 2600 1469 2627 II.
1496 2602 1562 2633 Op.
1595 2599 1678 2625 Actus
1703 2603 1729 2624 et
1753 2598 1883 2624 voluntas.
1912 2614 1944 2618 -

1110 2643 1173 2670 Sola
1202 2644 1279 2669 animi
1311 2643 1460 2670 destinatio.
1499 2653 1518 2668 c.
1543 2644 1566 2667 5.
1591 2651 1630 2676 sq.
1657 2640 1673 2667 1.
1698 2642 1722 2667 6.
1740 2642 1781 2667 30.
1818 2641 1943 2667 Effectus.

1108 2686 1193 2713 Vatic.
1213 2687 1235 2720 5.
1254 2687 1306 2712 266
1325 2697 1346 2712 a.
1372 2696 1392 2712 c.
1414 2687 1452 2711 18.
1473 2685 1504 2711 ad
1522 2683 1552 2710 L.
1571 2683 1618 2709 Iul.
1639 2683 1671 2710 de
1690 2683 1770 2710 adult.
1789 2685 1813 2711 9.
1833 2686 1856 2710 9.
1900 2684 1942 2710 HI.

1109 2731 1176 2757 Cn.
1208 2729 1249 2756 Ex
1273 2728 1329 2755 sola
1354 2729 1432 2754 animi
1456 2727 1631 2753 destinatione
1653 2728 1784 2753 aestimari
1806 2726 1943 2760 (concubi—

1108 2773 1193 2805 nam.)
1222 2772 1252 2799 I'r.
1272 2773 1296 2798 4.
1321 2771 1353 2798 de
1373 2769 1510 2797 concubin.
1534 2771 1576 2795 25.
1597 2771 1619 2795 7.
1662 2770 1846 2796 Destinatione
1864 2769 1943 2796 futuri

1109 2814 1219 2842 dominii
1239 2814 1338 2851 aliquid
1362 2823 1394 2840 ex
1417 2812 1582 2839 hereditariis
1606 2813 1685 2840 rebus
1708 2824 1842 2850 usurpare.
1870 2811 1940 2838 Paul.

1442 2856 1500 2881 35*
