2197 3121
1022 166 1117 197 PUB.

201 247 350 285 exemplum
369 247 553 274 vindicationis
578 246 662 273 datur.
691 245 720 272 sr.
740 247 782 272 35.
802 257 840 284 pr.
861 246 893 273 (18
913 246 946 272 Ο.
967 251 992 273 ct
1011 246 1042 273 A.

200 290 241 316 44.
263 291 284 316 7.
322 289 351 316 In
370 290 471 317 Public.
491 291 593 316 actione
612 289 698 315 omnia
718 288 807 315 eadem
827 294 912 321 erunt,
933 299 999 326 quae
1018 294 1044 316 et

199 333 226 358 in
250 333 287 358 rei
312 332 489 360 vindicatione
515 332 635 358 diximus».
661 331 692 357 fr.
717 333 738 358 7.
765 332 786 365 5.
811 333 834 358 8.
858 332 889 358 cs.
914 332 936 365 5.
961 333 984 358 6.
1011 331 1043 358 de

198 374 264 401 Pub.
284 376 310 401 in
330 375 361 402 R.
380 376 412 402 A.
432 376 456 402 6.
475 377 498 401 2.
535 374 640 400 Etuon
665 373 751 400 solum
775 375 867 401 emtori
891 374 916 400 b.
937 374 953 400 f.
975 384 1043 400 com-

198 419 266 454 petit
284 417 358 450 Pub..
378 417 425 445 sed
445 423 471 444 et
489 416 556 443 aliis.
576 416 606 443 fr.
626 418 650 443 3.
670 417 692 450 5.
715 419 736 443 l.
757 417 788 443 cf.
810 417 840 443 fr.
863 418 901 443 12.
923 417 944 450 5.
964 420 987 443 4.
1008 416 1042 443 ib.

198 461 222 486 6.
240 462 265 486 2.
303 461 356 496 Qui
380 459 531 487 Publiciana
557 460 593 486 uti
613 460 713 496 potuit,
738 460 797 496 quia
822 459 964 486 dominium
989 469 1041 485 non

198 502 296 529 habuit.
316 503 346 530 fr.
361 504 400 529 18.
417 502 449 529 de
462 503 533 540 pign.
547 504 588 528 20.
604 504 625 528 1.
648 519 677 523 ——
699 503 729 536 ξ.
745 504 780 529 2.
801 504 918 529 Nomen
938 504 1042 529 actio-

198 548 261 577 nis,
287 556 379 580 quam
399 547 539 572 Praetor
564 547 706 572 rescissa
727 547 926 579 usucapione
945 547 1040 571 dedit.

198 587 228 614 11.
246 590 313 622 Op.
333 587 422 619 Pubt,
447 597 513 623 quae
532 587 564 613 ad
584 588 732 625 exemplum
751 587 937 614 vindicationis
957 586 1041 613 datur.

198 646 229 649 —
249 630 324 666 Quae
342 631 455 657 rescissa
474 631 635 667 usucapione.
655 630 781 657 redditur.
802 630 886 656 11:35.
902 639 940 666 pr.
958 629 990 655 de
1005 629 1039 655 Ο.

197 678 223 699 et
245 674 276 699 A.
301 675 342 699 44.
363 675 386 700 7.
406 672 438 699 cf.
462 673 500 706 55.
520 675 544 699 4.
564 682 604 710 sq.
631 673 648 699 Ι.
675 673 707 700 (18
731 673 825 699 action.
850 675 872 698 4.
894 673 917 698 6.
944 672 973 699 fr.
997 674 1039 699 57.

197 715 282 742 mand.
304 718 343 742 17.
365 718 387 742 1.

232 759 439 786 Publicius.
478 758 520 785 Cf.
540 769 564 785 v.
584 758 744 785 Publiciana.
765 759 785 792 5.
808 760 830 784 l.

234 802 427 828 Publicus.
448 801 577 835 (Adiect.)
598 802 628 835 §-
648 802 682 827 l.
703 802 739 827 Ιιι
759 803 898 827 civitate
917 803 1039 827 consti-

194 850 301 876 tuens,
320 854 340 870 s.
360 847 518 871 obtinens.
547 844 566 871 1.
580 845 642 878 Sy.
662 842 797 875 Nostrum,
816 843 971 874 Romanum,
991 843 1039 869 Pu-

195 886 291 913 blicum
311 888 386 919 (ius.)
407 887 456 914 Th.
477 887 508 914 C,
527 887 558 914 ΙΙ.
581 889 602 912 1.
623 896 643 912 c.
666 888 705 912 10.
726 886 758 912 (18
778 885 869 912 iurisd.
907 885 950 912 ΙΙΙ.
972 887 1038 913 011.

194 929 280 965 Agant
298 929 413 966 publicis
432 930 543 966 legibus,
563 934 589 956 et
607 930 663 955 iure
682 930 820 955 communi.
841 928 978 955 Nov.Va1.
995 928 1037 954 ΙΙΙ.

194 971 227 998 (18
252 973 332 1008 episc.
357 972 410 999 iud.
434 973 463 999 ll.
483 975 525 999 35.
551 982 572 998 c.
594 974 615 997 1.
642 982 679 1009 pr.
701 972 732 998 cs.
763 971 812 998 Th.
833 970 863 997 C.
885 971 902 997 Ι.
922 973 947 997 2.
973 981 993 997 c.
1013 972 1037 997 3.

194 1014 299 1047 (ch.)
320 1014 352 1041 de
367 1015 418 1041 div.
434 1025 514 1042 rescr.
548 1014 628 1050 Quod
648 1015 751 1052 publica
772 1016 826 1041 iura
847 1014 1038 1051 praescribunt.

193 1056 230 1083 11).
251 1068 272 1083 c.
292 1060 315 1084 2.
355 1058 415 1093 Quo
442 1063 469 1084 tu
488 1059 544 1084 iure
564 1063 748 1084 testamentum
768 1058 852 1083 facere
872 1058 975 1094 possis.
999 1066 1039 1083 se·
1059 1045 1061 1094 l

193 1100 307 1126 cuutlum
327 1100 409 1136 legem
428 1099 568 1137 publicam.
596 1101 652 1126 Gai.
674 1100 704 1126 11.
727 1103 782 1126 104.
803 1100 833 1126 l'r.
855 1101 876 1125 1.
897 1110 935 1136 pr.
956 1099 988 1125 ad
1008 1099 1037 1125 L.
1060 1102 1061 1109 ¹

194 1142 264 1169 Fale.
283 1144 324 1169 35.
339 1145 362 1169 2.
400 1143 443 1169 Ius
463 1143 598 1180 publicum
618 1145 740 1169 invocare
759 1152 848 1180 posse,
868 1147 894 1168 et
909 1142 981 1168 adire
995 1142 1039 1168 ali·
1059 1147 1061 1152 “

192 1196 268 1222 quem
287 1191 420 1223 potestate
439 1186 595 1223 praeditum.
617 1187 646 1212 l'r.
666 1188 708 1212 ⁴23.
728 1196 767 1223 pr.
789 1186 840 1220 Qu.
860 1190 920 1211 met.
940 1195 960 1211 c.
975 1187 998 1211 4.
1013 1187 1037 1212 2.

192 1228 250 1261 (Cf.
270 1239 294 1254 v.
314 1228 366 1255 Ius.
392 1229 413 1262 5.
436 1229 512 1261 l.13.)
543 1245 574 1248 —
604 1230 634 1262 ξ.
654 1230 743 1256 1.Α.
769 1230 951 1260 Public-nm,
981 1230 996 1255 ι’.
1016 1239 1035 1254 e.

191 1273 296 1297 Locus
314 1273 473 1305 publicus.
510 1271 530 1298 I.
546 1273 608 1306 Sy.
628 1271 716 1298 Locus
735 1270 866 1308 publicus
888 1271 917 1296 l'r.
940 1273 978 1297 15.
999 1271 1036 1304 55.

191 1315 213 1340 1.
233 1324 292 1350 sqq.
313 1314 345 1340 de
365 1314 449 1340 damn.
470 1314 515 1341 inf.
535 1316 577 1341 39.
595 1318 620 1341 2.
640 1314 670 1341 fr.
691 1317 714 1340 2.
736 1325 773 1351 pr.
794 1314 831 1347 55.
847 1316 870 1340 6.
891 1324 930 1350 sq.
946 1316 984 1339 ll.
1005 1323 1037 1340 08

190 1366 232 1393 qu.
252 1358 279 1383 in
298 1356 357 1383 loco
377 1357 439 1394 pub.
459 1359 500 1383 43.
521 1359 544 1384 8.
581 1357 610 1383 ln
629 1358 744 1389 civitate,
764 1356 792 1382 111
812 1356 918 1393 publico
939 1357 1036 1394 (poni.)

189 1398 219 1426 fr.
238 1401 280 1426 41.
305 1399 338 1426 (18
362 1400 393 1426 A.
413 1399 444 1426 R.
465 1400 498 1426 D.
523 1401 565 1426 41.
587 1402 609 1427 l.
634 1400 664 1427 fr.
683 1402 725 1427 29.
752 1400 784 1426 dc
810 1399 864 1426 reb.
890 1404 956 1426 auct.
982 1399 1035 1426 iud.

189 1444 230 1468 42.
250 1445 273 1468 5.
310 1442 391 1479 Apud
409 1444 576 1479 magistratus
596 1443 755 1476 (exhibere.)
776 1442 803 1469 ln
824 1442 959 1480 publicum
980 1442 1036 1475 (dc-

189 1485 311 1518 ducere.)
336 1485 366 1511 l'r.
388 1487 410 1512 1.
436 1486 518 1519 551,
539 1487 563 1512 6.
588 1486 620 1512 de
645 1486 745 1522 fugitiv.
774 1487 812 1511 ll.
833 1488 856 1511 4.
904 1485 946 1511 111.
967 1487 1034 1512 Cn.

189 1527 313 1565 Templa,
334 1533 438 1565 portas,
461 1528 565 1555 aliudve
585 1529 648 1565 quid
667 1528 816 1566 publicum,
842 1529 947 1554 armatis
966 1528 1036 1554 obsi·

189 1570 260 1602 dere,
280 1572 383 1607 cingere
398 1576 446 1597 etc.
469 1571 540 1598 Paul.
556 1571 587 1598 V.
601 1573 642 1598 26.
663 1573 684 1605 5.
699 1574 722 1598 ’5
752 1571 781 1597 Si
802 1572 860 1607 quis
882 1572 907 1597 iu
927 1571 1035 1608 publico
1057 1564 1058 1577 ¹

188 1614 324 1650 municipii
344 1613 408 1640 velit
427 1613 512 1640 facere
532 1615 643 1651 (opus.)
664 1614 693 1640 [ιι
714 1617 737 1640 5.
761 1615 782 1648 5.
803 1616 826 1640 4.
865 1614 916 1649 Qu.
943 1615 968 1640 vi
992 1619 1035 1640 aut

190 1656 222 1683 ci.
241 1658 282 1682 43.
301 1658 343 1683 24.
381 1656 410 1682 In
429 1657 536 1694 publico
557 1658 658 1694 aperire
685 1658 829 1689 (ianuam.)
855 1656 886 1683 fr.
906 1659 947 1683 41.
968 1657 989 1691 5.
1012 1659 1033 1683 l.

190 1698 222 1726 de
241 1699 268 1725 S.
288 1699 315 1725 P.
336 1699 367 1725 V.
387 1701 411 1726 8.
430 1702 454 1726 2.
493 1700 546 1736 Qui
566 1701 592 1726 in
611 1700 719 1737 publico
740 1701 797 1727 sine
815 1699 928 1726 vinculis
948 1710 1035 1726 serva-

189 1747 239 1768 tur.
259 1741 290 1768 fr.
309 1743 351 1768 48.
372 1742 404 1768 de
422 1742 453 1769 V.
468 1742 495 1769 S.
515 1745 556 1769 50.
579 1744 617 1769 15.
656 1743 709 1778 Qui
730 1753 787 1769 cum
807 1743 859 1769 telo
880 1744 906 1768 in
925 1742 1033 1779 publico
1055 1767 1056 1780 ἦ

189 1784 275 1811 suerit.
295 1784 366 1811 Paul.
387 1784 418 1811 V.
437 1786 478 1811 26.
498 1786 519 1819 5.
540 1788 564 1812 3.
596 1785 624 1811 Iu
644 1785 779 1822 publicum
799 1785 961 1822 protrahere,
982 1784 1032 1811 Tb.
1055 1787 1056 1814 I

189 1827 220 1853 C.
241 1826 259 1852 1.
281 1828 320 1853 19.
344 1838 365 1853 c.
388 1829 409 1853 1.
437 1827 550 1860 (ch.)
574 1828 607 1854 de
634 1828 676 1854 off.
697 1828 749 1854 iud.
771 1839 838 1854 omn.
877 1828 905 1854 1¹1
925 1827 1032 1864 publico
1054 1839 1056 1863 ¹»

189 1869 331 1907 deponere.
352 1869 392 1896 Cf.
413 1880 436 1896 v.
457 1870 574 1896 Publice.
595 1871 616 1904 5.
636 1872 660 1896 2.
686 1886 717 1890 --
742 1871 772 1904 ξ.
794 1872 828 1897 2.
849 1873 896 1897 Ad
913 1873 1032 1897 civila-

189 1919 247 1938 lem
268 1914 448 1939 universam
468 1920 633 1947 spectans,
658 1914 760 1949 (neque
781 1914 890 1950 privatis
912 1914 1031 1939 commis-

188 1956 256 1986 sus.)
293 1955 311 1981 1.
333 1956 393 1989 Sy.
419 1956 494 1991 Quae
512 1955 618 1992 publice
637 1956 680 1987 fit,
701 1966 721 1982 s.
741 1956 903 1992 indulgetur,
924 1955 1032 1982 Publica

189 1997 341 2031 (abolitio.)
367 1998 396 2024 fr.
417 2000 440 2024 ὅ.
461 1998 490 2024 fr.
513 2001 552 2024 12.
573 1998 603 2024 fr.
625 2000 664 2024 17.
688 1998 719 2025 ad
739 1998 805 2025 S.C.
827 1998 908 2036 Turp.
929 2001 970 2026 48.
992 2000 1031 2025 16.

187 2040 241 2067 Res
261 2040 376 2078 publica,
395 2040 608 2067 Administratio.
628 2041 676 2067 Th.
698 2042 729 2068 C.
750 2041 794 2068 IX.
813 2043 854 2068 27.
876 2053 896 2068 c.
911 2044 935 2068 2.
956 2042 988 2068 ad
1002 2041 1031 2068 L.

188 2083 235 2110 Iul.
255 2088 338 2120 repet.
375 2083 404 2109 Π.
421 2086 487 2117 op.
507 2083 636 2111 Privatus.
658 2084 699 2111 Ci'.
721 2084 745 2110 b.
766 2095 789 2111 v.
810 2085 875 2118 51.
914 2084 1033 2111 Familia-

188 2127 225 2152 ris
245 2127 321 2159 (res.)
342 2142 373 2146 —
394 2126 501 2153 Publica
521 2126 647 2159 (laesio.)
667 2127 698 2153 l'r.
720 2129 742 2153 7.
762 2128 844 2161 §.14.
868 2128 901 2154 de
920 2133 988 2165 pact.
1007 2130 1030 2153 2.

192 2170 232 2194 14.
267 2169 420 2195 Domestica
444 2174 571 2206 potestas.
597 2186 628 2189 —
653 2170 757 2197 Poenae
776 2170 904 2207 publicae.
930 2170 979 2197 Th.
1000 2170 1031 2197 C.

189 2210 234 2236 lx.
256 2212 295 2237 12,
315 2222 336 2237 c.
358 2213 379 2238 1.
400 2222 438 2248 sq⁴
465 2211 497 2238 dc
521 2212 621 2238 emend.
642 2223 742 2239 servor.
779 2213 821 2240 111.
841 2215 906 2241 Gn.
926 2213 1031 2245 Officia,

190 2263 257 2289 quae
275 2253 379 2290 publica
396 2260 466 2287 sunt,
485 2266 510 2282 v.
524 2255 656 2292 publicam
670 2255 767 2282 habent
781 2266 892 2283 causam.
912 2256 941 2282 fr.
956 2258 979 2283 6.
999 2256 1032 2283 de

190 2306 245 2333 cap.
266 2296 356 2322 minut.
376 2299 399 2323 4.
419 2300 442 2324 5.
463 2297 494 2324 cf.
520 2298 549 2324 fr.
571 2300 594 2324 5.
619 2299 641 2332 5.
661 2300 684 2324 2.
705 2298 739 2325 ib.
759 2301 783 2325 4.
803 2301 826 2325 5.
851 2299 882 2325 fr.
904 2301 942 2325 10.
965 2300 987 2333 5.
1009 2301 1031 2325 l.

189 2338 222 2365 de
242 2338 352 2364 edendo.
372 2341 395 2365 2.
417 2342 456 2366 153.
476 2340 506 2366 fr.
527 2342 550 2366 2.
571 2351 610 2378 pr.
630 2341 651 2374 5.
669 2343 689 2367 l.
710 2341 742 2367 de
762 2341 792 2367 R.
812 2341 830 2367 1.
849 2344 891 2368 50.
910 2345 947 2369 17.
978 2342 1032 2368 Mu-

189 2391 238 2408 nus
258 2381 400 2418 publicum.
419 2381 450 2408 fr.
463 2385 504 2409 27.
524 2383 554 2410 fr.
570 2385 609 2410 78.
631 2383 662 2410 de
682 2384 760 2410 indic.
776 2386 798 2409 5.
815 2385 836 2410 1.
867 2384 946 2421 Apud
965 2385 1031 2411 iudi-

190 2434 245 2450 cem
265 2423 399 2461 publicum
418 2425 592 2461 (confligere.)
612 2426 679 2453 Νῦν,
695 2426 751 2452 val.
766 2426 806 2452 111.
828 2426 860 2452 (18
880 2428 960 2463 episc.
977 2427 1029 2454 iud.

190 2466 218 2492 11.
238 2468 279 2492 35.
300 2476 322 2492 c.
343 2468 363 2492 1.
384 2466 405 2499 5.
429 2468 449 2492 l.
487 2466 544 2494 Vna
569 2479 627 2496 cum
648 2471 761 2496 clvitatis
782 2485 813 2488 —
834 2471 964 2501 antistite,
988 2470 1030 2497 vel

189 2508 258 2546 apud
277 2508 340 2534 alias
360 2508 479 2544 publicas
500 2510 661 2546 (personas.)
681 2513 702 2546 5.
723 2514 746 2538 5.
767 2511 784 2538 1.
807 2512 839 2538 de
855 2512 918 2538 Atil.
939 2518 985 2539 tut.
1008 2516 1029 2540 1.

189 2554 229 2577 20.
269 2550 397 2577 Conciliis
417 2551 531 2588 publicis
551 2554 687 2586 interesse,
707 2557 745 2588 (et
764 2556 790 2580 in
810 2554 908 2581 Senatu
928 2561 1031 2582 senten-

190 2595 251 2620 tiam
270 2593 378 2627 dicere.)
399 2594 428 2620 sr.
444 2596 466 2620 1.
486 2595 508 2628 5.
522 2597 546 2621 5.
566 2595 598 2621 de
612 2597 710 2633 postul.
729 2600 752 2624 3.
770 2600 791 2624 1.
828 2598 904 2624 Bono
924 2598 1030 2635 publico
1052 2618 1053 2634 ἢ

190 2636 376 2664 introductum.
397 2636 426 2663 fr.
448 2639 471 2664 1.
491 2637 524 2663 de
543 2647 632 2675 usurp.
652 2641 692 2666 41.
711 2642 735 2666 3.
772 2640 890 2667 Publicis
913 2641 1030 2668 utilitati-

190 2680 240 2706 bus
259 2680 377 2716 prospici
396 2684 443 2706 etc.
464 2680 493 2706 fr.
507 2682 531 2706 2.
552 2681 572 2713 5.
587 2682 610 2706 2.
632 2691 663 2707 ne
683 2692 724 2717 qu.
744 2684 770 2709 in
789 2683 848 2710 loco
868 2684 929 2721 pub.
950 2686 990 2710 43.
1005 2686 1029 2711 8.

191 2722 241 2749 Th.
262 2722 291 2748 C.
312 2721 368 2747 XII.
390 2724 412 2748 1.
438 2732 459 2748 c.
479 2724 521 2749 34.
547 2722 580 2749 (18
604 2722 736 2750 decuriou.
773 2726 815 2752 Ad
835 2737 922 2753 curam
945 2727 1030 2764 publi-

190 2775 245 2791 cam
264 2765 404 2802 pertinere.
424 2764 453 2791 fr.
472 2766 496 2791 2.
517 2765 537 2799 5.
558 2767 581 2791 2.
609 2765 662 2800 Qui
681 2771 734 2802 pet.
754 2771 800 2794 tut.
820 2771 861 2795 26.
882 2772 905 2796 6.
943 2770 1029 2796 Disci-

189 2806 260 2843 plina
280 2807 392 2845 publica.
418 2806 505 2834 Mores
524 2807 632 2845 publici.
652 2807 723 2834 Paul.
742 2808 773 2835 V.
793 2813 816 2837 4.
836 2812 857 2845 5.
881 2815 918 2840 15.
941 2812 972 2839 V.
986 2815 1027 2839 21.

1871 169 1932 200 789

1089 248 1110 281 5.
1127 249 1149 274 1.
1173 247 1216 274 Ius
1236 247 1370 285 publicum
1390 250 1495 281 remitti,
1515 259 1538 276 v.
1553 248 1667 285 infringi,
1687 258 1710 275 v.
1724 248 1843 276 relaxari.
1864 249 1894 276 fr.
1906 252 1929 276 5.

1088 291 1110 324 5.
1126 292 1148 317 7.
1169 290 1201 317 de
1220 290 1286 317 adm.
1307 296 1332 317 ct
1351 292 1431 328 peric.
1451 294 1492 319 26.
1507 294 1530 319 7.
1545 292 1576 319 cf.
1597 292 1627 319 fr.
1641 294 1683 318 20.
1702 302 1742 329 pr.
1763 292 1795 319 de
1814 292 1929 328 religios.

1089 334 1129 360 11.
1150 335 1172 360 7.
1193 343 1212 360 c.
1232 335 1255 359 2.
1277 333 1308 359 de
1328 333 1351 360 b.
1373 344 1414 370 qu.
1435 344 1474 372 sp.
1494 335 1555 372 pub.
1575 345 1643 361 muu.
1666 336 1705 361 10.
1726 336 1766 361 43.
1787 351 1819 354 -
1844 335 1875 368 5.
1892 337 1930 362 3.

1088 377 1384 410 Adpalrimoninm
1399 380 1520 411 reipub.
1537 380 1712 412 pertinens.
1746 379 1793 404 Ad
1805 379 1930 413 fiscum

1087 425 1243 452 spectans.
1281 419 1298 446 1.
1314 420 1375 453 Sy.
1396 419 1496 446 Fiscus.
1516 419 1662 447 Publicmn.
1683 431 1704 447 c.
1721 422 1742 446 l.
1757 430 1797 457 sq.
1818 422 1840 447 si
1860 430 1928 447 serv.

1087 466 1189 498 export.
1210 462 1233 487 4.
1253 464 1294 487 55.
1331 461 1378 488 lul.
1399 472 1437 499 ep.
1460 473 1518 489 nov.
1539 473 1560 489 c.
1582 465 1604 489 1.
1624 464 1645 497 5.
1666 465 1689 490 2.
1728 463 1803 499 Quae
1823 463 1930 501 publice

1086 503 1219 536 locantur,
1244 504 1365 536 Publica,
1389 504 1540 541 Vectigalia.
1566 506 1596 532 fr.
1615 508 1638 532 5.
1660 516 1697 543 pr.
1720 506 1752 532 fr.
1771 508 1811 532 33.
1837 506 1867 532 fr.
1887 508 1928 533 59.

1086 556 1125 583 pr.
1145 546 1175 573 fr.
1195 548 1236 572 65.
1261 547 1344 580 5.15.
1371 557 1418 584 pro
1438 557 1492 574 soc.
1514 550 1553 574 17.
1572 551 1596 574 2.
1621 548 1650 574 fr.
1671 551 1694 575 9.
1714 549 1735 582 5.
1756 550 1779 576 9.
1800 549 1833 575 de
1852 559 1928 585 poen.

1085 590 1127 615 48.
1143 591 1186 616 19.
1215 588 1351 616 Publicum
1371 600 1430 616 esse
1443 590 1541 616 iubere.
1569 590 1715 617 Publicare.
1736 592 1776 618 Cf.
1791 591 1815 618 b.
1831 602 1856 618 v.
1869 592 1890 625 5.
1904 594 1928 618 3.

1085 631 1180 669 Populi
1200 632 1247 664 R.,
1269 632 1407 659 Publicum
1427 634 1531 666 (csse.)
1551 633 1608 660 Gai.
1628 633 1645 660 I.
1665 636 1706 660 27.
1727 633 1787 671 le.
1807 635 1866 661 XX.
1888 635 1927 661 16.

1085 674 1115 700 sr.
1137 676 1176 700 15.
1201 685 1241 711 sq.
1267 675 1299 702 (18
1324 675 1353 702 V.
1379 675 1405 701 S.
1431 678 1472 702 50.
1494 677 1533 702 16.
1570 675 1613 701 111.
1634 677 1698 703 Cn.
1724 677 1798 712 Quae
1822 676 1929 714 publice

1084 714 1213 749 locaintur,
1233 723 1261 744 ut
1280 734 1312 737 —
1332 718 1467 754 vectigalia
1487 718 1599 756 publica.
1620 718 1650 744 fr.
1670 720 1694 745 9.
1715 719 1736 752 5.
1756 722 1779 746 9.
1799 720 1831 746 de
1850 730 1927 757 poen.

1084 761 1125 786 48.
1148 762 1187 787 19.
1218 760 1275 788 Gai.
1298 760 1342 787 IV.
1366 763 1409 787 28.
1433 760 1463 787 fr.
1486 763 1506 788 1.
1532 761 1553 795 5.
1575 763 1597 788 1.
1629 761 1661 788 de
1686 762 1817 799 publican.
1841 764 1883 789 39.
1903 765 1927 789 4.

1084 802 1221 829 Tabernae
1240 803 1375 840 publicae,
1399 814 1507 840 quarum
1532 814 1595 831 usus
1615 804 1646 830 ad
1666 806 1784 841 privatos
1804 807 1927 842 pertinet.

1084 845 1114 871 fr.
1133 847 1174 872 32.
1196 846 1228 872 de
1248 851 1330 873 contr.
1352 852 1410 873 emt.
1433 848 1472 873 18.
1494 849 1516 873 l.
1542 846 1649 874 Publica
1668 847 1737 874 bona
1756 858 1848 874 emere.
1870 847 1926 874 Gai.

1084 887 1128 915 IV.
1150 890 1206 915 146,
1244 889 1368 916 Publicos
1388 889 1489 916 reditus
1509 900 1610 926 augere.
1636 890 1665 917 fr.
1685 892 1710 916 5.
1730 891 1793 925 5.1.
1814 891 1846 917 de
1866 901 1927 927 opp.

1083 931 1145 968 pub.
1166 934 1207 957 50.
1223 934 1262 958 10.
1292 932 1405 958 Debitor
1425 934 1560 969 pecuniam
1579 932 1711 970 publicam
1730 944 1807 960 servo
1821 933 1927 971 publico

1085 990 1115 995 —-
1136 973 1224 1000 solvit,
1249 974 1279 1000 sr.
1301 977 1340 1001 19.
1366 975 1398 1001 (18.
1418 985 1551 1012 compens.
1573 978 1612 1002 16.
1632 978 1656 1002 2.
1677 976 1707 1002 cf.
1733 976 1762 1003 fr.
1784 979 1823 1003 18.
1843 977 1926 1011 510.

1083 1017 1115 1043 (18
1135 1018 1191 1043 iure
1211 1017 1276 1043 fisci.
1304 1018 1345 1043 49.
1368 1019 1406 1043 14.
1445 1018 1576 1045 Summam
1600 1021 1756 1046 sacramenti
1778 1019 1929 1057 praestabat

1082 1069 1183 1097 poenae
1202 1061 1315 1091 nomine,
1336 1070 1417 1096 eaque
1437 1062 1462 1086 in
1478 1061 1613 1098 publicum
1627 1062 1745 1095 cedebat,
1763 1062 1928 1100 praedesque

1083 1112 1113 1128 eo
1134 1103 1239 1128 nomine
1258 1102 1376 1129 Praetori
1397 1103 1531 1130 dabantur.
1552 1104 1607 1130 Gai.
1628 1104 1671 1131 IV.
1694 1107 1732 1132 13.
1757 1107 1794 1132 16.
1831 1105 1859 1132 ln
1882 1115 1928 1143 pu-

1083 1145 1179 1171 blicum
1206 1147 1347 1177 committi,
1372 1156 1395 1172 v.
1421 1146 1555 1172 vindicari.
1582 1147 1611 1173 fr.
1632 1149 1672 1174 13.
1699 1148 1730 1175 (18
1754 1148 1783 1174 N.
1805 1148 1836 1175 G.
1856 1150 1880 1174 3.
1901 1150 1924 1175 5.

1082 1188 1113 1214 fr.
1132 1190 1156 1214 5.
1176 1189 1198 1221 5.
1220 1190 1242 1214 1.
1268 1188 1300 1214 (18
1320 1199 1380 1225 opp.
1400 1189 1462 1225 pub.
1485 1191 1526 1215 50.
1549 1191 1587 1216 10.
1626 1190 1779 1226 Pignoratae
1803 1202 1859 1222 res,
1884 1189 1926 1217 vel

1082 1232 1108 1257 iu
1133 1231 1268 1268 publicum
1293 1231 1430 1267 obligatae.
1455 1232 1485 1258 fr.
1507 1234 1546 1258 15.
1571 1232 1603 1258 de
1623 1233 1684 1259 dote
1703 1234 1815 1271 praeleg.
1839 1236 1880 1260 33.
1902 1235 1926 1259 4.

1082 1274 1124 1300 Ad
1147 1274 1282 1311 publicum
1308 1274 1411 1301 inferre.
1438 1285 1459 1301 c.
1478 1276 1518 1301 20.
1545 1276 1566 1309 5.
1586 1277 1608 1302 3.
1636 1276 1669 1302 de
1693 1277 1798 1313 agricol.
1825 1279 1864 1302 li.
1884 1278 1925 1302 47.

1080 1317 1121 1343 Ex
1141 1317 1250 1354 publico
1275 1318 1400 1354 accipere.
1428 1317 1458 1344 fr.
1478 1320 1519 1344 25.
1540 1328 1578 1355 pr.
1599 1318 1632 1344 de
1652 1318 1679 1345 S.
1689 1319 1719 1345 C.
1739 1319 1820 1346 Silan.
1840 1321 1882 1346 29.
1902 1321 1925 1345 5.

1082 1376 1113 1379 —
1138 1361 1169 1394 ἕ.
1188 1362 1226 1387 4.
1257 1361 1334 1386 Vsui
1358 1363 1495 1387 omnium
1519 1362 1693 1394 Ιιοιηὶηιιηι,
1718 1369 1774 1388 aut
1793 1364 1926 1393 civium,

1077 1409 1203 1437 putens.
1245 1402 1263 1429 Ι,
1285 1404 1346 1437 Sy.
1375 1402 1474 1429 Vsibus
1504 1403 1596 1441 populi
1624 1409 1752 1442 perpetuo
1782 1405 1926 1442 expositae,

1080 1445 1204 1472 Publicae
1228 1446 1313 1478 (res.)
1339 1445 1369 1471 fr.
1389 1447 1412 1472 4.
1440 1447 1504 1480 5.1.
1529 1446 1559 1472 fr.
1580 1449 1604 1473 5.
1624 1457 1663 1484 pr.
1690 1447 1722 1474 de
1746 1447 1777 1474 R.
1800 1448 1834 1474 D.
1860 1449 1882 1473 1.
1903 1448 1926 1473 8.

1080 1488 1110 1515 fr.
1130 1491 1172 1515 30.
1196 1489 1217 1522 5
1240 1490 1261 1514 l.
1287 1488 1319 1514 de
1338 1488 1369 1514 A.
1390 1488 1420 1514 R.
1441 1489 1474 1514 D.
1500 1490 1540 1514 41.
1564 1490 1584 1515 l.
1612 1489 1641 1516 fr.
1662 1491 1704 1516 83.
1727 1491 1749 1524 5.
1769 1493 1792 1517 5.
1818 1490 1847 1516 fr.
1870 1491 1926 1516 137.

1080 1531 1102 1565 5.
1122 1532 1145 1557 6.
1166 1530 1198 1557 de
1218 1530 1249 1557 V.
1270 1531 1302 1557 Ο.
1323 1532 1364 1557 45.
1388 1533 1408 1557 1.
1445 1530 1474 1557 11.
1496 1532 1564 1565 Op.
1583 1531 1612 1557 In
1631 1533 1804 1568 patrimonio,
1830 1533 1858 1558 In
1883 1543 1926 1569 pe-

1080 1575 1155 1600 cunia
1180 1573 1302 1611 (populi.
1328 1584 1351 1599 v.
1372 1574 1465 1605 fisci‚)
1492 1590 1521 1593 —
1546 1573 1574 1600 In
1595 1574 1702 1611 publico
1722 1585 1772 1602 usu
1791 1575 1926 1609 (haberi.)

1080 1616 1110 1643 fr.
1130 1618 1153 1643 6.
1174 1627 1212 1654 pr.
1238 1616 1268 1642 l'r.
1290 1618 1329 1642 72.
1357 1617 1378 1649 5.
1402 1618 1422 1642 l.
1448 1616 1479 1642 dc
1503 1621 1587 1643 contr.
1612 1622 1671 1643 emt.
1693 1619 1732 1644 IS.
1754 1620 1775 1644 1.
1799 1618 1829 1644 fr.
1852 1620 1873 1643 1.
1894 1617 1926 1643 dc

1079 1659 1129 1686 loc.
1150 1664 1175 1685 et
1194 1661 1250 1685 itin.
1270 1659 1331 1696 pub.
1353 1661 1393 1685 43.
1410 1661 1431 1685 7.
1454 1659 1483 1685 fr.
1498 1662 1521 1685 2.
1542 1660 1579 1694 55.
1599 1661 1623 1686 3.
1644 1670 1682 1696 sq.
1703 1670 1735 1686 ne
1756 1671 1797 1697 qu.
1819 1662 1844 1687 in
1865 1659 1924 1686 loeo

1078 1702 1140 1740 pub.
1154 1704 1196 1728 43.
1210 1706 1233 1728 ὅ.
1262 1701 1305 1728 111.
1318 1704 1383 1730 Gn.
1402 1701 1473 1728 Loca
1493 1703 1557 1728 iuris
1577 1704 1691 1739 gentium
1706 1703 1818 1740 publica.
1839 1702 1869 1729 fr.
1883 1704 1924 1728 45.

1078 1755 1117 1782 pr.
1138 1745 1170 1771 de
1191 1755 1280 1782 usurp.
1300 1747 1341 1771 41.
1362 1747 1386 1771 3.
1407 1745 1438 1771 cf.
1459 1745 1489 1771 sr.
1509 1747 1532 1771 4.
1553 1746 1619 1779 5.1.
1640 1745 1668 1772 fr.
1690 1748 1713 1772 5.
1734 1756 1772 1783 pr.
1794 1745 1826 1772 de
1844 1745 1875 1771 li.
1890 1745 1924 1771 D.

1080 1789 1102 1813 l.
1122 1788 1145 1813 8.
1166 1787 1195 1813 fr.
1218 1789 1239 1813 7.
1261 1788 1281 1821 5.
1302 1790 1326 1814 5.
1347 1787 1379 1814 de
1399 1787 1430 1814 A.
1450 1787 1480 1814 1i.
1502 1788 1535 1814 D.
1555 1790 1596 1814 41.
1618 1790 1639 1814 l.
1677 1788 1730 1815 Res
1751 1799 1848 1819 sacrae,
1868 1798 1925 1814 san-

1078 1835 1143 1861 ctae,
1162 1829 1284 1867 publicae
1303 1831 1395 1868 populi
1415 1830 1445 1857 R.
1472 1835 1497 1857 et
1517 1832 1658 1858 civitatum.
1684 1831 1714 1858 sr.
1733 1833 1757 1858 9.
1783 1831 1815 1858 de
1834 1841 1923 1866 usurp.

1077 1875 1118 1899 41.
1138 1874 1162 1898 3.
1183 1872 1214 1899 cf.
1239 1873 1270 1900 fr.
1291 1875 1331 1900 72.
1355 1875 1420 1908 5.1.
1446 1873 1478 1900 de
1502 1879 1585 1900 contr.
1611 1879 1670 1901 emt.
1693 1876 1731 1901 18.
1753 1876 1775 1900 l.
1812 1873 1841 1900 Iu
1864 1873 1924 1900 loco

1077 1926 1161 1943 sacro,
1181 1917 1263 1941 autin
1277 1915 1383 1942 flumine
1397 1916 1504 1953 publico
1525 1931 1556 1936 —
1576 1916 1675 1953 aliquid
1693 1917 1785 1943 facere.
1807 1916 1864 1942 Gai.
1878 1915 1922 1942 IV.

1079 1960 1135 1985 159.
1172 1958 1200 1985 ln
1221 1969 1312 1995 campo
1333 1959 1440 1996 publico
1461 1959 1565 1991 ludere,
1590 1959 1633 1986 vel
1655 1961 1682 1986 in
1702 1959 1809 1997 publico
1829 1958 1923 1985 balneo

1076 2000 1171 2027 lavare.
1196 2001 1225 2027 sr.
1245 2003 1269 2027 2.
1294 2002 1314 2035 5
1335 2004 1359 2028 9.
1386 2012 1418 2028 ne
1442 2012 1484 2038 qu.
1509 2004 1534 2028 in
1555 2002 1614 2029 loeo
1634 2003 1695 2039 pub.
1721 2004 1761 2029 43.
1781 2003 1804 2028 8.
1831 2001 1860 2027 sr.
1882 2003 1922 2027 13.

1077 2044 1098 2077 5.
1120 2046 1142 2070 7.
1163 2044 1195 2070 de
1215 2045 1291 2070 iniur.
1312 2046 1353 2070 47.
1375 2047 1414 2070 10.
1453 2044 1533 2080 Quod
1553 2046 1578 2071 in
1598 2047 1639 2071 via
1658 2044 1772 2082 publica,
1796 2045 1922 2070 itinereve

1076 2087 1184 2123 publico
1205 2087 1308 2114 sactum.
1329 2087 1358 2113 sr.
1378 2090 1402 2114 2.
1422 2088 1460 2121 55.
1479 2090 1521 2114 35.
1536 2090 1576 2115 45.
1597 2088 1628 2115 es.
1649 2089 1686 2122 55.
1706 2090 1746 2114 20.
1767 2097 1806 2123 sq.
1828 2097 1859 2113 ne
1879 2097 1922 2123 qu.

1076 2131 1103 2155 in
1127 2129 1186 2156 loco
1211 2130 1272 2167 pub.
1298 2131 1339 2156 43.
1359 2131 1383 2157 8.
1413 2147 1444 2150 -
1474 2132 1504 2164 §.
1526 2132 1563 2158 5.
1592 2132 1780 2165 Popularis.
1821 2129 1840 2156 I.
1860 2131 1921 2164 Sy.

1077 2171 1208 2198 Omnibus
1232 2178 1334 2210 patere,
1359 2172 1512 2205 Publicum,
1537 2184 1557 2199 s.
1584 2173 1667 2208 Quasi
1691 2172 1839 2210 publicum,
1863 2182 1922 2198 esse

1076 2215 1223 2248 (iudicium,
1243 2225 1267 2242 v.
1288 2217 1406 2248 crimen.)
1426 2216 1456 2242 fr.
1479 2218 1500 2242 1.
1521 2217 1542 2250 5.
1562 2217 1585 2241 6.
1607 2216 1638 2242 de
1658 2226 1730 2253 susp.
1752 2221 1797 2242 tut.
1817 2217 1858 2241 26.
1880 2216 1919 2240 10.

1053 2263 1055 2284 ἱ
1076 2258 1097 2291 5.
1117 2259 1141 2284 3.
1161 2257 1179 2284 I.
1205 2258 1262 2284 cod.
1286 2260 1307 2285 1.
1326 2261 1367 2285 26.
1394 2258 1443 2285 Th.
1464 2259 1494 2285 C.
1514 2258 1558 2285 IX.
1580 2260 1602 2284 7.
1627 2269 1647 2285 c.
1668 2261 1691 2284 2.
1716 2258 1748 2285 ad
1767 2258 1796 2284 L.
1817 2257 1863 2283 Iul.
1889 2256 1921 2283 dc

1076 2300 1157 2327 adult.
1194 2300 1224 2327 ΙΙ.
1241 2303 1309 2335 Op.
1329 2301 1387 2328 Iure
1406 2302 1499 2329 mariti.
1521 2318 1550 2320 —
1571 2300 1629 2327 Iure
1643 2300 1750 2338 publico
1763 2300 1919 2333 (accusare.)

1076 2343 1106 2370 fr.
1126 2346 1168 2370 40.
1193 2354 1232 2381 pr.
1258 2344 1315 2370 eod.
1337 2346 1377 2369 45.
1397 2346 1420 2369 5.
1447 2359 1477 2362 —
1507 2343 1537 2376 ξ.
1557 2345 1595 2370 (i.
1621 2346 1794 2375 Solemnis,
1824 2344 1918 2369 Ordi-

1075 2389 1199 2413 narz'us.
1232 2386 1274 2412 111.
1291 2387 1356 2413 Cn.
1378 2385 1452 2412 Ordo
1473 2385 1677 2412 exercendorum
1696 2385 1860 2423 publicorum
1881 2395 1919 2411 ca-

1075 2429 1202 2466 pitalium.
1224 2428 1253 2454 sr.
1274 2430 1297 2454 S.
1318 2428 1350 2454 de
1370 2429 1430 2465 pub.
1451 2428 1503 2454 iud.
1523 2430 1564 2455 48.
1586 2431 1608 2455 1.
1638 2429 1815 2463 Quaestiones
1835 2427 1919 2464 publi-

1052 2458 1053 2473 *
1076 2482 1129 2499 cae.
1149 2471 1179 2497 fr.
1193 2474 1216 2496 2.
1238 2472 1259 2504 ξ,
1273 2472 1315 2497 32
1336 2470 1367 2497 de
1382 2471 1414 2497 o.
1430 2471 1448 2497 1.
1470 2474 1492 2498 1.
1506 2474 1530 2497 2.
1550 2471 1580 2498 fr.
1602 2473 1624 2497 1.
1644 2481 1683 2508 pr.
1704 2470 1736 2496 d.
1755 2470 1820 2496 sc.
1835 2469 1915 2496 silan.

1074 2516 1116 2541 29.
1136 2516 1160 2540 5.
1198 2513 1265 2540 Cum
1285 2515 1452 2548 magistratus
1472 2519 1550 2545 esset,
1570 2513 1710 2550 publicove
1729 2512 1826 2539 iudicio
1847 2523 1918 2550 prae-

1076 2562 1154 2583 esset.
1178 2556 1209 2582 sr.
1232 2558 1252 2582 1.
1273 2566 1311 2592 pr.
1336 2556 1367 2582 ad
1387 2556 1416 2583 L.
1437 2556 1517 2582 Corn.
1543 2556 1575 2582 de
1594 2557 1669 2581 sicar.
1689 2556 1730 2581 48.
1750 2557 1774 2581 8.
1811 2555 1853 2581 Ad
1873 2566 1919 2592 pu-

1075 2599 1172 2625 blicum
1192 2598 1322 2625 deducere
1346 2600 1558 2632 (criminosum.)
1584 2598 1632 2624 Th.
1653 2597 1684 2624 C.
1704 2597 1748 2624 IX.
1769 2599 1810 2624 40.
1835 2608 1855 2624 c.
1875 2600 1916 2624 21.

1075 2642 1108 2668 de
1126 2651 1203 2678 poen.
1242 2641 1317 2677 Quae
1337 2652 1369 2668 ex
1393 2641 1495 2677 legibus
1516 2640 1670 2666 iudiciorum
1689 2640 1855 2677 publicorum
1875 2651 1916 2667 ve-

1075 2686 1163 2715 niunt,
1184 2683 1291 2711 Publica
1311 2685 1449 2717 (iudicia.)
1470 2684 1499 2709 fr.
1521 2685 1542 2708 1.
1563 2692 1601 2719 sq.
1623 2683 1655 2709 de
1674 2683 1736 2720 pub.
1756 2683 1809 2710 iud.
1830 2685 1870 2710 48.
1893 2685 1914 2709 1.

1076 2727 1107 2753 cf.
1127 2727 1156 2753 sr.
1171 2728 1212 2753 32.
1232 2728 1254 2761 5.
1268 2729 1291 2753 6.
1313 2727 1345 2753 dc
1364 2737 1414 2753 rec.
1436 2737 1478 2762 qu.
1499 2725 1552 2752 arb.
1572 2728 1596 2752 4.
1611 2728 1634 2752 8.
1654 2726 1686 2752 fr.
1699 2728 1723 2752 2.
1742 2737 1782 2764 pr.
1803 2726 1835 2752 de
1849 2731 1914 2752 cust.

1075 2774 1101 2796 et
1113 2769 1200 2796 exhib.
1215 2772 1256 2796 43.
1269 2772 1293 2796 3.
1323 2771 1376 2805 Qui
1396 2785 1427 2788 —
1447 2769 1584 2805 pecuniam
1604 2770 1742 2806 acceperit,
1762 2775 1790 2795 ut
1810 2768 1914 2805 publica

1074 2812 1131 2849 lege
1149 2822 1210 2839 reus
1229 2812 1311 2839 fieret.
1330 2812 1361 2838 fr.
1383 2814 1404 2838 1.
1425 2812 1446 2845 5.
1468 2813 1489 2838 l.
1510 2811 1542 2838 ad
1560 2810 1590 2838 L.
1611 2811 1692 2838 Corn.
1712 2811 1744 2838 de
1764 2813 1809 2838 sic.
1829 2814 1869 2837 45.
1890 2815 1912 2836 δ.
