2197 3121
976 165 1058 197 SUB
1069 185 1107 190 —
1117 165 1211 199 SUC.

217 249 258 274 47.
277 249 302 274 2.
339 247 525 274 Subtrahendo
544 246 640 273 furtum
660 246 752 273 facere.
772 246 843 273 Paul.
865 246 895 274 Il.
915 247 956 273 31.
977 247 1058 281 §.19.

217 289 247 317 Si
267 306 297 310 —
319 289 440 317 damnum
459 292 482 317 ei
502 289 612 321 dederit,
631 290 687 316 sive
706 289 769 326 quid
790 306 820 310 —-
840 289 902 316 dolo
922 291 978 316 eius
999 290 1059 316 sub-

218 338 329 359 tractum
348 338 396 359 est.
416 333 446 360 sr.
468 335 489 359 l.
508 342 547 369 pr.
567 331 599 358 de
618 331 723 359 aleator.
751 335 789 359 ll.
810 335 833 360 5.
858 332 890 359 cf.
911 332 940 359 fr.
962 335 1002 359 12.
1027 333 1059 359 de

217 375 249 402 R.
272 375 299 402 V.
320 376 343 401 6.
366 377 387 402 1.
407 391 439 395 -
459 376 489 408 §.
504 376 541 401 3.
560 377 716 402 Eximere.
745 375 788 402 ΙΙΙ.
803 377 869 403 Gn.
890 375 956 402 Cum
970 375 1059 403 mulie-

218 419 254 445 ris
273 428 385 455 persona
409 417 578 444 subtrahatur
600 418 723 444 creditori
747 423 855 456 propter
878 418 942 445 S.C.
968 419 998 445 sr.
1019 421 1058 446 14.

218 459 251 487 ad
270 459 335 488 S.C.
356 460 425 488 Vell.
447 462 486 487 16.
508 462 530 486 1.
568 460 717 487 Subtractis
736 461 894 488 mortalitate
913 463 1007 494 servis,
1027 478 1058 482 —

217 502 310 529 aliisve
329 503 408 530 rebus
428 513 489 530 casu
513 503 739 530 intercidentibus.
764 504 794 531 fr.
816 506 854 531 19.
879 503 911 530 de
934 506 959 531 vi
983 509 1009 531 et
1032 505 1058 532 vi

217 555 279 572 arm.
298 547 339 572 43.
361 547 400 571 16.
421 545 450 572 fr.
472 548 511 572 19.
531 546 596 579 9.1.
616 546 648 572 ad
667 545 696 573 L.
717 546 764 573 lul.
784 546 816 573 de
835 546 915 573 adult.
936 549 976 574 48.
997 549 1019 574 ὅ.

251 589 409 615 Subvas.
457 590 518 621 Qui
546 595 617 623 post
646 592 754 616 vadem
781 600 917 624 sponsor
938 591 1055 625 factus

216 636 261 657 est
281 630 383 663 (iudicii
397 631 530 665 sistendi.)
567 631 680 666 11.⁰p.
700 631 794 658 Vades.
816 648 846 652 —
867 631 1014 659 SubvadeS.
1028 632 1057 659 L.

215 672 263 699 XII
284 672 367 699 Tabb.
388 673 405 700 1.
428 676 466 699 10.

249 716 497 744 Subveetare.
517 719 689 750 Advehere,
708 719 854 744 Portare.
875 717 893 744 1.
908 719 970 752 Sy.
991 717 1058 744 Sub-

215 758 319 785 vehere.
340 758 381 785 Cf.
402 759 426 786 h.
446 770 470 786 v.
490 760 512 793 9.
532 762 556 786 2.

248 802 463 829 subvectio.
484 804 724 836 Compar-tatio,
743 804 1057 837 Vectztrarumprae-

214 847 325 871 statio.
363 844 405 871 III.
421 847 487 873 οη.
507 844 669 871 Vtilitatibus
688 844 803 882 publicis
817 845 934 875 obedire.
954 851 979 872 et
997 845 1057 872 sub-

214 888 363 914 vectionem
384 905 413 908 —
435 888 576 914 celebrare.
596 887 644 914 Th.
665 887 696 914 C.
716 887 785 914 XIII.
807 890 830 914 7.
857 898 878 914 c.
898 891 922 914 2.
947 887 979 914 de
999 898 1056 914 nav.

214 940 238 956 11.
260 940 348 957 excus.
387 931 462 966 Quos
482 930 573 967 longae
586 930 766 957 subvectionis
786 930 878 957 damna
897 931 1056 967 quatiebant.

214 972 251 999 lb.
271 973 341 1000 XIV.
361 975 384 999 4.
406 984 426 1000 c.
447 975 469 999 4.
489 974 547 1007 9.1.
568 972 600 999 de
619 983 686 1000 suar.
706 973 849 1000 Subvectio
868 974 1056 1001 vehiculorum.

214 1015 252 1042 lh.
270 1015 337 1042 VIII.
358 1018 381 1042 5.
402 1026 423 1042 c.
446 1017 483 1042 18.
504 1025 542 1053 pr.
562 1015 595 1042 de
614 1026 692 1043 cursu
712 1016 773 1053 pub.

248 1059 479 1086 Subvehere.
516 1059 547 1092 §-
562 1060 596 1086 l.
616 1061 768 1091 Euehere,
789 1062 988 1086 Promovere.
1012 1059 1055 1086 111.

214 1102 281 1129 Gn.
306 1102 381 1137 Quos
404 1101 435 1128 ad
461 1101 631 1128 decurionum
655 1102 791 1129 subeunda
816 1113 922 1129 munera
942 1102 1057 1140 splendi-

213 1144 273 1170 dior
293 1143 393 1170 fortuna
412 1144 543 1170 subvexit.
568 1143 617 1170 Th.
638 1144 669 1171 C.
689 1145 745 1172 XII.
774 1148 795 1172 1.
820 1156 841 1172 c.
861 1147 902 1172 53.
929 1146 951 1179 9
973 1148 995 1172 1.
1024 1145 1056 1172 de

213 1187 346 1214 decurion.
366 1186 406 1214 Cf.
426 1186 495 1213 XIII.
514 1188 538 1213 3.
560 1197 580 1213 c.
600 1189 624 1214 8.
644 1188 666 1221 9.
685 1190 708 1214 2.
729 1198 750 1214 c.
770 1189 793 1215 9.
813 1198 852 1226 pr.
873 1188 905 1215 de
924 1188 1016 1215 medic.
1031 1193 1057 1215 et

213 1229 279 1267 prof.
298 1245 330 1249 -
359 1231 390 1264 §-
411 1232 446 1257 2.
471 1231 601 1261 Vetere,
625 1232 794 1258 Advelzere.
831 1231 849 1257 I.
870 1233 932 1266 Sy.
956 1232 1056 1259 Subve-

212 1317 279 1343 Gn.
298 1315 375 1342 Alios
394 1315 514 1342 mercede
532 1315 720 1343 subvehendos
739 1333 771 1336 —
790 1317 945 1344 conducere.
972 1328 993 1344 c.
1012 1319 1054 1344 47.

210 1367 250 1396 pr.
270 1358 287 1385 1.
324 1358 419 1390 Navis,
444 1368 510 1394 quae
534 1368 601 1385 onus
625 1358 758 1386 dumtaxat
780 1360 871 1387 fiscale
894 1360 1055 1387 subvexerit.

212 1401 250 1428 lb.
271 1401 342 1428 XIII.
361 1403 385 1427 5.
405 1411 426 1427 c.
446 1402 469 1426 4.
490 1400 522 1427 de
542 1401 653 1428 navicul.

245 1444 470 1472 Subvenire.
492 1444 523 1477 §-
538 1445 573 1471 l.
594 1447 813 1477 lntervenire‚
828 1447 1052 1480 Supervenire.

210 1486 254 1513 111.
268 1488 334 1514 Gn.
352 1486 411 1513 Nisi
430 1491 474 1513 aut
493 1488 701 1525 circumscriptio
720 1487 872 1519 subveniet,
897 1493 941 1515 aut
960 1489 1000 1515 vis
1021 1505 1052 1510 —-

211 1529 366 1556 ostenditur.
391 1528 439 1555 Th.
460 1529 490 1556 C.
510 1529 569 1557 XV.
591 1532 630 1557 14.
655 1541 676 1557 c.
695 1532 719 1557 9.
741 1530 773 1557 de
792 1531 886 1557 infirm.
913 1531 937 1558 h.
963 1541 1006 1567 qu.
1032 1541 1052 1557 s.

211 1578 262 1608 tyr.
281 1587 314 1591 —
342 1572 373 1605 ξ.
399 1573 434 1599 2.
465 1573 597 1600 Obviam
626 1576 686 1605 ire,
717 1576 928 1606 Succurrere,
960 1575 1054 1608 Opem

210 1617 307 1648 ferre.
344 1614 362 1641 1.
388 1616 449 1649 Sy.
469 1615 611 1648 Adiuvare,
632 1615 799 1643 Succurrere.
820 1616 849 1643 fr.
868 1618 892 1643 2.
912 1617 949 1651 99.
968 1619 993 1643 2.
1013 1627 1053 1654 sq.

210 1658 234 1684 6.
253 1656 284 1683 fr.
303 1658 327 1684 4.
347 1667 386 1694 pr.
406 1659 428 1684 si
448 1668 489 1694 qu.
510 1664 588 1685 caut't.
612 1661 637 1685 2.
658 1661 698 1685 11.
722 1659 752 1686 fr.
778 1661 801 1686 7.
822 1670 860 1697 pr.
884 1660 951 1693 9.1.
979 1659 1009 1686 fr.
1029 1661 1052 1687 8.

211 1699 244 1726 de
261 1699 280 1726 1.
299 1700 317 1727 I.
337 1699 368 1726 R.
387 1702 411 1726 4.
432 1702 454 1727 l.
474 1701 503 1727 fr.
525 1703 547 1728 7.
568 1702 606 1736 99.
626 1704 650 1728 6.
669 1703 693 1728 8.
714 1701 746 1728 de
765 1703 858 1729 minor.
877 1704 900 1729 4.
921 1704 943 1729 4.
965 1702 996 1730 fr.
1013 1705 1052 1729 15.

210 1742 232 1776 9.
256 1744 298 1769 35.
322 1742 354 1768 de
377 1742 461 1769 damn.
485 1743 530 1770 inf.
554 1746 596 1771 39.
615 1747 639 1770 2.
668 1744 823 1771 Consulere.
843 1745 873 1772 fr.
894 1747 915 1772 1.
936 1746 958 1779 9.
977 1747 1000 1772 4.
1021 1746 1053 1772 ad

211 1784 279 1811 S.C.
299 1784 379 1812 Treb.
398 1787 439 1812 36.
462 1788 484 1812 1.
520 1786 563 1813 111.
583 1788 649 1814 Gn.
674 1786 733 1814 Non
756 1788 861 1825 publica
886 1788 994 1815 abolitio
1020 1805 1051 1810 -

212 1827 311 1854 talibus
333 1829 478 1865 prospiciat
500 1830 692 1866 subveniatque
715 1832 846 1868 personis.
872 1830 922 1858 Th.
949 1831 980 1858 C.
1005 1831 1050 1858 IX.

210 1871 252 1896 37.
272 1880 293 1896 c.
313 1872 336 1896 3.
357 1871 389 1897 de
408 1871 498 1898 abolit.
535 1872 626 1899 Errori
646 1874 702 1899 eius
722 1874 879 1900 subventum
899 1879 940 1900 est
959 1875 1050 1901 rescri-

210 1917 265 1950 pto.
285 1912 315 1939 l'r.
337 1915 359 1940 1.
379 1914 399 1948 9.
417 1916 441 1940 3.
461 1914 493 1941 de
512 1915 571 1952 adp.
592 1920 617 1942 et
636 1916 709 1943 relat.
729 1918 770 1944 49.
792 1919 814 1943 l.
852 1917 919 1944 Cum
939 1917 1049 1954 Impera-

210 1960 252 1982 tor
271 1961 361 1982 noster
380 1962 470 1983 contra
490 1958 652 1985 voluntatem
675 1961 758 1996 patris
777 1959 937 1986 subvenerit.
959 1960 989 1986 l'r.
1008 1961 1049 1986 87.

210 1998 233 2032 9.
252 2001 276 2025 4.
297 1998 329 2025 de.
348 1999 423 2035 legat.
444 2000 473 2026 ll.
493 2002 560 2034 (31.)
585 2001 615 2028 cf.
636 2002 667 2029 fr.
687 2004 710 2029 6.
731 2003 795 2037 9.1.
820 2003 852 2029 de
877 2003 936 2029 bon.
963 2003 1050 2029 libert.

210 2042 251 2068 38,
271 2043 294 2067 2.
333 2042 361 2068 Si
382 2044 422 2069 cui
446 2044 503 2070 sine
527 2044 647 2082 exemplo
672 2045 795 2072 subvenit
814 2045 949 2083 Princeps.
977 2046 1007 2073 [ι’.
1028 2048 1050 2072 l.

211 2084 233 2118 9.
251 2086 275 2111 2.
304 2084 337 2111 de
364 2090 446 2111 const.
475 2085 516 2113 Pr.
538 2088 560 2113 1.
579 2089 601 2113 4.
640 2088 804 2125 Quamquam
829 2094 914 2115 autem
938 2088 1051 2115 Senatus

211 2126 367 2154 subventum
387 2128 471 2154 voluit
494 2129 648 2162 heredibus,
677 2131 800 2158 subvenit
822 2137 907 2158 tamen
931 2137 957 2158 et
980 2132 1052 2158 fidei·

212 2171 399 2197 commissario.
418 2171 447 2197 fr.
468 2173 489 2197 1.
511 2172 532 2205 9.
552 2174 575 2198 4.
597 2173 627 2199 ad
648 2173 714 2200 S.C.
734 2174 813 2201 Treb.
832 2176 874 2201 36.
890 2176 912 2201 1.
949 2174 1000 2201 Cui
1014 2176 1050 2201 rei

212 2212 288 2237 etiam
307 2218 379 2239 extra
405 2214 523 2240 ordinem
549 2215 684 2243 subveniri
708 2222 803 2254 potest.
828 2217 859 2244 fr.
880 2219 902 2244 1.
928 2218 949 2251 9.
968 2220 992 2244 2.
1019 2217 1050 2244 de

212 2254 284 2289 migr.
304 2256 344 2281 43.
362 2257 404 2282 32.
424 2257 454 2283 cl'.
475 2257 503 2284 sr.
525 2259 547 2284 1.
567 2259 588 2292 9.
604 2260 642 2286 10.
663 2259 695 2285 de
714 2260 811 2296 postul.
830 2262 854 2286 3.
870 2262 892 2286 1.
931 2260 986 2287 Sub
1000 2260 1050 2287 hoc

212 2296 290 2323 titulo
319 2297 477 2334 plurifariam
501 2300 610 2327 Praetor
637 2301 786 2329 hominibus
814 2302 855 2329 vel
884 2303 981 2340 lapsis,
1008 2303 1050 2330 vel

213 2341 431 2377 circumscriptis,
454 2343 585 2370 subvenit.
610 2344 640 2370 l'r.
665 2346 686 2371 1.
706 2355 764 2382 sqq.
788 2345 818 2372 fr.
839 2347 862 2372 8.
889 2346 920 2372 de
940 2346 956 2373 1.
978 2346 995 2372 1.
1014 2345 1046 2373 R.

212 2384 236 2409 4.
258 2385 279 2409 1.
300 2382 330 2409 tr.
345 2385 384 2409 15.
404 2384 426 2417 9.
439 2386 480 2412 22.
500 2385 532 2412 de
545 2386 629 2413 damn.
650 2387 693 2414 inf.
712 2389 752 2414 39.
772 2390 796 2414 2.
833 2388 1049 2415 Subveniendum

213 2435 272 2452 esse
295 2425 364 2457 filio,
384 2441 416 2445 —
441 2431 466 2452 et
493 2429 516 2454 ei
542 2430 678 2466 poenalem
701 2431 727 2457 in
751 2430 846 2457 factum
869 2432 998 2458 actionem
1017 2448 1047 2452 -—

213 2473 369 2505 competere.
393 2468 422 2494 fr.
443 2470 482 2494 12.
502 2469 534 2496 de
557 2473 582 2498 in
606 2474 646 2499 ius
671 2483 728 2500 voc.
747 2476 771 2500 2.
791 2476 814 2500 4.
835 2473 866 2500 cf.
887 2473 917 2500 fr.
940 2475 962 2500 1.
981 2474 1004 2507 9.
1024 2476 1048 2501 5.

213 2510 245 2537 de
263 2511 386 2548 superfic.
405 2513 446 2538 43.
469 2513 507 2538 18.
527 2513 556 2540 t'r.
577 2516 598 2541 l.
617 2516 638 2548 9.
658 2518 681 2542 3.
701 2516 734 2542 de
752 2516 797 2542 lib.
818 2516 904 2543 exhib.
924 2517 965 2543 43.
985 2518 1027 2543 30.

246 2554 488 2582 Subvertere.
515 2556 546 2589 ξ.
561 2558 594 2582 1.
613 2559 778 2591 Evertere‚
798 2560 930 2586 Eruere.
954 2558 972 2585 1.
988 2560 1049 2594 Sy.

213 2596 350 2623 Demoliri.
375 2596 424 2623 Th.
449 2596 479 2624 C.
503 2597 546 2624 IX.
572 2600 610 2624 17.
635 2610 655 2626 c.
681 2603 703 2627 1.
729 2611 749 2628 c.
773 2603 797 2628 3.
818 2601 850 2628 de
869 2601 968 2638 sepulc.
987 2602 1050 2628 viol.

213 2639 243 2666 11.
260 2641 326 2673 Op.
346 2639 491 2677 Reponere.
511 2640 541 2667 fr.
560 2642 585 2667 3.
605 2641 625 2674 9.
646 2643 668 2667 6.
688 2643 772 2670 arbor.
798 2644 857 2671 furt.
878 2654 944 2671 caeS.
964 2646 1004 2672 47.
1025 2647 1049 2672 7.

214 2696 247 2701 —-
275 2683 306 2715 ξ.
327 2683 362 2708 2.
392 2684 586 2718 Insinuare,
613 2685 647 2710 In
671 2687 840 2714 discrimen
863 2698 983 2714 vocare.
1020 2687 1048 2716 ll.

214 2726 281 2759 Op.
306 2724 334 2750 Iu
358 2734 405 2751 suo
425 2730 494 2752 statu
513 2736 673 2763 permanere.
693 2742 724 2746 —
751 2728 883 2756 Subverti.
908 2740 929 2756 c.
949 2731 990 2757 28.
1011 2741 1049 2768 pr.

213 2767 247 2794 de
270 2772 370 2794 testam.
396 2768 419 2794 6.
443 2770 484 2794 23.
521 2768 563 2795 111.
585 2770 650 2796 Cn.
674 2768 799 2797 Rationes
824 2789 853 2793 —
879 2774 975 2809 inquiri
999 2783 1051 2799 non

214 2815 332 2848 oportet;
355 2810 470 2847 alioquin
490 2811 571 2838 multa
589 2822 621 2839 ex
640 2811 690 2845 his,
717 2822 782 2849 quae
802 2820 872 2842 certa
891 2821 966 2849 sunt,
990 2816 1051 2843 sub-

1883 172 1946 202 923

1105 252 1250 275 vertuntur.
1280 248 1309 275 fr.
1329 251 1371 276 21.
1397 249 1429 276 de
1448 249 1500 276 LL.
1522 252 1544 276 1.
1563 252 1587 278 3.
1624 250 1674 277 Per
1697 250 1748 277 hoc
1771 250 1866 277 iudicia
1886 262 1945 279 vera

1104 290 1300 318 subvertuntur.
1321 292 1351 319 fr.
1370 295 1412 320 24.
1433 292 1465 319 de
1485 293 1558 320 milit.
1580 299 1681 320 testam.
1701 295 1742 320 29.
1765 295 1785 319 l.
1824 293 1945 322 Iussione

1104 333 1239 366 subversa,
1259 344 1308 371 qua
1328 340 1377 362 etc.
1398 351 1429 355 —-
1449 346 1539 362 omnes
1559 335 1689 363 licentiam
1710 336 1827 363 habeant.
1849 336 1898 363 Th.
1914 337 1944 364 C.

1104 375 1133 403 II.
1155 378 1193 403 lo.
1214 386 1235 402 c.
1258 379 1278 402 1.
1299 377 1412 410 (ch.)
1433 378 1465 404 de
1485 378 1581 415 postul.
1602 378 1758 406 Innocentes
1781 396 1809 400 -——
1831 390 1882 406 non
1902 391 1946 417 pa—

1104 420 1182 446 timur
1201 419 1355 447 callidorum
1368 422 1562 458 impugnatione
1575 422 1701 449 subverti.
1722 422 1758 449 lb.
1771 423 1816 450 IX.
1830 424 1871 450 39.
1886 434 1906 450 c.
1920 426 1945 450 3.

1104 461 1136 488 de
1155 462 1266 489 calumn.

1137 506 1417 532 Suburbanuln.
1437 506 1554 539 (Subst.)
1573 508 1604 541 §-
1620 509 1654 534 l.
1675 511 1848 535 Praedium
1872 519 1945 544 qna-

1102 551 1272 582 lecunque,
1302 550 1373 575 urbi
1400 551 1548 577 vicinum.
1593 549 1636 576 111.
1657 552 1722 578 Gn.
1752 551 1814 578 Sive
1842 553 1868 578 in
1897 552 1945 579 bac

1103 590 1168 617 alma
1188 590 1261 623 urbe,
1280 591 1337 617 sive
1356 592 1382 617 in
1401 591 1568 619 suburbanis.
1599 603 1620 618 c.
1639 594 1663 619 2.
1686 593 1728 620 ubi
1748 600 1830 621 senat.
1850 605 1873 621 v.
1895 594 1945 621 cla-

1103 633 1163 659 riss.
1182 635 1206 660 3.
1225 635 1268 660 24.
1289 634 1338 661 Th.
1358 633 1389 661 C.
1408 633 1480 661 XVI.
1500 637 1523 661 5.
1545 645 1565 661 c.
1582 637 1621 662 19.
1642 636 1674 663 de
1693 637 1787 663 haeret.
1828 637 1856 664 In
1876 638 1945 664 aedi-

1102 676 1161 707 bus,
1181 681 1224 702 aut
1244 676 1319 709 villa,
1343 681 1387 703 aut
1406 677 1558 704 suburbano
1578 688 1634 705 su0.
1660 679 1709 706 Th.
1731 679 1761 707 C.
1782 680 1798 706 l.
1818 680 1834 706 l.
1861 691 1881 707 c.
1901 682 1943 707 66.

1102 719 1124 752 9.
1137 721 1162 746 2.
1180 735 1211 739 —
1231 720 1262 752 ξ.
1277 722 1313 747 2.
1333 722 1521 752 Praedium,
1541 724 1623 755 quod
1640 725 1777 749 reditum
1796 733 1831 750 ex
1850 726 1943 758 agris

1099 764 1236 795 praebet.
1273 762 1292 789 1.
1312 764 1374 797 Sy.
1393 763 1476 799 Ager,
1497 765 1563 789 circa
1584 774 1673 791 muros
1693 766 1813 791 civitatis.
1834 766 1881 793 Iul.
1902 777 1942 804 ep.

1101 814 1161 831 nov.
1182 814 1202 831 c.
1222 806 1263 832 58.
1283 806 1304 839 ς.
1324 807 1383 832 202.
1404 816 1424 832 c.
1445 808 1486 832 59.
1505 806 1526 840 ς.
1545 808 1605 833 203.

1136 848 1395 875 Suburbanus.
1415 848 1545 882 (Adiect.)
1560 849 1590 882 ἓ.
1602 851 1636 876 l.
1658 851 1694 876 1η
1708 851 1883 877 vicinitate
1896 861 1943 877 ur-

1101 891 1147 916 bis
1165 893 1375 918 constitutus.
1412 891 1455 918 ΙΙΙ.
1470 893 1536 919 Cn.
1557 892 1636 927 Quod
1656 892 1688 919 ad
1701 892 1806 919 domum
1820 895 1876 920 eius
1891 904 1943 920 non

1102 933 1216 963 venerit,
1235 933 1358 970 quodque
1378 934 1403 960 in
1423 934 1515 961 hortos
1535 945 1586 961 non
1606 937 1761 967 accesserit,
1786 941 1812 962 et
1832 936 1943 964 ulterius

1102 974 1173 1011 quod
1192 975 1224 1001 ad
1242 976 1330 1002 villam
1351 977 1534 1004 suburbanam.
1554 977 1584 1004 fr.
1601 980 1622 1004 l.
1642 978 1664 1011 9.
1679 980 1702 1004 9.
1724 978 1775 1014 Qu.
1795 979 1942 1016 adpelland.

1101 1019 1142 1044 49.
1162 1021 1186 1044 4.
1224 1018 1362 1055 Quidquid
1385 1020 1411 1046 in
1431 1021 1512 1057 patria
1533 1020 1651 1047 Gadibus
1671 1021 1804 1058 possideo.
1827 1039 1856 1042 —
1877 1022 1943 1049 Sub-

1101 1061 1199 1087 urbana
1223 1061 1344 1087 adiacens
1368 1064 1513 1099 possessio.
1538 1063 1568 1090 fr.
1588 1065 1629 1090 41.
1653 1064 1675 1098 9.
1695 1066 1719 1091 6.
1744 1064 1776 1090 de
1803 1064 1878 1100 legat.
1899 1065 1941 1092 111.

1101 1105 1168 1137 (32.)
1188 1120 1220 1124 ——
1244 1104 1276 1137 ξ.
1295 1105 1331 1130 2.
1356 1106 1480 1132 Italiae
1497 1107 1683 1141 finitimus.
1720 1107 1763 1133 ΠΙ.
1788 1108 1854 1135 Cn.
1880 1107 1943 1135 Pro-

1100 1147 1201 1173 vinciae
1220 1146 1393 1174 suburbanae.
1413 1147 1463 1174 Th.
1484 1148 1514 1175 C.
1534 1149 1577 1176 IX.
1599 1151 1620 1175 1.
1641 1159 1663 1176 c.
1686 1151 1724 1176 13.
1752 1149 1784 1176 de
1803 1160 1889 1177 accus.
1911 1168 1942 1172 —

1101 1190 1131 1222 §-
1151 1191 1188 1216 3.
1210 1191 1312 1222 Quasi
1331 1192 1486 1223 urbanus,
1505 1202 1610 1218 verum
1632 1202 1668 1218 ex
1686 1194 1780 1227 agris
1804 1196 1943 1221 reditum

1077 1255 1079 1276 ἶ
1097 1235 1262 1266 praehens.
1299 1232 1341 1259 111.
1353 1234 1420 1261 Gn.
1440 1233 1577 1260 Praedium
1596 1236 1734 1266 rusticum,
1754 1235 1796 1262 vel
1815 1236 1942 1262 suburba-

213 1277 290 1299 ctare.
310 1272 347 1299 lb.
367 1272 434 1299 Vlll.
454 1275 477 1299 5.
498 1283 520 1298 c.
538 1273 580 1299 28.
601 1283 622 1299 c.
642 1275 683 1299 47.
703 1284 742 1311 pr.
762 1273 795 1300 de
815 1284 893 1301 cursu
913 1274 974 1311 pub.
1011 1274 1054 1301 III.

1100 1285 1176 1307 num,
1200 1275 1271 1312 quod
1291 1275 1322 1302 ab
1342 1276 1449 1303 urbanis
1468 1287 1520 1303 non
1538 1277 1598 1304 loco
1617 1277 1664 1304 sed
1684 1278 1809 1314 qualitate
1828 1280 1942 1306 secerni-

1077 1350 1078 1354 *
1100 1323 1150 1344 tur.
1170 1328 1191 1345 c.
1213 1320 1252 1345 16.
1278 1318 1310 1345 de
1334 1319 1422 1356 praed.
1447 1324 1473 1346 et
1497 1319 1528 1346 al.
1555 1320 1608 1346 reb.
1628 1321 1689 1346 min.
1709 1323 1731 1347 5.
1753 1323 1793 1347 71.
1813 1321 1846 1348 cf.
1866 1322 1895 1349 fr.
1918 1324 1940 1348 1.

1099 1371 1137 1398 pr.
1161 1362 1182 1395 9.
1206 1363 1229 1388 2.
1254 1361 1287 1388 de
1310 1362 1364 1389 reb.
1388 1372 1441 1389 eor.
1467 1363 1511 1399 qui
1535 1373 1556 1389 s.
1576 1367 1623 1390 tut.
1643 1365 1685 1390 27.
1704 1365 1727 1390 9.
1749 1374 1770 1390 c.
1788 1366 1812 1391 2.
1833 1364 1866 1391 de
1886 1375 1939 1392 cur.

1098 1403 1147 1430 sur.
1166 1405 1190 1430 5.
1212 1405 1251 1431 70.

1132 1447 1437 1475 suburbicarias.
1456 1447 1585 1481 (Adiect.)
1604 1450 1724 1476 Romae
1742 1451 1877 1477 vicinus.
1910 1450 1940 1478 11.

1100 1491 1167 1524 Op.
1188 1489 1351 1517 Vrbicarius.
1372 1490 1421 1517 Th.
1442 1490 1473 1517 C.
1492 1490 1537 1517 XI.
1557 1492 1599 1517 28.
1618 1501 1640 1517 c.
1662 1493 1700 1517 14.
1725 1491 1758 1518 de
1776 1492 1875 1529 indulg.
1896 1493 1940 1520 de-

1099 1531 1144 1558 bit.
1182 1532 1232 1558 Per
1244 1533 1449 1565 suburbicarias,
1463 1549 1495 1553 -
1514 1533 1565 1560 Per
1578 1544 1668 1560 omnes
1683 1534 1771 1560 Italiae
1785 1536 1940 1570 (regiones.)

1098 1574 1134 1600 lb.
1155 1574 1200 1601 XI.
1224 1577 1244 1601 1.
1270 1586 1290 1602 c.
1311 1578 1334 1602 9.
1360 1576 1392 1602 de
1411 1586 1469 1603 ann.
1496 1581 1522 1602 et
1541 1577 1631 1603 tribut.
1669 1576 1712 1603 111.
1731 1579 1796 1604 Gn.
1815 1577 1940 1605 Picenum

1099 1623 1124 1643 et
1143 1617 1248 1649 Tuscia,
1268 1619 1464 1645 suburbicariae
1483 1620 1611 1655 regiones.
1631 1619 1667 1645 lb.
1681 1619 1723 1646 XI.
1740 1622 1781 1646 28.
1797 1630 1818 1646 c.
1834 1622 1873 1647 12.
1888 1620 1904 1647 l.
1920 1621 1938 1648 l.

1098 1659 1165 1687 Nov.
1186 1660 1275 1688 Maior.
1296 1661 1328 1687 de
1347 1661 1427 1688 adult.
1447 1661 1490 1688 IV.
1510 1663 1534 1688 8.
1555 1672 1575 1688 c.
1598 1663 1619 1688 l.

1132 1705 1320 1731 SuBusfio.
1359 1707 1549 1736 Suc-censio,
1574 1706 1771 1741 Calefactio.
1808 1705 1850 1733 111.
1871 1708 1938 1734 Cn.

1098 1746 1140 1773 De
1163 1746 1292 1773 reditibus
1316 1763 1348 1766 —
1374 1752 1474 1784 partem
1497 1748 1654 1785 reparationi
1682 1748 1847 1784 publicorum
1871 1759 1939 1776 moe-

1097 1790 1182 1821 nium,
1207 1794 1233 1816 et
1256 1789 1414 1817 thermarum
1438 1790 1588 1817 subustioni
1608 1790 1656 1825 [al.
1676 1791 1874 1826 substitutioni]
1896 1792 1939 1819 de-

1096 1838 1226 1869 putamus.
1246 1831 1295 1858 Th.
1316 1832 1346 1859 C.
1366 1833 1424 1860 XV.
1446 1835 1467 1860 1.
1489 1844 1509 1861 c.
1528 1835 1570 1860 32.
1590 1833 1621 1860 cf.
1642 1843 1662 1860 c.
1682 1836 1723 1860 22.
1744 1834 1776 1860 de
1795 1845 1855 1871 opp.
1876 1835 1938 1871 pub.

1130 1876 1409 1903 succedaneuS.
1427 1877 1555 1910 (Adiect.)
1570 1880 1762 1909 Suc-cedens,
1778 1879 1939 1904 Substitu-

1095 1925 1154 1945 ταν.
1192 1918 1210 1944 1.
1228 1920 1290 1953 Sy.
1310 1918 1467 1951 Succedere,
1487 1919 1683 1946 Succedaneum
1703 1930 1769 1946 esse.
1790 1919 1819 1946 fr.
1833 1922 1857 1946 3.
1878 1921 1899 1954 9.
1914 1922 1936 1947 8.

1096 1961 1128 1987 de
1148 1960 1215 1987 adm.
1234 1966 1260 1987 et
1279 1963 1359 1998 peric.
1379 1964 1419 1989 26.
1441 1965 1464 1989 7.
1494 1963 1524 1989 fr.
1545 1965 1568 1989 4.
1597 1962 1630 1989 de
1657 1973 1721 1999 mag.
1752 1973 1826 1989 conv.
1852 1965 1893 1989 27.
1913 1964 1936 1990 8.

1097 2003 1224 2030 Vicarius.
1246 2003 1286 2030 Cf.
1308 2004 1331 2031 h.
1351 2015 1375 2031 v.
1414 2005 1456 2031 III.
1477 2006 1543 2033 Cn.
1568 2005 1636 2040 Quia
1656 2006 1734 2032 tidem
1754 2016 1806 2032 non
1826 2005 1937 2033 habeant

1096 2047 1193 2078 electo,
1223 2057 1270 2073 nec
1298 2049 1432 2084 patiuntur
1460 2047 1615 2075 succedanei
1639 2058 1698 2075 esse
1721 2048 1798 2075 alieni
1818 2048 1936 2085 periculi.

1072 2108 1074 2120 ⁴
1095 2090 1125 2117 fr.
1144 2091 1168 2116 3.
1188 2090 1209 2123 9.
1230 2091 1253 2116 8.
1274 2089 1290 2116 l.
1310 2092 1350 2116 26.
1366 2092 1390 2117 7,
1410 2101 1430 2117 c.
1447 2093 1486 2117 10.
1506 2091 1560 2127 Qui
1580 2091 1641 2117 dare
1659 2096 1705 2118 tut.
1726 2094 1749 2117 5.
1769 2093 1810 2117 34.
1848 2091 1872 2118 Is
1887 2101 1935 2128 pro

1095 2143 1139 2165 eo,
1163 2143 1240 2170 quem
1259 2133 1448 2160 succedaneum
1468 2134 1632 2170 subrogavit,
1653 2149 1684 2153 —-
1708 2138 1837 2161 statuatur
1856 2135 1936 2161 obno-

1094 2177 1161 2203 xius.
1186 2186 1206 2202 c.
1230 2177 1254 2202 3.
1280 2175 1312 2202 de
1336 2176 1408 2203 fund.
1433 2178 1470 2203 rei
1494 2178 1560 2214 priv.
1586 2179 1624 2202 ll.
1650 2178 1691 2203 65.
1716 2176 1765 2203 Th.
1786 2176 1816 2204 C.
1836 2178 1891 2204 XII.
1913 2179 1934 2203 1.

1096 2229 1116 2245 c.
1137 2220 1178 2244 64.
1198 2218 1268 2245 XIV.
1292 2221 1330 2246 17.
1352 2229 1373 2246 c.
1395 2221 1417 2246 7.
1434 2219 1467 2246 de
1486 2229 1580 2246 annon.
1602 2220 1650 2246 εἰν.

1128 2262 1354 2289 succedere.
1396 2263 1427 2296 §.
1447 2264 1482 2288 1.
1507 2264 1666 2294 Incedere,
1692 2264 1855 2289 Accedere.
1890 2262 1935 2290 111.

1095 2306 1161 2332 C'n.
1185 2304 1301 2341 Oportet
1329 2314 1386 2330 cum
1414 2304 1609 2341 delegatoribus
1632 2305 1688 2331 suis
1712 2315 1757 2331 eos
1782 2305 1932 2337 succedere,

1095 2349 1140 2384 qui
1164 2352 1266 2374 sumtus
1291 2356 1381 2372 eorum
1405 2348 1457 2379 (sc.
1478 2347 1605 2381 militum)
1631 2347 1795 2385 provideant.
1820 2347 1866 2374 lul.
1893 2358 1933 2385 ep.

1094 2400 1153 2416 nov.
1174 2400 1195 2417 c.
1216 2392 1272 2416 123.
1292 2389 1329 2423 99.
1349 2390 1407 2415 532.
1427 2391 1486 2416 537.
1523 2390 1553 2417 Si
1573 2407 1602 2411 —-
1623 2390 1711 2421 miles,
1734 2390 1776 2416 vel
1803 2391 1867 2422 tiro,
1892 2400 1934 2417 cu-

1070 2455 1072 2466 ,
1093 2432 1202 2459 iuslibet
1224 2431 1359 2468 praedium
1383 2432 1451 2458 forte
1475 2435 1641 2460 successerit.
1665 2432 1732 2459 Nov.
1758 2432 1814 2459 Val.
1833 2432 1875 2459 111.
1901 2432 1933 2460 de

1093 2477 1172 2502 tiron.
1190 2474 1220 2501 ll.
1240 2476 1263 2500 6.
1284 2484 1305 2500 c.
1326 2476 1348 2501 1.
1368 2475 1390 2508 9.
1409 2477 1433 2502 2.
1454 2475 1504 2502 Th.
1525 2476 1555 2502 C.
1571 2475 1613 2502 Vl.
1627 2477 1668 2502 29.
1689 2486 1710 2502 c.
1732 2477 1770 2502 12.
1791 2475 1823 2502 de
1836 2476 1931 2502 curios.

1094 2534 1126 2538 -—
1145 2518 1176 2551 ξ.
1197 2519 1232 2544 2.
1258 2519 1385 2549 Subire,
1407 2520 1584 2545 Sustinere.
1619 2518 1661 2544 ΠΙ.
1682 2519 1748 2545 Cn.
1771 2518 1833 2554 lugo
1853 2519 1934 2545 servi-

1093 2562 1157 2587 tutis
1177 2575 1208 2579 -
1228 2560 1321 2586 iterato
1341 2561 1442 2596 cogeris
1461 2560 1610 2587 succedere.
1631 2571 1650 2587 c.
1672 2563 1694 2587 1.
1721 2560 1753 2587 de
1774 2571 1843 2587 serv.
1867 2562 1931 2599 reip.

1094 2605 1116 2629 7.
1136 2604 1160 2629 9.
1197 2601 1234 2629 Vt
1257 2607 1360 2640 tempus
1384 2604 1577 2640 procurationis
1602 2604 1740 2640 impositae
1759 2603 1861 2630 sollerti
1880 2604 1932 2631 fide

1095 2663 1125 2666 -
1146 2645 1296 2672 succedant.
1316 2645 1365 2672 Th.
1386 2646 1417 2672 C.
1437 2646 1502 2672 VIII.
1522 2648 1544 2672 5.
1565 2656 1586 2672 c.
1606 2647 1647 2672 36.
1672 2645 1704 2672 de
1723 2656 1801 2673 cursu
1819 2647 1880 2684 pub.
1901 2663 1930 2667 --

1071 2698 1073 2708 r
1094 2689 1125 2722 §.
1140 2689 1177 2714 3.
1197 2690 1307 2723 Sequi,
1327 2691 1495 2723 Excipere.
1533 2688 1550 2714 I.
1565 2690 1626 2723 Sy.
1647 2688 1736 2726 Sequi.
1757 2689 1786 2716 fr.
1800 2691 1824 2715 2.
1838 2689 1875 2723 99.
1890 2691 1929 2714 40.

1071 2724 1073 2748 ¹³
1095 2733 1135 2756 44.
1155 2732 1195 2757 47.
1221 2731 1253 2757 de
1273 2731 1305 2757 Ο.
1327 2731 1344 2758 l.
1366 2734 1387 2757 1.
1407 2734 1430 2757 2.
1468 2731 1510 2756 111.
1531 2732 1596 2758 (7η.
1623 2731 1709 2767 Quive
1733 2732 1765 2758 de
1788 2733 1929 2769 provincia.

1095 2783 1153 2800 cum
1172 2774 1196 2800 ei
1214 2784 1366 2800 successum
1386 2778 1464 2805 esset,
1484 2783 1537 2800 nou
1556 2773 1686 2801 discessit.
1707 2774 1735 2803 fr.
1754 2777 1777 2800 2.
1797 2784 1835 2810 sq.
1856 2773 1887 2799 ad
1899 2772 1928 2800 L.

1094 2816 1141 2843 Iul.
1161 2818 1219 2843 mai.
1239 2818 1280 2844 48.
1294 2819 1318 2843 4.
1355 2816 1420 2844 Post
1438 2817 1603 2849 sententiam,
1624 2834 1654 2838 —
1674 2817 1854 2845 Procuratoris
1873 2825 1929 2853 par-

1415 2860 1488 2885 116*
