<?xml version="1.0" encoding="UTF-8"?>
<!DOCTYPE html PUBLIC "-//W3C//DTD XHTML 1.0 Transitional//EN"
    "http://www.w3.org/TR/xhtml1/DTD/xhtml1-transitional.dtd">
<html xmlns="http://www.w3.org/1999/xhtml" xml:lang="en" lang="en">
 <head>
  <title>
</title>
<meta http-equiv="Content-Type" content="text/html;charset=utf-8" />
  <meta name='ocr-system' content='tesseract 3.04.00' />
  <meta name='ocr-capabilities' content='ocr_page ocr_carea ocr_par ocr_line ocrx_word'/>
</head>
<body>
  <div class='ocr_page' id='page_1' title='image "./manualelatinitat00dirk_0811.png"; bbox 0 0 2197 3121; ppageno 0'>
   <div class='ocr_carea' id='block_1_1' title="bbox 1014 179 1115 210">
    <p class='ocr_par' dir='ltr' id='par_1_1' title="bbox 1014 179 1115 210">
     <span class='ocr_line' id='line_1_1' title="bbox 1014 179 1115 210; baseline 0.02 -2"><span class='ocrx_word' id='word_1_1' title='bbox 1014 179 1115 210; x_wconf 82' lang='lat' dir='ltr'><strong>OUA.</strong></span> 
     </span>
    </p>
   </div>
   <div class='ocr_carea' id='block_1_2' title="bbox 1025 208 1042 220">
    <p class='ocr_par' dir='ltr' id='par_1_2' title="bbox 1025 208 1042 220">
     <span class='ocr_line' id='line_1_2' title="bbox 1025 208 1042 220; baseline 0 0"><span class='ocrx_word' id='word_1_2' title='bbox 1025 208 1042 220; x_wconf 57' lang='lat' dir='ltr'>L</span> 
     </span>
    </p>
   </div>
   <div class='ocr_carea' id='block_1_3' title="bbox 190 260 1039 770">
    <p class='ocr_par' dir='ltr' id='par_1_3' title="bbox 194 260 1039 597">
     <span class='ocr_line' id='line_1_3' title="bbox 195 260 1037 302; baseline -0.006 -11"><span class='ocrx_word' id='word_1_3' title='bbox 195 264 386 302; x_wconf 75' lang='lat' dir='ltr'><strong>praesidentes.</strong></span> <span class='ocrx_word' id='word_1_4' title='bbox 406 274 427 290; x_wconf 93' lang='lat' dir='ltr'>c.</span> <span class='ocrx_word' id='word_1_5' title='bbox 447 265 488 290; x_wconf 77' lang='lat'>32.</span> <span class='ocrx_word' id='word_1_6' title='bbox 508 273 547 301; x_wconf 88' lang='lat' dir='ltr'>pr.</span> <span class='ocrx_word' id='word_1_7' title='bbox 566 262 604 296; x_wconf 85' lang='lat'>55.</span> <span class='ocrx_word' id='word_1_8' title='bbox 622 263 647 288; x_wconf 85' lang='grc'>2.</span> <span class='ocrx_word' id='word_1_9' title='bbox 668 271 708 298; x_wconf 88' lang='lat' dir='ltr'>sq.</span> <span class='ocrx_word' id='word_1_10' title='bbox 729 271 750 287; x_wconf 87' lang='lat' dir='ltr'>c.</span> <span class='ocrx_word' id='word_1_11' title='bbox 763 263 805 288; x_wconf 81' lang='lat'>35.</span> <span class='ocrx_word' id='word_1_12' title='bbox 826 271 847 287; x_wconf 88' lang='lat' dir='ltr'>c.</span> <span class='ocrx_word' id='word_1_13' title='bbox 864 263 905 287; x_wconf 85' lang='lat'>37.</span> <span class='ocrx_word' id='word_1_14' title='bbox 926 260 958 287; x_wconf 83' lang='lat' dir='ltr'>de</span> <span class='ocrx_word' id='word_1_15' title='bbox 978 260 1037 298; x_wconf 86' lang='lat' dir='ltr'>adp.</span> 
     </span>
     <span class='ocr_line' id='line_1_4' title="bbox 195 303 1037 341; baseline -0.006 -7"><span class='ocrx_word' id='word_1_16' title='bbox 195 313 222 334; x_wconf 83' lang='lat' dir='ltr'>et</span> <span class='ocrx_word' id='word_1_17' title='bbox 241 307 354 334; x_wconf 81' lang='lat' dir='ltr'>consult.</span> <span class='ocrx_word' id='word_1_18' title='bbox 376 309 398 334; x_wconf 90' lang='lat'>7.</span> <span class='ocrx_word' id='word_1_19' title='bbox 418 308 459 333; x_wconf 85' lang='lat'>62.</span> <span class='ocrx_word' id='word_1_20' title='bbox 497 305 528 333; x_wconf 89' lang='lat' dir='ltr'>V.</span> <span class='ocrx_word' id='word_1_21' title='bbox 547 304 650 341; x_wconf 82' lang='lat' dir='ltr'>magnif.</span> <span class='ocrx_word' id='word_1_22' title='bbox 671 305 813 340; x_wconf 76' lang='lat' dir='ltr'>Quaestor,</span> <span class='ocrx_word' id='word_1_23' title='bbox 834 308 860 330; x_wconf 84' lang='lat' dir='ltr'>et</span> <span class='ocrx_word' id='word_1_24' title='bbox 878 303 934 330; x_wconf 91' lang='lat' dir='ltr'>VV.</span> <span class='ocrx_word' id='word_1_25' title='bbox 949 304 1037 341; x_wconf 88' lang='lat' dir='ltr'>Spect.</span> 
     </span>
     <span class='ocr_line' id='line_1_5' title="bbox 194 346 1038 387; baseline -0.006 -10"><span class='ocrx_word' id='word_1_26' title='bbox 194 351 311 387; x_wconf 80' lang='lat' dir='ltr'>magistri</span> <span class='ocrx_word' id='word_1_27' title='bbox 332 351 497 376; x_wconf 80' lang='lat' dir='ltr'>scriniorum.</span> <span class='ocrx_word' id='word_1_28' title='bbox 517 359 536 374; x_wconf 87' lang='lat' dir='ltr'>c.</span> <span class='ocrx_word' id='word_1_29' title='bbox 559 350 581 374; x_wconf 89' lang='lat'>7.</span> <span class='ocrx_word' id='word_1_30' title='bbox 601 358 640 384; x_wconf 88' lang='lat' dir='ltr'>pr.</span> <span class='ocrx_word' id='word_1_31' title='bbox 661 347 693 373; x_wconf 88' lang='lat' dir='ltr'>de</span> <span class='ocrx_word' id='word_1_32' title='bbox 713 347 764 374; x_wconf 90' lang='lat' dir='ltr'>div.</span> <span class='ocrx_word' id='word_1_33' title='bbox 785 357 865 373; x_wconf 83' lang='lat' dir='ltr'>rescr.</span> <span class='ocrx_word' id='word_1_34' title='bbox 883 348 903 373; x_wconf 94' lang='grc'>1.</span> <span class='ocrx_word' id='word_1_35' title='bbox 917 348 959 372; x_wconf 78' lang='grc'>23.</span> <span class='ocrx_word' id='word_1_36' title='bbox 991 346 1038 373; x_wconf 85' lang='lat' dir='ltr'>Sin</span> 
     </span>
     <span class='ocr_line' id='line_1_6' title="bbox 195 389 1039 428; baseline -0.006 -8"><span class='ocrx_word' id='word_1_37' title='bbox 195 398 280 420; x_wconf 87' lang='lat' dir='ltr'>autem</span> <span class='ocrx_word' id='word_1_38' title='bbox 301 393 352 428; x_wconf 90' lang='lat' dir='ltr'>Qu.</span> <span class='ocrx_word' id='word_1_39' title='bbox 377 391 478 428; x_wconf 78' lang='lat' dir='ltr'>magnif.</span> <span class='ocrx_word' id='word_1_40' title='bbox 499 390 550 417; x_wconf 86' lang='lat' dir='ltr'>tale</span> <span class='ocrx_word' id='word_1_41' title='bbox 570 391 727 427; x_wconf 86' lang='lat' dir='ltr'>rescriptum</span> <span class='ocrx_word' id='word_1_42' title='bbox 748 389 898 420; x_wconf 71' lang='lat' dir='ltr'>dictaverit,</span> <span class='ocrx_word' id='word_1_43' title='bbox 922 389 964 416; x_wconf 79' lang='lat' dir='ltr'>vel</span> <span class='ocrx_word' id='word_1_44' title='bbox 984 399 1039 415; x_wconf 80' lang='lat' dir='ltr'>cae-</span> 
     </span>
     <span class='ocr_line' id='line_1_7' title="bbox 194 431 1037 472; baseline -0.006 -10"><span class='ocrx_word' id='word_1_45' title='bbox 194 437 245 462; x_wconf 85' lang='lat' dir='ltr'>teri</span> <span class='ocrx_word' id='word_1_46' title='bbox 258 437 424 472; x_wconf 68' lang='lat' dir='ltr'>magistratus</span> <span class='ocrx_word' id='word_1_47' title='bbox 439 435 627 466; x_wconf 77' lang='lat' dir='ltr'>intimationem</span> <span class='ocrx_word' id='word_1_48' title='bbox 642 449 673 452; x_wconf 97' lang='lat'><strong>—</strong></span> <span class='ocrx_word' id='word_1_49' title='bbox 688 433 843 469; x_wconf 71' lang='lat' dir='ltr'>receperint.</span> <span class='ocrx_word' id='word_1_50' title='bbox 863 431 909 458; x_wconf 89' lang='lat' dir='ltr'>Iul.</span> <span class='ocrx_word' id='word_1_51' title='bbox 925 442 963 469; x_wconf 82' lang='lat' dir='ltr'>ep.</span> <span class='ocrx_word' id='word_1_52' title='bbox 978 442 1037 458; x_wconf 91' lang='lat' dir='ltr'>nov.</span> 
     </span>
     <span class='ocr_line' id='line_1_8' title="bbox 195 474 1038 511; baseline -0.007 -6"><span class='ocrx_word' id='word_1_53' title='bbox 195 489 217 505; x_wconf 88' lang='lat' dir='ltr'>c.</span> <span class='ocrx_word' id='word_1_54' title='bbox 237 481 260 505; x_wconf 92' lang='lat'>7.</span> <span class='ocrx_word' id='word_1_55' title='bbox 280 479 301 511; x_wconf 91' lang='lat'>5.</span> <span class='ocrx_word' id='word_1_56' title='bbox 322 481 363 504; x_wconf 81' lang='grc'>40.</span> <span class='ocrx_word' id='word_1_57' title='bbox 401 477 501 503; x_wconf 82' lang='lat' dir='ltr'><strong>Omnes</strong></span> <span class='ocrx_word' id='word_1_58' title='bbox 520 477 628 509; x_wconf 83' lang='lat' dir='ltr'>minoris</span> <span class='ocrx_word' id='word_1_59' title='bbox 649 475 768 502; x_wconf 80' lang='lat' dir='ltr'>laterculi</span> <span class='ocrx_word' id='word_1_60' title='bbox 791 474 944 510; x_wconf 64' lang='lat' dir='ltr'>dignitates,</span> <span class='ocrx_word' id='word_1_61' title='bbox 972 484 1038 510; x_wconf 83' lang='lat' dir='ltr'>quae</span> 
     </span>
     <span class='ocr_line' id='line_1_9' title="bbox 194 514 1036 555; baseline -0.007 -7"><span class='ocrx_word' id='word_1_62' title='bbox 194 522 243 548; x_wconf 91' lang='lat' dir='ltr'>sub</span> <span class='ocrx_word' id='word_1_63' title='bbox 264 532 324 548; x_wconf 84' lang='lat' dir='ltr'>cura</span> <span class='ocrx_word' id='word_1_64' title='bbox 342 535 375 539; x_wconf 84' lang='lat'>—-</span> <span class='ocrx_word' id='word_1_65' title='bbox 395 519 426 546; x_wconf 92' lang='lat' dir='ltr'>V.</span> <span class='ocrx_word' id='word_1_66' title='bbox 447 519 486 546; x_wconf 90' lang='lat' dir='ltr'>Ill.</span> <span class='ocrx_word' id='word_1_67' title='bbox 507 514 665 555; x_wconf 63' lang='lat' dir='ltr'>Quaes&#39;toris</span> <span class='ocrx_word' id='word_1_68' title='bbox 690 528 749 545; x_wconf 86' lang='lat' dir='ltr'>esse</span> <span class='ocrx_word' id='word_1_69' title='bbox 774 522 847 544; x_wconf 87' lang='lat' dir='ltr'>antea</span> <span class='ocrx_word' id='word_1_70' title='bbox 872 516 1036 543; x_wconf 77' lang='lat' dir='ltr'>videbantur.</span> 
     </span>
     <span class='ocr_line' id='line_1_10' title="bbox 195 562 712 597; baseline -0.006 -7"><span class='ocrx_word' id='word_1_71' title='bbox 195 563 245 590; x_wconf 86' lang='lat' dir='ltr'>Th.</span> <span class='ocrx_word' id='word_1_72' title='bbox 267 563 297 590; x_wconf 94' lang='lat' dir='ltr'>C.</span> <span class='ocrx_word' id='word_1_73' title='bbox 318 563 336 590; x_wconf 95' lang='lat' dir='ltr'>I.</span> <span class='ocrx_word' id='word_1_74' title='bbox 356 564 380 589; x_wconf 86' lang='lat'>8.</span> <span class='ocrx_word' id='word_1_75' title='bbox 401 574 422 589; x_wconf 93' lang='lat' dir='ltr'>c.</span> <span class='ocrx_word' id='word_1_76' title='bbox 442 564 466 589; x_wconf 88' lang='grc'>3.</span> <span class='ocrx_word' id='word_1_77' title='bbox 486 562 518 589; x_wconf 87' lang='lat' dir='ltr'>de</span> <span class='ocrx_word' id='word_1_78' title='bbox 538 563 581 589; x_wconf 77' lang='lat' dir='ltr'>off.</span> <span class='ocrx_word' id='word_1_79' title='bbox 602 562 712 597; x_wconf 89' lang='lat' dir='ltr'>Quaest.</span> 
     </span>
    </p>

    <p class='ocr_par' dir='ltr' id='par_1_4' title="bbox 190 604 1037 770">
     <span class='ocr_line' id='line_1_11' title="bbox 229 604 1037 638; baseline -0.007 -5"><span class='ocrx_word' id='word_1_80' title='bbox 229 606 490 637; x_wconf 64' lang='lat' dir='ltr'>Quaestorius.</span> <span class='ocrx_word' id='word_1_81' title='bbox 511 605 640 638; x_wconf 79' lang='lat' dir='ltr'>(Adiect.)</span> <span class='ocrx_word' id='word_1_82' title='bbox 660 605 691 638; x_wconf 63' lang='grc' dir='ltr'>ξ.</span> <span class='ocrx_word' id='word_1_83' title='bbox 706 605 740 630; x_wconf 79' lang='lat' dir='ltr'>l·</span> <span class='ocrx_word' id='word_1_84' title='bbox 761 605 808 629; x_wconf 74' lang='lat' dir='ltr'>Ad</span> <span class='ocrx_word' id='word_1_85' title='bbox 822 604 1037 635; x_wconf 72' lang='lat' dir='ltr'>Quaesturam</span> 
     </span>
     <span class='ocr_line' id='line_1_12' title="bbox 190 645 1037 684; baseline -0.006 -9"><span class='ocrx_word' id='word_1_86' title='bbox 190 651 369 683; x_wconf 78' lang='lat' dir='ltr'>pertinens.</span> <span class='ocrx_word' id='word_1_87' title='bbox 406 648 449 674; x_wconf 94' lang='lat' dir='ltr'><strong>III.</strong></span> <span class='ocrx_word' id='word_1_88' title='bbox 466 650 532 675; x_wconf 74' lang='lat' dir='ltr'>Gn.</span> <span class='ocrx_word' id='word_1_89' title='bbox 553 647 702 684; x_wconf 78' lang='lat' dir='ltr'>Insignibus</span> <span class='ocrx_word' id='word_1_90' title='bbox 721 646 885 682; x_wconf 78' lang='lat' dir='ltr'>quaestoriae</span> <span class='ocrx_word' id='word_1_91' title='bbox 904 645 1037 680; x_wconf 77' lang='lat' dir='ltr'>dignitatis</span> 
     </span>
     <span class='ocr_line' id='line_1_13' title="bbox 194 687 1036 724; baseline -0.005 -7"><span class='ocrx_word' id='word_1_92' title='bbox 194 696 310 718; x_wconf 88' lang='lat' dir='ltr'>ornatus.</span> <span class='ocrx_word' id='word_1_93' title='bbox 331 691 380 717; x_wconf 83' lang='lat' dir='ltr'>Th.</span> <span class='ocrx_word' id='word_1_94' title='bbox 401 690 432 717; x_wconf 90' lang='lat' dir='ltr'>C.</span> <span class='ocrx_word' id='word_1_95' title='bbox 453 691 471 717; x_wconf 97' lang='lat' dir='ltr'>I.</span> <span class='ocrx_word' id='word_1_96' title='bbox 494 693 515 716; x_wconf 92' lang='lat' dir='ltr'>l.</span> <span class='ocrx_word' id='word_1_97' title='bbox 537 701 557 717; x_wconf 88' lang='lat' dir='ltr'>e.</span> <span class='ocrx_word' id='word_1_98' title='bbox 578 692 601 716; x_wconf 85' lang='lat'>6.</span> <span class='ocrx_word' id='word_1_99' title='bbox 622 691 643 724; x_wconf 84' lang='lat'>5.</span> <span class='ocrx_word' id='word_1_100' title='bbox 662 692 685 715; x_wconf 85' lang='lat'>2.</span> <span class='ocrx_word' id='word_1_101' title='bbox 707 688 818 722; x_wconf 82' lang='lat' dir='ltr'><strong>(ch.)</strong></span> <span class='ocrx_word' id='word_1_102' title='bbox 839 687 871 714; x_wconf 87' lang='lat' dir='ltr'>de</span> <span class='ocrx_word' id='word_1_103' title='bbox 891 693 974 714; x_wconf 87' lang='lat' dir='ltr'>const.</span> <span class='ocrx_word' id='word_1_104' title='bbox 995 687 1036 714; x_wconf 90' lang='lat' dir='ltr'>Pr.</span> 
     </span>
     <span class='ocr_line' id='line_1_14' title="bbox 193 730 1036 770; baseline -0.005 -10"><span class='ocrx_word' id='word_1_105' title='bbox 193 733 247 760; x_wconf 76' lang='lat' dir='ltr'>Res</span> <span class='ocrx_word' id='word_1_106' title='bbox 267 735 424 770; x_wconf 79' lang='lat' dir='ltr'>quaestoria.</span> <span class='ocrx_word' id='word_1_107' title='bbox 463 734 539 770; x_wconf 85' lang='lat' dir='ltr'>Opus</span> <span class='ocrx_word' id='word_1_108' title='bbox 559 733 744 770; x_wconf 81' lang='lat' dir='ltr'>quaestorium.</span> <span class='ocrx_word' id='word_1_109' title='bbox 766 742 786 757; x_wconf 71' lang='lat' dir='ltr'>a.</span> <span class='ocrx_word' id='word_1_110' title='bbox 808 733 847 757; x_wconf 94' lang='lat'>15.</span> <span class='ocrx_word' id='word_1_111' title='bbox 868 731 900 757; x_wconf 87' lang='lat' dir='ltr'>de</span> <span class='ocrx_word' id='word_1_112' title='bbox 919 741 994 768; x_wconf 74' lang='lat' dir='ltr'>prox.</span> <span class='ocrx_word' id='word_1_113' title='bbox 1009 730 1036 757; x_wconf 90' lang='lat' dir='ltr'>S.</span> 
     </span>
    </p>
   </div>
   <div class='ocr_carea' id='block_1_4' title="bbox 193 773 1060 807">
    <p class='ocr_par' dir='ltr' id='par_1_5' title="bbox 193 773 1060 807">
     <span class='ocr_line' id='line_1_15' title="bbox 193 773 1060 807; baseline -0.005 -4"><span class='ocrx_word' id='word_1_114' title='bbox 193 778 272 803; x_wconf 88' lang='lat' dir='ltr'>scrin.</span> <span class='ocrx_word' id='word_1_115' title='bbox 294 779 333 803; x_wconf 96' lang='lat'>12.</span> <span class='ocrx_word' id='word_1_116' title='bbox 350 779 390 803; x_wconf 85' lang='lat'>19.</span> <span class='ocrx_word' id='word_1_117' title='bbox 411 776 478 802; x_wconf 58' lang='lat' dir='ltr'>Nor.</span> <span class='ocrx_word' id='word_1_118' title='bbox 500 778 557 802; x_wconf 83' lang='grc'>104.</span> <span class='ocrx_word' id='word_1_119' title='bbox 578 775 610 802; x_wconf 88' lang='lat' dir='ltr'>de</span> <span class='ocrx_word' id='word_1_120' title='bbox 628 775 712 801; x_wconf 88' lang='lat' dir='ltr'>Praet.</span> <span class='ocrx_word' id='word_1_121' title='bbox 733 773 805 800; x_wconf 79' lang='lat' dir='ltr'>Sieil.</span> <span class='ocrx_word' id='word_1_122' title='bbox 820 790 851 793; x_wconf 97' lang='lat'><strong>—</strong></span> <span class='ocrx_word' id='word_1_123' title='bbox 871 775 901 807; x_wconf 57' lang='grc' dir='ltr'>ᾖ.</span> <span class='ocrx_word' id='word_1_124' title='bbox 918 775 953 800; x_wconf 70' lang='grc'>2.</span> <span class='ocrx_word' id='word_1_125' title='bbox 976 776 1038 806; x_wconf 84' lang='lat' dir='ltr'>Qui</span> <span class='ocrx_word' id='word_1_126' title='bbox 1059 775 1060 785; x_wconf 67' lang='lat'>¹</span> 
     </span>
    </p>
   </div>
   <div class='ocr_carea' id='block_1_5' title="bbox 195 816 1036 855">
    <p class='ocr_par' dir='ltr' id='par_1_6' title="bbox 195 816 1036 855">
     <span class='ocr_line' id='line_1_16' title="bbox 195 816 1036 855; baseline -0.005 -9"><span class='ocrx_word' id='word_1_127' title='bbox 195 820 383 852; x_wconf 74' lang='lat' dir='ltr'>Quaestura</span> <span class='ocrx_word' id='word_1_128' title='bbox 397 821 537 855; x_wconf 75' lang='lat' dir='ltr'>functus</span> <span class='ocrx_word' id='word_1_129' title='bbox 557 825 610 844; x_wconf 77' lang='lat' dir='ltr'>est.</span> <span class='ocrx_word' id='word_1_130' title='bbox 638 817 681 844; x_wconf 89' lang='lat' dir='ltr'><strong>III.</strong></span> <span class='ocrx_word' id='word_1_131' title='bbox 696 818 762 844; x_wconf 75' lang='lat' dir='ltr'>Cn.</span> <span class='ocrx_word' id='word_1_132' title='bbox 780 816 839 843; x_wconf 79' lang='lat' dir='ltr'>Fuit</span> <span class='ocrx_word' id='word_1_133' title='bbox 852 817 1036 852; x_wconf 75' lang='lat' dir='ltr'>Quaestorius,</span> 
     </span>
    </p>
   </div>
   <div class='ocr_carea' id='block_1_6' title="bbox 192 858 1060 898">
    <p class='ocr_par' dir='ltr' id='par_1_7' title="bbox 192 858 1060 898">
     <span class='ocr_line' id='line_1_17' title="bbox 192 858 1060 898; baseline -0.005 -10"><span class='ocrx_word' id='word_1_134' title='bbox 192 872 241 888; x_wconf 89' lang='lat' dir='ltr'>nec</span> <span class='ocrx_word' id='word_1_135' title='bbox 264 861 331 888; x_wconf 88' lang='lat' dir='ltr'>ultra</span> <span class='ocrx_word' id='word_1_136' title='bbox 352 862 482 898; x_wconf 79' lang='lat' dir='ltr'>proficere</span> <span class='ocrx_word' id='word_1_137' title='bbox 505 861 596 887; x_wconf 89' lang='lat' dir='ltr'>voluit.</span> <span class='ocrx_word' id='word_1_138' title='bbox 621 860 651 886; x_wconf 85' lang='lat' dir='ltr'>fr.</span> <span class='ocrx_word' id='word_1_139' title='bbox 671 863 695 886; x_wconf 81' lang='lat'>2.</span> <span class='ocrx_word' id='word_1_140' title='bbox 720 860 741 893; x_wconf 90' lang='lat'>5.</span> <span class='ocrx_word' id='word_1_141' title='bbox 762 862 802 885; x_wconf 75' lang='lat'>45.</span> <span class='ocrx_word' id='word_1_142' title='bbox 823 859 855 885; x_wconf 79' lang='lat' dir='ltr'>de</span> <span class='ocrx_word' id='word_1_143' title='bbox 875 859 908 885; x_wconf 88' lang='lat' dir='ltr'>O.</span> <span class='ocrx_word' id='word_1_144' title='bbox 929 859 946 885; x_wconf 94' lang='lat'>1.</span> <span class='ocrx_word' id='word_1_145' title='bbox 969 861 992 885; x_wconf 91' lang='lat'>1.</span> <span class='ocrx_word' id='word_1_146' title='bbox 1010 862 1035 885; x_wconf 89' lang='lat'>2.</span> <span class='ocrx_word' id='word_1_147' title='bbox 1058 858 1060 882; x_wconf 64' lang='grc' dir='ltr'>ἒ</span> 
     </span>
    </p>
   </div>
   <div class='ocr_carea' id='block_1_7' title="bbox 193 903 1038 940">
    <p class='ocr_par' dir='ltr' id='par_1_8' title="bbox 193 903 1038 940">
     <span class='ocr_line' id='line_1_18' title="bbox 193 903 1038 940; baseline -0.004 -9"><span class='ocrx_word' id='word_1_148' title='bbox 193 903 230 930; x_wconf 78' lang='lat' dir='ltr'>Vt</span> <span class='ocrx_word' id='word_1_149' title='bbox 252 903 446 931; x_wconf 72' lang='lat' dir='ltr'>Praefectorius</span> <span class='ocrx_word' id='word_1_150' title='bbox 472 904 630 940; x_wconf 86' lang='lat' dir='ltr'>Quaestorio</span> <span class='ocrx_word' id='word_1_151' title='bbox 652 917 683 921; x_wconf 89' lang='lat'>—</span> <span class='ocrx_word' id='word_1_152' title='bbox 707 906 892 940; x_wconf 86' lang='lat' dir='ltr'>praeponatur.</span> <span class='ocrx_word' id='word_1_153' title='bbox 919 912 940 929; x_wconf 87' lang='lat' dir='ltr'>c.</span> <span class='ocrx_word' id='word_1_154' title='bbox 960 904 984 928; x_wconf 86' lang='lat'>2.</span> <span class='ocrx_word' id='word_1_155' title='bbox 1009 907 1038 928; x_wconf 88' lang='lat' dir='ltr'>ut</span> 
     </span>
    </p>
   </div>
   <div class='ocr_carea' id='block_1_8' title="bbox 193 946 521 983">
    <p class='ocr_par' dir='ltr' id='par_1_9' title="bbox 193 946 521 983">
     <span class='ocr_line' id='line_1_19' title="bbox 193 946 521 983; baseline 0 -10"><span class='ocrx_word' id='word_1_156' title='bbox 193 946 322 983; x_wconf 72' lang='lat' dir='ltr'>dignitati.</span> <span class='ocrx_word' id='word_1_157' title='bbox 343 947 417 973; x_wconf 89' lang='lat' dir='ltr'>ordo.</span> <span class='ocrx_word' id='word_1_158' title='bbox 438 949 477 973; x_wconf 92' lang='lat'>12.</span> <span class='ocrx_word' id='word_1_159' title='bbox 498 948 521 973; x_wconf 83' lang='lat'>8.</span> 
     </span>
    </p>
   </div>
   <div class='ocr_carea' id='block_1_9' title="bbox 192 987 1059 1112">
    <p class='ocr_par' dir='ltr' id='par_1_10' title="bbox 192 987 1059 1112">
     <span class='ocr_line' id='line_1_20' title="bbox 228 987 1059 1022; baseline -0.005 -5"><span class='ocrx_word' id='word_1_160' title='bbox 228 991 517 1022; x_wconf 65' lang='lat' dir='ltr'>Quaestum-ius.</span> <span class='ocrx_word' id='word_1_161' title='bbox 538 988 667 1021; x_wconf 74' lang='lat' dir='ltr'>(Adiect.)</span> <span class='ocrx_word' id='word_1_162' title='bbox 693 990 898 1015; x_wconf 81' lang='lat' dir='ltr'>Meritorius.</span> <span class='ocrx_word' id='word_1_163' title='bbox 935 987 953 1013; x_wconf 90' lang='lat'>1.</span> <span class='ocrx_word' id='word_1_164' title='bbox 975 988 1036 1021; x_wconf 75' lang='lat' dir='ltr'>Sy.</span> <span class='ocrx_word' id='word_1_165' title='bbox 1058 988 1059 992; x_wconf 77' lang='grc'>’</span> 
     </span>
     <span class='ocr_line' id='line_1_21' title="bbox 192 1031 1059 1068; baseline -0.005 -8"><span class='ocrx_word' id='word_1_166' title='bbox 192 1032 353 1065; x_wconf 78' lang='lat' dir='ltr'>Prostituta,</span> <span class='ocrx_word' id='word_1_167' title='bbox 372 1033 545 1068; x_wconf 83' lang='lat' dir='ltr'>Quaestuaria</span> <span class='ocrx_word' id='word_1_168' title='bbox 565 1031 674 1063; x_wconf 86' lang='lat' dir='ltr'>(habere.</span> <span class='ocrx_word' id='word_1_169' title='bbox 693 1032 841 1067; x_wconf 86' lang='lat' dir='ltr'>mancipia.)</span> <span class='ocrx_word' id='word_1_170' title='bbox 863 1031 891 1057; x_wconf 84' lang='lat' dir='ltr'>fr.</span> <span class='ocrx_word' id='word_1_171' title='bbox 912 1033 935 1057; x_wconf 86' lang='grc'>4.</span> <span class='ocrx_word' id='word_1_172' title='bbox 955 1031 991 1064; x_wconf 82' lang='lat'>55.</span> <span class='ocrx_word' id='word_1_173' title='bbox 1011 1032 1035 1056; x_wconf 78' lang='lat'>2.</span> <span class='ocrx_word' id='word_1_174' title='bbox 1058 1057 1059 1065; x_wconf 17' lang='grc' dir='ltr'>ἵ</span> 
     </span>
     <span class='ocr_line' id='line_1_22' title="bbox 192 1072 1059 1112; baseline -0.003 -10"><span class='ocrx_word' id='word_1_175' title='bbox 192 1085 232 1112; x_wconf 83' lang='lat' dir='ltr'>sq.</span> <span class='ocrx_word' id='word_1_176' title='bbox 254 1075 286 1101; x_wconf 88' lang='lat' dir='ltr'>de</span> <span class='ocrx_word' id='word_1_177' title='bbox 306 1076 330 1102; x_wconf 92' lang='lat' dir='ltr'>h.</span> <span class='ocrx_word' id='word_1_178' title='bbox 351 1086 393 1112; x_wconf 92' lang='lat' dir='ltr'>qu.</span> <span class='ocrx_word' id='word_1_179' title='bbox 413 1080 466 1102; x_wconf 85' lang='lat' dir='ltr'>not.</span> <span class='ocrx_word' id='word_1_180' title='bbox 487 1074 532 1100; x_wconf 78' lang='lat' dir='ltr'>inf.</span> <span class='ocrx_word' id='word_1_181' title='bbox 552 1076 575 1101; x_wconf 81' lang='lat'>3.</span> <span class='ocrx_word' id='word_1_182' title='bbox 595 1076 619 1100; x_wconf 91' lang='grc'>2.</span> <span class='ocrx_word' id='word_1_183' title='bbox 639 1074 670 1100; x_wconf 88' lang='lat' dir='ltr'>fr.</span> <span class='ocrx_word' id='word_1_184' title='bbox 690 1076 731 1100; x_wconf 83' lang='grc'>43.</span> <span class='ocrx_word' id='word_1_185' title='bbox 757 1074 792 1108; x_wconf 88' lang='lat'>55.</span> <span class='ocrx_word' id='word_1_186' title='bbox 814 1075 836 1100; x_wconf 79' lang='grc'>7.</span> <span class='ocrx_word' id='word_1_187' title='bbox 857 1076 880 1100; x_wconf 84' lang='grc'>9.</span> <span class='ocrx_word' id='word_1_188' title='bbox 901 1073 934 1100; x_wconf 86' lang='lat' dir='ltr'>de</span> <span class='ocrx_word' id='word_1_189' title='bbox 953 1073 984 1099; x_wconf 80' lang='lat' dir='ltr'>R.</span> <span class='ocrx_word' id='word_1_190' title='bbox 1003 1072 1035 1099; x_wconf 69' lang='lat' dir='ltr'>N.</span> <span class='ocrx_word' id='word_1_191' title='bbox 1058 1087 1059 1099; x_wconf 68' lang='lat' dir='ltr'>t</span> 
     </span>
    </p>
   </div>
   <div class='ocr_carea' id='block_1_10' title="bbox 189 1120 1035 1581">
    <p class='ocr_par' dir='ltr' id='par_1_11' title="bbox 191 1120 276 1145">
     <span class='ocr_line' id='line_1_23' title="bbox 191 1120 276 1145; baseline -0.012 0"><span class='ocrx_word' id='word_1_192' title='bbox 191 1120 233 1145; x_wconf 83' lang='grc'>23.</span> <span class='ocrx_word' id='word_1_193' title='bbox 252 1120 276 1144; x_wconf 83' lang='grc'>2.</span> 
     </span>
    </p>

    <p class='ocr_par' dir='ltr' id='par_1_12' title="bbox 191 1160 1035 1274">
     <span class='ocr_line' id='line_1_24' title="bbox 227 1160 1035 1193; baseline -0.002 -6"><span class='ocrx_word' id='word_1_194' title='bbox 227 1162 497 1193; x_wconf 64' lang='lat' dir='ltr'>Quaestuosus.</span> <span class='ocrx_word' id='word_1_195' title='bbox 536 1160 675 1193; x_wconf 77' lang='lat' dir='ltr'>(Adiect.)</span> <span class='ocrx_word' id='word_1_196' title='bbox 712 1161 895 1190; x_wconf 78' lang='lat' dir='ltr'>Lucrosus,</span> <span class='ocrx_word' id='word_1_197' title='bbox 920 1161 1035 1185; x_wconf 79' lang='lat' dir='ltr'>Ferax.</span> 
     </span>
     <span class='ocr_line' id='line_1_25' title="bbox 191 1202 1035 1240; baseline -0.004 -9"><span class='ocrx_word' id='word_1_198' title='bbox 191 1204 209 1230; x_wconf 94' lang='lat' dir='ltr'>I.</span> <span class='ocrx_word' id='word_1_199' title='bbox 222 1206 283 1239; x_wconf 76' lang='lat' dir='ltr'>sy.</span> <span class='ocrx_word' id='word_1_200' title='bbox 304 1204 393 1240; x_wconf 84' lang='lat' dir='ltr'>Opimi</span> <span class='ocrx_word' id='word_1_201' title='bbox 413 1213 442 1229; x_wconf 78' lang='lat' dir='ltr'>ac</span> <span class='ocrx_word' id='word_1_202' title='bbox 461 1203 571 1233; x_wconf 77' lang='lat' dir='ltr'>fertiles.</span> <span class='ocrx_word' id='word_1_203' title='bbox 586 1203 748 1238; x_wconf 87' lang='lat' dir='ltr'>Quaestuosi</span> <span class='ocrx_word' id='word_1_204' title='bbox 767 1202 913 1238; x_wconf 81' lang='lat' dir='ltr'>uberesque</span> <span class='ocrx_word' id='word_1_205' title='bbox 928 1202 1035 1235; x_wconf 76' lang='lat' dir='ltr'>(tundi.)</span> 
     </span>
     <span class='ocr_line' id='line_1_26' title="bbox 192 1245 726 1274; baseline -0.004 -1"><span class='ocrx_word' id='word_1_206' title='bbox 192 1246 242 1274; x_wconf 84' lang='lat' dir='ltr'>Th.</span> <span class='ocrx_word' id='word_1_207' title='bbox 262 1246 292 1273; x_wconf 93' lang='lat' dir='ltr'>C.</span> <span class='ocrx_word' id='word_1_208' title='bbox 312 1246 382 1273; x_wconf 85' lang='lat' dir='ltr'><strong>XIII.</strong></span> <span class='ocrx_word' id='word_1_209' title='bbox 404 1248 443 1272; x_wconf 93' lang='lat' dir='ltr'>ll.</span> <span class='ocrx_word' id='word_1_210' title='bbox 465 1256 485 1272; x_wconf 95' lang='lat' dir='ltr'>c.</span> <span class='ocrx_word' id='word_1_211' title='bbox 506 1247 530 1272; x_wconf 76' lang='lat'>8.</span> <span class='ocrx_word' id='word_1_212' title='bbox 551 1245 582 1272; x_wconf 88' lang='lat' dir='ltr'>de</span> <span class='ocrx_word' id='word_1_213' title='bbox 603 1247 726 1272; x_wconf 76' lang='lat' dir='ltr'>censitor.</span> 
     </span>
    </p>

    <p class='ocr_par' dir='ltr' id='par_1_13' title="bbox 190 1287 1035 1454">
     <span class='ocr_line' id='line_1_27' title="bbox 225 1287 1035 1321; baseline -0.002 -5"><span class='ocrx_word' id='word_1_214' title='bbox 225 1291 455 1321; x_wconf 66' lang='lat' dir='ltr'>Quaestura.</span> <span class='ocrx_word' id='word_1_215' title='bbox 502 1290 619 1315; x_wconf 79' lang='lat' dir='ltr'>Munus</span> <span class='ocrx_word' id='word_1_216' title='bbox 650 1290 855 1321; x_wconf 82' lang='lat' dir='ltr'>Quaestoris.</span> <span class='ocrx_word' id='word_1_217' title='bbox 901 1287 944 1313; x_wconf 88' lang='lat' dir='ltr'><strong>III.</strong></span> <span class='ocrx_word' id='word_1_218' title='bbox 969 1288 1035 1315; x_wconf 72' lang='lat' dir='ltr'>Cu·</span> 
     </span>
     <span class='ocr_line' id='line_1_28' title="bbox 190 1330 1035 1367; baseline -0.002 -9"><span class='ocrx_word' id='word_1_219' title='bbox 190 1331 342 1358; x_wconf 88' lang='lat' dir='ltr'>Calendarii</span> <span class='ocrx_word' id='word_1_220' title='bbox 366 1332 479 1363; x_wconf 85' lang='lat' dir='ltr'>curatio,</span> <span class='ocrx_word' id='word_1_221' title='bbox 504 1336 529 1357; x_wconf 83' lang='lat' dir='ltr'>et</span> <span class='ocrx_word' id='word_1_222' title='bbox 549 1331 698 1366; x_wconf 74' lang='lat' dir='ltr'>Quaestum</span> <span class='ocrx_word' id='word_1_223' title='bbox 718 1332 744 1357; x_wconf 86' lang='lat' dir='ltr'>in</span> <span class='ocrx_word' id='word_1_224' title='bbox 764 1330 850 1367; x_wconf 87' lang='lat' dir='ltr'>aliqua</span> <span class='ocrx_word' id='word_1_225' title='bbox 870 1331 983 1356; x_wconf 84' lang='lat' dir='ltr'>civitate.</span> <span class='ocrx_word' id='word_1_226' title='bbox 1006 1330 1035 1356; x_wconf 82' lang='lat' dir='ltr'>fr.</span> 
     </span>
     <span class='ocr_line' id='line_1_29' title="bbox 191 1373 1035 1409; baseline -0.002 -9"><span class='ocrx_word' id='word_1_227' title='bbox 191 1376 231 1400; x_wconf 81' lang='lat'>18.</span> <span class='ocrx_word' id='word_1_228' title='bbox 251 1375 273 1408; x_wconf 90' lang='lat'>5</span> <span class='ocrx_word' id='word_1_229' title='bbox 287 1377 311 1401; x_wconf 83' lang='lat'>2.</span> <span class='ocrx_word' id='word_1_230' title='bbox 332 1374 364 1401; x_wconf 62' lang='lat' dir='ltr'>d‘e</span> <span class='ocrx_word' id='word_1_231' title='bbox 384 1384 452 1400; x_wconf 90' lang='lat' dir='ltr'>mun.</span> <span class='ocrx_word' id='word_1_232' title='bbox 474 1379 499 1400; x_wconf 88' lang='lat' dir='ltr'>et</span> <span class='ocrx_word' id='word_1_233' title='bbox 512 1374 572 1400; x_wconf 88' lang='lat' dir='ltr'>hon.</span> <span class='ocrx_word' id='word_1_234' title='bbox 587 1376 629 1399; x_wconf 86' lang='lat'>50.</span> <span class='ocrx_word' id='word_1_235' title='bbox 642 1375 666 1400; x_wconf 87' lang='lat'>4.</span> <span class='ocrx_word' id='word_1_236' title='bbox 698 1374 925 1409; x_wconf 80' lang='lat' dir='ltr'>Ex-Quaesturae</span> <span class='ocrx_word' id='word_1_237' title='bbox 942 1373 1035 1399; x_wconf 87' lang='lat' dir='ltr'>honor.</span> 
     </span>
     <span class='ocr_line' id='line_1_30' title="bbox 190 1416 874 1454; baseline -0.003 -10"><span class='ocrx_word' id='word_1_238' title='bbox 190 1417 240 1444; x_wconf 89' lang='grc' dir='ltr'>Τ1ι.</span> <span class='ocrx_word' id='word_1_239' title='bbox 260 1416 290 1444; x_wconf 91' lang='lat' dir='ltr'>C.</span> <span class='ocrx_word' id='word_1_240' title='bbox 311 1417 355 1443; x_wconf 86' lang='lat' dir='ltr'>Vl.</span> <span class='ocrx_word' id='word_1_241' title='bbox 375 1418 398 1443; x_wconf 88' lang='grc'>9.</span> <span class='ocrx_word' id='word_1_242' title='bbox 420 1427 440 1443; x_wconf 87' lang='lat' dir='ltr'>e.</span> <span class='ocrx_word' id='word_1_243' title='bbox 460 1419 484 1443; x_wconf 90' lang='lat'>2.</span> <span class='ocrx_word' id='word_1_244' title='bbox 505 1427 543 1454; x_wconf 89' lang='lat' dir='ltr'>pr.</span> <span class='ocrx_word' id='word_1_245' title='bbox 563 1417 596 1443; x_wconf 85' lang='lat' dir='ltr'>de</span> <span class='ocrx_word' id='word_1_246' title='bbox 616 1417 725 1452; x_wconf 85' lang='lat' dir='ltr'>Quaest.</span> <span class='ocrx_word' id='word_1_247' title='bbox 745 1416 810 1452; x_wconf 76' lang='lat' dir='ltr'>Mag.</span> <span class='ocrx_word' id='word_1_248' title='bbox 831 1417 874 1442; x_wconf 76' lang='lat' dir='ltr'><strong>off.</strong></span> 
     </span>
    </p>

    <p class='ocr_par' dir='ltr' id='par_1_14' title="bbox 189 1461 1035 1581">
     <span class='ocr_line' id='line_1_31' title="bbox 224 1461 1035 1495; baseline -0.002 -8"><span class='ocrx_word' id='word_1_249' title='bbox 224 1462 426 1492; x_wconf 66' lang='lat' dir='ltr'>Quaestus.</span> <span class='ocrx_word' id='word_1_250' title='bbox 446 1461 524 1494; x_wconf 71' lang='lat'><strong>§.10</strong></span> <span class='ocrx_word' id='word_1_251' title='bbox 540 1461 747 1487; x_wconf 80' lang='lat' dir='ltr'>Mercenaria</span> <span class='ocrx_word' id='word_1_252' title='bbox 765 1461 940 1495; x_wconf 74' lang='lat' dir='ltr'>professio.</span> <span class='ocrx_word' id='word_1_253' title='bbox 963 1462 1035 1485; x_wconf 82' lang='lat' dir='ltr'>Stu-</span> 
     </span>
     <span class='ocr_line' id='line_1_32' title="bbox 189 1501 1035 1539; baseline -0.002 -9"><span class='ocrx_word' id='word_1_254' title='bbox 189 1505 274 1530; x_wconf 75' lang='lat' dir='ltr'>eliam</span> <span class='ocrx_word' id='word_1_255' title='bbox 294 1504 388 1529; x_wconf 84' lang='lat' dir='ltr'>lucri.</span> <span class='ocrx_word' id='word_1_256' title='bbox 426 1502 445 1529; x_wconf 90' lang='lat'>1.</span> <span class='ocrx_word' id='word_1_257' title='bbox 462 1504 524 1537; x_wconf 77' lang='lat' dir='ltr'>Sy.</span> <span class='ocrx_word' id='word_1_258' title='bbox 543 1502 703 1539; x_wconf 69' lang='lat' dir='ltr'>Negotiatio,</span> <span class='ocrx_word' id='word_1_259' title='bbox 723 1502 871 1538; x_wconf 70' lang='lat' dir='ltr'>Negotium.</span> <span class='ocrx_word' id='word_1_260' title='bbox 893 1502 934 1528; x_wconf 80' lang='lat' dir='ltr'>Cf.</span> <span class='ocrx_word' id='word_1_261' title='bbox 948 1512 971 1528; x_wconf 91' lang='lat' dir='ltr'>v.</span> <span class='ocrx_word' id='word_1_262' title='bbox 986 1501 1035 1529; x_wconf 78' lang='lat' dir='ltr'>Ne-</span> 
     </span>
     <span class='ocr_line' id='line_1_33' title="bbox 189 1545 1034 1581; baseline -0.001 -9"><span class='ocrx_word' id='word_1_263' title='bbox 189 1546 305 1580; x_wconf 61' lang='lat' dir='ltr'>gotiatio</span> <span class='ocrx_word' id='word_1_264' title='bbox 342 1545 422 1572; x_wconf 87' lang='lat' dir='ltr'>Artes</span> <span class='ocrx_word' id='word_1_265' title='bbox 442 1556 571 1572; x_wconf 83' lang='lat' dir='ltr'>exercere.</span> <span class='ocrx_word' id='word_1_266' title='bbox 604 1546 750 1581; x_wconf 75' lang='lat' dir='ltr'>Quaestum</span> <span class='ocrx_word' id='word_1_267' title='bbox 771 1545 863 1572; x_wconf 77' lang='lat' dir='ltr'>facere.</span> <span class='ocrx_word' id='word_1_268' title='bbox 891 1545 961 1571; x_wconf 86' lang='lat' dir='ltr'>Coll.</span> <span class='ocrx_word' id='word_1_269' title='bbox 981 1545 1034 1572; x_wconf 90' lang='lat' dir='ltr'>LL.</span> 
     </span>
    </p>
   </div>
   <div class='ocr_carea' id='block_1_11' title="bbox 138 1587 1035 1624">
    <p class='ocr_par' dir='ltr' id='par_1_15' title="bbox 138 1587 1035 1624">
     <span class='ocr_line' id='line_1_34' title="bbox 138 1587 1035 1624; baseline 0 -10"><span class='ocrx_word' id='word_1_270' title='bbox 138 1593 141 1596; x_wconf 66' lang='lat'><em>⁴</em></span> <span class='ocrx_word' id='word_1_271' title='bbox 189 1587 223 1614; x_wconf 83' lang='lat' dir='ltr'>M.</span> <span class='ocrx_word' id='word_1_272' title='bbox 241 1587 301 1615; x_wconf 87' lang='lat' dir='ltr'>XV.</span> <span class='ocrx_word' id='word_1_273' title='bbox 320 1590 344 1615; x_wconf 90' lang='grc'>2.</span> <span class='ocrx_word' id='word_1_274' title='bbox 382 1588 412 1615; x_wconf 89' lang='lat' dir='ltr'>II.</span> <span class='ocrx_word' id='word_1_275' title='bbox 431 1590 498 1622; x_wconf 76' lang='lat'><strong>011.</strong></span> <span class='ocrx_word' id='word_1_276' title='bbox 519 1589 662 1624; x_wconf 71' lang='lat' dir='ltr'>Quaestus.</span> <span class='ocrx_word' id='word_1_277' title='bbox 683 1604 713 1607; x_wconf 83' lang='lat'>—</span> <span class='ocrx_word' id='word_1_278' title='bbox 739 1587 853 1614; x_wconf 62' lang='lat' dir='ltr'>vinulis</span> <span class='ocrx_word' id='word_1_279' title='bbox 873 1589 980 1621; x_wconf 72' lang='lat' dir='ltr'>(causa.</span> <span class='ocrx_word' id='word_1_280' title='bbox 1002 1588 1035 1614; x_wconf 78' lang='lat' dir='ltr'>sa-</span> 
     </span>
    </p>
   </div>
   <div class='ocr_carea' id='block_1_12' title="bbox 189 1630 1035 1839">
    <p class='ocr_par' dir='ltr' id='par_1_16' title="bbox 189 1630 1035 1839">
     <span class='ocr_line' id='line_1_35' title="bbox 190 1630 1034 1669; baseline 0 -12"><span class='ocrx_word' id='word_1_281' title='bbox 190 1633 269 1663; x_wconf 86' lang='lat' dir='ltr'>cere.)</span> <span class='ocrx_word' id='word_1_282' title='bbox 290 1630 320 1657; x_wconf 84' lang='lat' dir='ltr'>fr.</span> <span class='ocrx_word' id='word_1_283' title='bbox 340 1633 363 1657; x_wconf 94' lang='lat'>1.</span> <span class='ocrx_word' id='word_1_284' title='bbox 384 1632 404 1664; x_wconf 91' lang='lat'>5.</span> <span class='ocrx_word' id='word_1_285' title='bbox 419 1633 443 1657; x_wconf 89' lang='lat'>6.</span> <span class='ocrx_word' id='word_1_286' title='bbox 463 1631 495 1658; x_wconf 82' lang='lat' dir='ltr'>de</span> <span class='ocrx_word' id='word_1_287' title='bbox 514 1631 613 1669; x_wconf 84' lang='lat' dir='ltr'>postul.</span> <span class='ocrx_word' id='word_1_288' title='bbox 626 1633 651 1657; x_wconf 93' lang='lat'>3.</span> <span class='ocrx_word' id='word_1_289' title='bbox 668 1633 688 1657; x_wconf 95' lang='lat'>1.</span> <span class='ocrx_word' id='word_1_290' title='bbox 709 1631 738 1657; x_wconf 84' lang='lat' dir='ltr'>sr.</span> <span class='ocrx_word' id='word_1_291' title='bbox 756 1633 776 1657; x_wconf 93' lang='lat'>1.</span> <span class='ocrx_word' id='word_1_292' title='bbox 797 1631 827 1657; x_wconf 86' lang='lat' dir='ltr'>l&#39;r.</span> <span class='ocrx_word' id='word_1_293' title='bbox 841 1633 865 1658; x_wconf 85' lang='lat'>2.</span> <span class='ocrx_word' id='word_1_294' title='bbox 885 1631 906 1664; x_wconf 88' lang='lat'>5.</span> <span class='ocrx_word' id='word_1_295' title='bbox 921 1633 944 1658; x_wconf 87' lang='lat'>5.</span> <span class='ocrx_word' id='word_1_296' title='bbox 965 1630 994 1657; x_wconf 91' lang='lat' dir='ltr'>fr.</span> <span class='ocrx_word' id='word_1_297' title='bbox 1008 1633 1034 1657; x_wconf 87' lang='lat'>3.</span> 
     </span>
     <span class='ocr_line' id='line_1_36' title="bbox 190 1673 1034 1711; baseline 0.001 -12"><span class='ocrx_word' id='word_1_298' title='bbox 190 1683 230 1709; x_wconf 88' lang='lat' dir='ltr'>sq.</span> <span class='ocrx_word' id='word_1_299' title='bbox 250 1673 282 1699; x_wconf 90' lang='lat' dir='ltr'>de</span> <span class='ocrx_word' id='word_1_300' title='bbox 302 1673 326 1699; x_wconf 91' lang='lat' dir='ltr'>h.</span> <span class='ocrx_word' id='word_1_301' title='bbox 348 1684 390 1710; x_wconf 91' lang='lat' dir='ltr'>qu.</span> <span class='ocrx_word' id='word_1_302' title='bbox 410 1679 463 1700; x_wconf 86' lang='lat' dir='ltr'>not.</span> <span class='ocrx_word' id='word_1_303' title='bbox 484 1674 529 1701; x_wconf 83' lang='lat' dir='ltr'>inf.</span> <span class='ocrx_word' id='word_1_304' title='bbox 548 1677 573 1701; x_wconf 87' lang='grc'>3.</span> <span class='ocrx_word' id='word_1_305' title='bbox 591 1677 616 1700; x_wconf 84' lang='grc'>2.</span> <span class='ocrx_word' id='word_1_306' title='bbox 653 1673 696 1700; x_wconf 92' lang='lat' dir='ltr'><strong>llI.</strong></span> <span class='ocrx_word' id='word_1_307' title='bbox 718 1675 784 1701; x_wconf 74' lang='lat' dir='ltr'>Cn.</span> <span class='ocrx_word' id='word_1_308' title='bbox 804 1674 833 1700; x_wconf 91' lang='lat' dir='ltr'>Si</span> <span class='ocrx_word' id='word_1_309' title='bbox 854 1690 885 1693; x_wconf 98' lang='lat'><strong>—</strong></span> <span class='ocrx_word' id='word_1_310' title='bbox 905 1675 1034 1711; x_wconf 82' lang='lat' dir='ltr'>mancipia</span> 
     </span>
     <span class='ocr_line' id='line_1_37' title="bbox 189 1715 1035 1753; baseline 0.001 -11"><span class='ocrx_word' id='word_1_311' title='bbox 189 1715 251 1742; x_wconf 84' lang='lat' dir='ltr'>talia</span> <span class='ocrx_word' id='word_1_312' title='bbox 270 1715 361 1742; x_wconf 86' lang='lat' dir='ltr'>habuit</span> <span class='ocrx_word' id='word_1_313' title='bbox 380 1718 567 1748; x_wconf 77' lang='lat' dir='ltr'>ministrantia,</span> <span class='ocrx_word' id='word_1_314' title='bbox 591 1722 617 1743; x_wconf 84' lang='lat' dir='ltr'>et</span> <span class='ocrx_word' id='word_1_315' title='bbox 642 1718 781 1743; x_wconf 76' lang='lat' dir='ltr'>occasione</span> <span class='ocrx_word' id='word_1_316' title='bbox 800 1718 938 1743; x_wconf 87' lang='lat' dir='ltr'>ministerii</span> <span class='ocrx_word' id='word_1_317' title='bbox 957 1727 1035 1753; x_wconf 83' lang='lat' dir='ltr'>quae—</span> 
     </span>
     <span class='ocr_line' id='line_1_38' title="bbox 190 1758 1033 1795; baseline 0.002 -11"><span class='ocrx_word' id='word_1_318' title='bbox 190 1763 259 1785; x_wconf 84' lang='lat' dir='ltr'>stum</span> <span class='ocrx_word' id='word_1_319' title='bbox 278 1758 406 1785; x_wconf 81' lang='lat' dir='ltr'>facientia.</span> <span class='ocrx_word' id='word_1_320' title='bbox 427 1759 456 1786; x_wconf 82' lang='lat' dir='ltr'>fr.</span> <span class='ocrx_word' id='word_1_321' title='bbox 471 1762 495 1786; x_wconf 88' lang='lat'>4.</span> <span class='ocrx_word' id='word_1_322' title='bbox 515 1762 536 1794; x_wconf 88' lang='lat'>5.</span> <span class='ocrx_word' id='word_1_323' title='bbox 551 1763 575 1787; x_wconf 92' lang='lat'>2.</span> <span class='ocrx_word' id='word_1_324' title='bbox 597 1760 630 1786; x_wconf 90' lang='lat' dir='ltr'>ib.</span> <span class='ocrx_word' id='word_1_325' title='bbox 645 1762 668 1786; x_wconf 88' lang='lat'>3.</span> <span class='ocrx_word' id='word_1_326' title='bbox 683 1762 707 1785; x_wconf 82' lang='lat'>2.</span> <span class='ocrx_word' id='word_1_327' title='bbox 745 1760 820 1795; x_wconf 90' lang='lat' dir='ltr'>Quae</span> <span class='ocrx_word' id='word_1_328' title='bbox 834 1762 883 1792; x_wconf 84' lang='lat' dir='ltr'>(sc.</span> <span class='ocrx_word' id='word_1_329' title='bbox 897 1760 1033 1791; x_wconf 83' lang='lat' dir='ltr'>mulieres)</span> 
     </span>
     <span class='ocr_line' id='line_1_39' title="bbox 189 1802 1033 1839; baseline 0.001 -12"><span class='ocrx_word' id='word_1_330' title='bbox 189 1802 302 1838; x_wconf 85' lang='lat' dir='ltr'>turpiter</span> <span class='ocrx_word' id='word_1_331' title='bbox 320 1803 453 1835; x_wconf 81' lang='lat' dir='ltr'>viverent,</span> <span class='ocrx_word' id='word_1_332' title='bbox 472 1802 603 1839; x_wconf 80' lang='lat' dir='ltr'>vulgoque</span> <span class='ocrx_word' id='word_1_333' title='bbox 623 1808 760 1839; x_wconf 84' lang='lat' dir='ltr'>quaestum</span> <span class='ocrx_word' id='word_1_334' title='bbox 781 1803 908 1834; x_wconf 75' lang='lat' dir='ltr'>facerent,</span> <span class='ocrx_word' id='word_1_335' title='bbox 932 1804 1033 1828; x_wconf 86' lang='lat' dir='ltr'>etiamsi</span> 
     </span>
    </p>
   </div>
   <div class='ocr_carea' id='block_1_13' title="bbox 189 1844 1055 1882">
    <p class='ocr_par' dir='ltr' id='par_1_17' title="bbox 189 1844 1055 1882">
     <span class='ocr_line' id='line_1_40' title="bbox 189 1844 1055 1882; baseline 0.002 -13"><span class='ocrx_word' id='word_1_336' title='bbox 189 1854 243 1870; x_wconf 88' lang='lat' dir='ltr'>nou</span> <span class='ocrx_word' id='word_1_337' title='bbox 261 1844 354 1881; x_wconf 83' lang='lat' dir='ltr'>palam.</span> <span class='ocrx_word' id='word_1_338' title='bbox 380 1845 408 1871; x_wconf 73' lang='grc' dir='ltr'>[ι’.</span> <span class='ocrx_word' id='word_1_339' title='bbox 429 1847 469 1871; x_wconf 87' lang='grc'>41.</span> <span class='ocrx_word' id='word_1_340' title='bbox 490 1856 529 1882; x_wconf 84' lang='lat' dir='ltr'>pr.</span> <span class='ocrx_word' id='word_1_341' title='bbox 551 1845 583 1872; x_wconf 86' lang='lat' dir='ltr'>de</span> <span class='ocrx_word' id='word_1_342' title='bbox 603 1845 633 1872; x_wconf 82' lang='lat' dir='ltr'>R.</span> <span class='ocrx_word' id='word_1_343' title='bbox 654 1845 685 1871; x_wconf 63' lang='lat' dir='ltr'>N.</span> <span class='ocrx_word' id='word_1_344' title='bbox 704 1847 746 1871; x_wconf 73' lang='lat'>23.</span> <span class='ocrx_word' id='word_1_345' title='bbox 765 1848 790 1871; x_wconf 84' lang='grc'>2.</span> <span class='ocrx_word' id='word_1_346' title='bbox 827 1845 951 1876; x_wconf 78' lang='lat' dir='ltr'>Insames,</span> <span class='ocrx_word' id='word_1_347' title='bbox 971 1850 996 1871; x_wconf 85' lang='lat' dir='ltr'>et</span> <span class='ocrx_word' id='word_1_348' title='bbox 1015 1846 1033 1871; x_wconf 88' lang='lat' dir='ltr'>ii</span> <span class='ocrx_word' id='word_1_349' title='bbox 1054 1875 1055 1881; x_wconf 25' lang='grc'>1</span> 
     </span>
    </p>
   </div>
   <div class='ocr_carea' id='block_1_14' title="bbox 189 1884 1922 1931">
    <p class='ocr_par' dir='ltr' id='par_1_18' title="bbox 189 1884 1922 1931">
     <span class='ocr_line' id='line_1_41' title="bbox 189 1884 1922 1931; baseline -0.001 -18"><span class='ocrx_word' id='word_1_350' title='bbox 189 1888 234 1923; x_wconf 91' lang='lat' dir='ltr'>qui</span> <span class='ocrx_word' id='word_1_351' title='bbox 254 1897 366 1924; x_wconf 88' lang='lat' dir='ltr'>corpore</span> <span class='ocrx_word' id='word_1_352' title='bbox 385 1893 522 1924; x_wconf 83' lang='lat' dir='ltr'>quaestum</span> <span class='ocrx_word' id='word_1_353' title='bbox 546 1888 651 1914; x_wconf 76' lang='lat' dir='ltr'>faciunt.</span> <span class='ocrx_word' id='word_1_354' title='bbox 676 1888 749 1914; x_wconf 82' lang='lat' dir='ltr'>Paul.</span> <span class='ocrx_word' id='word_1_355' title='bbox 769 1888 798 1914; x_wconf 93' lang='lat' dir='ltr'>II.</span> <span class='ocrx_word' id='word_1_356' title='bbox 818 1890 859 1914; x_wconf 82' lang='lat'>26.</span> <span class='ocrx_word' id='word_1_357' title='bbox 884 1889 906 1922; x_wconf 94' lang='lat'>5.</span> <span class='ocrx_word' id='word_1_358' title='bbox 926 1890 949 1914; x_wconf 90' lang='lat'>4.</span> <span class='ocrx_word' id='word_1_359' title='bbox 970 1887 1031 1924; x_wconf 60' lang='lat' dir='ltr'>t‘lp.</span> <span class='ocrx_word' id='word_1_360' title='bbox 1054 1884 1055 1931; x_wconf 36' lang='lat' dir='ltr'><strong>J</strong></span> <span class='ocrx_word' id='word_1_361' title='bbox 1077 1886 1179 1913; x_wconf 82' lang='lat' dir='ltr'>Modus.</span> <span class='ocrx_word' id='word_1_362' title='bbox 1199 1886 1271 1913; x_wconf 81' lang='lat' dir='ltr'>Paul.</span> <span class='ocrx_word' id='word_1_363' title='bbox 1291 1886 1322 1913; x_wconf 80' lang='lat' dir='ltr'>V.</span> <span class='ocrx_word' id='word_1_364' title='bbox 1343 1889 1366 1913; x_wconf 88' lang='lat'>4.</span> <span class='ocrx_word' id='word_1_365' title='bbox 1386 1888 1423 1921; x_wconf 89' lang='lat'>55.</span> <span class='ocrx_word' id='word_1_366' title='bbox 1439 1889 1460 1913; x_wconf 88' lang='lat'>7.</span> <span class='ocrx_word' id='word_1_367' title='bbox 1475 1897 1514 1924; x_wconf 82' lang='lat' dir='ltr'>sq.</span> <span class='ocrx_word' id='word_1_368' title='bbox 1534 1887 1583 1914; x_wconf 89' lang='lat' dir='ltr'>Th.</span> <span class='ocrx_word' id='word_1_369' title='bbox 1599 1887 1629 1914; x_wconf 87' lang='lat' dir='ltr'>C.</span> <span class='ocrx_word' id='word_1_370' title='bbox 1644 1888 1688 1914; x_wconf 80' lang='lat' dir='ltr'>lx.</span> <span class='ocrx_word' id='word_1_371' title='bbox 1703 1889 1744 1913; x_wconf 78' lang='grc'>40.</span> <span class='ocrx_word' id='word_1_372' title='bbox 1766 1897 1787 1912; x_wconf 87' lang='lat' dir='ltr'>c.</span> <span class='ocrx_word' id='word_1_373' title='bbox 1801 1888 1825 1912; x_wconf 80' lang='lat'>7.</span> <span class='ocrx_word' id='word_1_374' title='bbox 1845 1896 1865 1911; x_wconf 92' lang='lat' dir='ltr'>c.</span> <span class='ocrx_word' id='word_1_375' title='bbox 1883 1887 1922 1911; x_wconf 87' lang='lat'>10.</span> 
     </span>
    </p>
   </div>
   <div class='ocr_carea' id='block_1_15' title="bbox 189 1929 1033 2223">
    <p class='ocr_par' dir='ltr' id='par_1_19' title="bbox 189 1929 1033 2223">
     <span class='ocr_line' id='line_1_42' title="bbox 189 1929 1032 1968; baseline 0.002 -13"><span class='ocrx_word' id='word_1_376' title='bbox 189 1929 259 1956; x_wconf 84' lang='lat' dir='ltr'><strong>XIII.</strong></span> <span class='ocrx_word' id='word_1_377' title='bbox 275 1932 296 1956; x_wconf 95' lang='lat' dir='ltr'>l.</span> <span class='ocrx_word' id='word_1_378' title='bbox 329 1929 433 1965; x_wconf 88' lang='lat' dir='ltr'>Quibus</span> <span class='ocrx_word' id='word_1_379' title='bbox 452 1932 503 1963; x_wconf 87' lang='lat' dir='ltr'>(sc.</span> <span class='ocrx_word' id='word_1_380' title='bbox 517 1930 624 1963; x_wconf 88' lang='lat' dir='ltr'>diebus)</span> <span class='ocrx_word' id='word_1_381' title='bbox 644 1941 737 1968; x_wconf 83' lang='lat' dir='ltr'>operas</span> <span class='ocrx_word' id='word_1_382' title='bbox 757 1931 825 1962; x_wconf 78' lang='lat' dir='ltr'>edat,</span> <span class='ocrx_word' id='word_1_383' title='bbox 845 1933 909 1957; x_wconf 84' lang='lat' dir='ltr'>satis</span> <span class='ocrx_word' id='word_1_384' title='bbox 929 1937 1032 1968; x_wconf 83' lang='lat' dir='ltr'>tempus</span> 
     </span>
     <span class='ocr_line' id='line_1_43' title="bbox 189 1972 1032 2011; baseline 0.002 -13"><span class='ocrx_word' id='word_1_385' title='bbox 189 1972 222 1999; x_wconf 83' lang='lat' dir='ltr'>ad</span> <span class='ocrx_word' id='word_1_386' title='bbox 241 1977 377 2009; x_wconf 83' lang='lat' dir='ltr'>quaestum</span> <span class='ocrx_word' id='word_1_387' title='bbox 397 1973 551 2004; x_wconf 71' lang='lat' dir='ltr'>faciendum.</span> <span class='ocrx_word' id='word_1_388' title='bbox 570 1974 640 1999; x_wconf 90' lang='lat' dir='ltr'>unde</span> <span class='ocrx_word' id='word_1_389' title='bbox 659 1974 692 2000; x_wconf 86' lang='lat' dir='ltr'>ali</span> <span class='ocrx_word' id='word_1_390' title='bbox 712 1975 807 2011; x_wconf 74' lang='lat' dir='ltr'>possit,</span> <span class='ocrx_word' id='word_1_391' title='bbox 826 1974 928 2000; x_wconf 86' lang='lat' dir='ltr'>habeat.</span> <span class='ocrx_word' id='word_1_392' title='bbox 949 1974 978 2000; x_wconf 81' lang='lat' dir='ltr'>sr.</span> <span class='ocrx_word' id='word_1_393' title='bbox 993 1976 1032 2000; x_wconf 76' lang='lat'>19.</span> 
     </span>
     <span class='ocr_line' id='line_1_44' title="bbox 190 2015 1032 2054; baseline 0.001 -12"><span class='ocrx_word' id='word_1_394' title='bbox 190 2015 221 2042; x_wconf 69' lang='grc' dir='ltr'>[Γ.</span> <span class='ocrx_word' id='word_1_395' title='bbox 240 2018 281 2042; x_wconf 83' lang='grc'>50.</span> <span class='ocrx_word' id='word_1_396' title='bbox 301 2017 323 2049; x_wconf 91' lang='lat'>5.</span> <span class='ocrx_word' id='word_1_397' title='bbox 346 2018 367 2042; x_wconf 86' lang='grc' dir='ltr'>Ι.</span> <span class='ocrx_word' id='word_1_398' title='bbox 387 2015 419 2042; x_wconf 89' lang='lat' dir='ltr'>de</span> <span class='ocrx_word' id='word_1_399' title='bbox 439 2026 509 2053; x_wconf 86' lang='lat' dir='ltr'>oper.</span> <span class='ocrx_word' id='word_1_400' title='bbox 530 2016 616 2042; x_wconf 84' lang='lat' dir='ltr'>libert.</span> <span class='ocrx_word' id='word_1_401' title='bbox 635 2018 676 2042; x_wconf 63' lang='lat'>38.</span> <span class='ocrx_word' id='word_1_402' title='bbox 698 2019 720 2042; x_wconf 89' lang='lat'>1.</span> <span class='ocrx_word' id='word_1_403' title='bbox 758 2018 833 2052; x_wconf 87' lang='lat' dir='ltr'>Quos</span> <span class='ocrx_word' id='word_1_404' title='bbox 853 2018 878 2043; x_wconf 88' lang='lat' dir='ltr'>in</span> <span class='ocrx_word' id='word_1_405' title='bbox 898 2016 1032 2054; x_wconf 88' lang='lat' dir='ltr'>publicum</span> 
     </span>
     <span class='ocr_line' id='line_1_45' title="bbox 189 2059 1031 2095; baseline 0.002 -11"><span class='ocrx_word' id='word_1_406' title='bbox 189 2064 326 2095; x_wconf 84' lang='lat' dir='ltr'>quaestum</span> <span class='ocrx_word' id='word_1_407' title='bbox 346 2075 378 2078; x_wconf 97' lang='lat'><strong>—</strong></span> <span class='ocrx_word' id='word_1_408' title='bbox 397 2059 552 2085; x_wconf 84' lang='lat' dir='ltr'>mendicitas</span> <span class='ocrx_word' id='word_1_409' title='bbox 572 2060 683 2085; x_wconf 75' lang='lat' dir='ltr'>vocavit.</span> <span class='ocrx_word' id='word_1_410' title='bbox 705 2059 753 2085; x_wconf 92' lang='lat' dir='ltr'>Th.</span> <span class='ocrx_word' id='word_1_411' title='bbox 776 2059 806 2086; x_wconf 82' lang='lat' dir='ltr'>C.</span> <span class='ocrx_word' id='word_1_412' title='bbox 826 2059 896 2086; x_wconf 75' lang='lat' dir='ltr'><strong>XIV.</strong></span> <span class='ocrx_word' id='word_1_413' title='bbox 913 2062 951 2087; x_wconf 78' lang='grc'>18.</span> <span class='ocrx_word' id='word_1_414' title='bbox 972 2070 993 2086; x_wconf 90' lang='lat' dir='ltr'>c.</span> <span class='ocrx_word' id='word_1_415' title='bbox 1010 2062 1031 2086; x_wconf 91' lang='lat' dir='ltr'>l.</span> 
     </span>
     <span class='ocr_line' id='line_1_46' title="bbox 189 2101 1033 2140; baseline 0.002 -13"><span class='ocrx_word' id='word_1_416' title='bbox 189 2101 223 2127; x_wconf 87' lang='lat' dir='ltr'>de</span> <span class='ocrx_word' id='word_1_417' title='bbox 244 2101 355 2128; x_wconf 87' lang='lat' dir='ltr'>mendic.</span> <span class='ocrx_word' id='word_1_418' title='bbox 381 2112 405 2127; x_wconf 93' lang='lat' dir='ltr'>n.</span> <span class='ocrx_word' id='word_1_419' title='bbox 431 2101 509 2129; x_wconf 83' lang='lat' dir='ltr'>iuval.</span> <span class='ocrx_word' id='word_1_420' title='bbox 545 2101 758 2128; x_wconf 67' lang='lat' dir='ltr'>Numerariorum</span> <span class='ocrx_word' id='word_1_421' title='bbox 779 2118 808 2121; x_wconf 97' lang='lat'><strong>—</strong></span> <span class='ocrx_word' id='word_1_422' title='bbox 829 2113 937 2140; x_wconf 80' lang='lat' dir='ltr'>rapaces</span> <span class='ocrx_word' id='word_1_423' title='bbox 957 2113 1033 2139; x_wconf 85' lang='lat' dir='ltr'>quae-</span> 
     </span>
     <span class='ocr_line' id='line_1_47' title="bbox 190 2144 1031 2182; baseline 0.004 -13"><span class='ocrx_word' id='word_1_424' title='bbox 190 2148 255 2170; x_wconf 87' lang='lat' dir='ltr'>stus.</span> <span class='ocrx_word' id='word_1_425' title='bbox 277 2144 314 2170; x_wconf 92' lang='lat' dir='ltr'>Ib.</span> <span class='ocrx_word' id='word_1_426' title='bbox 335 2144 378 2170; x_wconf 83' lang='lat' dir='ltr'>Vl.</span> <span class='ocrx_word' id='word_1_427' title='bbox 398 2146 439 2171; x_wconf 81' lang='lat'>35.</span> <span class='ocrx_word' id='word_1_428' title='bbox 460 2155 481 2170; x_wconf 80' lang='lat' dir='ltr'>c.</span> <span class='ocrx_word' id='word_1_429' title='bbox 503 2146 542 2170; x_wconf 92' lang='lat'>11.</span> <span class='ocrx_word' id='word_1_430' title='bbox 562 2144 595 2171; x_wconf 87' lang='lat' dir='ltr'>de</span> <span class='ocrx_word' id='word_1_431' title='bbox 614 2146 680 2182; x_wconf 73' lang='lat' dir='ltr'>priv.</span> <span class='ocrx_word' id='word_1_432' title='bbox 701 2155 753 2171; x_wconf 89' lang='lat' dir='ltr'>eor.</span> <span class='ocrx_word' id='word_1_433' title='bbox 774 2155 815 2181; x_wconf 87' lang='lat' dir='ltr'>qu.</span> <span class='ocrx_word' id='word_1_434' title='bbox 835 2146 861 2171; x_wconf 92' lang='lat' dir='ltr'>in</span> <span class='ocrx_word' id='word_1_435' title='bbox 881 2145 908 2171; x_wconf 94' lang='lat' dir='ltr'>S.</span> <span class='ocrx_word' id='word_1_436' title='bbox 927 2145 978 2182; x_wconf 85' lang='lat' dir='ltr'>pal.</span> <span class='ocrx_word' id='word_1_437' title='bbox 999 2162 1031 2165; x_wconf 98' lang='lat'><strong>—</strong></span> 
     </span>
     <span class='ocr_line' id='line_1_48' title="bbox 190 2186 1030 2223; baseline 0.002 -10"><span class='ocrx_word' id='word_1_438' title='bbox 190 2186 222 2219; x_wconf 64' lang='grc' dir='ltr'>δ.</span> <span class='ocrx_word' id='word_1_439' title='bbox 242 2188 276 2213; x_wconf 71' lang='lat'>2.</span> <span class='ocrx_word' id='word_1_440' title='bbox 302 2189 546 2221; x_wconf 81' lang='lat' dir='ltr'>Compendium,</span> <span class='ocrx_word' id='word_1_441' title='bbox 573 2189 726 2220; x_wconf 77' lang='lat' dir='ltr'>Lucrum,</span> <span class='ocrx_word' id='word_1_442' title='bbox 746 2190 892 2215; x_wconf 79' lang='lat' dir='ltr'>Reditus.</span> <span class='ocrx_word' id='word_1_443' title='bbox 929 2188 947 2214; x_wconf 96' lang='lat' dir='ltr'>I.</span> <span class='ocrx_word' id='word_1_444' title='bbox 969 2190 1030 2223; x_wconf 77' lang='lat' dir='ltr'>Sy.</span> 
     </span>
    </p>
   </div>
   <div class='ocr_carea' id='block_1_16' title="bbox 190 2228 1054 2306">
    <p class='ocr_par' dir='ltr' id='par_1_20' title="bbox 190 2228 1054 2306">
     <span class='ocr_line' id='line_1_49' title="bbox 190 2228 1054 2267; baseline 0.005 -13"><span class='ocrx_word' id='word_1_445' title='bbox 190 2228 370 2255; x_wconf 81' lang='lat' dir='ltr'>Emolumenta</span> <span class='ocrx_word' id='word_1_446' title='bbox 390 2232 510 2262; x_wconf 87' lang='lat' dir='ltr'>(rerum.)</span> <span class='ocrx_word' id='word_1_447' title='bbox 530 2229 566 2255; x_wconf 93' lang='lat' dir='ltr'>lb.</span> <span class='ocrx_word' id='word_1_448' title='bbox 582 2229 625 2255; x_wconf 87' lang='lat' dir='ltr'>IV.</span> <span class='ocrx_word' id='word_1_449' title='bbox 640 2231 663 2256; x_wconf 86' lang='lat'>8.</span> <span class='ocrx_word' id='word_1_450' title='bbox 685 2241 705 2256; x_wconf 92' lang='lat' dir='ltr'>c.</span> <span class='ocrx_word' id='word_1_451' title='bbox 722 2232 744 2257; x_wconf 83' lang='lat'>6.</span> <span class='ocrx_word' id='word_1_452' title='bbox 765 2231 803 2264; x_wconf 87' lang='lat'>55.</span> <span class='ocrx_word' id='word_1_453' title='bbox 823 2233 846 2257; x_wconf 94' lang='lat'>5.</span> <span class='ocrx_word' id='word_1_454' title='bbox 866 2241 906 2267; x_wconf 88' lang='lat' dir='ltr'>sq.</span> <span class='ocrx_word' id='word_1_455' title='bbox 926 2231 1030 2264; x_wconf 78' lang='lat' dir='ltr'><strong>(ch.)</strong></span> <span class='ocrx_word' id='word_1_456' title='bbox 1052 2240 1054 2255; x_wconf 62' lang='grc' dir='ltr'>ἰ</span> 
     </span>
     <span class='ocr_line' id='line_1_50' title="bbox 191 2270 1054 2306; baseline 0.003 -9"><span class='ocrx_word' id='word_1_457' title='bbox 191 2270 223 2297; x_wconf 85' lang='lat' dir='ltr'>de</span> <span class='ocrx_word' id='word_1_458' title='bbox 242 2271 343 2298; x_wconf 85' lang='lat' dir='ltr'>liberali</span> <span class='ocrx_word' id='word_1_459' title='bbox 360 2282 380 2298; x_wconf 88' lang='lat' dir='ltr'>c.</span> <span class='ocrx_word' id='word_1_460' title='bbox 400 2272 520 2299; x_wconf 83' lang='lat' dir='ltr'>Reditns.</span> <span class='ocrx_word' id='word_1_461' title='bbox 541 2272 612 2298; x_wconf 83' lang='lat' dir='ltr'>Paul.</span> <span class='ocrx_word' id='word_1_462' title='bbox 636 2272 675 2299; x_wconf 91' lang='lat' dir='ltr'><strong>III.</strong></span> <span class='ocrx_word' id='word_1_463' title='bbox 690 2275 714 2299; x_wconf 83' lang='grc'>6.</span> <span class='ocrx_word' id='word_1_464' title='bbox 734 2273 771 2306; x_wconf 87' lang='lat'>55.</span> <span class='ocrx_word' id='word_1_465' title='bbox 785 2275 826 2299; x_wconf 82' lang='grc'>41.</span> <span class='ocrx_word' id='word_1_466' title='bbox 840 2276 882 2299; x_wconf 92' lang='grc'>45.</span> <span class='ocrx_word' id='word_1_467' title='bbox 910 2273 1030 2302; x_wconf 62' lang='lat'><strong>111011.</strong></span> <span class='ocrx_word' id='word_1_468' title='bbox 1052 2275 1054 2287; x_wconf 70' lang='lat'>³</span> 
     </span>
    </p>
   </div>
   <div class='ocr_carea' id='block_1_17' title="bbox 189 2314 1031 2354">
    <p class='ocr_par' dir='ltr' id='par_1_21' title="bbox 189 2314 1031 2354">
     <span class='ocr_line' id='line_1_51' title="bbox 189 2314 1031 2354; baseline 0.005 -15"><span class='ocrx_word' id='word_1_469' title='bbox 189 2314 224 2340; x_wconf 78' lang='lat' dir='ltr'>Et.</span> <span class='ocrx_word' id='word_1_470' title='bbox 243 2318 367 2349; x_wconf 80' lang='lat' dir='ltr'>quaestus</span> <span class='ocrx_word' id='word_1_471' title='bbox 387 2321 412 2341; x_wconf 88' lang='lat' dir='ltr'>et</span> <span class='ocrx_word' id='word_1_472' title='bbox 435 2315 501 2342; x_wconf 90' lang='lat' dir='ltr'>lucri</span> <span class='ocrx_word' id='word_1_473' title='bbox 527 2317 635 2348; x_wconf 83' lang='lat' dir='ltr'>(socii.)</span> <span class='ocrx_word' id='word_1_474' title='bbox 674 2318 809 2351; x_wconf 81' lang='lat' dir='ltr'>Quaestus</span> <span class='ocrx_word' id='word_1_475' title='bbox 833 2321 859 2342; x_wconf 81' lang='lat' dir='ltr'>et</span> <span class='ocrx_word' id='word_1_476' title='bbox 883 2317 1031 2354; x_wconf 79' lang='lat' dir='ltr'>compendii</span> 
     </span>
    </p>
   </div>
   <div class='ocr_carea' id='block_1_18' title="bbox 191 2399 1031 2437">
    <p class='ocr_par' dir='ltr' id='par_1_22' title="bbox 191 2399 1031 2437">
     <span class='ocr_line' id='line_1_52' title="bbox 191 2399 1031 2437; baseline 0.005 -12"><span class='ocrx_word' id='word_1_477' title='bbox 191 2399 223 2425; x_wconf 86' lang='lat' dir='ltr'>de</span> <span class='ocrx_word' id='word_1_478' title='bbox 242 2400 273 2425; x_wconf 89' lang='lat' dir='ltr'>A.</span> <span class='ocrx_word' id='word_1_479' title='bbox 293 2409 317 2425; x_wconf 86' lang='lat' dir='ltr'>v.</span> <span class='ocrx_word' id='word_1_480' title='bbox 339 2399 371 2425; x_wconf 88' lang='lat' dir='ltr'>O.</span> <span class='ocrx_word' id='word_1_481' title='bbox 391 2399 421 2426; x_wconf 89' lang='lat'>11.</span> <span class='ocrx_word' id='word_1_482' title='bbox 440 2402 480 2427; x_wconf 84' lang='lat'>29.</span> <span class='ocrx_word' id='word_1_483' title='bbox 500 2403 524 2427; x_wconf 79' lang='lat'>2.</span> <span class='ocrx_word' id='word_1_484' title='bbox 562 2401 667 2437; x_wconf 85' lang='lat' dir='ltr'>Quodsi</span> <span class='ocrx_word' id='word_1_485' title='bbox 691 2402 804 2437; x_wconf 85' lang='lat' dir='ltr'>patiatur</span> <span class='ocrx_word' id='word_1_486' title='bbox 824 2411 929 2428; x_wconf 78' lang='lat' dir='ltr'>uxorein</span> <span class='ocrx_word' id='word_1_487' title='bbox 949 2402 1031 2429; x_wconf 85' lang='lat' dir='ltr'>delin-</span> 
     </span>
    </p>
   </div>
   <div class='ocr_carea' id='block_1_19' title="bbox 190 2442 1054 2483">
    <p class='ocr_par' dir='ltr' id='par_1_23' title="bbox 190 2442 1054 2483">
     <span class='ocr_line' id='line_1_53' title="bbox 190 2442 1054 2483; baseline 0.006 -16"><span class='ocrx_word' id='word_1_488' title='bbox 190 2452 278 2478; x_wconf 79' lang='lat' dir='ltr'>quere.</span> <span class='ocrx_word' id='word_1_489' title='bbox 298 2452 350 2467; x_wconf 90' lang='lat' dir='ltr'>non</span> <span class='ocrx_word' id='word_1_490' title='bbox 370 2442 402 2467; x_wconf 87' lang='lat' dir='ltr'>ob</span> <span class='ocrx_word' id='word_1_491' title='bbox 422 2448 565 2478; x_wconf 82' lang='lat' dir='ltr'>quaestum,</span> <span class='ocrx_word' id='word_1_492' title='bbox 585 2444 633 2470; x_wconf 89' lang='lat' dir='ltr'>sed</span> <span class='ocrx_word' id='word_1_493' title='bbox 652 2444 848 2479; x_wconf 68' lang='lat' dir='ltr'>negligentiam,</span> <span class='ocrx_word' id='word_1_494' title='bbox 867 2445 909 2471; x_wconf 81' lang='lat' dir='ltr'>vel</span> <span class='ocrx_word' id='word_1_495' title='bbox 929 2445 1031 2483; x_wconf 88' lang='lat' dir='ltr'>culpam</span> <span class='ocrx_word' id='word_1_496' title='bbox 1052 2457 1054 2459; x_wconf 66' lang='grc'><strong><em>’</em></strong></span> 
     </span>
    </p>
   </div>
   <div class='ocr_carea' id='block_1_20' title="bbox 190 2484 1032 2606">
    <p class='ocr_par' dir='ltr' id='par_1_24' title="bbox 190 2484 1032 2606">
     <span class='ocr_line' id='line_1_54' title="bbox 191 2484 1032 2526; baseline 0.005 -16"><span class='ocrx_word' id='word_1_497' title='bbox 191 2489 238 2510; x_wconf 75' lang='lat' dir='ltr'>etc.</span> <span class='ocrx_word' id='word_1_498' title='bbox 266 2484 296 2511; x_wconf 82' lang='lat' dir='ltr'>fr.</span> <span class='ocrx_word' id='word_1_499' title='bbox 316 2486 358 2511; x_wconf 86' lang='grc'>29.</span> <span class='ocrx_word' id='word_1_500' title='bbox 384 2484 406 2518; x_wconf 78' lang='lat'>5</span> <span class='ocrx_word' id='word_1_501' title='bbox 426 2487 449 2510; x_wconf 78' lang='grc'>4.</span> <span class='ocrx_word' id='word_1_502' title='bbox 476 2485 507 2511; x_wconf 80' lang='lat' dir='ltr'>ad</span> <span class='ocrx_word' id='word_1_503' title='bbox 526 2485 555 2511; x_wconf 91' lang='lat' dir='ltr'>L.</span> <span class='ocrx_word' id='word_1_504' title='bbox 574 2486 620 2513; x_wconf 78' lang='lat' dir='ltr'>Iul.</span> <span class='ocrx_word' id='word_1_505' title='bbox 646 2487 678 2513; x_wconf 86' lang='lat' dir='ltr'>de</span> <span class='ocrx_word' id='word_1_506' title='bbox 702 2486 781 2513; x_wconf 90' lang='lat' dir='ltr'>adult.</span> <span class='ocrx_word' id='word_1_507' title='bbox 802 2489 843 2514; x_wconf 69' lang='grc'>48.</span> <span class='ocrx_word' id='word_1_508' title='bbox 862 2491 885 2514; x_wconf 85' lang='grc'>5.</span> <span class='ocrx_word' id='word_1_509' title='bbox 924 2488 952 2514; x_wconf 91' lang='lat' dir='ltr'>Si</span> <span class='ocrx_word' id='word_1_510' title='bbox 972 2499 1032 2526; x_wconf 82' lang='lat' dir='ltr'>pns-</span> 
     </span>
     <span class='ocr_line' id='line_1_55' title="bbox 190 2526 1030 2567; baseline 0.007 -15"><span class='ocrx_word' id='word_1_511' title='bbox 190 2537 282 2553; x_wconf 83' lang='lat' dir='ltr'>sessor</span> <span class='ocrx_word' id='word_1_512' title='bbox 304 2537 336 2553; x_wconf 84' lang='lat' dir='ltr'>ex</span> <span class='ocrx_word' id='word_1_513' title='bbox 355 2526 500 2553; x_wconf 85' lang='lat' dir='ltr'>hereditate</span> <span class='ocrx_word' id='word_1_514' title='bbox 524 2528 678 2556; x_wconf 85' lang='lat' dir='ltr'>inhonestos</span> <span class='ocrx_word' id='word_1_515' title='bbox 702 2529 823 2556; x_wconf 81' lang='lat' dir='ltr'>habuerit</span> <span class='ocrx_word' id='word_1_516' title='bbox 842 2535 975 2567; x_wconf 81' lang='lat' dir='ltr'>quaestus.</span> <span class='ocrx_word' id='word_1_517' title='bbox 1000 2531 1030 2558; x_wconf 84' lang='lat' dir='ltr'>fr.</span> 
     </span>
     <span class='ocr_line' id='line_1_56' title="bbox 192 2569 552 2606; baseline 0.003 -11"><span class='ocrx_word' id='word_1_518' title='bbox 192 2572 233 2595; x_wconf 83' lang='lat'>52.</span> <span class='ocrx_word' id='word_1_519' title='bbox 254 2570 286 2596; x_wconf 82' lang='lat' dir='ltr'>de</span> <span class='ocrx_word' id='word_1_520' title='bbox 306 2569 393 2596; x_wconf 82' lang='lat' dir='ltr'>liered.</span> <span class='ocrx_word' id='word_1_521' title='bbox 414 2575 466 2606; x_wconf 86' lang='lat' dir='ltr'>pet.</span> <span class='ocrx_word' id='word_1_522' title='bbox 486 2572 508 2595; x_wconf 91' lang='lat'>5.</span> <span class='ocrx_word' id='word_1_523' title='bbox 528 2572 552 2596; x_wconf 83' lang='lat'>3.</span> 
     </span>
    </p>
   </div>
   <div class='ocr_carea' id='block_1_21' title="bbox 226 2612 1917 2692">
    <p class='ocr_par' dir='ltr' id='par_1_25' title="bbox 226 2612 1917 2692">
     <span class='ocr_line' id='line_1_57' title="bbox 226 2612 1053 2650; baseline 0.006 -12"><span class='ocrx_word' id='word_1_524' title='bbox 226 2613 417 2644; x_wconf 64' lang='lat' dir='ltr'>Qualibet.</span> <span class='ocrx_word' id='word_1_525' title='bbox 455 2612 567 2645; x_wconf 74' lang='lat' dir='ltr'><strong>(Advb.)</strong></span> <span class='ocrx_word' id='word_1_526' title='bbox 604 2615 663 2640; x_wconf 87' lang='lat' dir='ltr'>Per</span> <span class='ocrx_word' id='word_1_527' title='bbox 681 2625 895 2650; x_wconf 79' lang='lat' dir='ltr'>quemcunque</span> <span class='ocrx_word' id='word_1_528' title='bbox 918 2619 1030 2643; x_wconf 82' lang='lat' dir='ltr'>locum.</span> <span class='ocrx_word' id='word_1_529' title='bbox 1052 2627 1053 2644; x_wconf 61' lang='lat'>2</span> 
     </span>
     <span class='ocr_line' id='line_1_58' title="bbox 1052 2653 1917 2692; baseline -0.002 -9"><span class='ocrx_word' id='word_1_530' title='bbox 1052 2653 1053 2670; x_wconf 60' lang='lat'><em>³</em></span> <span class='ocrx_word' id='word_1_531' title='bbox 1075 2658 1104 2684; x_wconf 77' lang='lat' dir='ltr'>t&#39;r.</span> <span class='ocrx_word' id='word_1_532' title='bbox 1125 2660 1166 2683; x_wconf 87' lang='lat'>42.</span> <span class='ocrx_word' id='word_1_533' title='bbox 1188 2657 1218 2683; x_wconf 71' lang='lat' dir='ltr'>ct&#39;.</span> <span class='ocrx_word' id='word_1_534' title='bbox 1239 2657 1325 2683; x_wconf 63' lang='lat'><strong>1&#39;1234.</strong></span> <span class='ocrx_word' id='word_1_535' title='bbox 1345 2657 1377 2683; x_wconf 86' lang='lat' dir='ltr'>de</span> <span class='ocrx_word' id='word_1_536' title='bbox 1396 2657 1427 2683; x_wconf 81' lang='lat' dir='ltr'>A.</span> <span class='ocrx_word' id='word_1_537' title='bbox 1446 2657 1475 2682; x_wconf 79' lang='lat' dir='ltr'>E.</span> <span class='ocrx_word' id='word_1_538' title='bbox 1492 2656 1521 2682; x_wconf 85' lang='lat' dir='ltr'>V.</span> <span class='ocrx_word' id='word_1_539' title='bbox 1544 2658 1583 2681; x_wconf 95' lang='lat'>19.</span> <span class='ocrx_word' id='word_1_540' title='bbox 1604 2657 1626 2681; x_wconf 95' lang='lat'>1.</span> <span class='ocrx_word' id='word_1_541' title='bbox 1664 2655 1765 2682; x_wconf 83' lang='lat' dir='ltr'>Primae</span> <span class='ocrx_word' id='word_1_542' title='bbox 1784 2655 1917 2692; x_wconf 78' lang='lat' dir='ltr'>qualitatis</span> 
     </span>
    </p>
   </div>
   <div class='ocr_carea' id='block_1_22' title="bbox 190 2655 1031 2865">
    <p class='ocr_par' dir='ltr' id='par_1_26' title="bbox 190 2655 1031 2769">
     <span class='ocr_line' id='line_1_59' title="bbox 190 2655 1031 2695; baseline 0.004 -13"><span class='ocrx_word' id='word_1_543' title='bbox 190 2655 234 2682; x_wconf 84' lang='grc' dir='ltr'>ΙΙΙ.</span> <span class='ocrx_word' id='word_1_544' title='bbox 249 2657 315 2683; x_wconf 73' lang='lat' dir='ltr'>Gn.</span> <span class='ocrx_word' id='word_1_545' title='bbox 336 2655 421 2690; x_wconf 83' lang='lat' dir='ltr'>Quem</span> <span class='ocrx_word' id='word_1_546' title='bbox 441 2657 490 2688; x_wconf 83' lang='lat' dir='ltr'>(sc.</span> <span class='ocrx_word' id='word_1_547' title='bbox 511 2656 607 2688; x_wconf 86' lang='lat' dir='ltr'>rivum)</span> <span class='ocrx_word' id='word_1_548' title='bbox 627 2658 711 2692; x_wconf 91' lang='lat' dir='ltr'>primo</span> <span class='ocrx_word' id='word_1_549' title='bbox 731 2658 847 2694; x_wconf 87' lang='lat' dir='ltr'>qualibet</span> <span class='ocrx_word' id='word_1_550' title='bbox 867 2658 910 2692; x_wconf 84' lang='lat' dir='ltr'>[al.</span> <span class='ocrx_word' id='word_1_551' title='bbox 932 2669 981 2695; x_wconf 87' lang='lat' dir='ltr'>qua</span> <span class='ocrx_word' id='word_1_552' title='bbox 1001 2659 1031 2685; x_wconf 92' lang='lat' dir='ltr'>li-</span> 
     </span>
     <span class='ocr_line' id='line_1_60' title="bbox 190 2697 1031 2735; baseline 0.004 -10"><span class='ocrx_word' id='word_1_553' title='bbox 190 2699 276 2732; x_wconf 86' lang='lat' dir='ltr'>beret]</span> <span class='ocrx_word' id='word_1_554' title='bbox 298 2698 393 2724; x_wconf 84' lang='lat' dir='ltr'>ducere</span> <span class='ocrx_word' id='word_1_555' title='bbox 411 2697 539 2730; x_wconf 73' lang='lat' dir='ltr'>licuisset,</span> <span class='ocrx_word' id='word_1_556' title='bbox 558 2703 729 2735; x_wconf 80' lang='lat' dir='ltr'>posteaquam</span> <span class='ocrx_word' id='word_1_557' title='bbox 741 2700 835 2727; x_wconf 87' lang='lat' dir='ltr'>ductus</span> <span class='ocrx_word' id='word_1_558' title='bbox 849 2706 928 2734; x_wconf 82' lang='lat' dir='ltr'>esset,</span> <span class='ocrx_word' id='word_1_559' title='bbox 948 2706 1031 2728; x_wconf 89' lang='lat' dir='ltr'>traus-</span> 
     </span>
     <span class='ocr_line' id='line_1_61' title="bbox 190 2740 776 2769; baseline 0.002 -1"><span class='ocrx_word' id='word_1_560' title='bbox 190 2742 258 2768; x_wconf 79' lang='lat' dir='ltr'>ferre</span> <span class='ocrx_word' id='word_1_561' title='bbox 278 2751 329 2767; x_wconf 91' lang='lat' dir='ltr'>non</span> <span class='ocrx_word' id='word_1_562' title='bbox 348 2740 436 2767; x_wconf 83' lang='lat' dir='ltr'>licere.</span> <span class='ocrx_word' id='word_1_563' title='bbox 456 2740 486 2767; x_wconf 81' lang='lat' dir='ltr'>fr.</span> <span class='ocrx_word' id='word_1_564' title='bbox 506 2743 530 2767; x_wconf 84' lang='lat'>9.</span> <span class='ocrx_word' id='word_1_565' title='bbox 551 2741 582 2767; x_wconf 90' lang='lat' dir='ltr'>de</span> <span class='ocrx_word' id='word_1_566' title='bbox 602 2742 690 2767; x_wconf 79' lang='lat' dir='ltr'>servit.</span> <span class='ocrx_word' id='word_1_567' title='bbox 710 2743 733 2767; x_wconf 81' lang='lat'>8.</span> <span class='ocrx_word' id='word_1_568' title='bbox 754 2745 776 2769; x_wconf 97' lang='lat'>1.</span> 
     </span>
    </p>

    <p class='ocr_par' dir='ltr' id='par_1_27' title="bbox 190 2783 1028 2865">
     <span class='ocr_line' id='line_1_62' title="bbox 226 2783 1027 2822; baseline 0.005 -12"><span class='ocrx_word' id='word_1_569' title='bbox 226 2784 370 2816; x_wconf 67' lang='lat' dir='ltr'>Qualis.</span> <span class='ocrx_word' id='word_1_570' title='bbox 391 2783 519 2817; x_wconf 85' lang='lat' dir='ltr'>(Adieet.)</span> <span class='ocrx_word' id='word_1_571' title='bbox 539 2785 570 2818; x_wconf 71' lang='lat'>§0</span> <span class='ocrx_word' id='word_1_572' title='bbox 583 2786 616 2810; x_wconf 92' lang='lat'>1.</span> <span class='ocrx_word' id='word_1_573' title='bbox 633 2785 835 2818; x_wconf 75' lang='lat' dir='ltr'>Cuiusmodi,</span> <span class='ocrx_word' id='word_1_574' title='bbox 856 2788 957 2813; x_wconf 80' lang='lat' dir='ltr'>Cuius</span> <span class='ocrx_word' id='word_1_575' title='bbox 974 2798 1027 2822; x_wconf 77' lang='lat' dir='ltr'>ge-</span> 
     </span>
     <span class='ocr_line' id='line_1_63' title="bbox 190 2826 1028 2865; baseline 0.006 -13"><span class='ocrx_word' id='word_1_576' title='bbox 190 2829 282 2854; x_wconf 79' lang='lat' dir='ltr'>neris.</span> <span class='ocrx_word' id='word_1_577' title='bbox 320 2826 338 2853; x_wconf 95' lang='lat' dir='ltr'>I.</span> <span class='ocrx_word' id='word_1_578' title='bbox 352 2827 414 2861; x_wconf 78' lang='lat' dir='ltr'>Sy·</span> <span class='ocrx_word' id='word_1_579' title='bbox 435 2826 495 2861; x_wconf 78' lang='lat' dir='ltr'>Quo</span> <span class='ocrx_word' id='word_1_580' title='bbox 514 2827 541 2853; x_wconf 88' lang='lat' dir='ltr'>in</span> <span class='ocrx_word' id='word_1_581' title='bbox 554 2836 662 2853; x_wconf 83' lang='lat' dir='ltr'>numero</span> <span class='ocrx_word' id='word_1_582' title='bbox 677 2826 820 2861; x_wconf 81' lang='lat' dir='ltr'>(habetur.)</span> <span class='ocrx_word' id='word_1_583' title='bbox 844 2828 932 2856; x_wconf 82' lang='lat' dir='ltr'>Velut.</span> <span class='ocrx_word' id='word_1_584' title='bbox 958 2830 1028 2865; x_wconf 84' lang='lat' dir='ltr'>Qua-</span> 
     </span>
    </p>
   </div>
   <div class='ocr_carea' id='block_1_23' title="bbox 1052 2471 1054 2486">
    <p class='ocr_par' dir='ltr' id='par_1_28' title="bbox 1052 2471 1054 2486">
     <span class='ocr_line' id='line_1_64' title="bbox 1052 2471 1054 2486; baseline 0 0"><span class='ocrx_word' id='word_1_585' title='bbox 1052 2471 1054 2486; x_wconf 80' lang='lat' dir='ltr'>t</span> 
     </span>
    </p>
   </div>
   <div class='ocr_carea' id='block_1_24' title="bbox 1052 2581 1054 2597">
    <p class='ocr_par' dir='ltr' id='par_1_29' title="bbox 1052 2581 1054 2597">
     <span class='ocr_line' id='line_1_65' title="bbox 1052 2581 1054 2597; baseline 0 0"><span class='ocrx_word' id='word_1_586' title='bbox 1052 2581 1054 2597; x_wconf 77' lang='lat' dir='ltr'>l</span> 
     </span>
    </p>
   </div>
   <div class='ocr_carea' id='block_1_25' title="bbox 1051 268 1063 2887">
    <p class='ocr_par' dir='ltr' id='par_1_30' title="bbox 1051 268 1063 2887">
     <span class='ocr_line' id='line_1_66' title="bbox 1051 268 1063 2887; baseline 0 0"><span class='ocrx_word' id='word_1_587' title='bbox 1051 268 1063 2887; x_wconf 95' lang='lat' dir='ltr'> </span> 
     </span>
    </p>
   </div>
   <div class='ocr_carea' id='block_1_26' title="bbox 1054 1972 1512 2008">
    <p class='ocr_par' dir='ltr' id='par_1_31' title="bbox 1054 1972 1512 2008">
     <span class='ocr_line' id='line_1_67' title="bbox 1054 1972 1512 2008; baseline 0.004 -10"><span class='ocrx_word' id='word_1_588' title='bbox 1054 1975 1055 1983; x_wconf 67' lang='lat'>¹</span> <span class='ocrx_word' id='word_1_589' title='bbox 1077 1972 1196 2008; x_wconf 62' lang='lat' dir='ltr'>dignitas.</span> <span class='ocrx_word' id='word_1_590' title='bbox 1228 1972 1300 1998; x_wconf 87' lang='lat' dir='ltr'>Paul.</span> <span class='ocrx_word' id='word_1_591' title='bbox 1321 1972 1352 1999; x_wconf 68' lang='lat' dir='ltr'>V.</span> <span class='ocrx_word' id='word_1_592' title='bbox 1378 1975 1417 1999; x_wconf 84' lang='lat'>15.</span> <span class='ocrx_word' id='word_1_593' title='bbox 1446 1974 1468 2007; x_wconf 89' lang='lat'>5.</span> <span class='ocrx_word' id='word_1_594' title='bbox 1490 1975 1512 2000; x_wconf 96' lang='lat' dir='ltr'>l.</span> 
     </span>
    </p>
   </div>
   <div class='ocr_carea' id='block_1_27' title="bbox 1868 181 1929 211">
    <p class='ocr_par' dir='ltr' id='par_1_32' title="bbox 1868 181 1929 211">
     <span class='ocr_line' id='line_1_68' title="bbox 1868 181 1929 211; baseline 0 0"><span class='ocrx_word' id='word_1_595' title='bbox 1868 181 1929 211; x_wconf 84' lang='lat'>797</span> 
     </span>
    </p>
   </div>
   <div class='ocr_carea' id='block_1_28' title="bbox 1082 260 1929 938">
    <p class='ocr_par' dir='ltr' id='par_1_33' title="bbox 1082 260 1929 938">
     <span class='ocr_line' id='line_1_69' title="bbox 1084 260 1929 299; baseline -0.001 -12"><span class='ocrx_word' id='word_1_596' title='bbox 1084 261 1117 287; x_wconf 92' lang='lat' dir='ltr'>lis</span> <span class='ocrx_word' id='word_1_597' title='bbox 1137 261 1220 293; x_wconf 88' lang='lat' dir='ltr'>(est.)</span> <span class='ocrx_word' id='word_1_598' title='bbox 1250 260 1306 288; x_wconf 85' lang='lat' dir='ltr'>Gai.</span> <span class='ocrx_word' id='word_1_599' title='bbox 1327 261 1345 288; x_wconf 96' lang='lat' dir='ltr'>I.</span> <span class='ocrx_word' id='word_1_600' title='bbox 1368 263 1424 288; x_wconf 89' lang='grc'>120.</span> <span class='ocrx_word' id='word_1_601' title='bbox 1456 262 1517 299; x_wconf 76' lang='lat' dir='ltr'>le.</span> <span class='ocrx_word' id='word_1_602' title='bbox 1538 261 1608 288; x_wconf 80' lang='lat' dir='ltr'><strong>XIX.</strong></span> <span class='ocrx_word' id='word_1_603' title='bbox 1631 263 1652 287; x_wconf 97' lang='lat' dir='ltr'>l.</span> <span class='ocrx_word' id='word_1_604' title='bbox 1678 260 1708 287; x_wconf 85' lang='lat' dir='ltr'>sr.</span> <span class='ocrx_word' id='word_1_605' title='bbox 1727 262 1786 286; x_wconf 81' lang='grc'>242.</span> <span class='ocrx_word' id='word_1_606' title='bbox 1811 261 1876 294; x_wconf 89' lang='lat'><strong>5.1.</strong></span> <span class='ocrx_word' id='word_1_607' title='bbox 1897 260 1929 287; x_wconf 83' lang='lat' dir='ltr'>de</span> 
     </span>
     <span class='ocr_line' id='line_1_70' title="bbox 1084 303 1928 340; baseline -0.001 -10"><span class='ocrx_word' id='word_1_608' title='bbox 1084 303 1115 330; x_wconf 80' lang='lat' dir='ltr'>V.</span> <span class='ocrx_word' id='word_1_609' title='bbox 1136 303 1163 330; x_wconf 92' lang='lat' dir='ltr'>S.</span> <span class='ocrx_word' id='word_1_610' title='bbox 1183 306 1224 330; x_wconf 87' lang='lat'>50.</span> <span class='ocrx_word' id='word_1_611' title='bbox 1246 305 1285 330; x_wconf 87' lang='grc'>16.</span> <span class='ocrx_word' id='word_1_612' title='bbox 1324 304 1418 340; x_wconf 85' lang='lat' dir='ltr'>Qualis</span> <span class='ocrx_word' id='word_1_613' title='bbox 1443 309 1522 331; x_wconf 83' lang='lat' dir='ltr'>esset.</span> <span class='ocrx_word' id='word_1_614' title='bbox 1554 304 1674 340; x_wconf 86' lang='lat' dir='ltr'>Qualiter</span> <span class='ocrx_word' id='word_1_615' title='bbox 1697 314 1725 330; x_wconf 86' lang='lat' dir='ltr'>se</span> <span class='ocrx_word' id='word_1_616' title='bbox 1749 303 1857 329; x_wconf 87' lang='lat' dir='ltr'>habens.</span> <span class='ocrx_word' id='word_1_617' title='bbox 1886 303 1928 330; x_wconf 72' lang='lat' dir='ltr'><strong>CI&#39;.</strong></span> 
     </span>
     <span class='ocr_line' id='line_1_71' title="bbox 1083 346 1929 384; baseline -0.001 -12"><span class='ocrx_word' id='word_1_618' title='bbox 1083 357 1106 372; x_wconf 89' lang='lat' dir='ltr'>v.</span> <span class='ocrx_word' id='word_1_619' title='bbox 1128 346 1256 382; x_wconf 83' lang='lat' dir='ltr'>Qualiter.</span> <span class='ocrx_word' id='word_1_620' title='bbox 1283 347 1303 380; x_wconf 92' lang='lat'>5.</span> <span class='ocrx_word' id='word_1_621' title='bbox 1324 349 1347 373; x_wconf 84' lang='grc'>2.</span> <span class='ocrx_word' id='word_1_622' title='bbox 1385 347 1428 374; x_wconf 92' lang='lat' dir='ltr'><strong>III.</strong></span> <span class='ocrx_word' id='word_1_623' title='bbox 1448 349 1513 375; x_wconf 62' lang='lat'><strong>(711.</strong></span> <span class='ocrx_word' id='word_1_624' title='bbox 1538 347 1572 373; x_wconf 71' lang='lat' dir='ltr'>Vt</span> <span class='ocrx_word' id='word_1_625' title='bbox 1593 347 1729 384; x_wconf 86' lang='lat' dir='ltr'>adpareat,</span> <span class='ocrx_word' id='word_1_626' title='bbox 1754 357 1766 372; x_wconf 89' lang='lat' dir='ltr'>a</span> <span class='ocrx_word' id='word_1_627' title='bbox 1787 346 1883 382; x_wconf 84' lang='lat' dir='ltr'>quibus</span> <span class='ocrx_word' id='word_1_628' title='bbox 1903 351 1929 372; x_wconf 79' lang='lat' dir='ltr'>et</span> 
     </span>
     <span class='ocr_line' id='line_1_72' title="bbox 1084 388 1927 425; baseline -0.001 -10"><span class='ocrx_word' id='word_1_629' title='bbox 1084 389 1204 425; x_wconf 81' lang='lat' dir='ltr'>qualibus</span> <span class='ocrx_word' id='word_1_630' title='bbox 1225 389 1305 422; x_wconf 86' lang='lat' dir='ltr'>(haec</span> <span class='ocrx_word' id='word_1_631' title='bbox 1324 391 1379 416; x_wconf 87' lang='lat' dir='ltr'>iura</span> <span class='ocrx_word' id='word_1_632' title='bbox 1399 392 1480 423; x_wconf 86' lang='lat' dir='ltr'>orta.)</span> <span class='ocrx_word' id='word_1_633' title='bbox 1509 391 1538 417; x_wconf 76' lang='lat' dir='ltr'>sr.</span> <span class='ocrx_word' id='word_1_634' title='bbox 1557 392 1581 416; x_wconf 89' lang='lat'>2.</span> <span class='ocrx_word' id='word_1_635' title='bbox 1610 391 1631 424; x_wconf 94' lang='lat'>5.</span> <span class='ocrx_word' id='word_1_636' title='bbox 1650 391 1692 416; x_wconf 82' lang='lat'>35.</span> <span class='ocrx_word' id='word_1_637' title='bbox 1713 389 1745 416; x_wconf 88' lang='lat' dir='ltr'>de</span> <span class='ocrx_word' id='word_1_638' title='bbox 1765 388 1800 415; x_wconf 91' lang='lat' dir='ltr'>O.</span> <span class='ocrx_word' id='word_1_639' title='bbox 1821 388 1838 414; x_wconf 91' lang='lat' dir='ltr'>I.</span> <span class='ocrx_word' id='word_1_640' title='bbox 1860 390 1883 414; x_wconf 95' lang='lat' dir='ltr'>l.</span> <span class='ocrx_word' id='word_1_641' title='bbox 1902 391 1927 415; x_wconf 86' lang='grc'>2,</span> 
     </span>
     <span class='ocr_line' id='line_1_73' title="bbox 1083 430 1928 469; baseline 0 -12"><span class='ocrx_word' id='word_1_642' title='bbox 1083 432 1207 468; x_wconf 83' lang='lat' dir='ltr'>Species.</span> <span class='ocrx_word' id='word_1_643' title='bbox 1233 431 1275 458; x_wconf 88' lang='lat' dir='ltr'>vel</span> <span class='ocrx_word' id='word_1_644' title='bbox 1295 433 1440 469; x_wconf 78' lang='lat' dir='ltr'>quantitas,</span> <span class='ocrx_word' id='word_1_645' title='bbox 1462 449 1489 453; x_wconf 89' lang='lat'>——</span> <span class='ocrx_word' id='word_1_646' title='bbox 1513 432 1598 469; x_wconf 88' lang='lat' dir='ltr'>qualis</span> <span class='ocrx_word' id='word_1_647' title='bbox 1618 437 1765 469; x_wconf 83' lang='lat' dir='ltr'>quantaque</span> <span class='ocrx_word' id='word_1_648' title='bbox 1784 432 1826 457; x_wconf 89' lang='lat' dir='ltr'>sit.</span> <span class='ocrx_word' id='word_1_649' title='bbox 1853 430 1882 457; x_wconf 82' lang='lat' dir='ltr'>fr.</span> <span class='ocrx_word' id='word_1_650' title='bbox 1903 432 1928 457; x_wconf 84' lang='lat'>6.</span> 
     </span>
     <span class='ocr_line' id='line_1_74' title="bbox 1083 473 1928 510; baseline -0.001 -10"><span class='ocrx_word' id='word_1_651' title='bbox 1083 474 1115 500; x_wconf 88' lang='lat' dir='ltr'>de</span> <span class='ocrx_word' id='word_1_652' title='bbox 1134 474 1165 500; x_wconf 83' lang='lat' dir='ltr'>R.</span> <span class='ocrx_word' id='word_1_653' title='bbox 1186 474 1216 501; x_wconf 93' lang='lat' dir='ltr'>C.</span> <span class='ocrx_word' id='word_1_654' title='bbox 1245 477 1285 501; x_wconf 88' lang='lat'>12.</span> <span class='ocrx_word' id='word_1_655' title='bbox 1307 477 1328 501; x_wconf 95' lang='lat'>1.</span> <span class='ocrx_word' id='word_1_656' title='bbox 1371 474 1468 510; x_wconf 75' lang='lat' dir='ltr'>Ignari.</span> <span class='ocrx_word' id='word_1_657' title='bbox 1499 477 1572 501; x_wconf 91' lang='lat' dir='ltr'>cuius</span> <span class='ocrx_word' id='word_1_658' title='bbox 1601 476 1655 501; x_wconf 85' lang='lat' dir='ltr'>sint</span> <span class='ocrx_word' id='word_1_659' title='bbox 1683 474 1855 505; x_wconf 73' lang='lat' dir='ltr'>conditionis.</span> <span class='ocrx_word' id='word_1_660' title='bbox 1884 473 1928 500; x_wconf 86' lang='lat' dir='ltr'>vel</span> 
     </span>
     <span class='ocr_line' id='line_1_75' title="bbox 1083 516 1927 555; baseline -0.002 -12"><span class='ocrx_word' id='word_1_661' title='bbox 1083 517 1180 553; x_wconf 81' lang='lat' dir='ltr'>quales.</span> <span class='ocrx_word' id='word_1_662' title='bbox 1201 517 1231 543; x_wconf 83' lang='lat' dir='ltr'>fr.</span> <span class='ocrx_word' id='word_1_663' title='bbox 1252 519 1290 543; x_wconf 83' lang='lat'>14.</span> <span class='ocrx_word' id='word_1_664' title='bbox 1310 527 1349 555; x_wconf 89' lang='lat' dir='ltr'>pr.</span> <span class='ocrx_word' id='word_1_665' title='bbox 1372 517 1404 543; x_wconf 86' lang='lat' dir='ltr'>de</span> <span class='ocrx_word' id='word_1_666' title='bbox 1425 528 1510 544; x_wconf 79' lang='lat' dir='ltr'>exerc.</span> <span class='ocrx_word' id='word_1_667' title='bbox 1531 523 1578 544; x_wconf 86' lang='lat' dir='ltr'>act.</span> <span class='ocrx_word' id='word_1_668' title='bbox 1595 520 1634 544; x_wconf 85' lang='lat'>14.</span> <span class='ocrx_word' id='word_1_669' title='bbox 1656 520 1677 544; x_wconf 92' lang='lat'>1.</span> <span class='ocrx_word' id='word_1_670' title='bbox 1716 516 1810 553; x_wconf 86' lang='lat' dir='ltr'>Qualis</span> <span class='ocrx_word' id='word_1_671' title='bbox 1830 517 1872 548; x_wconf 78' lang='lat' dir='ltr'>sit⁷</span> <span class='ocrx_word' id='word_1_672' title='bbox 1893 521 1927 542; x_wconf 86' lang='lat' dir='ltr'>ta-</span> 
     </span>
     <span class='ocr_line' id='line_1_76' title="bbox 1082 559 1927 597; baseline -0.001 -11"><span class='ocrx_word' id='word_1_673' title='bbox 1082 559 1115 586; x_wconf 82' lang='lat' dir='ltr'>lis</span> <span class='ocrx_word' id='word_1_674' title='bbox 1134 575 1168 578; x_wconf 97' lang='lat'><strong>—</strong></span> <span class='ocrx_word' id='word_1_675' title='bbox 1188 561 1316 597; x_wconf 82' lang='lat' dir='ltr'>praestari</span> <span class='ocrx_word' id='word_1_676' title='bbox 1339 560 1425 586; x_wconf 83' lang='lat' dir='ltr'>debet.</span> <span class='ocrx_word' id='word_1_677' title='bbox 1452 560 1481 587; x_wconf 81' lang='lat' dir='ltr'>fr.</span> <span class='ocrx_word' id='word_1_678' title='bbox 1502 562 1542 586; x_wconf 87' lang='lat'>56.</span> <span class='ocrx_word' id='word_1_679' title='bbox 1568 560 1598 586; x_wconf 86' lang='lat' dir='ltr'>sr.</span> <span class='ocrx_word' id='word_1_680' title='bbox 1619 562 1660 587; x_wconf 83' lang='lat'>69.</span> <span class='ocrx_word' id='word_1_681' title='bbox 1684 561 1705 594; x_wconf 84' lang='lat'>5.</span> <span class='ocrx_word' id='word_1_682' title='bbox 1725 562 1748 587; x_wconf 92' lang='lat'>3.</span> <span class='ocrx_word' id='word_1_683' title='bbox 1775 560 1805 586; x_wconf 67' lang='grc' dir='ltr'>[ι’.</span> <span class='ocrx_word' id='word_1_684' title='bbox 1826 561 1866 586; x_wconf 78' lang='grc'>70.</span> <span class='ocrx_word' id='word_1_685' title='bbox 1886 570 1927 596; x_wconf 89' lang='lat' dir='ltr'>pr.</span> 
     </span>
     <span class='ocr_line' id='line_1_77' title="bbox 1082 602 1926 638; baseline -0.001 -9"><span class='ocrx_word' id='word_1_686' title='bbox 1082 602 1112 629; x_wconf 80' lang='lat' dir='ltr'>fr.</span> <span class='ocrx_word' id='word_1_687' title='bbox 1128 604 1185 629; x_wconf 87' lang='lat'><strong>116.</strong></span> <span class='ocrx_word' id='word_1_688' title='bbox 1206 603 1227 636; x_wconf 89' lang='lat'>5.</span> <span class='ocrx_word' id='word_1_689' title='bbox 1242 605 1266 629; x_wconf 90' lang='lat'>4.</span> <span class='ocrx_word' id='word_1_690' title='bbox 1286 603 1318 629; x_wconf 85' lang='lat' dir='ltr'>de</span> <span class='ocrx_word' id='word_1_691' title='bbox 1338 602 1413 638; x_wconf 77' lang='lat' dir='ltr'>legat.</span> <span class='ocrx_word' id='word_1_692' title='bbox 1432 602 1450 629; x_wconf 95' lang='grc' dir='ltr'>Ι.</span> <span class='ocrx_word' id='word_1_693' title='bbox 1467 604 1534 636; x_wconf 76' lang='lat'><strong>(30.)</strong></span> <span class='ocrx_word' id='word_1_694' title='bbox 1555 603 1586 629; x_wconf 77' lang='lat' dir='ltr'>cf.</span> <span class='ocrx_word' id='word_1_695' title='bbox 1607 603 1637 629; x_wconf 88' lang='lat' dir='ltr'>sr.</span> <span class='ocrx_word' id='word_1_696' title='bbox 1651 605 1692 630; x_wconf 84' lang='lat'>59.</span> <span class='ocrx_word' id='word_1_697' title='bbox 1713 603 1745 630; x_wconf 83' lang='lat' dir='ltr'>de</span> <span class='ocrx_word' id='word_1_698' title='bbox 1764 608 1846 630; x_wconf 91' lang='lat' dir='ltr'>contr.</span> <span class='ocrx_word' id='word_1_699' title='bbox 1865 607 1926 628; x_wconf 87' lang='lat' dir='ltr'>emt.</span> 
     </span>
     <span class='ocr_line' id='line_1_78' title="bbox 1084 645 1926 683; baseline 0.001 -13"><span class='ocrx_word' id='word_1_700' title='bbox 1084 646 1122 671; x_wconf 77' lang='lat'>18.</span> <span class='ocrx_word' id='word_1_701' title='bbox 1145 647 1166 672; x_wconf 94' lang='lat'>1.</span> <span class='ocrx_word' id='word_1_702' title='bbox 1205 645 1258 681; x_wconf 90' lang='lat' dir='ltr'>Qui</span> <span class='ocrx_word' id='word_1_703' title='bbox 1286 645 1363 672; x_wconf 84' lang='lat' dir='ltr'>talem</span> <span class='ocrx_word' id='word_1_704' title='bbox 1393 647 1419 672; x_wconf 89' lang='lat' dir='ltr'>in</span> <span class='ocrx_word' id='word_1_705' title='bbox 1447 646 1519 672; x_wconf 83' lang='lat' dir='ltr'>filios</span> <span class='ocrx_word' id='word_1_706' title='bbox 1547 656 1610 672; x_wconf 84' lang='lat' dir='ltr'>suos</span> <span class='ocrx_word' id='word_1_707' title='bbox 1639 646 1735 672; x_wconf 79' lang='lat' dir='ltr'>liabent</span> <span class='ocrx_word' id='word_1_708' title='bbox 1760 649 1926 683; x_wconf 85' lang='lat' dir='ltr'>potestatem,</span> 
     </span>
     <span class='ocr_line' id='line_1_79' title="bbox 1082 687 1925 726; baseline -0.001 -12"><span class='ocrx_word' id='word_1_709' title='bbox 1082 688 1184 725; x_wconf 85' lang='lat' dir='ltr'>qualem</span> <span class='ocrx_word' id='word_1_710' title='bbox 1203 698 1252 714; x_wconf 90' lang='lat' dir='ltr'>nos</span> <span class='ocrx_word' id='word_1_711' title='bbox 1271 687 1404 714; x_wconf 77' lang='lat' dir='ltr'>habemus.</span> <span class='ocrx_word' id='word_1_712' title='bbox 1426 688 1483 715; x_wconf 85' lang='lat' dir='ltr'>Gai.</span> <span class='ocrx_word' id='word_1_713' title='bbox 1500 688 1518 714; x_wconf 94' lang='lat' dir='ltr'>I.</span> <span class='ocrx_word' id='word_1_714' title='bbox 1538 691 1580 715; x_wconf 81' lang='lat'>55.</span> <span class='ocrx_word' id='word_1_715' title='bbox 1618 689 1697 724; x_wconf 91' lang='lat' dir='ltr'>Quod</span> <span class='ocrx_word' id='word_1_716' title='bbox 1718 689 1793 726; x_wconf 86' lang='lat' dir='ltr'>quale</span> <span class='ocrx_word' id='word_1_717' title='bbox 1813 689 1856 719; x_wconf 76' lang='lat' dir='ltr'>sit,</span> <span class='ocrx_word' id='word_1_718' title='bbox 1876 697 1925 714; x_wconf 90' lang='lat' dir='ltr'>suo</span> 
     </span>
     <span class='ocr_line' id='line_1_80' title="bbox 1082 730 1927 769; baseline -0.001 -12"><span class='ocrx_word' id='word_1_719' title='bbox 1082 730 1140 757; x_wconf 88' lang='lat' dir='ltr'>loco</span> <span class='ocrx_word' id='word_1_720' title='bbox 1165 731 1309 768; x_wconf 84' lang='lat' dir='ltr'>adparebit.</span> <span class='ocrx_word' id='word_1_721' title='bbox 1334 731 1370 757; x_wconf 82' lang='lat' dir='ltr'>Id.</span> <span class='ocrx_word' id='word_1_722' title='bbox 1391 731 1420 757; x_wconf 96' lang='lat' dir='ltr'>II.</span> <span class='ocrx_word' id='word_1_723' title='bbox 1445 733 1487 758; x_wconf 88' lang='lat'>37.</span> <span class='ocrx_word' id='word_1_724' title='bbox 1509 732 1565 758; x_wconf 84' lang='lat'><strong>184.</strong></span> <span class='ocrx_word' id='word_1_725' title='bbox 1590 732 1621 758; x_wconf 88' lang='lat' dir='ltr'>ef.</span> <span class='ocrx_word' id='word_1_726' title='bbox 1642 732 1660 758; x_wconf 90' lang='lat'>1.</span> <span class='ocrx_word' id='word_1_727' title='bbox 1682 734 1703 758; x_wconf 96' lang='lat' dir='ltr'>l.</span> <span class='ocrx_word' id='word_1_728' title='bbox 1741 732 1769 758; x_wconf 89' lang='lat' dir='ltr'>Si</span> <span class='ocrx_word' id='word_1_729' title='bbox 1793 735 1927 769; x_wconf 84' lang='lat' dir='ltr'>portento-</span> 
     </span>
     <span class='ocr_line' id='line_1_81' title="bbox 1082 773 1926 811; baseline 0 -12"><span class='ocrx_word' id='word_1_730' title='bbox 1082 783 1139 799; x_wconf 89' lang='lat' dir='ltr'>sum</span> <span class='ocrx_word' id='word_1_731' title='bbox 1163 790 1194 793; x_wconf 89' lang='lat'><strong>—</strong></span> <span class='ocrx_word' id='word_1_732' title='bbox 1219 774 1312 800; x_wconf 87' lang='lat' dir='ltr'>mulier</span> <span class='ocrx_word' id='word_1_733' title='bbox 1337 773 1463 804; x_wconf 82' lang='lat' dir='ltr'>ediderit,</span> <span class='ocrx_word' id='word_1_734' title='bbox 1492 774 1534 800; x_wconf 89' lang='lat' dir='ltr'>vel</span> <span class='ocrx_word' id='word_1_735' title='bbox 1561 775 1663 811; x_wconf 80' lang='lat' dir='ltr'>qualem</span> <span class='ocrx_word' id='word_1_736' title='bbox 1687 776 1746 800; x_wconf 80' lang='lat' dir='ltr'>visu</span> <span class='ocrx_word' id='word_1_737' title='bbox 1770 773 1813 800; x_wconf 77' lang='lat' dir='ltr'>vel</span> <span class='ocrx_word' id='word_1_738' title='bbox 1839 774 1926 809; x_wconf 75' lang='lat' dir='ltr'>vagitu</span> 
     </span>
     <span class='ocr_line' id='line_1_82' title="bbox 1082 816 1927 853; baseline -0.001 -11"><span class='ocrx_word' id='word_1_739' title='bbox 1082 826 1185 842; x_wconf 88' lang='lat' dir='ltr'>novum.</span> <span class='ocrx_word' id='word_1_740' title='bbox 1210 816 1240 843; x_wconf 85' lang='lat' dir='ltr'>fr.</span> <span class='ocrx_word' id='word_1_741' title='bbox 1263 818 1319 842; x_wconf 88' lang='lat'><strong>135.</strong></span> <span class='ocrx_word' id='word_1_742' title='bbox 1344 816 1376 843; x_wconf 86' lang='lat' dir='ltr'>de</span> <span class='ocrx_word' id='word_1_743' title='bbox 1396 816 1427 843; x_wconf 86' lang='lat' dir='ltr'>V.</span> <span class='ocrx_word' id='word_1_744' title='bbox 1448 816 1474 843; x_wconf 89' lang='lat' dir='ltr'>S.</span> <span class='ocrx_word' id='word_1_745' title='bbox 1499 819 1540 843; x_wconf 87' lang='grc'>50.</span> <span class='ocrx_word' id='word_1_746' title='bbox 1562 819 1601 844; x_wconf 86' lang='lat'>16.</span> <span class='ocrx_word' id='word_1_747' title='bbox 1639 817 1694 844; x_wconf 79' lang='lat' dir='ltr'>Nec</span> <span class='ocrx_word' id='word_1_748' title='bbox 1718 817 1751 843; x_wconf 90' lang='lat' dir='ltr'>ob</span> <span class='ocrx_word' id='word_1_749' title='bbox 1781 816 1807 842; x_wconf 83' lang='lat' dir='ltr'>id</span> <span class='ocrx_word' id='word_1_750' title='bbox 1832 817 1857 842; x_wconf 94' lang='lat' dir='ltr'>in</span> <span class='ocrx_word' id='word_1_751' title='bbox 1882 826 1927 853; x_wconf 89' lang='lat' dir='ltr'>po-</span> 
     </span>
     <span class='ocr_line' id='line_1_83' title="bbox 1083 858 1926 897; baseline 0 -13"><span class='ocrx_word' id='word_1_752' title='bbox 1083 864 1177 885; x_wconf 83' lang='lat' dir='ltr'>testate</span> <span class='ocrx_word' id='word_1_753' title='bbox 1191 860 1246 886; x_wconf 85' lang='lat' dir='ltr'>eius</span> <span class='ocrx_word' id='word_1_754' title='bbox 1261 865 1331 891; x_wconf 75' lang='lat' dir='ltr'>sunt,</span> <span class='ocrx_word' id='word_1_755' title='bbox 1352 859 1399 886; x_wconf 78' lang='lat' dir='ltr'>sed</span> <span class='ocrx_word' id='word_1_756' title='bbox 1419 860 1509 897; x_wconf 85' lang='lat' dir='ltr'>quales</span> <span class='ocrx_word' id='word_1_757' title='bbox 1529 865 1591 887; x_wconf 86' lang='lat' dir='ltr'>sunt</span> <span class='ocrx_word' id='word_1_758' title='bbox 1609 862 1641 893; x_wconf 71' lang='lat' dir='ltr'>ii,</span> <span class='ocrx_word' id='word_1_759' title='bbox 1662 870 1727 896; x_wconf 86' lang='lat' dir='ltr'>quos</span> <span class='ocrx_word' id='word_1_760' title='bbox 1747 864 1828 886; x_wconf 85' lang='lat' dir='ltr'>mater</span> <span class='ocrx_word' id='word_1_761' title='bbox 1847 858 1926 894; x_wconf 76' lang='lat' dir='ltr'>vulgo</span> 
     </span>
     <span class='ocr_line' id='line_1_84' title="bbox 1082 901 1925 938; baseline 0.001 -11"><span class='ocrx_word' id='word_1_762' title='bbox 1082 903 1211 938; x_wconf 83' lang='lat' dir='ltr'>concepit.</span> <span class='ocrx_word' id='word_1_763' title='bbox 1232 902 1289 928; x_wconf 87' lang='lat' dir='ltr'>Gai.</span> <span class='ocrx_word' id='word_1_764' title='bbox 1304 902 1320 928; x_wconf 95' lang='grc'>1.</span> <span class='ocrx_word' id='word_1_765' title='bbox 1336 905 1377 929; x_wconf 86' lang='grc'>64.</span> <span class='ocrx_word' id='word_1_766' title='bbox 1389 919 1421 922; x_wconf 92' lang='grc'><strong>-</strong></span> <span class='ocrx_word' id='word_1_767' title='bbox 1436 904 1466 936; x_wconf 81' lang='lat'>§.</span> <span class='ocrx_word' id='word_1_768' title='bbox 1481 905 1516 929; x_wconf 66' lang='grc'>2.</span> <span class='ocrx_word' id='word_1_769' title='bbox 1533 905 1784 938; x_wconf 77' lang='lat' dir='ltr'>Qualiscunque.</span> <span class='ocrx_word' id='word_1_770' title='bbox 1805 901 1846 928; x_wconf 91' lang='lat' dir='ltr'><strong>III.</strong></span> <span class='ocrx_word' id='word_1_771' title='bbox 1859 903 1925 929; x_wconf 77' lang='lat' dir='ltr'>Cn·</span> 
     </span>
    </p>
   </div>
   <div class='ocr_carea' id='block_1_29' title="bbox 1058 944 1926 984">
    <p class='ocr_par' dir='ltr' id='par_1_34' title="bbox 1058 944 1926 984">
     <span class='ocr_line' id='line_1_85' title="bbox 1058 944 1926 984; baseline 0 -14"><span class='ocrx_word' id='word_1_772' title='bbox 1058 973 1059 984; x_wconf 33' lang='lat'>1</span> <span class='ocrx_word' id='word_1_773' title='bbox 1081 944 1109 970; x_wconf 89' lang='lat' dir='ltr'>In</span> <span class='ocrx_word' id='word_1_774' title='bbox 1129 946 1184 970; x_wconf 90' lang='lat' dir='ltr'>suis</span> <span class='ocrx_word' id='word_1_775' title='bbox 1204 947 1279 971; x_wconf 79' lang='lat' dir='ltr'>venia</span> <span class='ocrx_word' id='word_1_776' title='bbox 1303 945 1396 981; x_wconf 74' lang='lat' dir='ltr'>dignus</span> <span class='ocrx_word' id='word_1_777' title='bbox 1417 951 1470 978; x_wconf 80' lang='lat' dir='ltr'>est,</span> <span class='ocrx_word' id='word_1_778' title='bbox 1495 947 1517 972; x_wconf 85' lang='lat' dir='ltr'>si</span> <span class='ocrx_word' id='word_1_779' title='bbox 1538 946 1628 982; x_wconf 86' lang='lat' dir='ltr'>quales</span> <span class='ocrx_word' id='word_1_780' title='bbox 1643 945 1733 982; x_wconf 81' lang='lat' dir='ltr'>quales</span> <span class='ocrx_word' id='word_1_781' title='bbox 1755 945 1804 978; x_wconf 87' lang='lat' dir='ltr'>[al.</span> <span class='ocrx_word' id='word_1_782' title='bbox 1825 944 1926 981; x_wconf 80' lang='lat' dir='ltr'>quales·</span> 
     </span>
    </p>
   </div>
   <div class='ocr_carea' id='block_1_30' title="bbox 1081 987 1926 1196">
    <p class='ocr_par' dir='ltr' id='par_1_35' title="bbox 1081 987 1926 1196">
     <span class='ocr_line' id='line_1_86' title="bbox 1082 987 1924 1024; baseline -0.001 -11"><span class='ocrx_word' id='word_1_783' title='bbox 1082 988 1200 1024; x_wconf 87' lang='lat' dir='ltr'>cunque]</span> <span class='ocrx_word' id='word_1_784' title='bbox 1221 987 1253 1014; x_wconf 89' lang='lat' dir='ltr'>ad</span> <span class='ocrx_word' id='word_1_785' title='bbox 1272 988 1450 1015; x_wconf 82' lang='lat' dir='ltr'>instruendam</span> <span class='ocrx_word' id='word_1_786' title='bbox 1471 999 1563 1015; x_wconf 80' lang='lat' dir='ltr'>navem</span> <span class='ocrx_word' id='word_1_787' title='bbox 1581 989 1736 1015; x_wconf 78' lang='lat' dir='ltr'>adhibuerit.</span> <span class='ocrx_word' id='word_1_788' title='bbox 1762 988 1791 1014; x_wconf 78' lang='lat' dir='ltr'>l&#39;r.</span> <span class='ocrx_word' id='word_1_789' title='bbox 1812 990 1834 1014; x_wconf 91' lang='lat'>7.</span> <span class='ocrx_word' id='word_1_790' title='bbox 1859 988 1880 1021; x_wconf 92' lang='lat'>5</span> <span class='ocrx_word' id='word_1_791' title='bbox 1901 988 1924 1012; x_wconf 87' lang='lat'>4.</span> 
     </span>
     <span class='ocr_line' id='line_1_87' title="bbox 1081 1030 1925 1068; baseline -0.001 -12"><span class='ocrx_word' id='word_1_792' title='bbox 1081 1035 1150 1056; x_wconf 84' lang='lat' dir='ltr'>naut.</span> <span class='ocrx_word' id='word_1_793' title='bbox 1171 1040 1244 1067; x_wconf 82' lang='lat' dir='ltr'>caup.</span> <span class='ocrx_word' id='word_1_794' title='bbox 1259 1033 1282 1056; x_wconf 91' lang='lat'>4.</span> <span class='ocrx_word' id='word_1_795' title='bbox 1296 1031 1320 1056; x_wconf 83' lang='lat'>9.</span> <span class='ocrx_word' id='word_1_796' title='bbox 1344 1030 1518 1057; x_wconf 75' lang='lat' dir='ltr'>ministerium</span> <span class='ocrx_word' id='word_1_797' title='bbox 1538 1032 1614 1068; x_wconf 82' lang='lat' dir='ltr'>quale</span> <span class='ocrx_word' id='word_1_798' title='bbox 1625 1031 1701 1068; x_wconf 84' lang='lat' dir='ltr'>quale</span> <span class='ocrx_word' id='word_1_799' title='bbox 1720 1030 1925 1057; x_wconf 79' lang='lat' dir='ltr'>accommodare.</span> 
     </span>
     <span class='ocr_line' id='line_1_88' title="bbox 1082 1071 1925 1111; baseline -0.001 -12"><span class='ocrx_word' id='word_1_800' title='bbox 1082 1073 1112 1099; x_wconf 81' lang='lat' dir='ltr'>sr.</span> <span class='ocrx_word' id='word_1_801' title='bbox 1131 1075 1154 1099; x_wconf 75' lang='lat'>3.</span> <span class='ocrx_word' id='word_1_802' title='bbox 1175 1073 1208 1099; x_wconf 88' lang='lat' dir='ltr'>de</span> <span class='ocrx_word' id='word_1_803' title='bbox 1227 1078 1363 1110; x_wconf 78' lang='lat' dir='ltr'>proxenet.</span> <span class='ocrx_word' id='word_1_804' title='bbox 1384 1076 1424 1100; x_wconf 82' lang='lat'>50.</span> <span class='ocrx_word' id='word_1_805' title='bbox 1447 1076 1486 1100; x_wconf 86' lang='grc'>14.</span> <span class='ocrx_word' id='word_1_806' title='bbox 1513 1075 1599 1110; x_wconf 77' lang='lat' dir='ltr'>Quale</span> <span class='ocrx_word' id='word_1_807' title='bbox 1618 1074 1694 1111; x_wconf 83' lang='lat' dir='ltr'>quale</span> <span class='ocrx_word' id='word_1_808' title='bbox 1713 1075 1756 1104; x_wconf 77' lang='lat' dir='ltr'>sit,</span> <span class='ocrx_word' id='word_1_809' title='bbox 1776 1072 1847 1110; x_wconf 91' lang='lat' dir='ltr'>quod</span> <span class='ocrx_word' id='word_1_810' title='bbox 1866 1071 1925 1098; x_wconf 91' lang='lat' dir='ltr'>solo</span> 
     </span>
     <span class='ocr_line' id='line_1_89' title="bbox 1082 1115 1926 1150; baseline 0 -9"><span class='ocrx_word' id='word_1_811' title='bbox 1082 1115 1227 1142; x_wconf 75' lang='lat' dir='ltr'>cohaereat.</span> <span class='ocrx_word' id='word_1_812' title='bbox 1253 1116 1284 1142; x_wconf 75' lang='lat' dir='ltr'>fr.</span> <span class='ocrx_word' id='word_1_813' title='bbox 1305 1118 1327 1142; x_wconf 95' lang='lat' dir='ltr'>l.</span> <span class='ocrx_word' id='word_1_814' title='bbox 1353 1116 1373 1149; x_wconf 84' lang='lat'>5.</span> <span class='ocrx_word' id='word_1_815' title='bbox 1394 1118 1418 1142; x_wconf 76' lang='grc' dir='ltr'>δ.</span> <span class='ocrx_word' id='word_1_816' title='bbox 1443 1117 1475 1143; x_wconf 85' lang='lat' dir='ltr'>de</span> <span class='ocrx_word' id='word_1_817' title='bbox 1499 1119 1524 1143; x_wconf 71' lang='lat' dir='ltr'>vi</span> <span class='ocrx_word' id='word_1_818' title='bbox 1549 1122 1574 1143; x_wconf 79' lang='lat' dir='ltr'>et</span> <span class='ocrx_word' id='word_1_819' title='bbox 1597 1119 1622 1144; x_wconf 86' lang='lat' dir='ltr'>vi</span> <span class='ocrx_word' id='word_1_820' title='bbox 1646 1127 1707 1144; x_wconf 86' lang='lat' dir='ltr'>arm.</span> <span class='ocrx_word' id='word_1_821' title='bbox 1731 1118 1772 1142; x_wconf 79' lang='lat'>43.</span> <span class='ocrx_word' id='word_1_822' title='bbox 1794 1117 1834 1141; x_wconf 87' lang='lat'>16.</span> <span class='ocrx_word' id='word_1_823' title='bbox 1872 1115 1926 1150; x_wconf 86' lang='lat' dir='ltr'>Qui</span> 
     </span>
     <span class='ocr_line' id='line_1_90' title="bbox 1081 1158 1925 1196; baseline -0.001 -12"><span class='ocrx_word' id='word_1_824' title='bbox 1081 1158 1246 1184; x_wconf 88' lang='lat' dir='ltr'>commodum</span> <span class='ocrx_word' id='word_1_825' title='bbox 1266 1160 1370 1191; x_wconf 75' lang='lat' dir='ltr'>amittit,</span> <span class='ocrx_word' id='word_1_826' title='bbox 1386 1175 1417 1178; x_wconf 97' lang='lat'><strong>—</strong></span> <span class='ocrx_word' id='word_1_827' title='bbox 1433 1159 1509 1196; x_wconf 80' lang='lat' dir='ltr'>quale</span> <span class='ocrx_word' id='word_1_828' title='bbox 1523 1160 1598 1196; x_wconf 85' lang='lat' dir='ltr'>quale</span> <span class='ocrx_word' id='word_1_829' title='bbox 1612 1160 1655 1193; x_wconf 80' lang='lat' dir='ltr'>[al.</span> <span class='ocrx_word' id='word_1_830' title='bbox 1670 1158 1861 1196; x_wconf 77' lang='lat' dir='ltr'>qualecunque]</span> <span class='ocrx_word' id='word_1_831' title='bbox 1881 1159 1925 1184; x_wconf 77' lang='lat' dir='ltr'>sit,</span> 
     </span>
    </p>
   </div>
   <div class='ocr_carea' id='block_1_31' title="bbox 1081 1200 1925 1240">
    <p class='ocr_par' dir='ltr' id='par_1_36' title="bbox 1081 1200 1925 1240">
     <span class='ocr_line' id='line_1_91' title="bbox 1081 1200 1925 1240; baseline -0.001 -13"><span class='ocrx_word' id='word_1_832' title='bbox 1081 1201 1111 1227; x_wconf 82' lang='lat' dir='ltr'>sr.</span> <span class='ocrx_word' id='word_1_833' title='bbox 1131 1203 1155 1227; x_wconf 91' lang='lat'>2.</span> <span class='ocrx_word' id='word_1_834' title='bbox 1175 1202 1197 1234; x_wconf 87' lang='lat'>5.</span> <span class='ocrx_word' id='word_1_835' title='bbox 1219 1203 1259 1227; x_wconf 95' lang='lat' dir='ltr'>ll.</span> <span class='ocrx_word' id='word_1_836' title='bbox 1280 1212 1312 1228; x_wconf 86' lang='lat' dir='ltr'>ne</span> <span class='ocrx_word' id='word_1_837' title='bbox 1332 1212 1374 1238; x_wconf 90' lang='lat' dir='ltr'>qu.</span> <span class='ocrx_word' id='word_1_838' title='bbox 1394 1203 1420 1228; x_wconf 91' lang='lat' dir='ltr'>in</span> <span class='ocrx_word' id='word_1_839' title='bbox 1444 1202 1503 1228; x_wconf 87' lang='lat' dir='ltr'>loco</span> <span class='ocrx_word' id='word_1_840' title='bbox 1523 1203 1585 1240; x_wconf 83' lang='lat' dir='ltr'>pub.</span> <span class='ocrx_word' id='word_1_841' title='bbox 1605 1205 1645 1229; x_wconf 78' lang='lat'>43.</span> <span class='ocrx_word' id='word_1_842' title='bbox 1666 1206 1689 1229; x_wconf 70' lang='grc' dir='ltr'>ὅ.</span> <span class='ocrx_word' id='word_1_843' title='bbox 1727 1202 1820 1238; x_wconf 84' lang='lat' dir='ltr'>Qualis</span> <span class='ocrx_word' id='word_1_844' title='bbox 1840 1200 1925 1237; x_wconf 88' lang='lat' dir='ltr'>qualis</span> 
     </span>
    </p>
   </div>
   <div class='ocr_carea' id='block_1_32' title="bbox 1057 1244 1889 1282">
    <p class='ocr_par' dir='ltr' id='par_1_37' title="bbox 1057 1244 1889 1282">
     <span class='ocr_line' id='line_1_92' title="bbox 1057 1244 1889 1282; baseline -0.001 -12"><span class='ocrx_word' id='word_1_845' title='bbox 1057 1263 1058 1270; x_wconf 45' lang='lat'>1</span> <span class='ocrx_word' id='word_1_846' title='bbox 1080 1245 1123 1275; x_wconf 82' lang='lat' dir='ltr'>sit,</span> <span class='ocrx_word' id='word_1_847' title='bbox 1144 1244 1223 1270; x_wconf 82' lang='lat' dir='ltr'>(lebet</span> <span class='ocrx_word' id='word_1_848' title='bbox 1243 1244 1334 1271; x_wconf 86' lang='lat' dir='ltr'>audiri.</span> <span class='ocrx_word' id='word_1_849' title='bbox 1355 1245 1384 1271; x_wconf 81' lang='lat' dir='ltr'>fr.</span> <span class='ocrx_word' id='word_1_850' title='bbox 1407 1247 1428 1271; x_wconf 96' lang='lat'>1.</span> <span class='ocrx_word' id='word_1_851' title='bbox 1449 1246 1532 1279; x_wconf 54' lang='lat'><strong>§.155</strong></span> <span class='ocrx_word' id='word_1_852' title='bbox 1552 1245 1584 1271; x_wconf 89' lang='lat' dir='ltr'>de</span> <span class='ocrx_word' id='word_1_853' title='bbox 1603 1247 1696 1282; x_wconf 86' lang='lat' dir='ltr'>inspic.</span> <span class='ocrx_word' id='word_1_854' title='bbox 1714 1250 1783 1271; x_wconf 78' lang='lat' dir='ltr'>vent.</span> <span class='ocrx_word' id='word_1_855' title='bbox 1803 1246 1844 1270; x_wconf 85' lang='lat'>25.</span> <span class='ocrx_word' id='word_1_856' title='bbox 1865 1245 1889 1269; x_wconf 82' lang='lat'>4.</span> 
     </span>
    </p>
   </div>
   <div class='ocr_carea' id='block_1_33' title="bbox 1078 1287 1925 1878">
    <p class='ocr_par' dir='ltr' id='par_1_38' title="bbox 1078 1287 1925 1835">
     <span class='ocr_line' id='line_1_93' title="bbox 1116 1287 1923 1322; baseline -0.001 -9"><span class='ocrx_word' id='word_1_857' title='bbox 1116 1287 1414 1320; x_wconf 64' lang='lat' dir='ltr'>Qualiscunque.</span> <span class='ocrx_word' id='word_1_858' title='bbox 1442 1288 1571 1321; x_wconf 75' lang='lat' dir='ltr'>(Adiect.)</span> <span class='ocrx_word' id='word_1_859' title='bbox 1603 1291 1802 1322; x_wconf 75' lang='lat' dir='ltr'>Quicunque,</span> <span class='ocrx_word' id='word_1_860' title='bbox 1829 1288 1923 1319; x_wconf 73' lang='lat' dir='ltr'>Quis-</span> 
     </span>
     <span class='ocr_line' id='line_1_94' title="bbox 1080 1328 1925 1367; baseline -0.004 -11"><span class='ocrx_word' id='word_1_861' title='bbox 1080 1332 1164 1357; x_wconf 76' lang='lat' dir='ltr'>libet.</span> <span class='ocrx_word' id='word_1_862' title='bbox 1202 1329 1221 1356; x_wconf 88' lang='lat' dir='ltr'>I.</span> <span class='ocrx_word' id='word_1_863' title='bbox 1243 1332 1305 1364; x_wconf 61' lang='lat' dir='ltr'>sy.</span> <span class='ocrx_word' id='word_1_864' title='bbox 1330 1332 1400 1366; x_wconf 88' lang='lat' dir='ltr'>Quoi</span> <span class='ocrx_word' id='word_1_865' title='bbox 1425 1332 1483 1367; x_wconf 89' lang='lat' dir='ltr'>quis</span> <span class='ocrx_word' id='word_1_866' title='bbox 1508 1331 1594 1362; x_wconf 77' lang='lat' dir='ltr'>volet,</span> <span class='ocrx_word' id='word_1_867' title='bbox 1619 1331 1704 1357; x_wconf 84' lang='lat' dir='ltr'>Etiam</span> <span class='ocrx_word' id='word_1_868' title='bbox 1728 1340 1780 1356; x_wconf 88' lang='lat' dir='ltr'>non</span> <span class='ocrx_word' id='word_1_869' title='bbox 1805 1328 1925 1365; x_wconf 82' lang='lat' dir='ltr'>locuples</span> 
     </span>
     <span class='ocr_line' id='line_1_95' title="bbox 1080 1373 1924 1407; baseline -0.004 -8"><span class='ocrx_word' id='word_1_870' title='bbox 1080 1373 1208 1406; x_wconf 74' lang='lat' dir='ltr'>(vindex,</span> <span class='ocrx_word' id='word_1_871' title='bbox 1232 1383 1254 1400; x_wconf 95' lang='lat' dir='ltr'>v.</span> <span class='ocrx_word' id='word_1_872' title='bbox 1275 1373 1443 1406; x_wconf 82' lang='lat' dir='ltr'>fideiussor.)</span> <span class='ocrx_word' id='word_1_873' title='bbox 1468 1373 1497 1400; x_wconf 92' lang='lat' dir='ltr'>L.</span> <span class='ocrx_word' id='word_1_874' title='bbox 1518 1374 1567 1400; x_wconf 76' lang='lat' dir='ltr'>Xll</span> <span class='ocrx_word' id='word_1_875' title='bbox 1587 1373 1670 1400; x_wconf 82' lang='lat' dir='ltr'>Tabb.</span> <span class='ocrx_word' id='word_1_876' title='bbox 1690 1373 1708 1399; x_wconf 92' lang='lat' dir='ltr'>I.</span> <span class='ocrx_word' id='word_1_877' title='bbox 1729 1375 1752 1399; x_wconf 85' lang='lat'>4.</span> <span class='ocrx_word' id='word_1_878' title='bbox 1774 1373 1803 1399; x_wconf 70' lang='lat' dir='ltr'>l&#39;r.</span> <span class='ocrx_word' id='word_1_879' title='bbox 1826 1375 1847 1398; x_wconf 87' lang='lat'>1.</span> <span class='ocrx_word' id='word_1_880' title='bbox 1867 1381 1924 1407; x_wconf 87' lang='lat' dir='ltr'>sqq.</span> 
     </span>
     <span class='ocr_line' id='line_1_96' title="bbox 1080 1413 1924 1454; baseline -0.004 -12"><span class='ocrx_word' id='word_1_881' title='bbox 1080 1417 1105 1442; x_wconf 90' lang='lat' dir='ltr'>in</span> <span class='ocrx_word' id='word_1_882' title='bbox 1126 1417 1166 1442; x_wconf 91' lang='lat' dir='ltr'>ius</span> <span class='ocrx_word' id='word_1_883' title='bbox 1186 1426 1243 1442; x_wconf 88' lang='lat' dir='ltr'>voc.</span> <span class='ocrx_word' id='word_1_884' title='bbox 1264 1421 1292 1442; x_wconf 86' lang='lat' dir='ltr'>ut</span> <span class='ocrx_word' id='word_1_885' title='bbox 1311 1421 1378 1443; x_wconf 84' lang='lat' dir='ltr'>eant.</span> <span class='ocrx_word' id='word_1_886' title='bbox 1397 1418 1421 1442; x_wconf 86' lang='lat'>2.</span> <span class='ocrx_word' id='word_1_887' title='bbox 1436 1418 1460 1443; x_wconf 91' lang='grc'>6.</span> <span class='ocrx_word' id='word_1_888' title='bbox 1481 1417 1510 1443; x_wconf 83' lang='lat' dir='ltr'>l&#39;r.</span> <span class='ocrx_word' id='word_1_889' title='bbox 1525 1421 1548 1443; x_wconf 86' lang='lat'>2.</span> <span class='ocrx_word' id='word_1_890' title='bbox 1569 1428 1607 1454; x_wconf 91' lang='lat' dir='ltr'>pr.</span> <span class='ocrx_word' id='word_1_891' title='bbox 1628 1417 1665 1451; x_wconf 93' lang='lat'>55.</span> <span class='ocrx_word' id='word_1_892' title='bbox 1679 1418 1703 1442; x_wconf 89' lang='lat'>2.</span> <span class='ocrx_word' id='word_1_893' title='bbox 1718 1419 1741 1442; x_wconf 86' lang='lat'>4.</span> <span class='ocrx_word' id='word_1_894' title='bbox 1764 1416 1813 1451; x_wconf 82' lang='lat' dir='ltr'>Qu.</span> <span class='ocrx_word' id='word_1_895' title='bbox 1833 1413 1924 1440; x_wconf 84' lang='lat' dir='ltr'>satisd.</span> 
     </span>
     <span class='ocr_line' id='line_1_97' title="bbox 1081 1457 1925 1496; baseline -0.004 -11"><span class='ocrx_word' id='word_1_896' title='bbox 1081 1469 1135 1495; x_wconf 77' lang='lat' dir='ltr'>cog.</span> <span class='ocrx_word' id='word_1_897' title='bbox 1155 1462 1179 1485; x_wconf 90' lang='grc'>2.</span> <span class='ocrx_word' id='word_1_898' title='bbox 1198 1460 1222 1485; x_wconf 78' lang='grc'>8.</span> <span class='ocrx_word' id='word_1_899' title='bbox 1260 1458 1302 1485; x_wconf 93' lang='lat' dir='ltr'><strong>lII.</strong></span> <span class='ocrx_word' id='word_1_900' title='bbox 1322 1460 1387 1486; x_wconf 75' lang='lat' dir='ltr'>Cn.</span> <span class='ocrx_word' id='word_1_901' title='bbox 1408 1459 1592 1496; x_wconf 81' lang='lat' dir='ltr'>Quodcunque</span> <span class='ocrx_word' id='word_1_902' title='bbox 1612 1459 1711 1486; x_wconf 89' lang='lat' dir='ltr'>fraudis</span> <span class='ocrx_word' id='word_1_903' title='bbox 1732 1468 1808 1485; x_wconf 84' lang='lat' dir='ltr'>causa</span> <span class='ocrx_word' id='word_1_904' title='bbox 1828 1457 1925 1483; x_wconf 88' lang='lat' dir='ltr'>sactum</span> 
     </span>
     <span class='ocr_line' id='line_1_98' title="bbox 1080 1499 1924 1538; baseline -0.004 -10"><span class='ocrx_word' id='word_1_905' title='bbox 1080 1507 1128 1534; x_wconf 74' lang='lat' dir='ltr'>est⁷</span> <span class='ocrx_word' id='word_1_906' title='bbox 1147 1516 1179 1521; x_wconf 89' lang='lat'>-—</span> <span class='ocrx_word' id='word_1_907' title='bbox 1199 1501 1379 1538; x_wconf 84' lang='lat' dir='ltr'>qualecunque</span> <span class='ocrx_word' id='word_1_908' title='bbox 1399 1502 1484 1528; x_wconf 85' lang='lat' dir='ltr'>suerit.</span> <span class='ocrx_word' id='word_1_909' title='bbox 1504 1502 1534 1529; x_wconf 79' lang='lat' dir='ltr'>fr.</span> <span class='ocrx_word' id='word_1_910' title='bbox 1556 1505 1578 1528; x_wconf 95' lang='lat' dir='ltr'>l.</span> <span class='ocrx_word' id='word_1_911' title='bbox 1598 1503 1620 1536; x_wconf 97' lang='lat'>5.</span> <span class='ocrx_word' id='word_1_912' title='bbox 1639 1505 1663 1528; x_wconf 85' lang='lat'>2.</span> <span class='ocrx_word' id='word_1_913' title='bbox 1685 1502 1736 1536; x_wconf 90' lang='lat' dir='ltr'>Qu.</span> <span class='ocrx_word' id='word_1_914' title='bbox 1757 1502 1783 1527; x_wconf 87' lang='lat' dir='ltr'>in</span> <span class='ocrx_word' id='word_1_915' title='bbox 1803 1500 1833 1526; x_wconf 83' lang='lat' dir='ltr'>fr.</span> <span class='ocrx_word' id='word_1_916' title='bbox 1854 1499 1924 1526; x_wconf 81' lang='lat' dir='ltr'>cred.</span> 
     </span>
     <span class='ocr_line' id='line_1_99' title="bbox 1078 1542 1925 1581; baseline -0.004 -10"><span class='ocrx_word' id='word_1_917' title='bbox 1078 1547 1120 1571; x_wconf 88' lang='lat'>42.</span> <span class='ocrx_word' id='word_1_918' title='bbox 1144 1547 1167 1571; x_wconf 73' lang='lat'>8.</span> <span class='ocrx_word' id='word_1_919' title='bbox 1206 1544 1397 1581; x_wconf 83' lang='lat' dir='ltr'>Qualecunque</span> <span class='ocrx_word' id='word_1_920' title='bbox 1423 1550 1449 1571; x_wconf 83' lang='lat' dir='ltr'>et</span> <span class='ocrx_word' id='word_1_921' title='bbox 1472 1545 1646 1581; x_wconf 82' lang='lat' dir='ltr'>undecunque</span> <span class='ocrx_word' id='word_1_922' title='bbox 1669 1544 1812 1570; x_wconf 88' lang='lat' dir='ltr'>dominium</span> <span class='ocrx_word' id='word_1_923' title='bbox 1836 1542 1925 1579; x_wconf 90' lang='lat' dir='ltr'>adqui-</span> 
     </span>
     <span class='ocr_line' id='line_1_100' title="bbox 1078 1586 1924 1621; baseline -0.004 -7"><span class='ocrx_word' id='word_1_924' title='bbox 1078 1589 1158 1614; x_wconf 86' lang='lat' dir='ltr'>situm</span> <span class='ocrx_word' id='word_1_925' title='bbox 1177 1587 1275 1614; x_wconf 72' lang='lat' dir='ltr'>habuit.</span> <span class='ocrx_word' id='word_1_926' title='bbox 1296 1587 1327 1614; x_wconf 82' lang='lat' dir='ltr'>sr.</span> <span class='ocrx_word' id='word_1_927' title='bbox 1349 1590 1387 1613; x_wconf 94' lang='lat' dir='ltr'>ll.</span> <span class='ocrx_word' id='word_1_928' title='bbox 1408 1588 1429 1621; x_wconf 88' lang='lat'>5.</span> <span class='ocrx_word' id='word_1_929' title='bbox 1449 1590 1472 1614; x_wconf 97' lang='lat'>5.</span> <span class='ocrx_word' id='word_1_930' title='bbox 1493 1588 1525 1614; x_wconf 84' lang='lat' dir='ltr'>de</span> <span class='ocrx_word' id='word_1_931' title='bbox 1545 1598 1602 1614; x_wconf 71' lang='lat' dir='ltr'>exc.</span> <span class='ocrx_word' id='word_1_932' title='bbox 1623 1588 1660 1613; x_wconf 84' lang='lat' dir='ltr'>rei</span> <span class='ocrx_word' id='word_1_933' title='bbox 1681 1586 1732 1613; x_wconf 90' lang='lat' dir='ltr'>iud.</span> <span class='ocrx_word' id='word_1_934' title='bbox 1747 1588 1788 1612; x_wconf 81' lang='lat'>44.</span> <span class='ocrx_word' id='word_1_935' title='bbox 1802 1588 1825 1612; x_wconf 86' lang='grc'>2.</span> <span class='ocrx_word' id='word_1_936' title='bbox 1852 1586 1924 1621; x_wconf 88' lang='lat' dir='ltr'>Quo-</span> 
     </span>
     <span class='ocr_line' id='line_1_101' title="bbox 1079 1629 1923 1668; baseline -0.005 -11"><span class='ocrx_word' id='word_1_937' title='bbox 1079 1641 1181 1667; x_wconf 86' lang='lat' dir='ltr'>cunque</span> <span class='ocrx_word' id='word_1_938' title='bbox 1201 1629 1279 1656; x_wconf 86' lang='lat' dir='ltr'>modo</span> <span class='ocrx_word' id='word_1_939' title='bbox 1299 1630 1490 1666; x_wconf 83' lang='lat' dir='ltr'>qualiscunque</span> <span class='ocrx_word' id='word_1_940' title='bbox 1508 1641 1622 1668; x_wconf 84' lang='lat' dir='ltr'>persona</span> <span class='ocrx_word' id='word_1_941' title='bbox 1641 1629 1785 1667; x_wconf 79' lang='lat' dir='ltr'>possideat.</span> <span class='ocrx_word' id='word_1_942' title='bbox 1811 1639 1831 1654; x_wconf 87' lang='lat' dir='ltr'>c.</span> <span class='ocrx_word' id='word_1_943' title='bbox 1851 1631 1875 1653; x_wconf 78' lang='grc'>2.</span> <span class='ocrx_word' id='word_1_944' title='bbox 1896 1633 1923 1654; x_wconf 91' lang='lat' dir='ltr'>ut</span> 
     </span>
     <span class='ocr_line' id='line_1_102' title="bbox 1079 1673 1924 1710; baseline -0.005 -10"><span class='ocrx_word' id='word_1_945' title='bbox 1079 1684 1155 1700; x_wconf 80' lang='lat' dir='ltr'>nemo</span> <span class='ocrx_word' id='word_1_946' title='bbox 1171 1674 1237 1710; x_wconf 88' lang='lat' dir='ltr'>priv.</span> <span class='ocrx_word' id='word_1_947' title='bbox 1251 1676 1275 1699; x_wconf 80' lang='lat'>2.</span> <span class='ocrx_word' id='word_1_948' title='bbox 1291 1675 1330 1699; x_wconf 92' lang='lat'>16.</span> <span class='ocrx_word' id='word_1_949' title='bbox 1358 1673 1486 1705; x_wconf 73' lang='lat' dir='ltr'>Heredes,</span> <span class='ocrx_word' id='word_1_950' title='bbox 1506 1674 1654 1708; x_wconf 83' lang='lat' dir='ltr'>caeterique</span> <span class='ocrx_word' id='word_1_951' title='bbox 1667 1681 1845 1703; x_wconf 78' lang='lat' dir='ltr'>successo1·eS‚</span> <span class='ocrx_word' id='word_1_952' title='bbox 1864 1681 1924 1707; x_wconf 85' lang='lat' dir='ltr'>qua—</span> 
     </span>
     <span class='ocr_line' id='line_1_103' title="bbox 1078 1714 1923 1753; baseline -0.004 -11"><span class='ocrx_word' id='word_1_953' title='bbox 1078 1716 1223 1752; x_wconf 82' lang='lat' dir='ltr'>lescunque</span> <span class='ocrx_word' id='word_1_954' title='bbox 1243 1715 1347 1742; x_wconf 75' lang='lat' dir='ltr'>suerint.</span> <span class='ocrx_word' id='word_1_955' title='bbox 1372 1716 1403 1742; x_wconf 76' lang='lat' dir='ltr'>t&#39;r.</span> <span class='ocrx_word' id='word_1_956' title='bbox 1422 1718 1446 1742; x_wconf 90' lang='lat'>6.</span> <span class='ocrx_word' id='word_1_957' title='bbox 1467 1727 1505 1753; x_wconf 88' lang='lat' dir='ltr'>pr.</span> <span class='ocrx_word' id='word_1_958' title='bbox 1531 1716 1563 1742; x_wconf 86' lang='lat' dir='ltr'>de</span> <span class='ocrx_word' id='word_1_959' title='bbox 1587 1715 1659 1752; x_wconf 74' lang='lat' dir='ltr'>relig.</span> <span class='ocrx_word' id='word_1_960' title='bbox 1681 1717 1720 1741; x_wconf 88' lang='grc' dir='ltr'>ΙΙ.</span> <span class='ocrx_word' id='word_1_961' title='bbox 1741 1717 1763 1741; x_wconf 71' lang='lat'>7.</span> <span class='ocrx_word' id='word_1_962' title='bbox 1801 1714 1923 1750; x_wconf 87' lang='lat' dir='ltr'>Qualem-</span> 
     </span>
     <span class='ocr_line' id='line_1_104' title="bbox 1078 1758 1922 1795; baseline -0.002 -11"><span class='ocrx_word' id='word_1_963' title='bbox 1078 1769 1180 1795; x_wconf 80' lang='lat' dir='ltr'>cunque</span> <span class='ocrx_word' id='word_1_964' title='bbox 1203 1764 1313 1785; x_wconf 83' lang='lat' dir='ltr'>mortem</span> <span class='ocrx_word' id='word_1_965' title='bbox 1337 1761 1472 1785; x_wconf 80' lang='lat' dir='ltr'>testatoris</span> <span class='ocrx_word' id='word_1_966' title='bbox 1499 1758 1608 1785; x_wconf 85' lang='lat' dir='ltr'>inultam</span> <span class='ocrx_word' id='word_1_967' title='bbox 1633 1768 1685 1784; x_wconf 88' lang='lat' dir='ltr'>non</span> <span class='ocrx_word' id='word_1_968' title='bbox 1705 1758 1922 1795; x_wconf 79' lang='lat' dir='ltr'>praetermittere.</span> 
     </span>
     <span class='ocr_line' id='line_1_105' title="bbox 1078 1801 1340 1835; baseline 0 -8"><span class='ocrx_word' id='word_1_969' title='bbox 1078 1801 1149 1828; x_wconf 89' lang='lat' dir='ltr'>Paul.</span> <span class='ocrx_word' id='word_1_970' title='bbox 1170 1801 1212 1827; x_wconf 92' lang='lat' dir='ltr'><strong>Ill.</strong></span> <span class='ocrx_word' id='word_1_971' title='bbox 1232 1804 1256 1827; x_wconf 84' lang='lat'>5.</span> <span class='ocrx_word' id='word_1_972' title='bbox 1276 1802 1298 1835; x_wconf 93' lang='lat'>5.</span> <span class='ocrx_word' id='word_1_973' title='bbox 1317 1803 1340 1827; x_wconf 85' lang='grc'>2.</span> 
     </span>
    </p>

    <p class='ocr_par' dir='ltr' id='par_1_39' title="bbox 1111 1843 1921 1878">
     <span class='ocr_line' id='line_1_106' title="bbox 1111 1843 1921 1878; baseline -0.002 -8"><span class='ocrx_word' id='word_1_974' title='bbox 1111 1844 1299 1875; x_wconf 66' lang='lat' dir='ltr'>Qualitas.</span> <span class='ocrx_word' id='word_1_975' title='bbox 1337 1845 1368 1878; x_wconf 66' lang='grc' dir='ltr'>ξ.</span> <span class='ocrx_word' id='word_1_976' title='bbox 1388 1846 1422 1871; x_wconf 91' lang='grc'>1.</span> <span class='ocrx_word' id='word_1_977' title='bbox 1453 1846 1622 1876; x_wconf 74' lang='lat' dir='ltr'>conditio,</span> <span class='ocrx_word' id='word_1_978' title='bbox 1656 1846 1776 1871; x_wconf 78' lang='lat' dir='ltr'>Modus.</span> <span class='ocrx_word' id='word_1_979' title='bbox 1819 1843 1839 1869; x_wconf 90' lang='grc' dir='ltr'>Ι.</span> <span class='ocrx_word' id='word_1_980' title='bbox 1859 1844 1921 1876; x_wconf 77' lang='lat' dir='ltr'>Sy.</span> 
     </span>
    </p>
   </div>
   <div class='ocr_carea' id='block_1_34' title="bbox 1077 1928 1922 2135">
    <p class='ocr_par' dir='ltr' id='par_1_40' title="bbox 1077 1928 1922 2135">
     <span class='ocr_line' id='line_1_107' title="bbox 1078 1928 1922 1967; baseline -0.002 -12"><span class='ocrx_word' id='word_1_981' title='bbox 1078 1929 1109 1955; x_wconf 85' lang='lat' dir='ltr'>de</span> <span class='ocrx_word' id='word_1_982' title='bbox 1128 1939 1206 1966; x_wconf 84' lang='lat' dir='ltr'>poen.</span> <span class='ocrx_word' id='word_1_983' title='bbox 1243 1929 1285 1955; x_wconf 88' lang='lat' dir='ltr'><strong>III.</strong></span> <span class='ocrx_word' id='word_1_984' title='bbox 1308 1931 1374 1957; x_wconf 74' lang='lat'><em>011.</em></span> <span class='ocrx_word' id='word_1_985' title='bbox 1405 1929 1479 1956; x_wconf 74' lang='lat' dir='ltr'>Vitae</span> <span class='ocrx_word' id='word_1_986' title='bbox 1502 1930 1614 1967; x_wconf 83' lang='lat' dir='ltr'>qualitas</span> <span class='ocrx_word' id='word_1_987' title='bbox 1640 1931 1753 1967; x_wconf 78' lang='lat' dir='ltr'>spectari</span> <span class='ocrx_word' id='word_1_988' title='bbox 1778 1928 1871 1959; x_wconf 78' lang='lat' dir='ltr'>debet,</span> <span class='ocrx_word' id='word_1_989' title='bbox 1897 1933 1922 1953; x_wconf 84' lang='lat' dir='ltr'>et</span> 
     </span>
     <span class='ocr_line' id='line_1_108' title="bbox 1554 1971 1920 2009; baseline -0.008 -10"><span class='ocrx_word' id='word_1_990' title='bbox 1554 1972 1604 1999; x_wconf 90' lang='lat' dir='ltr'>Pro</span> <span class='ocrx_word' id='word_1_991' title='bbox 1629 1972 1754 2009; x_wconf 82' lang='lat' dir='ltr'>qualitate</span> <span class='ocrx_word' id='word_1_992' title='bbox 1778 1971 1920 2007; x_wconf 75' lang='lat' dir='ltr'>dignitatis.</span> 
     </span>
     <span class='ocr_line' id='line_1_109' title="bbox 1078 2014 1922 2053; baseline -0.002 -12"><span class='ocrx_word' id='word_1_993' title='bbox 1078 2015 1113 2041; x_wconf 92' lang='lat' dir='ltr'>ld.</span> <span class='ocrx_word' id='word_1_994' title='bbox 1128 2014 1160 2041; x_wconf 75' lang='lat' dir='ltr'>V.</span> <span class='ocrx_word' id='word_1_995' title='bbox 1179 2017 1220 2041; x_wconf 88' lang='lat'>22.</span> <span class='ocrx_word' id='word_1_996' title='bbox 1241 2016 1262 2049; x_wconf 91' lang='lat'>5.</span> <span class='ocrx_word' id='word_1_997' title='bbox 1285 2017 1306 2042; x_wconf 94' lang='lat' dir='ltr'>l.</span> <span class='ocrx_word' id='word_1_998' title='bbox 1343 2015 1398 2042; x_wconf 64' lang='lat' dir='ltr'>Nec</span> <span class='ocrx_word' id='word_1_999' title='bbox 1417 2017 1492 2042; x_wconf 81' lang='lat' dir='ltr'>xenia</span> <span class='ocrx_word' id='word_1_1000' title='bbox 1514 2015 1682 2053; x_wconf 79' lang='lat' dir='ltr'>producenda</span> <span class='ocrx_word' id='word_1_1001' title='bbox 1702 2021 1763 2042; x_wconf 92' lang='lat' dir='ltr'>sunt</span> <span class='ocrx_word' id='word_1_1002' title='bbox 1783 2015 1814 2041; x_wconf 90' lang='lat' dir='ltr'>ad</span> <span class='ocrx_word' id='word_1_1003' title='bbox 1833 2024 1922 2040; x_wconf 84' lang='lat' dir='ltr'>mune—</span> 
     </span>
     <span class='ocr_line' id='line_1_110' title="bbox 1077 2057 1919 2094; baseline 0 -12"><span class='ocrx_word' id='word_1_1004' title='bbox 1077 2067 1132 2083; x_wconf 91' lang='lat' dir='ltr'>rum</span> <span class='ocrx_word' id='word_1_1005' title='bbox 1152 2057 1310 2093; x_wconf 84' lang='lat' dir='ltr'>qualitatem.</span> <span class='ocrx_word' id='word_1_1006' title='bbox 1330 2058 1360 2084; x_wconf 88' lang='lat' dir='ltr'>sr.</span> <span class='ocrx_word' id='word_1_1007' title='bbox 1381 2061 1403 2084; x_wconf 80' lang='lat'>(5.</span> <span class='ocrx_word' id='word_1_1008' title='bbox 1425 2059 1446 2092; x_wconf 89' lang='lat'>5.</span> <span class='ocrx_word' id='word_1_1009' title='bbox 1467 2061 1490 2085; x_wconf 83' lang='lat'>3.</span> <span class='ocrx_word' id='word_1_1010' title='bbox 1512 2059 1544 2085; x_wconf 90' lang='lat' dir='ltr'>de</span> <span class='ocrx_word' id='word_1_1011' title='bbox 1563 2059 1607 2085; x_wconf 72' lang='lat' dir='ltr'>off.</span> <span class='ocrx_word' id='word_1_1012' title='bbox 1630 2059 1704 2085; x_wconf 88' lang='lat' dir='ltr'>Proc.</span> <span class='ocrx_word' id='word_1_1013' title='bbox 1725 2064 1750 2085; x_wconf 87' lang='lat' dir='ltr'>et</span> <span class='ocrx_word' id='word_1_1014' title='bbox 1763 2058 1824 2094; x_wconf 74' lang='lat' dir='ltr'>Leg.</span> <span class='ocrx_word' id='word_1_1015' title='bbox 1841 2060 1862 2083; x_wconf 95' lang='lat' dir='ltr'>l.</span> <span class='ocrx_word' id='word_1_1016' title='bbox 1880 2058 1919 2082; x_wconf 90' lang='lat'>16.</span> 
     </span>
     <span class='ocr_line' id='line_1_111' title="bbox 1078 2099 1921 2135; baseline 0 -10"><span class='ocrx_word' id='word_1_1017' title='bbox 1078 2099 1199 2135; x_wconf 85' lang='lat' dir='ltr'>Qualitas</span> <span class='ocrx_word' id='word_1_1018' title='bbox 1224 2111 1304 2127; x_wconf 78' lang='lat' dir='ltr'>sexus</span> <span class='ocrx_word' id='word_1_1019' title='bbox 1328 2101 1513 2128; x_wconf 86' lang='lat' dir='ltr'>incalescentis</span> <span class='ocrx_word' id='word_1_1020' title='bbox 1538 2101 1661 2127; x_wconf 78' lang='lat' dir='ltr'>ostendit.</span> <span class='ocrx_word' id='word_1_1021' title='bbox 1687 2101 1717 2127; x_wconf 72' lang='grc' dir='ltr'>[ι’.</span> <span class='ocrx_word' id='word_1_1022' title='bbox 1738 2103 1778 2127; x_wconf 91' lang='lat'>15.</span> <span class='ocrx_word' id='word_1_1023' title='bbox 1803 2101 1825 2134; x_wconf 89' lang='lat'>5.</span> <span class='ocrx_word' id='word_1_1024' title='bbox 1846 2102 1868 2126; x_wconf 95' lang='lat' dir='ltr'>l.</span> <span class='ocrx_word' id='word_1_1025' title='bbox 1888 2099 1921 2125; x_wconf 79' lang='lat' dir='ltr'>de</span> 
     </span>
    </p>
   </div>
   <div class='ocr_carea' id='block_1_35' title="bbox 1053 2143 1919 2181">
    <p class='ocr_par' dir='ltr' id='par_1_41' title="bbox 1053 2143 1919 2181">
     <span class='ocr_line' id='line_1_112' title="bbox 1053 2143 1919 2181; baseline 0 -13"><span class='ocrx_word' id='word_1_1026' title='bbox 1053 2143 1054 2174; x_wconf 54' lang='lat' dir='ltr'>i</span> <span class='ocrx_word' id='word_1_1027' title='bbox 1077 2143 1164 2169; x_wconf 85' lang='lat' dir='ltr'>testib.</span> <span class='ocrx_word' id='word_1_1028' title='bbox 1184 2145 1225 2169; x_wconf 77' lang='lat'>22.</span> <span class='ocrx_word' id='word_1_1029' title='bbox 1245 2145 1268 2170; x_wconf 85' lang='lat'>5.</span> <span class='ocrx_word' id='word_1_1030' title='bbox 1306 2144 1346 2170; x_wconf 80' lang='lat' dir='ltr'>Ex</span> <span class='ocrx_word' id='word_1_1031' title='bbox 1369 2144 1493 2180; x_wconf 75' lang='lat' dir='ltr'>qualitate</span> <span class='ocrx_word' id='word_1_1032' title='bbox 1518 2144 1719 2181; x_wconf 74' lang='lat' dir='ltr'>disceptationis</span> <span class='ocrx_word' id='word_1_1033' title='bbox 1744 2143 1856 2169; x_wconf 81' lang='lat' dir='ltr'>indicem</span> <span class='ocrx_word' id='word_1_1034' title='bbox 1881 2153 1919 2168; x_wconf 84' lang='lat' dir='ltr'>ae-</span> 
     </span>
    </p>
   </div>
   <div class='ocr_carea' id='block_1_36' title="bbox 1075 2186 1919 2351">
    <p class='ocr_par' dir='ltr' id='par_1_42' title="bbox 1075 2186 1919 2351">
     <span class='ocr_line' id='line_1_113' title="bbox 1076 2186 1919 2222; baseline -0.001 -10"><span class='ocrx_word' id='word_1_1035' title='bbox 1076 2187 1248 2212; x_wconf 85' lang='lat' dir='ltr'>stimaturum.</span> <span class='ocrx_word' id='word_1_1036' title='bbox 1273 2187 1303 2213; x_wconf 87' lang='lat' dir='ltr'>sr.</span> <span class='ocrx_word' id='word_1_1037' title='bbox 1323 2190 1365 2214; x_wconf 63' lang='lat'>25.</span> <span class='ocrx_word' id='word_1_1038' title='bbox 1389 2188 1410 2221; x_wconf 97' lang='lat'>5.</span> <span class='ocrx_word' id='word_1_1039' title='bbox 1431 2189 1454 2213; x_wconf 91' lang='lat'>9.</span> <span class='ocrx_word' id='word_1_1040' title='bbox 1480 2187 1512 2213; x_wconf 87' lang='lat' dir='ltr'>de</span> <span class='ocrx_word' id='word_1_1041' title='bbox 1536 2187 1636 2213; x_wconf 75' lang='lat' dir='ltr'>liberat.</span> <span class='ocrx_word' id='word_1_1042' title='bbox 1658 2187 1706 2222; x_wconf 72' lang='lat' dir='ltr'>leg.</span> <span class='ocrx_word' id='word_1_1043' title='bbox 1726 2188 1768 2212; x_wconf 81' lang='grc'>34.</span> <span class='ocrx_word' id='word_1_1044' title='bbox 1788 2188 1812 2212; x_wconf 80' lang='grc'>3.</span> <span class='ocrx_word' id='word_1_1045' title='bbox 1851 2186 1919 2220; x_wconf 86' lang='lat' dir='ltr'>Qua-</span> 
     </span>
     <span class='ocr_line' id='line_1_114' title="bbox 1075 2229 1919 2266; baseline -0.002 -11"><span class='ocrx_word' id='word_1_1046' title='bbox 1075 2229 1136 2255; x_wconf 80' lang='lat' dir='ltr'>litas</span> <span class='ocrx_word' id='word_1_1047' title='bbox 1156 2239 1262 2266; x_wconf 89' lang='lat' dir='ltr'>precum</span> <span class='ocrx_word' id='word_1_1048' title='bbox 1278 2246 1307 2249; x_wconf 86' lang='lat'>——</span> <span class='ocrx_word' id='word_1_1049' title='bbox 1323 2231 1471 2256; x_wconf 86' lang='lat' dir='ltr'>commovit.</span> <span class='ocrx_word' id='word_1_1050' title='bbox 1493 2229 1562 2256; x_wconf 72' lang='lat' dir='ltr'>coll.</span> <span class='ocrx_word' id='word_1_1051' title='bbox 1576 2229 1628 2255; x_wconf 86' lang='lat' dir='ltr'>LL.</span> <span class='ocrx_word' id='word_1_1052' title='bbox 1642 2229 1675 2255; x_wconf 81' lang='grc' dir='ltr'>Μ.</span> <span class='ocrx_word' id='word_1_1053' title='bbox 1696 2229 1714 2255; x_wconf 94' lang='lat'>1.</span> <span class='ocrx_word' id='word_1_1054' title='bbox 1735 2231 1774 2255; x_wconf 90' lang='lat'>10.</span> <span class='ocrx_word' id='word_1_1055' title='bbox 1790 2245 1821 2248; x_wconf 88' lang='lat'><strong>—</strong></span> <span class='ocrx_word' id='word_1_1056' title='bbox 1842 2229 1871 2261; x_wconf 65' lang='grc' dir='ltr'>ἓ.</span> <span class='ocrx_word' id='word_1_1057' title='bbox 1884 2229 1919 2253; x_wconf 69' lang='grc'>2.</span> 
     </span>
     <span class='ocr_line' id='line_1_115' title="bbox 1076 2272 1919 2303; baseline -0.004 -5"><span class='ocrx_word' id='word_1_1058' title='bbox 1076 2274 1229 2303; x_wconf 77' lang='lat' dir='ltr'>Bonitas,</span> <span class='ocrx_word' id='word_1_1059' title='bbox 1255 2274 1467 2299; x_wconf 65' lang='lat' dir='ltr'>Pretiositas.</span> <span class='ocrx_word' id='word_1_1060' title='bbox 1504 2272 1546 2298; x_wconf 90' lang='lat' dir='ltr'><strong>III.</strong></span> <span class='ocrx_word' id='word_1_1061' title='bbox 1568 2274 1634 2299; x_wconf 75' lang='lat' dir='ltr'>Cn.</span> <span class='ocrx_word' id='word_1_1062' title='bbox 1663 2273 1693 2298; x_wconf 82' lang='lat' dir='ltr'>Si</span> <span class='ocrx_word' id='word_1_1063' title='bbox 1712 2272 1828 2298; x_wconf 85' lang='lat' dir='ltr'>eiusdem</span> <span class='ocrx_word' id='word_1_1064' title='bbox 1848 2275 1919 2296; x_wconf 86' lang='lat' dir='ltr'>natu—</span> 
     </span>
     <span class='ocr_line' id='line_1_116' title="bbox 1076 2314 1918 2351; baseline -0.002 -11"><span class='ocrx_word' id='word_1_1065' title='bbox 1076 2325 1119 2340; x_wconf 84' lang='lat' dir='ltr'>rae</span> <span class='ocrx_word' id='word_1_1066' title='bbox 1141 2314 1329 2351; x_wconf 83' lang='lat' dir='ltr'>qualitatisque</span> <span class='ocrx_word' id='word_1_1067' title='bbox 1353 2317 1387 2341; x_wconf 80' lang='lat' dir='ltr'>sit</span> <span class='ocrx_word' id='word_1_1068' title='bbox 1410 2317 1543 2347; x_wconf 73' lang='lat' dir='ltr'>(vinum.)</span> <span class='ocrx_word' id='word_1_1069' title='bbox 1569 2316 1625 2341; x_wconf 65' lang='lat' dir='ltr'>Gai.</span> <span class='ocrx_word' id='word_1_1070' title='bbox 1645 2315 1689 2341; x_wconf 65' lang='lat' dir='ltr'>IV.</span> <span class='ocrx_word' id='word_1_1071' title='bbox 1710 2317 1750 2341; x_wconf 86' lang='grc'>66.</span> <span class='ocrx_word' id='word_1_1072' title='bbox 1771 2314 1803 2340; x_wconf 76' lang='lat' dir='ltr'>cl&#39;.</span> <span class='ocrx_word' id='word_1_1073' title='bbox 1828 2314 1858 2340; x_wconf 75' lang='lat' dir='ltr'>l&#39;r.</span> <span class='ocrx_word' id='word_1_1074' title='bbox 1878 2315 1918 2339; x_wconf 84' lang='lat'>75.</span> 
     </span>
    </p>
   </div>
   <div class='ocr_carea' id='block_1_37' title="bbox 191 2347 1918 2397">
    <p class='ocr_par' dir='ltr' id='par_1_43' title="bbox 191 2347 1918 2397">
     <span class='ocr_line' id='line_1_117' title="bbox 191 2347 1918 2397; baseline 0.002 -15"><span class='ocrx_word' id='word_1_1075' title='bbox 191 2357 338 2389; x_wconf 81' lang='lat' dir='ltr'>(societas.)</span> <span class='ocrx_word' id='word_1_1076' title='bbox 359 2356 388 2382; x_wconf 84' lang='lat' dir='ltr'>fr.</span> <span class='ocrx_word' id='word_1_1077' title='bbox 407 2359 430 2383; x_wconf 81' lang='lat'>7.</span> <span class='ocrx_word' id='word_1_1078' title='bbox 450 2368 489 2394; x_wconf 89' lang='lat' dir='ltr'>sq.</span> <span class='ocrx_word' id='word_1_1079' title='bbox 510 2358 539 2384; x_wconf 84' lang='lat' dir='ltr'>sr.</span> <span class='ocrx_word' id='word_1_1080' title='bbox 562 2360 668 2395; x_wconf 85' lang='lat' dir='ltr'>13.&#39;pro</span> <span class='ocrx_word' id='word_1_1081' title='bbox 688 2368 742 2384; x_wconf 71' lang='lat' dir='ltr'>soc.</span> <span class='ocrx_word' id='word_1_1082' title='bbox 765 2360 803 2384; x_wconf 92' lang='lat'>17.</span> <span class='ocrx_word' id='word_1_1083' title='bbox 822 2361 845 2384; x_wconf 91' lang='lat'>2.</span> <span class='ocrx_word' id='word_1_1084' title='bbox 866 2359 896 2385; x_wconf 87' lang='lat' dir='ltr'>sr.</span> <span class='ocrx_word' id='word_1_1085' title='bbox 910 2361 951 2386; x_wconf 88' lang='grc'>45.</span> <span class='ocrx_word' id='word_1_1086' title='bbox 971 2361 992 2394; x_wconf 88' lang='lat'>5.</span> <span class='ocrx_word' id='word_1_1087' title='bbox 1006 2362 1030 2386; x_wconf 84' lang='lat'>2.</span> <span class='ocrx_word' id='word_1_1088' title='bbox 1051 2347 1054 2397; x_wconf 56' lang='lat' dir='ltr'>l}</span> <span class='ocrx_word' id='word_1_1089' title='bbox 1075 2358 1096 2391; x_wconf 85' lang='lat'>5.</span> <span class='ocrx_word' id='word_1_1090' title='bbox 1119 2360 1140 2383; x_wconf 89' lang='lat' dir='ltr'>l.</span> <span class='ocrx_word' id='word_1_1091' title='bbox 1161 2357 1194 2384; x_wconf 80' lang='lat' dir='ltr'>de</span> <span class='ocrx_word' id='word_1_1092' title='bbox 1214 2357 1245 2384; x_wconf 83' lang='lat' dir='ltr'>V.</span> <span class='ocrx_word' id='word_1_1093' title='bbox 1267 2359 1299 2383; x_wconf 81' lang='lat'>0-</span> <span class='ocrx_word' id='word_1_1094' title='bbox 1319 2360 1360 2383; x_wconf 75' lang='lat'>45.</span> <span class='ocrx_word' id='word_1_1095' title='bbox 1383 2360 1403 2384; x_wconf 88' lang='lat' dir='ltr'>l.</span> <span class='ocrx_word' id='word_1_1096' title='bbox 1425 2358 1473 2384; x_wconf 84' lang='lat' dir='ltr'>Th.</span> <span class='ocrx_word' id='word_1_1097' title='bbox 1495 2359 1525 2384; x_wconf 74' lang='lat' dir='ltr'>C.</span> <span class='ocrx_word' id='word_1_1098' title='bbox 1545 2358 1589 2384; x_wconf 70' lang='lat' dir='ltr'>XI.</span> <span class='ocrx_word' id='word_1_1099' title='bbox 1610 2362 1633 2383; x_wconf 65' lang='grc' dir='ltr'>’Ζ-</span> <span class='ocrx_word' id='word_1_1100' title='bbox 1660 2368 1680 2384; x_wconf 81' lang='lat' dir='ltr'>c.</span> <span class='ocrx_word' id='word_1_1101' title='bbox 1700 2360 1723 2383; x_wconf 74' lang='lat'>&#39;2-</span> <span class='ocrx_word' id='word_1_1102' title='bbox 1743 2358 1764 2390; x_wconf 75' lang='lat'>5.</span> <span class='ocrx_word' id='word_1_1103' title='bbox 1788 2359 1808 2382; x_wconf 90' lang='lat' dir='ltr'>l·</span> <span class='ocrx_word' id='word_1_1104' title='bbox 1829 2356 1918 2382; x_wconf 62' lang='lat' dir='ltr'>[ribut-</span> 
     </span>
    </p>
   </div>
   <div class='ocr_carea' id='block_1_38' title="bbox 1075 2400 1920 2651">
    <p class='ocr_par' dir='ltr' id='par_1_44' title="bbox 1075 2400 1920 2651">
     <span class='ocr_line' id='line_1_118' title="bbox 1076 2400 1920 2438; baseline -0.002 -12"><span class='ocrx_word' id='word_1_1105' title='bbox 1076 2402 1101 2426; x_wconf 88' lang='lat' dir='ltr'>in</span> <span class='ocrx_word' id='word_1_1106' title='bbox 1122 2401 1170 2437; x_wconf 89' lang='lat' dir='ltr'>ips.</span> <span class='ocrx_word' id='word_1_1107' title='bbox 1191 2410 1262 2437; x_wconf 84' lang='lat' dir='ltr'>spec.</span> <span class='ocrx_word' id='word_1_1108' title='bbox 1300 2400 1397 2426; x_wconf 83' lang='lat' dir='ltr'>Eadem</span> <span class='ocrx_word' id='word_1_1109' title='bbox 1418 2402 1506 2438; x_wconf 79' lang='lat' dir='ltr'>speeie</span> <span class='ocrx_word' id='word_1_1110' title='bbox 1526 2406 1551 2426; x_wconf 89' lang='lat' dir='ltr'>et</span> <span class='ocrx_word' id='word_1_1111' title='bbox 1571 2401 1694 2437; x_wconf 80' lang='lat' dir='ltr'>qualitate</span> <span class='ocrx_word' id='word_1_1112' title='bbox 1712 2404 1867 2436; x_wconf 84' lang='lat' dir='ltr'>(reponatur</span> <span class='ocrx_word' id='word_1_1113' title='bbox 1880 2409 1920 2424; x_wconf 84' lang='lat' dir='ltr'>ae-</span> 
     </span>
     <span class='ocr_line' id='line_1_119' title="bbox 1076 2442 1917 2478; baseline -0.002 -9"><span class='ocrx_word' id='word_1_1114' title='bbox 1076 2443 1214 2473; x_wconf 77' lang='lat' dir='ltr'>diticium.)</span> <span class='ocrx_word' id='word_1_1115' title='bbox 1234 2443 1264 2469; x_wconf 83' lang='lat' dir='ltr'>fr.</span> <span class='ocrx_word' id='word_1_1116' title='bbox 1284 2445 1325 2468; x_wconf 85' lang='grc'>20.</span> <span class='ocrx_word' id='word_1_1117' title='bbox 1346 2444 1367 2476; x_wconf 91' lang='lat'>5</span> <span class='ocrx_word' id='word_1_1118' title='bbox 1388 2446 1410 2468; x_wconf 88' lang='lat'>2.</span> <span class='ocrx_word' id='word_1_1119' title='bbox 1431 2443 1463 2469; x_wconf 86' lang='lat' dir='ltr'>de</span> <span class='ocrx_word' id='word_1_1120' title='bbox 1481 2443 1507 2469; x_wconf 89' lang='lat' dir='ltr'>S.</span> <span class='ocrx_word' id='word_1_1121' title='bbox 1522 2443 1550 2469; x_wconf 90' lang='lat' dir='ltr'>P.</span> <span class='ocrx_word' id='word_1_1122' title='bbox 1566 2443 1595 2469; x_wconf 74' lang='lat' dir='ltr'>V.</span> <span class='ocrx_word' id='word_1_1123' title='bbox 1610 2448 1634 2469; x_wconf 67' lang='grc' dir='ltr'>ὅ.</span> <span class='ocrx_word' id='word_1_1124' title='bbox 1653 2446 1677 2469; x_wconf 82' lang='lat'>2.</span> <span class='ocrx_word' id='word_1_1125' title='bbox 1716 2442 1849 2478; x_wconf 84' lang='lat' dir='ltr'>Qualitate</span> <span class='ocrx_word' id='word_1_1126' title='bbox 1868 2444 1917 2473; x_wconf 88' lang='lat' dir='ltr'>(sc.</span> 
     </span>
     <span class='ocr_line' id='line_1_120' title="bbox 1077 2485 1919 2523; baseline -0.004 -10"><span class='ocrx_word' id='word_1_1127' title='bbox 1077 2497 1153 2513; x_wconf 83' lang='lat' dir='ltr'>causa</span> <span class='ocrx_word' id='word_1_1128' title='bbox 1173 2486 1320 2516; x_wconf 80' lang='lat' dir='ltr'>cadimus.)</span> <span class='ocrx_word' id='word_1_1129' title='bbox 1346 2486 1463 2512; x_wconf 81' lang='lat' dir='ltr'>eiusdem</span> <span class='ocrx_word' id='word_1_1130' title='bbox 1483 2488 1581 2523; x_wconf 78' lang='lat' dir='ltr'>speciei</span> <span class='ocrx_word' id='word_1_1131' title='bbox 1602 2496 1655 2512; x_wconf 87' lang='lat' dir='ltr'>rem</span> <span class='ocrx_word' id='word_1_1132' title='bbox 1675 2485 1809 2511; x_wconf 84' lang='lat' dir='ltr'>meliorem</span> <span class='ocrx_word' id='word_1_1133' title='bbox 1828 2489 1919 2521; x_wconf 87' lang='lat' dir='ltr'>postu-</span> 
     </span>
     <span class='ocr_line' id='line_1_121' title="bbox 1075 2527 1918 2563; baseline -0.002 -8"><span class='ocrx_word' id='word_1_1134' title='bbox 1075 2529 1168 2555; x_wconf 78' lang='lat' dir='ltr'>lantes.</span> <span class='ocrx_word' id='word_1_1135' title='bbox 1198 2528 1269 2554; x_wconf 84' lang='lat' dir='ltr'>Paul.</span> <span class='ocrx_word' id='word_1_1136' title='bbox 1290 2528 1308 2554; x_wconf 88' lang='grc' dir='ltr'>Ι.</span> <span class='ocrx_word' id='word_1_1137' title='bbox 1331 2530 1368 2554; x_wconf 86' lang='grc'>10.</span> <span class='ocrx_word' id='word_1_1138' title='bbox 1390 2529 1410 2561; x_wconf 92' lang='lat'>5.</span> <span class='ocrx_word' id='word_1_1139' title='bbox 1432 2531 1454 2555; x_wconf 92' lang='lat'>1.</span> <span class='ocrx_word' id='word_1_1140' title='bbox 1493 2530 1521 2555; x_wconf 85' lang='lat' dir='ltr'>Si</span> <span class='ocrx_word' id='word_1_1141' title='bbox 1550 2530 1576 2554; x_wconf 88' lang='lat' dir='ltr'>in</span> <span class='ocrx_word' id='word_1_1142' title='bbox 1605 2529 1711 2554; x_wconf 72' lang='lat' dir='ltr'>materia</span> <span class='ocrx_word' id='word_1_1143' title='bbox 1740 2533 1765 2553; x_wconf 82' lang='lat' dir='ltr'>et</span> <span class='ocrx_word' id='word_1_1144' title='bbox 1793 2527 1918 2563; x_wconf 81' lang='lat' dir='ltr'>qualitate</span> 
     </span>
     <span class='ocr_line' id='line_1_122' title="bbox 1075 2569 1918 2605; baseline -0.002 -7"><span class='ocrx_word' id='word_1_1145' title='bbox 1075 2573 1151 2598; x_wconf 82' lang='lat' dir='ltr'>ambo</span> <span class='ocrx_word' id='word_1_1146' title='bbox 1176 2576 1300 2597; x_wconf 82' lang='lat' dir='ltr'>errarent.</span> <span class='ocrx_word' id='word_1_1147' title='bbox 1325 2571 1355 2597; x_wconf 83' lang='lat' dir='ltr'>sr.</span> <span class='ocrx_word' id='word_1_1148' title='bbox 1378 2573 1416 2597; x_wconf 87' lang='grc'>14.</span> <span class='ocrx_word' id='word_1_1149' title='bbox 1443 2572 1474 2598; x_wconf 87' lang='lat' dir='ltr'>de</span> <span class='ocrx_word' id='word_1_1150' title='bbox 1499 2576 1581 2597; x_wconf 85' lang='lat' dir='ltr'>contr.</span> <span class='ocrx_word' id='word_1_1151' title='bbox 1605 2576 1664 2597; x_wconf 87' lang='lat' dir='ltr'>emt.</span> <span class='ocrx_word' id='word_1_1152' title='bbox 1686 2572 1725 2597; x_wconf 77' lang='lat'>18.</span> <span class='ocrx_word' id='word_1_1153' title='bbox 1747 2572 1769 2596; x_wconf 91' lang='lat'>1.</span> <span class='ocrx_word' id='word_1_1154' title='bbox 1806 2570 1835 2596; x_wconf 82' lang='lat' dir='ltr'>Si</span> <span class='ocrx_word' id='word_1_1155' title='bbox 1855 2569 1918 2605; x_wconf 88' lang='lat' dir='ltr'>quid</span> 
     </span>
     <span class='ocr_line' id='line_1_123' title="bbox 1075 2613 1916 2651; baseline -0.001 -11"><span class='ocrx_word' id='word_1_1156' title='bbox 1075 2615 1150 2641; x_wconf 85' lang='lat' dir='ltr'>deest</span> <span class='ocrx_word' id='word_1_1157' title='bbox 1169 2615 1277 2645; x_wconf 76' lang='lat' dir='ltr'>emtori⁷</span> <span class='ocrx_word' id='word_1_1158' title='bbox 1297 2615 1353 2640; x_wconf 87' lang='lat' dir='ltr'>sive</span> <span class='ocrx_word' id='word_1_1159' title='bbox 1373 2624 1421 2651; x_wconf 88' lang='lat' dir='ltr'>pro</span> <span class='ocrx_word' id='word_1_1160' title='bbox 1440 2614 1531 2645; x_wconf 71' lang='lat' dir='ltr'>modo,</span> <span class='ocrx_word' id='word_1_1161' title='bbox 1556 2615 1612 2639; x_wconf 82' lang='lat' dir='ltr'>sive.</span> <span class='ocrx_word' id='word_1_1162' title='bbox 1635 2623 1683 2650; x_wconf 87' lang='lat' dir='ltr'>pro</span> <span class='ocrx_word' id='word_1_1163' title='bbox 1709 2613 1833 2649; x_wconf 84' lang='lat' dir='ltr'>qualitate</span> <span class='ocrx_word' id='word_1_1164' title='bbox 1856 2613 1916 2639; x_wconf 88' lang='lat' dir='ltr'>loci.</span> 
     </span>
    </p>
   </div>
   <div class='ocr_carea' id='block_1_39' title="bbox 1073 2698 1915 2865">
    <p class='ocr_par' dir='ltr' id='par_1_45' title="bbox 1075 2698 1914 2774">
     <span class='ocr_line' id='line_1_124' title="bbox 1075 2698 1767 2736; baseline -0.001 -11"><span class='ocrx_word' id='word_1_1165' title='bbox 1075 2700 1192 2736; x_wconf 84' lang='lat' dir='ltr'>(piscis.)</span> <span class='ocrx_word' id='word_1_1166' title='bbox 1213 2699 1261 2726; x_wconf 86' lang='lat' dir='ltr'>Th.</span> <span class='ocrx_word' id='word_1_1167' title='bbox 1282 2699 1312 2726; x_wconf 88' lang='lat' dir='ltr'>C.</span> <span class='ocrx_word' id='word_1_1168' title='bbox 1333 2699 1402 2726; x_wconf 76' lang='lat' dir='ltr'><strong>XIV.</strong></span> <span class='ocrx_word' id='word_1_1169' title='bbox 1423 2701 1464 2724; x_wconf 87' lang='grc'>20.</span> <span class='ocrx_word' id='word_1_1170' title='bbox 1485 2709 1506 2725; x_wconf 88' lang='lat' dir='ltr'>c.</span> <span class='ocrx_word' id='word_1_1171' title='bbox 1522 2700 1544 2724; x_wconf 93' lang='lat'>1.</span> <span class='ocrx_word' id='word_1_1172' title='bbox 1565 2698 1597 2724; x_wconf 89' lang='lat' dir='ltr'>de</span> <span class='ocrx_word' id='word_1_1173' title='bbox 1616 2703 1683 2735; x_wconf 83' lang='lat' dir='ltr'>pret.</span> <span class='ocrx_word' id='word_1_1174' title='bbox 1703 2699 1767 2735; x_wconf 82' lang='lat' dir='ltr'>pise.</span> 
     </span>
     <span class='ocr_line' id='line_1_125' title="bbox 1109 2742 1914 2774; baseline -0.004 -5"><span class='ocrx_word' id='word_1_1175' title='bbox 1109 2743 1297 2774; x_wconf 65' lang='lat' dir='ltr'>Qualiter.</span> <span class='ocrx_word' id='word_1_1176' title='bbox 1317 2742 1430 2773; x_wconf 76' lang='lat' dir='ltr'>(Advb)</span> <span class='ocrx_word' id='word_1_1177' title='bbox 1449 2742 1480 2774; x_wconf 70' lang='lat'>§0</span> <span class='ocrx_word' id='word_1_1178' title='bbox 1496 2743 1529 2767; x_wconf 83' lang='grc' dir='ltr'>Ι.</span> <span class='ocrx_word' id='word_1_1179' title='bbox 1552 2743 1825 2774; x_wconf 69' lang='lat' dir='ltr'>Quemadmodum.</span> <span class='ocrx_word' id='word_1_1180' title='bbox 1848 2743 1914 2773; x_wconf 81' lang='lat' dir='ltr'>Qua</span> 
     </span>
    </p>

    <p class='ocr_par' dir='ltr' id='par_1_46' title="bbox 1074 2782 1915 2822">
     <span class='ocr_line' id='line_1_126' title="bbox 1074 2782 1915 2822; baseline -0.005 -10"><span class='ocrx_word' id='word_1_1181' title='bbox 1074 2788 1211 2812; x_wconf 79' lang='lat' dir='ltr'>ratione.</span> <span class='ocrx_word' id='word_1_1182' title='bbox 1248 2785 1292 2812; x_wconf 94' lang='lat' dir='ltr'><strong>III.</strong></span> <span class='ocrx_word' id='word_1_1183' title='bbox 1309 2787 1374 2812; x_wconf 74' lang='lat' dir='ltr'>Gn.</span> <span class='ocrx_word' id='word_1_1184' title='bbox 1395 2783 1486 2819; x_wconf 67' lang='lat' dir='ltr'>Neque</span> <span class='ocrx_word' id='word_1_1185' title='bbox 1505 2784 1637 2816; x_wconf 78' lang='lat' dir='ltr'>intererit,</span> <span class='ocrx_word' id='word_1_1186' title='bbox 1657 2795 1670 2810; x_wconf 80' lang='lat' dir='ltr'>a</span> <span class='ocrx_word' id='word_1_1187' title='bbox 1690 2794 1754 2822; x_wconf 79' lang='lat' dir='ltr'>quo,</span> <span class='ocrx_word' id='word_1_1188' title='bbox 1774 2783 1816 2809; x_wconf 84' lang='lat' dir='ltr'>vel</span> <span class='ocrx_word' id='word_1_1189' title='bbox 1836 2782 1915 2819; x_wconf 84' lang='lat' dir='ltr'>quali-</span> 
     </span>
    </p>

    <p class='ocr_par' dir='ltr' id='par_1_47' title="bbox 1073 2825 1913 2865">
     <span class='ocr_line' id='line_1_127' title="bbox 1073 2825 1913 2865; baseline -0.005 -11"><span class='ocrx_word' id='word_1_1190' title='bbox 1073 2833 1114 2855; x_wconf 87' lang='lat' dir='ltr'>ter</span> <span class='ocrx_word' id='word_1_1191' title='bbox 1132 2828 1284 2865; x_wconf 81' lang='lat' dir='ltr'>(adoptatus</span> <span class='ocrx_word' id='word_1_1192' title='bbox 1298 2827 1396 2860; x_wconf 77' lang='lat' dir='ltr'>fuerit.)</span> <span class='ocrx_word' id='word_1_1193' title='bbox 1417 2826 1446 2853; x_wconf 83' lang='lat' dir='ltr'>fr.</span> <span class='ocrx_word' id='word_1_1194' title='bbox 1461 2828 1485 2852; x_wconf 83' lang='lat'>5.</span> <span class='ocrx_word' id='word_1_1195' title='bbox 1505 2826 1538 2853; x_wconf 76' lang='lat' dir='ltr'>de</span> <span class='ocrx_word' id='word_1_1196' title='bbox 1557 2826 1645 2854; x_wconf 85' lang='lat' dir='ltr'>Senat.</span> <span class='ocrx_word' id='word_1_1197' title='bbox 1661 2829 1682 2853; x_wconf 89' lang='grc' dir='ltr'>Ι.</span> <span class='ocrx_word' id='word_1_1198' title='bbox 1702 2829 1726 2854; x_wconf 85' lang='grc'>9.</span> <span class='ocrx_word' id='word_1_1199' title='bbox 1766 2825 1913 2854; x_wconf 73' lang='lat' dir='ltr'>Videamus.</span> 
     </span>
    </p>
   </div>
  </div>
 </body>
</html>
