2197 3121
993 167 1085 199 CAP.

213 254 406 287 Captator.
444 253 625 286 Aut-upum.
663 249 707 276 ΠΙ.
722 250 788 278 Gn.
807 248 908 276 Favore
927 249 1016 276 callidi
1038 250 1039 284 1

178 302 326 334 captatores
350 294 519 333 adplaudunt.
552 292 619 320 Nov.
644 292 778 320 Maiorian.
804 292 837 319 de
860 293 1016 318 sanctimon.
1038 285 1040 317 l

177 339 221 367 1V.
241 341 265 366 6.
286 349 307 366 c.
328 341 351 366 1.
371 340 393 373 ξ,
412 341 437 365 5.
457 337 488 364 cf.
508 337 530 371 ξ.
551 337 591 362 11.

214 381 467 416 Captatorius.
496 379 635 413 (Adiect.)
673 380 719 405 Ad
746 380 941 413 captandum
968 381 1016 405 Ιιι-

177 435 265 452 crum
283 429 500 459 comparatus.
537 421 579 448 III.
600 423 666 449 Cn.
690 420 856 458 Captatorias
876 421 1018 447 institutio·
1039 433 1040 462 p

177 477 224 494 nes
249 483 281 487 ——-
305 466 418 493 Senatus
443 464 613 502 improbavit,
633 480 665 483 —
685 473 793 501 quarum
818 463 933 489 conditio
958 473 1019 489 con·
1039 468 1040 498 t

178 510 262 537 fertur
280 509 312 536 ad
332 513 462 535 secretum
480 507 578 534 alienae
597 506 748 533 voluntatis.
768 505 798 533 fr.
813 507 853 532 70.
874 505 905 532 cf.
926 505 955 532 fr.
977 507 1017 533 71.
1039 505 1040 523 ἶ

177 563 217 590 pr.
242 552 272 578 fr.
292 553 333 578 81.
358 552 380 585 3.
401 553 423 577 1.
453 550 485 576 de
509 549 596 576 licred.
621 551 682 576 inst.
710 551 751 575 23.
777 551 801 575 5.
849 548 1018 585 Captatoriae
1039 538 1040 548 l

178 595 324 631 scripturae
347 593 426 620 simili
450 593 528 619 modo
552 603 637 630 neque
656 593 682 618 in
702 591 906 623 hereditatibus,
932 602 1017 628 neque
1039 603 1041 608 ⁸

178 638 204 663 in
223 636 316 673 legatis
335 636 429 662 valent.
459 636 489 662 fr.
509 638 549 662 114.
571 635 603 661 de
621 634 697 671 legat.
717 634 736 661 I.
756 635 823 667 (30.)

214 679 358 712 Captio.
390 680 420 713 §-
440 680 474 705 1.
504 680 603 705 Actus
622 679 782 711 capiendi.
810 677 828 703 I.
843 678 904 712 Sy.
925 676 1017 714 Capio.

179 722 221 749 Cf.
241 721 266 748 h.
286 731 311 747 v.
332 721 353 755 3.
372 723 397 748 2.
434 721 477 747 Ill.
497 722 563 748 (7¹11.
585 719 655 756 Lege
673 725 759 747 autem
778 719 901 756 agebatur
919 735 951 739 —-
971 730 1019 757 per

179 765 298 802 pignoris
318 765 473 801 captionem.
499 763 555 790 Gai.
570 762 613 789 IV.
630 765 669 789 12.
698 763 818 799 Pignoris
839 763 924 799 captio
945 767 1017 788 extra

178 809 219 834 ius
238 806 423 845 peragebatur,
444 822 475 826 «-
494 805 649 844 plerumque.
669 807 745 833 etiam
764 805 873 832 absente
899 805 1019 831 adversa·
1040 815 1042 831 1

179 851 228 876 rio.
256 849 294 876 lb.
314 850 335 883 ς.
355 851 396 876 29.
429 865 461 869 -
493 850 523 882 §.
544 850 579 876 2.
612 850 779 883 Captatio.
816 848 858 874 111.
879 849 945 875 οη.
976 842 1042 875 An'

179 892 248 920 idem
271 892 429 919 servandum
452 893 499 923 sit,
524 907 556 910 —
580 892 657 918 etiam
681 892 703 917 si
729 892 755 917 111
778 890 855 917 aliam
879 901 1019 928 personam

180 937 327 972 captionem
347 934 488 962 direxerit?
507 934 536 960 sr.
558 936 598 960 71.
618 935 678 968 3.1.
698 933 730 961 de
749 933 837 960 hered.
859 935 919 960 inst.
938 936 980 960 25.
994 936 1018 960 5.
1040 953 1042 967 ¹

180 994 211 998 -—
241 979 272 1011 §0
291 979 328 1005 ³.
363 979 622 1008 Circumventio.
658 979 775 1009 Fraus,
805 978 1018 1011 Dispendinm

180 1023 337 1056 iniquum.
372 1019 414 1046 111.
436 1021 501 1047 Cn.
530 1019 569 1046 Ne
589 1019 653 1056 quid
672 1021 709 1050 ei,
736 1021 781 1056 qui
806 1019 839 1046 de.
858 1030 886 1046 ea
905 1030 933 1046 re
953 1025 1018 1056 aget,
1040 1032 1042 1056 }

180 1068 295 1101 petetve,
315 1063 429 1100 captioni
448 1063 481 1089 ob
501 1072 557 1089 eam
576 1072 638 1094 rem,
659 1067 702 1089 aut
720 1072 751 1089 eo
769 1064 874 1089 nomine
888 1072 947 1089 esse.
959 1073 1020 1100 pos·
1040 1059 1042 1084 l

179 1108 223 1133 sit.
252 1105 281 1132 L.
296 1105 365 1132 Gall.
379 1105 479 1143 Cisalp.
500 1105 517 1131 I.
538 1107 578 1132 45.
617 1104 656 1131 Ne
676 1106 735 1142 quis
755 1106 781 1131 in
801 1107 948 1142 captionem
962 1116 1021 1132 vcr-

180 1149 272 1176 borum
291 1150 318 1175 in
337 1148 453 1175 cavendo
473 1148 579 1175 incidat.
607 1147 680 1174 Paul.
700 1147 732 1174 V.
745 1150 787 1174 33.
808 1149 830 1182 3.
844 1151 867 1174 2.
888 1149 919 1175 cf.
934 1148 963 1175 sr.
980 1150 1019 1175 14.

179 1235 302 1262 aetatium
321 1234 473 1266 consilium,
499 1239 524 1260 et
542 1233 632 1260 multis
652 1234 818 1271 captionibus
844 1236 1020 1272 suppositum,

180 1277 324 1305 multorum
342 1277 446 1304 insidiis
466 1278 624 1314 expositum.
645 1276 675 1303 sr.
691 1279 712 1303 l.
733 1287 772 1314 pr.
793 1277 825 1303 ‹le
844 1279 937 1304 minor.
957 1280 981 1304 4.
995 1280 1019 1304 4.

179 1319 300 1347 Hominis
324 1320 367 1347 vel
386 1319 466 1358 lapsi,
490 1320 532 1346 vel
552 1320 756 1357 circumscripti,
781 1321 837 1346 sive.
856 1326 939 1353 metu,
964 1322 1021 1347 sive

180 1363 331 1395 calliditate.
352 1364 408 1390 sive
422 1368 513 1395 aetate,
532 1364 588 1389 sive
601 1362 717 1389 absentia
730 1362 871 1389 inciderint
883 1365 910 1390 in
924 1365 1021 1401 captio-

180 1416 247 1432 nem.
276 1406 306 1432 sr.
326 1408 349 1432 1.
369 1416 408 1442 sq.
429 1405 461 1432 de
480 1405 498 1432 I.
518 1405 536 1432 Ι,
556 1405 587 1432 R.
608 1407 631 1432 4.
653 1407 674 1433 1.
715 1405 753 1432 Ea
777 1407 957 1433 tantummodo
977 1407 1020 1433 de-

180 1449 237 1476 beri
257 1465 289 1468 —
309 1449 517 1486 responderunt,
544 1465 575 1468 -
596 1448 671 1475 aliter
691 1449 758 1475 enim
776 1450 1018 1486 interpretantibus,

180 1501 307 1518 summam
325 1492 382 1518 fore
401 1493 556 1529 captionem.
585 1490 615 1518 fr.
634 1493 676 1518 39.
700 1502 739 1529 pr.
764 1491 796 1518 de
819 1502 881 1519 auro
902 1503 953 1529 arg.
976 1494 1018 1519 34.

179 1536 204 1561 2.
233 1534 265 1561 cf.
289 1534 320 1561 sr.
344 1536 385 1561 43.
414 1534 446 1561 ad
468 1534 498 1561 L.
523 1534 591 1571 Aqu.
616 1536 639 1561 9.
664 1537 688 1560 2.
731 1535 843 1570 Quoties
868 1535 933 1562 nihil
962 1537 1019 1562 sine

181 1579 303 1615 captione
327 1579 476 1614 investigari
500 1583 601 1615 potest.
627 1577 774 1613 eligendum
798 1583 838 1604 est
857 1579 1020 1615 (11101111ιί1ιί-

180 1630 251 1647 mum
269 1620 363 1647 habeat
376 1622 530 1657 iniquitatis.
550 1621 580 1647 fr.
594 1623 652 1647 200.
673 1620 705 1647 de
719 1620 749 1647 R.
763 1621 781 1647 I.
801 1623 842 1648 50.
858 1624 897 1648 17.
929 1622 1019 1658 Quou-

181 1664 231 1689 iam
244 1665 311 1690 inter
325 1663 387 1690 alias
403 1665 538 1700 captiones
553 1665 695 1701 praecipue
710 1665 904 1691 commissoriae
917 1665 1020 1702 (pigno-

183 1706 255 1739 rum)
278 1706 343 1742 legis
367 1707 463 1732 crescit
482 1707 618 1743 asperitas.

184 1750 314 1775 commiss.
334 1748 446 1775 resciud.

220 1792 426 1824 captiosus.
455 1791 582 1825 (Adiect.)
612 1793 642 1825 §-
657 1794 691 1818 1.
719 1794 903 1820 Exiliosus.
924 1794 1021 1820 Dam-

184 1844 253 1860 num
274 1836 430 1860 iniustum
453 1844 580 1867 parans.
619 1834 637 1860 Ι.
657 1836 717 1869 Sy.
745 1835 898 1862 Iniuriosus.
928 1835 958 1862 fr.
978 1838 1019 1862 41.

185 1877 217 1904 de
237 1881 352 1914 usurpat.
373 1878 413 1902 41.
433 1878 456 1902 3.
485 1876 515 1902 sr.
538 1878 576 1903 19.
596 1878 617 1910 3.
638 1879 660 1903 5.
686 1877 717 1903 de
737 1879 831 1914 captiv.
851 1880 892 1904 49.
913 1880 952 1904 15.
990 1878 1020 1904 11.
1042 1883 1044 1887 “

186 1921 252 1953 Op.
289 1919 430 1945 Lucrosus.
459 1919 489 1945 sr.
510 1921 534 1945 b'.
558 1920 579 1953 3.
603 1922 640 1946 lo.
670 1921 721 1956 Qu.
741 1921 767 1946 in
787 1921 816 1946 sr.
838 1920 906 1947 cred.
931 1923 972 1948 42.
996 1925 1020 1948 ὅ.
1042 1929 1044 1941 ¹

184 1962 226 1988 111.
248 1964 313 1990 Cn.
343 1961 393 1988 Vix
418 1962 501 1988 bonae
525 1962 586 1988 fidei
610 1964 763 1993 convenire.
794 1973 823 1989 eo
848 1969 925 2000 pacto
949 1966 1020 1997 stari,

185 2005 255 2042 quod
276 2004 350 2031 alteri
371 2005 516 2041 captiosum
536 2006 577 2031 sit.
598 2005 627 2031 fr.
644 2007 666 2031 7.
681 2006 703 2039 3.
718 2008 740 2032 1.
761 2006 793 2032 de
812 2007 924 2033 rescind.
944 2007 1019 2033 vend.

658 1706 708 1733 Th.
733 1707 764 1734 C.
784 1707 825 1734 lu.
845 1710 869 1734 2.
895 1718 916 1734 c.
937 1710 960 1735 1.
987 1708 1019 1734 de

186 2050 225 2076 18.
245 2050 269 2074 5.
306 2047 414 2074 Praetor
434 2048 501 2074 enim
521 2047 676 2074 beneficium
695 2058 770 2074 suum
784 2051 879 2075 nemini
893 2049 949 2076 vult
962 2060 1021 2077 esse

186 2092 339 2128 captiosum.
359 2090 389 2116 fr.
409 2094 432 2117 δ.
452 2101 491 2128 pr.
512 2091 544 2117 de
563 2091 651 2128 stipul.
672 2091 755 2117 Praet.
776 2093 816 2118 46.
836 2094 859 2118 5.
881 2092 912 2119 cf.
932 2092 962 2119 fr.
979 2095 1020 2120 41.

186 2133 218 2160 de
237 2144 326 2171 usurp.
345 2136 386 2160 41.
400 2135 425 2159 3.
461 2133 656 2160 Liberalitatem
676 2136 818 2171 captiosam
840 2136 1021 2173 interpretatio

186 2176 352 2213 prudentium
371 2176 455 2212 fregit.
480 2176 510 2202 l'r.
530 2179 553 2202 5.
575 2176 606 2202 de
626 2182 747 2203 transact.
767 2180 791 2204 2.
812 2180 851 2204 15.
877 2195 909 2198 —-
937 2180 967 2213 §-
985 2181 1020 2206 2.

190 2220 422 2253 Captatur-ius,
444 2221 689 2252 calunznioazus,
709 2221 856 2247 Dolosus.
893 2221 935 2249 III.
955 2224 1020 2250 Gn.

188 2261 258 2288 Dum
276 2264 397 2288 minutias
417 2263 480 2289 iuris
501 2267 526 2288 et
546 2263 662 2299 captiosa
681 2263 760 2289 verba
779 2269 920 2291 sectantur.
953 2265 1019 2292 Nov.

188 2303 290 2330 Valent.
310 2305 351 2331 Ill.
378 2305 410 2332 de
432 2306 516 2331 XXX.
542 2316 599 2331 ann.
624 2316 724 2343 proscr.
749 2306 779 2333 II.
799 2309 840 2334 27.
866 2318 887 2334 c.
909 2310 930 2334 1.
955 2309 976 2342 3.
996 2310 1020 2335 3.

189 2346 315 2384 Captiosa
333 2353 409 2384 atque
429 2348 530 2374 occulta
550 2350 743 2385 conscriptione
767 2350 873 2376 alterius
897 2352 976 2378 vitam
995 2353 1021 2378 in

189 2390 312 2415 iudicium
332 2390 463 2417 devocare.
497 2391 545 2417 Th.
567 2391 597 2418 C.
619 2392 662 2418 IX.
682 2394 723 2418 34.
744 2403 764 2419 c.
785 2395 808 2419 4.
833 2393 864 2420 de
883 2394 973 2420 samos.
993 2394 1022 2420 li-

190 2432 251 2459 hell.
289 2432 393 2468 Quodsi
412 2436 469 2470 quis
484 2440 572 2461 contra
586 2435 651 2462 hanc
671 2452 703 2455 --
723 2435 805 2472 legem
820 2438 964 2473 captiosum
978 2437 1022 2464 ali-

189 2475 253 2512 quid
270 2477 401 2512 putaverit
418 2478 626 2515 perpetrandum.
664 2479 700 2505 111.
719 2479 765 2506 XI.
790 2481 813 2505 2.
838 2490 859 2505 c..
879 2482 902 2506 5.
931 2481 1021 2507 tribut.

189 2520 215 2545 in
234 2520 283 2556 ipS.
303 2529 373 2556 spec.

225 2563 440 2595 captivare.
494 2564 694 2599 Sufflagare,
732 2568 911 2592 Servitutis
943 2568 1021 2602 iugo

187 2614 337 2639 premere.
374 2604 415 2630 III.
432 2606 496 2632 Cn.
516 2605 603 2632 Africa
623 2623 654 2626 —
674 2613 747 2634 autea
766 2610 807 2635 95.
827 2619 908 2635 annos
929 2620 941 2635 a
955 2608 1022 2636 Van-

191 2647 257 2674 dalis
278 2648 414 2684 captivata.
434 2659 454 2674 c.
476 2650 497 2674 l.
517 2658 556 2685 pr.
575 2649 608 2675 de
627 2651 669 2677 off.
689 2650 741 2678 Prl'.
761 2651 801 2678 Pr.
821 2652 877 2678 Asr.
899 2654 920 2678 1.
940 2654 981 2679 27.

227 2691 447 2725 Captivitas.
486 2694 633 2719 Servitus
650 2696 732 2726 eius,
758 2697 812 2730 qui
830 2698 861 2722 in
877 2702 1022 2730 potesta-

192 2739 249 2760 tem
273 2735 415 2760 hostium
436 2737 593 2768 pervenit.
629 2735 671 2762 ΙΙΙ.
697 2739 761 2765 Cn.
793 2738 862 2765 Inter
882 2749 948 2775 quos
968 2740 1021 2765 iura

193 2777 371 2813 captivitatum
390 2783 432 2804 aut
446 2778 666 2815 postliminiorum
685 2779 795 2808 fuerunt.
816 2782 846 2808 sr.
856 2784 897 2808 21.
911 2783 932 2816 3.
948 2785 970 2809 1.
991 2782 1022 2808 de

193 2821 285 2856 captiv.
305 2822 345 2847 49.
368 2823 405 2846 15.
444 2821 534 2853 Morte,
555 2824 711 2859 captivitate,
731 2825 772 2851 vel
791 2825 839 2851 alia
858 2827 1023 2862 contingente
1043 2815 1045 2864 Ξ

1842 172 1904 202 115

1061 251 1196 277 servitute.
1232 249 1261 276 fr.
1283 252 1305 276 1.
1330 250 1363 276 de.
1383 249 1477 276 divort.
1501 251 1543 276 24.
1563 252 1587 276 2.
1623 250 1654 276 es.
1680 251 1710 277 l'r.
1730 252 1754 277 6.
1779 252 1801 285 3.
1821 253 1845 277 4.
1871 252 1903 278 (1(-

1062 293 1151 320 11111151.
1171 297 1240 329 rupt.
1259 294 1300 319 28.
1314 294 1338 319 3.
1371 292 1450 319 Fiunt
1470 293 1519 325 (sc.
1539 294 1622 325 servi)
1642 298 1685 320 aut
1704 295 1760 320 iure
1779 295 1902 329 gentium,

1038 342 1040 367 ss
1061 336 1077 361 i.
1092 345 1113 362 e.
1134 345 1166 362 ex
1186 336 1351 372 captivitate,
1372 340 1415 361 aut.
1435 337 1490 362 iure
1510 335 1589 362 civili.
1610 336 1631 369 3.
1646 338 1668 362 4.
1690 336 1708 362 I.
1729 336 1761 363 de
1777 338 1832 363 iure
1846 347 1903 374 per-

1062 388 1118 404 son.
1140 380 1161 404 1.
1181 379 1205 404 3.
1242 378 1272 404 81
1291 378 1333 405 vel
1353 380 1423 405 nasci
1445 379 1664 414 consanguineus,
1683 379 1725 406 vel
1745 379 1777 405 de.
1796 380 1903 416 captivi-

1062 426 1115 447 tate
1134 422 1230 447 reverti
1249 426 1347 458 potest.
1377 421 1407 447 fr.
1427 424 1450 447 2.
1470 432 1510 458 pr.
1536 421 1569 448 de
1588 423 1644 448 suis
1664 427 1690 448 et
1710 422 1780 458 legit.
1798 424 1841 448 33.
1862 423 1901 449 16.

1063 464 1116 499 Qui
1135 464 1166 491 ab
1186 464 1309 491 hostibus
1330 468 1422 500 captus
1443 469 1497 496 est,
1517 481 1549 484 ——
1568 464 1639 491 valet
1664 470 1846 491 testamentum
1866 465 1901 497 id.

1063 506 1133 543 quod
1157 512 1216 533 ante
1240 508 1418 545 captivitatem
1448 506 1542 533 sactum
1567 512 1614 534 est.
1652 507 1723 534 Paul.
1751 508 1794 534 III.
1820 509 1844 534 4.
1870 508 1900 534 A.

1063 550 1084 583 3.
1104 553 1127 576 δ,

1099 593 1292 626 captivus.
1322 591 1448 625 (Subst.)
1486 595 1604 619 Servus
1623 595 1901 630 hostiumfactus.

1063 634 1105 662 III.
1127 636 1193 662 Gn.
1222 634 1252 661 Si
1272 636 1405 672 captivus⁷
1430 635 1463 662 de
1487 645 1539 671 quo
1564 636 1589 661 in
1613 646 1678 672 pace
1697 641 1800 662 cautum
1819 636 1903 663 fuerat

1040 694 1041 719 ζ
1063 682 1091 703 111
1110 677 1221 709 rediret,
1246 688 1291 703 sua
1316 677 1451 704 voluntate
1470 677 1539 715 apud
1563 678 1654 704 hostes
1678 680 1781 705 mansit.
1809 678 1840 705 fr.
1859 681 1900 705 20.

1062 730 1101 757 pr.
1122 719 1154 746 de
1174 721 1269 757 captiv.
1289 722 1331 747 49.
1353 723 1392 747 15.
1431 720 1560 757 Captivus
1585 721 1607 747 si
1631 732 1643 747 a
1670 722 1745 747 nobis
1764 723 1903 748 manumis-

1064 773 1109 789 sus
1130 762 1216 790 suerit.
1237 768 1262 789 et
1281 765 1431 800 pervenerit
1450 763 1483 799 ad
1501 773 1572 790 suos.
1594 763 1623 789 sr.
1634 765 1658 790 5.
1672 765 1694 798 3.
1707 766 1730 790 3.
1755 765 1790 791 ib.
1804 766 1845 791 49(
1860 767 1900 792 15.

1063 806 1237 842 Imperatores
1257 808 1376 843 captivos
1396 806 1518 838 vendere,
1539 816 1568 832 ac
1587 816 1634 843 per
1652 806 1703 833 hoc
1722 817 1834 837 servare,
1854 818 1902 835 nec

1064 848 1186 876 occidere
1204 848 1299 875 solt-nt.
1320 849 1349 875 fr.
1364 851 1387 876 4.
1408 850 1429 883 3.
1443 852 1466 875 2.
1487 849 1520 875 de
1539 854 1609 876 statu
1628 849 1696 876 hom.
1718 852 1739 876 l.
1755 852 1778 876 5.
1799 850 1828 877 fr.
1841 853 1900 878 239.

1041 891 1042 900 ¹
1064 893 1086 926 §.
1107 894 1130 918 1.
1151 891 1183 918 de
1202 890 1234 918 v.
1254 891 1281 918 s.
1301 894 1342 918 50.
1364 893 1403 918 16.

1099 935 1292 969 captivus.
1321 934 1459 967 (Adiect.)
1497 937 1543 961 ,id
1569 938 1804 970 captivitatem
1832 946 1902 970 spe-

1063 985 1163 1006 ctans.
1200 977 1218 1004 1.
1234 979 1296 1012 Sy.
1325 977 1502 1015 captivitatis,
1523 977 1633 1015 Captiva
1653 980 1831 1012 (necessitas).
1852 978 1901 1005 Th.

1065 1021 1095 1049 C.
1117 1021 1147 1048 Υ.
1168 1024 1192 1048 5,
1213 1031 1233 1047 c.
1255 1022 1277 1047 l.
1298 1030 1337 1056 sq.
1359 1020 1390 1046 de
1409 1020 1525 1057 postliin.

1101 1064 1255 1098 Captus.
1286 1062 1413 1096 (Subst.)
1451 1064 1482 1096 §-
1502 1064 1536 1089 1.
1567 1065 1819 1098 Quadi-apina,
1843 1066 1902 1091 Res

1041 1128 1043 1147 ¹.
1063 1110 1232 1142 capienda.
1270 1106 1289 1133 I.
1314 1107 1376 1140 Sy.
1405 1105 1486 1141 Quod
1506 1111 1610 1142 captum
1629 1111 1682 1138 est,
1702 1117 1725 1133 v.
1747 1107 1803 1132 erit.
1828 1106 1858 1133 fr.
1877 1108 1901 1133 8.

1041 1171 1043 1177 .
1064 1152 1085 1185 3.
1108 1152 1130 1177 l.
1159 1150 1192 1177 de
1216 1154 1298 1176 contr.
1325 1154 1384 1175 emt.
1415 1150 1454 1175 18.
1480 1150 1502 1174 1.

180 1191 212 1218 de
231 1191 333 1228 probat.
353 1193 394 1217 22.
413 1193 437 1217 3.
475 1190 576 1227 fragile
596 1201 655 1217 esse
674 1196 700 1217 et
719 1191 850 1217 infirmum
869 1191 1020 1218 huiusmodi
1041 1186 1043 1214 l

1547 1148 1589 1175 Ill.
1618 1150 1684 1176 Cn.
1717 1149 1785 1175 Cum
1811 1154 1902 1186 captus

1066 1194 1193 1231 piscium.
1213 1192 1255 1218 vel
1275 1193 1373 1219 avium.
1393 1191 1436 1217 vel
1455 1191 1595 1218 missilium
1614 1193 1715 1218 emitur.
1744 1191 1773 1218 fr.
1793 1193 1816 1219 S.
1835 1193 1857 1226 3.
1880 1194 1901 1219 l.

1066 1236 1082 1263 l.
1104 1238 1144 1262 18.
1166 1238 1179 1262 1
1209 1251 1241 1256 -
1261 1236 1292 1269 §-
1313 1236 1347 1261 2.
1373 1237 1532 1261 Facultas
1551 1236 1713 1269 capiendi,
1733 1245 1756 1261 v.
1776 1237 1903 1262 intelli-

1061 1281 1171 1315 gendi.
1208 1278 1252 1305 Ill.
1267 1280 1332 1306 011.
1363 1277 1478 1304 Adsectu
1497 1277 1560 1307 doli.
1580 1282 1605 1303 et
1625 1283 1702 1314 captu
1721 1277 1901 1310 contumeliae.

1065 1333 1160 1349 carere.
1189 1321 1261 1349 Paul.
1276 1321 1308 1348 V.
1327 1322 1351 1348 4.
1372 1322 1393 1355 3.
1407 1323 1431 1347 2.
1468 1320 1520 1347 Pro
1533 1320 1603 1347 virili
1617 1325 1703 1357 captu,
1723 1330 1743 1346 s.
1761 1320 1812 1347 Pro
1826 1326 1902 1358 captu

1064 1367 1166 1392 virium.
1202 1365 1251 1392 Th.
1272 1364 1303 1391 C.
1324 1364 1367 1391 Vl.
1393 1365 1416 1391 4.
1443 1374 1463 1390 c.
1484 1365 1525 1390 21.
1550 1363 1571 1397 3.
1591 1366 1614 1390 5.
1640 1363 1673 1389 de
1698 1362 1781 1390 Praet.
1806 1369 1831 1390 et
1851 1366 1901 1400 Qu.

1064 1408 1131 1435 Ylll.
1152 1410 1175 1435 4.
1196 1419 1217 1435 c.
1237 1409 1260 1434 8.
1281 1418 1320 1444 pr.
1341 1407 1362 1441 3.
1382 1409 1406 1434 2.
1427 1407 1459 1434 de
1480 1406 1606 1433 cohortal.

1100 1452 1242 1485 Capua·
1264 1452 1465 1485 Campaniae
1483 1452 1606 1478 civitas
1625 1451 1839 1477 nobilissima.
1858 1449 1901 1476 ΠΙ.

1064 1496 1130 1523 Cn·
1160 1494 1274 1531 Ephesi,
1294 1498 1337 1520 aut
1357 1492 1463 1530 Capuae
1483 1493 1551 1526 (dari
1571 1493 1713 1530 stipulari).
1734 1493 1763 1519 fr.
1782 1495 1806 1519 2.
1826 1493 1863 1526 33.
1877 1495 1901 1519 2.

1063 1549 1103 1575 sq.
1124 1538 1154 1564 fr.
1174 1541 1198 1564 ὅ,
1219 1537 1250 1564 l'r.
1272 1538 1311 1562 10.
1337 1536 1369 1563 de
1389 1546 1419 1562 eo
1440 1546 1482 1572 qu.
1503 1546 1524 1562 c.
1544 1535 1613 1562 loco.
1640 1538 1678 1562 13.
1699 1538 1722 1562 4.
1761 1536 1814 1572 Qui
1833 1537 1902 1563 insu-

1063 1581 1113 1608 lam
1134 1580 1240 1617 Capuae
1259 1580 1315 1606 lieri
1335 1584 1406 1605 certo
1426 1584 1544 1616 tempore
1568 1579 1709 1616 stipulatus
1734 1583 1781 1605 est.
1810 1579 1840 1605 fr.
1860 1581 1901 1606 43.

1063 1624 1095 1651 de
1114 1623 1192 1650 iudic.
1212 1625 1235 1649 5.
1257 1624 1279 1649 l.

1100 1667 1233 1699 Caput.
1270 1666 1301 1699 ξ.
1317 1667 1351 1692 l.
1381 1667 1540 1699 Corporis
1560 1667 1730 1695 animalis,
1748 1671 1777 1691 et
1796 1667 1901 1699 inpri-

1064 1712 1122 1737 mis
1140 1711 1285 1740 humani,
1306 1710 1471 1735 membrum
1488 1709 1700 1742 primarium,
1720 1710 1802 1741 quod
1819 1710 1901 1734 collo

1065 1758 1281 1780 sustentatur.
1318 1751 1360 1777 III.
1382 1752 1448 1778 Cn.
1476 1750 1570 1779 Anuli.
1594 1754 1713 1781 catenae,
1737 1750 1853 1782 reticuli,
1877 1755 1902 1776 et

1065 1800 1165 1822 caetera
1185 1794 1280 1830 quibus
1301 1793 1383 1825 collo,
1403 1793 1445 1819 vel
1465 1795 1561 1830 capite.
1581 1792 1623 1819 vel
1642 1793 1761 1819 manibus
1780 1793 1902 1820 mulieres

1065 1842 1197 1865 ornantur.
1228 1836 1298 1862 Paul.
1314 1836 1355 1862 III.
1375 1837 1399 1862 6.
1413 1837 1435 1870 3.
1449 1838 1490 1863 84.
1519 1835 1580 1867 Vbi.
1600 1835 1671 1873 quod
1690 1841 1730 1862 cst
1748 1836 1901 1873 principale,

1066 1881 1199 1908 conditum
1219 1884 1271 1911 est⁷
1298 1880 1313 1905 i.
1335 1890 1355 1905 e.
1380 1884 1472 1916 caput,
1496 1880 1569 1905 cuius
1593 1879 1676 1915 imago
1695 1880 1743 1911 sit,
1768 1879 1837 1905 unde
1861 1890 1902 1905 co-

1066 1926 1222 1961 gnoscimur.
1256 1922 1285 1948 fr.
1306 1924 1347 1948 44.
1367 1933 1406 1959 pr.
1432 1922 1464 1949 dc
1483 1922 1597 1958 religios.
1624 1923 1663 1948 11.
1684 1923 1707 1948 7.

1066 1972 1144 2005 caput
1161 1972 1248 1997 tuum,
1268 1965 1310 1992 vel
1328 1965 1444 1992 filiorum
1464 1970 1573 1992 tuorum.
1603 1964 1632 1992 fr.
1652 1966 1676 1991 3.
1696 1964 1717 1998 3.
1738 1966 1761 1991 4.
1782 1964 1812 1991 fr.
1826 1966 1849 1991 4.
1870 1964 1902 1991 de

1065 2011 1171 2037 iureiur.
1200 2012 1239 2036 12.
1258 2011 1282 2035 2.
1319 2008 1413 2035 Aderit
1435 2013 1531 2036 armata
1556 2018 1677 2039 censura,
1702 2018 1768 2044 quae
1793 2007 1902 2034 nefario-

1066 2064 1121 2080 rum
1141 2054 1225 2090 capita
1251 2053 1419 2088 cervicesque
1443 2052 1587 2079 detruncet.
1621 2050 1670 2077 Th.
1691 2050 1721 2077 C.
1745 2051 1764 2077 I.
1788 2052 1811 2077 7.
1836 2061 1856 2078 c.
1878 2053 1900 2077 1.

1066 2096 1098 2123 de
1117 2096 1161 2122 off.
1180 2095 1254 2122 Rect.
1278 2095 1320 2122 Pr.
1362 2095 1497 2122 Summum
1522 2094 1681 2132 supplicium
1704 2103 1763 2120 esse
1786 2093 1900 2120 videtur:

1067 2155 1098 2159 -—
1125 2139 1218 2176 capitis
1238 2140 1388 2175 amputatio.
1421 2138 1451 2165 sr.
1470 2141 1511 2164 25.
1532 2148 1571 2174 pr.
1595 2137 1627 2163 de
1646 2147 1722 2174 poen.
1743 2138 1784 2163 48.
1804 2138 1844 2163 19.
1869 2153 1900 2156 -

1065 2183 1096 2216 ξ.
1118 2184 1152 2209 2.
1182 2184 1326 2209 Persona
1347 2184 1425 2216 ipsa.
1463 2181 1481 2207 l.
1502 2182 1563 2215 Sy.
1591 2179 1723 2217 Corpora,
1744 2179 1836 2217 Capita
1855 2180 1901 2213 (li-

1066 2226 1148 2258 bera).
1178 2224 1209 2251 sr.
1228 2227 1252 2250 2.
1272 2226 1294 2259 3.
1314 2227 1338 2251 2.
1359 2224 1391 2251 de
1406 2223 1435 2251 L.
1450 2223 1535 2250 Rhod.
1557 2225 1596 2249 14.
1610 2225 1634 2248 2.
1671 2222 1779 2255 Servus,
1798 2233 1819 2249 s.
1833 2222 1900 2249 Mau-

1066 2269 1170 2305 cipium.
1208 2267 1296 2305 Caput
1315 2267 1433 2301 (servile.
1454 2277 1473 2293 5.
1494 2267 1584 2299 servi).
1605 2266 1634 2293 l'r.
1651 2267 1674 2292 3.
1695 2266 1716 2300 3.
1732 2268 1754 2292 l.
1773 2266 1805 2292 de
1823 2266 1898 2302 capit.

1066 2311 1160 2338 demin.
1187 2312 1210 2338 4.
1231 2313 1254 2337 5.
1286 2311 1315 2337 sr.
1335 2312 1377 2336 34.
1397 2320 1436 2347 pr.
1462 2309 1493 2335 de
1518 2309 1593 2345 legat.
1618 2309 1648 2335 II.
1674 2310 1748 2342 (31.)
1790 2307 1898 2344 Singuli.

1067 2354 1175 2390 Singula
1203 2355 1300 2390 capita,
1326 2353 1465 2389 Quotquot
1489 2353 1580 2389 capita.
1609 2352 1638 2378 fr.
1657 2353 1698 2378 34.
1718 2362 1756 2389 pr.
1780 2351 1844 2384 3.1.
1867 2350 1899 2377 de

1067 2398 1131 2424 Aed.
1153 2397 1229 2424 edict.
1249 2399 1290 2423 21.
1312 2399 1334 2422 1.
1355 2396 1384 2422 sr.
1407 2398 1462 2421 195.
1483 2396 1504 2429 3.
1524 2397 1548 2421 2.
1569 2395 1600 2421 tle
1620 2395 1651 2422 V.
1672 2395 1698 2421 S.
1719 2397 1758 2419 50.
1781 2394 1819 2419 16.
1856 2392 1899 2419 Vi—

1065 2442 1148 2473 1111111,
1168 2440 1196 2466 111
1216 2441 1300 2477 capita
1320 2438 1491 2472 (distribuere
1509 2438 1698 2470 hereditatem).
1727 2435 1797 2462 Paul.
1816 2435 1860 2462 IV.
1873 2439 1897 2463 ὃ.

1066 2485 1087 2518 3.
1110 2485 1148 2510 19.
1191 2483 1221 2509 ll.
1248 2485 1315 2517 Op.
1348 2482 1377 2508 In
1401 2482 1552 2512 universos,
1581 2497 1613 2500 —
1636 2481 1664 2507 In
1687 2478 1787 2514 singula
1814 2480 1897 2516 capita

1067 2528 1192 2564 (pretium
1212 2525 1392 2558 constituere).
1413 2524 1443 2551 sr.
1457 2525 1498 2550 34.
1512 2534 1550 2560 pr.
1571 2524 1592 2557 3
1608 2525 1629 2549 1.
1650 2522 1665 2548 l.
1684 2523 1725 2547 21.
1741 2523 1763 2548 1.
1799 2521 1827 2548 In
1840 2523 1897 2548 stir-

1066 2580 1129 2607 pes,
1149 2585 1181 2588 —
1200 2568 1228 2595 In
1249 2569 1332 2605 capita
1355 2567 1490 2601 (dividere
1508 2565 1702 2597 hereditatem).
1732 2564 1788 2590 Gai.
1808 2564 1849 2591 III.
1873 2568 1895 2591 ὅ,

1068 2615 1106 2638 16.
1126 2614 1167 2639 61.
1203 2611 1272 2638 Coll.
1292 2610 1345 2638 LL.
1370 2610 1402 2638 Μ.
1428 2610 1497 2636 XVI.
1522 2611 1545 2635 2.
1564 2611 1588 2635 3.
1621 2607 1682 2644 le.
1705 2606 1802 2633 XXVI.
1825 2609 1849 2633 2.
1873 2609 1895 2633 4,

1065 2654 1173 2681 XXVII.
1193 2655 1216 2681 4.
1253 2654 1295 2681 III.
1312 2655 1377 2682 Gn.
1402 2651 1673 2680 calumniosissimum
1693 2655 1778 2687 caput,
1798 2655 1823 2676 et
1841 2660 1897 2687 per-

1066 2708 1130 2724 sona
1150 2713 1182 2717 —-
1201 2697 1312 2724 infamis.
1341 2696 1390 2723 Th.
1411 2695 1441 2722 C.
1461 2695 1504 2721 [Χ.
1524 2695 1565 2720 39.
1585 2704 1606 2719 c.
1624 2695 1648 2720 2.
1668 2693 1700 2720 de
1719 2693 1896 2720 calumniator.

1066 2740 1189 2767 Liberum
1208 2745 1293 2778 caput.
1312 2740 1484 2775 mancipatum
1501 2736 1586 2768 nobis,
1606 2736 1647 2763 vel
1665 2747 1678 2762 a
1698 2742 1804 2773 parente
1823 2736 1865 2762 vel
1884 2747 1895 2761 a

1067 2785 1277 2810 coemtionatore.
1317 2782 1372 2808 Gai.
1398 2781 1416 2807 I.
1442 2781 1498 2806 166.
1527 2779 1558 2806 cs.
1583 2779 1643 2816 le.
1667 2779 1712 2806 XI.
1736 2781 1759 2805 5.
1797 2778 1844 2805 Vis
1868 2789 1896 2804 ac

1067 2831 1185 2864 potestas
1210 2827 1235 2852 in
1261 2827 1344 2862 capite
1368 2823 1459 2849 libero.
1493 2822 1524 2849 sr.
1550 2825 1572 2849 l.
1598 2833 1636 2860 pr.
1661 2822 1692 2848 de
1716 2822 1788 2848 tutel.
1813 2823 1852 2847 26.
1873 2823 1893 2846 1.

1402 2867 1457 2892 15ἦρ

1749 1921 1836 1948 Iurare
1855 1932 1902 1959 per
