2197 3121
1022 147 1100 178 LIB.

202 232 323 258 libertate
342 241 408 258 esse.
428 231 458 258 sr.
480 232 519 258 lo.
540 240 597 267 sqq.
618 229 650 256 de
668 228 779 255 liberali.
800 238 821 254 c.
841 230 882 254 40.
904 229 942 254 12.
971 227 1042 254 Fieri

202 274 276 301 liber.
297 274 338 301 Ad
358 274 505 301 libertatem
524 275 623 305 venire,
644 282 664 298 s.
685 271 846 298 Libertatem
865 272 990 308 accipere.
1012 271 1041 297 fr.

202 320 243 344 10.
263 328 301 355 pr.
322 318 343 351 ξ.
365 319 386 343 l.
406 317 439 343 de
457 317 483 342 in
506 317 547 342 ius
567 326 624 342 voc.
644 318 668 341 2.
683 317 705 342 4.
740 314 796 341 Gai.
821 313 840 340 1.
864 315 906 339 22.
938 314 979 340 ΙΙΙ.
1000 315 1041 340 56.

202 360 263 398 le.
287 360 305 387 Ι.
328 362 367 386 10.
405 359 434 385 ΙΙ.
456 361 523 392 ΟΡ.
545 359 706 385 Dominatio.
732 356 772 383 Cf.
793 357 817 383 h.
837 366 860 382 v.
885 356 907 389 ξ.
926 358 951 382 2.
984 356 1043 382 Ser-

201 404 280 429 vitus.
306 404 336 429 sr.
358 405 397 429 15.
423 402 455 428 (le
474 407 544 428 statu
563 401 632 428 hom.
654 403 676 427 1.
696 403 719 427 5.
744 400 773 426 fr.
792 401 834 426 33.
859 399 881 432 ξ.
904 400 926 425 1.
951 398 980 426 fr.
1000 400 1041 425 39.

201 447 223 480 §.
243 449 267 473 5.
287 446 320 472 de
340 455 442 483 procur.
462 446 486 471 3.
505 446 529 471 3.
551 444 580 471 fr.
602 446 640 470 17.
662 443 694 470 de
713 442 744 469 N.
762 442 793 468 G.
811 443 836 467 3.
856 443 881 467 5.
918 441 960 468 III.
977 443 1042 469 Cn.

200 489 235 515 Et
255 490 346 515 civitas
365 493 391 514 et
410 487 517 514 libertas
531 489 665 513 amittitur.
681 502 711 505 —-
733 485 795 512 Sola
815 484 919 510 civitate
939 485 1042 515 amissa,

201 531 309 558 libertas
328 532 463 557 retinetur.
481 547 509 551 —
530 531 564 557 Et
584 531 688 557 civitate
709 533 734 555 et
752 527 873 554 libertate
892 527 972 556 salva.
993 532 1043 553 sta-

201 579 244 600 tus
264 574 397 601 dumtaxat
415 573 529 600 hominis
549 578 670 599 mutatur.
691 571 752 608 le.
771 570 816 596 XI.
837 572 876 596 ll.
896 580 955 606 sqq.
985 569 1042 596 Gai.

202 617 219 643 Ι.
242 618 297 643 160,
317 627 375 653 sqq.
396 616 425 643 fr.
443 618 481 642 ll.
502 616 534 643 de
554 627 608 653 cap.
628 616 718 641 minut.
739 614 762 638 4.
782 614 806 639 5.
844 612 915 639 Olim
936 623 967 639 ex
987 614 1043 638 iure

201 660 345 695 Quiritium
365 670 457 686 servos
477 659 559 686 fuisse
579 660 632 691 (sc.
654 658 697 694 qui
722 666 791 682 nunc
810 655 896 681 Latini
916 655 1042 687 Iuniani.)

201 702 249 728 sed
268 702 364 728 auxilio
378 702 511 728 Praetoris
531 703 556 728 in
576 700 705 728 libertatis
725 698 806 724 sorma
825 699 924 725 servari
938 697 1042 724 solitos.

201 745 258 771 Gai.
278 745 319 771 ΙΙΙ.
340 746 381 772 56.
410 745 471 782 le.
492 745 509 771 Ι.
534 746 573 770 12.
610 743 705 770 Putate
725 751 753 768 se
773 741 898 773 liberum,
923 746 949 767 et
968 742 993 767 in
1013 741 1043 767 li-

200 787 302 814 bertate
321 789 425 814 morari.
451 787 481 814 fr.
503 789 542 813 12.
567 787 588 821 ξ.
607 788 631 812 3.
652 785 683 812 cf,
703 794 742 822 pr.
767 784 804 818 ἓξ.
826 785 848 810 1.
868 794 907 820 sq.
928 783 961 810 de
980 783 1043 809 libe-

199 829 248 857 rali
272 840 291 856 c.
312 832 353 856 40.
375 832 414 856 12.
439 830 469 857 fr.
489 832 512 856 3.
537 831 559 863 ξ.
581 831 619 855 10.
645 828 677 854 de
696 827 727 853 A.
747 837 771 853 V.
792 827 823 853 A.
844 826 872 852 Ρ.
892 828 933 852 41.
952 828 977 852 2.
1013 825 1042 851 In

200 872 329 904 libertate.
345 883 365 899 s.
381 872 513 910 Tempore
525 872 663 899 libertatis.
678 871 790 906 (gerere.
801 880 824 896 v.
839 869 1042 900 administrare.)

200 915 230 942 fr.
253 917 292 941 17.
313 915 345 941 de
360 915 392 942 N.
407 916 439 942 G.
458 917 481 942 3.
502 918 524 942 5.
562 913 713 941 Secundum
732 913 881 940 libertatem
901 911 1041 945 (vindicias

199 958 314 991 dicere.)
343 957 371 984 fr.
391 961 416 985 2.
445 959 466 992 §.
485 958 527 983 24.
552 956 584 983 de
605 956 638 983 Ο.
658 956 676 982 Ι.
700 958 720 982 l.
740 958 764 982 2.
805 956 846 982 Ex
869 955 1042 993 possessione

199 1000 330 1027 libertatis
351 1001 383 1027 de
402 1006 471 1027 statu
490 1009 537 1026 suo
558 999 667 1035 litigare.
688 998 717 1025 fr.
737 1000 779 1025 33.
799 999 821 1032 §.
842 1000 864 1024 l.
885 998 918 1024 de
936 1007 1040 1035 procur.

198 1045 221 1070 3.
242 1044 266 1069 3.
296 1043 399 1069 Infinita
418 1043 564 1069 aestimatio
585 1047 625 1068 est
644 1041 774 1068 libertatis
790 1046 817 1068 et
829 1041 1041 1068 necessitudinis

199 1085 230 1112 fr.
252 1087 308 1112 176.
338 1087 358 1119 ᾗ,
381 1087 402 1112 l.
430 1085 462 1112 de
480 1084 512 1111 R.
537 1085 554 1111 1.
574 1087 615 1121 50.
638 1087 677 1110 17.
714 1084 803 1111 Adimi
826 1084 988 1115 libertatem,
1017 1088 1043 1109 et

198 1128 306 1166 publice
330 1128 507 1154 venditionem
531 1128 597 1154 sieri.
626 1127 711 1154 Vatic.
737 1128 759 1161 ξ.
780 1129 804 1154 6.
833 1143 864 1147 -
896 1128 926 1161 §.
952 1127 1042 1153 2.A.

197 1173 330 1198 Plenum
350 1173 401 1197 ius
424 1172 604 1197 libertatis.
636 1172 793 1197 Libertas
812 1180 880 1196 eum
900 1171 1042 1196 civitate

198 1216 230 1241 R.
266 1213 284 1240 Ι.
311 1215 373 1247 Sy·
404 1213 475 1240 Iusta
498 1213 616 1240 libertas.
649 1212 751 1240 Civitas
775 1212 806 1239 R.
838 1212 910 1239 Paul.
935 1211 980 1238 IV.
1001 1213 1041 1238 12,

197 1256 235 1290 §§.
255 1258 278 1282 l.
298 1266 356 1292 sqq.
377 1256 408 1282 cf.
434 1256 491 1282 Gai.
510 1256 529 1282 l.
548 1258 590 1281 26.
612 1257 668 1282 138.
690 1258 747 1282 140.
786 1255 826 1281 Ill.
848 1257 913 1283 Gn.
938 1254 1041 1281 Habere.

196 1298 377 1336 plenissimam
396 1298 553 1329 libertatem,
574 1303 599 1324 et
613 1300 718 1325 civitate
731 1298 761 1325 R.
775 1298 883 1336 perfrui.
904 1308 924 1324 c.
942 1300 963 1324 1.
983 1298 1005 1332 ᾖ
1016 1300 1040 1324 2.

197 1341 230 1368 de
250 1352 341 1368 comm.
361 1351 439 1368 servo
459 1352 525 1367 man.
547 1343 569 1367 7.
590 1343 614 1368 7.
634 1341 665 1368 cf.
691 1352 711 1367 c.
733 1343 755 1367 l.
782 1342 803 1375 §.
825 1343 864 1367 10.
885 1340 918 1367 de
936 1340 992 1367 Lat.
1012 1340 1041 1367 li-

196 1384 263 1410 bert.
284 1384 340 1410 toll.
356 1386 379 1410 7.
393 1385 417 1410 6.
456 1384 595 1411 Vindictae
613 1385 756 1421 impositio7
777 1394 826 1420 qua
845 1383 953 1410 libertas
972 1385 1040 1410 iusta

196 1428 320 1454 munitur.
341 1437 362 1453 c.
378 1428 403 1452 2.
423 1428 445 1453 si
465 1427 523 1453 adv.
543 1426 630 1453 libert.
650 1429 674 1453 2.
693 1428 735 1453 31.
773 1426 841 1453 Cum
860 1426 969 1452 libertas
989 1426 1041 1452 adi-

196 1471 284 1502 mitur,
304 1470 386 1496 veluti
406 1480 464 1496 cum
484 1480 549 1506 aqna
569 1474 595 1495 et
614 1470 666 1506 igni
686 1469 859 1496 interdicitur.
880 1469 910 1496 sr.
931 1472 954 1495 5.
974 1470 996 1503 ξ.
1015 1471 1039 1496 3.

196 1513 229 1539 de
248 1517 314 1539 extr.
335 1522 409 1548 cogn.
429 1514 471 1538 50.
492 1514 532 1538 13.
569 1512 635 1538 Post
658 1513 889 1538 manumissionem
912 1512 944 1538 ad
963 1512 1040 1538 liber-

196 1560 274 1582 tatem
293 1554 464 1592 proclamare.
484 1554 515 1581 sr.
529 1557 570 1581 40.
585 1555 618 1581 de
636 1554 739 1581 liberali
759 1565 780 1581 c.
794 1557 835 1581 40.
851 1557 890 1581 12.
905 1571 936 1574 -
957 1556 988 1588 ξ.
1003 1557 1039 1582 3.

196 1599 393 1624 hnmanitas
417 1599 470 1624 rei.
513 1599 669 1624 Absentiaez
698 1599 799 1628 ιίινιέ,
828 1599 929 1624 alteri
952 1600 983 1624 in
1009 1608 1040 1624 re

195 1647 310 1668 nostra
329 1642 552 1674 competentis.
589 1640 618 1666 11.
644 1642 710 1674 ΟΡ.
734 1639 882 1676 Vsucapio.
902 1650 968 1677 qnae
987 1651 1040 1667 ser-

196 1684 306 1710 vitutem
332 1683 477 1709 constituit.
498 1699 529 1703 -—
554 1683 630 1718 Quae
653 1683 801 1709 libertatem
824 1688 953 1719 praestat.
977 1684 1039 1710 sub-

196 1724 247 1751 lata
267 1726 401 1752 servitute.
423 1725 452 1752 fr.
472 1726 496 1751 6.
517 1735 556 1762 sq.
577 1726 606 1752 l'r.
627 1727 667 1752 32.
688 1727 709 1759 ξ.
729 1728 751 1752 1.
772 1725 804 1751 de
824 1725 850 1751 S.
871 1725 900 1752 P.
920 1725 951 1752 V.
971 1727 995 1752 8.
1014 1728 1038 1752 2.

196 1767 226 1794 sr.
246 1771 270 1794 4.
290 1768 312 1801 ᾗ.
331 1770 372 1794 29.
393 1768 426 1794 de
445 1778 534 1805 usurp.
554 1770 595 1794 41.
608 1769 633 1794 3.
664 1768 707 1794 III.
723 1769 788 1796 Gn.
807 1767 943 1795 Libertate
962 1768 1039 1795 huius

196 1812 279 1847 partis
305 1812 442 1837 servitutis
467 1810 525 1837 frui.
554 1810 584 1837 fr.
610 1812 649 1836 16.
683 1810 837 1846 Quemadm.
861 1812 951 1837 servit.
971 1814 995 1837 8.
1015 1813 1039 1838 6.

196 1852 252 1879 'Nec
270 1852 379 1879 libertas
399 1854 551 1884 servitutis.
575 1853 675 1879 urbano
698 1853 805 1890 praedio
825 1853 907 1879 dotali
927 1853 1039 1885 debitae,

196 1897 330 1932 competit.
356 1896 386 1922 fr.
406 1897 429 1922 6.
455 1895 487 1922 de
510 1896 591 1922 fundo
616 1896 669 1922 dot.
693 1898 735 1922 23.
755 1898 778 1922 5.
802 1912 835 1915 —
866 1897 897 1929 ᾖ.
919 1898 958 1923 4.
984 1898 1039 1923 Li-

194 1940 321 1965 beratio
341 1949 357 1965 a
374 1940 500 1972 patris,
526 1941 573 1965 rel
591 1941 713 1965 clentini
730 1945 901 1973 potestate.
938 1941 1039 1966 Actus

194 1983 493 2015 emancipationis,
530 1984 579 2008 vel
606 1984 882 2008 manumissionis.
929 1981 946 2008 1.
976 1983 1038 2017 Sy.

194 2023 373 2050 manumissio.
411 2023 555 2050 Libertatis
580 2024 659 2050 datio.
690 2024 721 2050 fr.
741 2025 764 2050 4.
790 2023 822 2050 de
846 2024 863 2051 Ι.
889 2024 950 2050 etl.
972 2027 994 2051 1.
1016 2027 1040 2051 1.

195 2065 329 2098 Liberare,
348 2066 473 2094 Liberum
492 2067 585 2099 facere,
603 2066 738 2093 Libertate
757 2066 855 2093 donare
875 2072 923 2093 etc.
953 2066 994 2093 Cf.
1013 2077 1037 2094 v.

195 2107 329 2136 Liberare.
348 2110 370 2143 ξ.
391 2112 413 2136 l.
450 2109 493 2137 111,
514 2111 580 2138 Cn.
600 2109 636 2136 Vt
655 2109 734 2141 filius.
754 2115 862 2147 acceptp
882 2120 990 2136 munere
1008 2109 1038 2136 li-

196 2150 314 2184 bertatis,
334 2168 366 2172 -
386 2163 418 2179 ne
437 2152 557 2179 videatur
575 2153 691 2188 ingratus
712 2157 760 2179 etc.
786 2152 836 2179 Tb.
857 2152 887 2179 C.
908 2152 976 2180 VIII.
997 2154 1038 2180 18.

197 2202 218 2219 c.
240 2195 262 2220 l.
281 2195 302 2227 §.
322 2196 346 2220 2.
365 2195 398 2222 de
416 2200 524 2222 matern.
545 2195 606 2221 bon.
626 2194 671 2221 IX.
691 2196 732 2221 43.
753 2205 774 2221 c.
790 2197 812 2221 1.
833 2195 855 2229 ξ.
874 2197 898 2222 3.
919 2196 952 2222 de
970 2201 1037 2222 seut.

197 2245 267 2272 pass.
302 2236 517 2275 Emancipatione
536 2239 666 2269 rescissa,
687 2237 781 2263 damno
801 2238 931 2264 libertatis
951 2240 1038 2265 imme-

196 2279 262 2304 ritae
286 2278 411 2306 mulctari.
443 2280 481 2307 lb.
505 2280 573 2307 VIII.
599 2282 638 2306 14.
668 2290 688 2306 c.
712 2282 733 2307 l.
758 2280 790 2307 de
813 2281 905 2316 ingrat.
929 2281 974 2308 lib.
995 2280 1037 2308 Cf.

196 2319 259 2346 Iust.
280 2320 311 2346 C.
336 2330 357 2347 c.
378 2323 418 2348 18.
440 2323 472 2349 de
490 2328 564 2360 nupt.
585 2325 609 2349 5.
628 2324 652 2348 4.
689 2322 853 2355 Libet-tates,
879 2334 946 2360 quae
970 2325 1038 2351 inter

196 2363 272 2389 vivos
291 2364 437 2390 actitantur.
457 2381 489 2384 —
509 2365 609 2392 Omnes
629 2365 778 2397 libertates,
806 2376 872 2402 quae
891 2377 904 2392 a
923 2366 1037 2394 dominis

197 2406 374 2442 imponuntur.
396 2416 416 2432 c.
435 2408 459 2432 3.
479 2407 511 2434 de
530 2408 590 2435 bon.
611 2408 697 2435 libert.
718 2410 741 2434 6.
760 2410 784 2434 4.
808 2419 829 2434 e.
848 2411 872 2434 2.
893 2419 984 2436 comm.
1005 2409 1038 2436 de

196 2457 308 2474 manum.
329 2450 352 2474 7.
374 2450 413 2473 15.
450 2448 501 2476 Pro
520 2450 648 2484 libertate,
668 2461 689 2477 s.
709 2451 738 2477 In
758 2452 794 2483 (v.
814 2451 870 2483 Ob)
889 2453 1037 2488 pactionem

197 2490 339 2522 libertatis.
364 2490 434 2517 dare.
462 2491 492 2518 fr.
513 2494 552 2519 13.
572 2503 611 2530 pr.
631 2493 664 2520 ad
683 2494 749 2520 S.C.
770 2493 838 2521 Vell.
859 2496 898 2521 16.
920 2497 941 2521 1.
962 2495 993 2521 fr.
1014 2498 1037 2522 1.
1058 2512 1060 2516 »

198 2534 220 2566 §.
239 2534 281 2558 33.
301 2532 392 2569 depos.
414 2535 452 2560 16,
473 2535 496 2559 3.
516 2533 546 2560 fr.
564 2538 588 2561 2.
608 2537 630 2569 §.
653 2539 690 2563 14.
711 2536 741 2563 fr.
761 2539 784 2564 9.
804 2547 853 2574 pro
873 2542 932 2564 emt.
952 2540 993 2564 41.
1012 2540 1036 2565 4.

196 2575 339 2602 Libertatis
359 2585 435 2602 causa
455 2577 637 2613 impositorum
653 2580 836 2616 (persecutio.)
856 2580 886 2607 fr.
900 2582 924 2607 2.
945 2591 984 2617 pr.
1005 2581 1037 2608 de

196 2628 268 2655 oper.
288 2617 375 2644 libert.
394 2619 436 2644 38.
454 2620 479 2645 2.
517 2618 676 2648 Consentire
694 2622 816 2650 libertati.
841 2623 871 2649 sr.
890 2625 914 2649 2.
935 2623 967 2650 de
986 2634 1037 2650 ma·

196 2671 267 2688 num.
286 2660 357 2687 vind.
377 2662 418 2686 40.
438 2663 462 2687 2.
479 2678 508 2681 -
529 2663 560 2695 ᾖ.
573 2664 662 2689 4.Α.
685 2666 953 2693 Testamentaria
973 2677 1036 2694 ma-

196 2705 362 2730 nnmissio,
398 2704 577 2738 Legatum,
601 2707 971 2741 velfideicommittsum,
995 2712 1036 2736 li-

196 2748 344 2773 bertatis.
381 2745 399 2772 1.
415 2747 476 2780 Sy·
495 2746 529 2779 Is,
550 2748 594 2783 qui
614 2747 712 2774 directo
732 2749 799 2776 liber
812 2761 871 2777 esse
884 2753 972 2779 iussus
986 2758 1034 2779 est.

197 2787 234 2820 Is,
263 2790 303 2816 cui
328 2788 428 2816 directo
453 2788 561 2816 libertas
584 2789 643 2816 data
667 2795 715 2817 est.
747 2791 806 2830 le.
826 2793 856 2820 ΙΙ.
881 2796 904 2820 7.
929 2804 968 2831 sq.
1005 2795 1035 2822 In

1869 147 1930 176 541

1088 230 1172 256 servis
1193 233 1351 259 testamento
1375 229 1598 256 manumittendis,
1635 227 1663 254 ln
1682 226 1849 254 libertatibus
1869 227 1930 253 dan-

1088 271 1136 298 dis.
1165 272 1222 299 Gai.
1242 271 1260 298 1.
1286 274 1326 298 42.
1354 272 1383 298 ΙΙ.
1403 274 1462 299 228,
1500 272 1530 298 ΙΙ.
1557 274 1624 305 ΟΡ.
1655 270 1739 297 Simul
1764 275 1789 297 et
1813 270 1880 296 liber
1905 276 1931 297 et

1088 314 1163 341 lieres
1188 325 1247 341 esse
1271 315 1377 345 iussus.
1402 331 1434 334 —
1462 314 1525 341 Siue
1550 314 1671 341 libertate
1691 313 1767 339 beres
1792 314 1930 339 institutus

1088 358 1136 388 (sc.
1156 358 1271 389 servus.)
1292 357 1348 384 Gai.
1370 358 1399 383 ΙΙ.
1422 359 1477 384 186.
1498 368 1537 393 sq.
1559 357 1618 394 le.
1633 356 1715 383 XXII.
1732 358 1754 382 7.
1775 366 1814 393 sq.
1832 358 1872 382 10.
1889 357 1928 381 12.

1087 400 1129 426 ΙΙΙ.
1145 402 1210 428 (ἰι.
1230 400 1400 431 Libertatem,
1419 405 1444 426 et
1457 400 1637 431 hereditatem,
1650 401 1707 426 sive
1720 399 1841 435 legatum.
1856 400 1929 430 (con-

1088 445 1184 479 sequi.)
1205 443 1235 470 sr.
1253 445 1294 469 33.
1315 443 1347 469 de
1366 453 1442 480 poen.
1464 444 1504 469 48.
1526 445 1567 469 19.
1604 443 1657 479 Qui
1676 446 1832 469 testamento
1852 440 1930 467 liber—

1088 490 1168 518 tates,
1192 486 1235 512 vel
1254 486 1352 523 legata,
1369 485 1411 511 vel
1431 485 1633 512 fideicommissa
1653 489 1816 522 acceperunt.
1837 484 1867 510 fr.
1889 485 1928 509 14.

1088 529 1109 561 ξ.
1132 530 1152 555 l.
1178 528 1210 555 de
1234 540 1292 566 app.
1318 534 1343 555 et
1361 528 1434 555 relat.
1455 530 1496 555 49.
1518 531 1539 555 1.
1560 529 1592 555 cf.
1620 528 1682 565 Ylp.
1701 527 1783 554 XVII.
1802 529 1826 554 2.
1855 526 1928 553 Paul.

1088 570 1131 596 1V.
1151 572 1173 597 6,
1194 572 1215 605 §—
1235 574 1258 598 3.
1279 571 1323 598 lv.
1343 574 1366 598 7.
1391 572 1413 605 §.
1432 573 1456 598 3.
1477 570 1507 597 fr.
1529 573 1585 598 161.
1605 571 1637 597 de
1657 571 1687 597 u.
1708 570 1726 597 1.
1745 572 1785 597 50.
1806 572 1846 596 17.
1879 569 1929 596 lle-

1088 613 1224 640 reditatem
1238 614 1269 640 ad
1283 614 1366 641 tilium
1385 614 1526 652 pertinere,
1546 615 1579 640 ita
1599 619 1628 640 ut
1646 614 1781 640 libertates
1801 617 1827 639 et
1844 612 1928 648 legata

1086 662 1262 693 praestentur.
1286 657 1317 684 fr.
1336 659 1378 684 28.
1404 657 1437 683 de
1455 656 1527 683 inoff.
1547 661 1648 682 testam.
1668 659 1691 682 5.
1710 658 1734 682 2.
1771 656 1805 682 Et
1823 655 1929 681 liberta-

1088 705 1127 725 tes
1148 700 1206 737 ipso
1226 701 1281 726 iure
1301 710 1353 726 non
1371 699 1473 731 valent,
1492 710 1540 726 nec
1559 699 1641 735 legata
1661 698 1802 726 debentur.
1822 697 1868 724 sed
1888 707 1929 723 so-

1088 742 1141 768 luta
1161 748 1323 780 repetuntur.
1348 742 1377 769 fr.
1398 744 1420 770 8.
1446 743 1529 776 §.16.
1553 742 1582 768 fr.
1602 743 1644 768 29.
1669 742 1690 775 ξ.
1710 743 1734 767 2.
1755 741 1788 767 ib.
1808 742 1832 767 5.
1851 742 1875 766 2.
1896 739 1928 766 cf.

1087 785 1159 812 Paul.
1180 785 1222 812 III.
1242 786 1303 811 413.
1323 786 1345 819 ξ.
1362 787 1383 812 7.
1421 785 1458 812 Vt
1471 801 1503 805 -—-
1517 786 1629 823 primum
1648 784 1765 815 libertas,
1785 794 1814 809 ac
1833 782 1929 809 deinde

1088 828 1168 854 tutela
1193 833 1342 865 competere
1361 829 1455 866 possit.
1479 828 1516 854 lb.
1535 827 1579 854 lV.
1601 829 1641 854 13.
1665 828 1687 861 §.
1706 828 1730 853 3.
1769 826 1823 861 Qui
1842 835 1929 851 manu-

1087 872 1161 897 missi
1180 876 1250 903 sunt,
1270 871 1312 897 vol
1333 873 1376 908 qui
1396 873 1421 898 in
1442 871 1533 898 eodem
1553 875 1710 897 testamento
1730 869 1877 896 libertatem
1891 869 1929 894 in-

1087 919 1126 940 tra
1146 924 1281 940 numerum
1301 914 1443 949 legitimum
1463 914 1598 940 consecuti
1611 917 1680 939 sunt.
1701 912 1738 939 lb.
1752 911 1795 938 IV.
1812 913 1834 937 1.
1854 912 1929 945 §.16.

1088 956 1120 983 cf.
1148 956 1205 982 Gai.
1226 956 1244 982 Ι.
1264 958 1305 982 46.
1326 956 1387 993 Ytp.
1407 956 1424 983 Ι.
1443 959 1485 983 25.
1521 956 1642 983 Libertas
1667 960 1693 981 et
1716 955 1816 982 directo
1839 958 1930 991 potest

1088 999 1152 1031 dari,
1172 1015 1204 1018 —
1225 1004 1250 1025 et
1269 1009 1318 1036 per
1340 999 1580 1026 fideiconnnissum.
1611 999 1649 1025 ΙΙ).
1668 998 1698 1025 ΙΙ.
1719 1000 1742 1025 7.
1763 1008 1802 1034 sq.
1828 999 1868 1023 10.
1888 1006 1928 1033 sq.

1088 1042 1144 1069 Gai.
1165 1042 1195 1068 ΙΙ.
1219 1044 1279 1068 272.
1321 1042 1390 1068 Ante
1413 1043 1605 1068 institutionem
1628 1041 1747 1073 heredis,
1771 1044 1928 1067 testamento

1086 1085 1195 1112 libertas
1215 1084 1271 1111 dari
1291 1095 1342 1111 uon
1361 1090 1458 1122 potest.
1481 1084 1542 1122 le.
1562 1085 1579 1111 Ι.
1599 1087 1640 1110 20.
1665 1084 1722 1110 Gai.
1741 1083 1772 1110 II.
1790 1084 1849 1110 230.
1868 1083 1928 1108 233.

1086 1128 1156 1155 Iusta
1181 1128 1290 1154 libertas
1315 1133 1405 1165 potest
1429 1127 1485 1154 dari
1508 1128 1549 1154 his
1574 1127 1670 1154 verbis.
1702 1126 1800 1164 le.1.
1820 1127 1862 1151 23.
1899 1124 1929 1151 In

1086 1170 1201 1208 generali
1230 1172 1386 1208 repetitione
1414 1170 1559 1207 legatorum
1586 1170 1662 1196 etiam
1691 1169 1765 1196 datae
1792 1168 1928 1195 libertates

1087 1215 1262 1241 continentur.
1289 1214 1319 1240 fr.
1339 1215 1380 1240 80.
1405 1213 1437 1240 de
1461 1212 1492 1239 V.
1518 1213 1545 1239 S.
1570 1214 1611 1239 50.
1638 1214 1676 1238 16.
1713 1211 1929 1238 Fideicommissa

1086 1257 1196 1283 libertas
1216 1256 1282 1283 data.
1312 1256 1384 1283 Paul.
1404 1256 1449 1283 lV.
1470 1258 1510 1283 12.
1535 1256 1556 1289 ξ.
1577 1258 1600 1282 4.
1621 1255 1664 1281 IV.
1686 1257 1726 1281 13.
1750 1256 1771 1289 ς’,
1792 1257 1816 1281 2.
1845 1253 1930 1280 Fidei-

1086 1300 1265 1326 commissaria
1285 1299 1393 1326 libertas
1412 1299 1578 1337 praestanda.
1598 1298 1629 1325 fr.
1647 1300 1671 1324 2.
1691 1298 1723 1324 de
1741 1298 1813 1324 feriis
1832 1298 1911 1323 212,

1121 1343 1384 1369 Libertinitas.
1427 1344 1673 1369 Libertinorum
1700 1342 1854 1368 conditio.
1898 1338 1928 1365 II.

1087 1387 1154 1419 ΟΡ.
1176 1385 1332 1421 Ingenuitas.
1358 1384 1399 1412 Cf.
1419 1385 1444 1411 h.
1464 1395 1488 1411 v.
1525 1384 1568 1411 III.
1588 1385 1654 1412 Cn·
1679 1384 1733 1420 Qui
1752 1393 1781 1410 se
1800 1393 1832 1409 ex
1851 1381 1929 1408 liber-

1086 1430 1187 1455 tinitate
1211 1429 1350 1464 ingenuum
1378 1428 1454 1460 dicit,
1483 1437 1503 1454 s.
1528 1428 1555 1454 in
1579 1428 1765 1464 ingenuitatem
1790 1426 1856 1463 petit
1880 1429 1928 1450 etc.

1086 1472 1116 1498 fr.
1138 1473 1176 1497 14.
1202 1471 1234 1497 de
1253 1471 1354 1508 probat.
1375 1473 1416 1497 22.
1436 1473 1460 1497 3,
1485 1470 1515 1497 fr.
1535 1472 1559 1496 2.
1584 1471 1605 1504 ξ.
1625 1472 1649 1496 3.
1674 1469 1706 1496 de
1730 1469 1822 1496 collus.
1843 1467 1928 1503 deteg.

1085 1517 1126 1541 40,
1148 1516 1188 1541 16.
1225 1514 1267 1540 De
1286 1514 1457 1540 libertinitate
1477 1514 1605 1550 quaestio.
1625 1512 1656 1539 fr.
1674 1514 1715 1538 32.
1738 1513 1760 1546 ᾗ,
1782 1513 1804 1538 7.
1824 1510 1857 1536 de
1876 1520 1927 1536 rec.

1085 1568 1127 1594 qu.
1153 1557 1207 1584 arb.
1232 1559 1255 1583 4.
1280 1560 1304 1584 a.
1346 1557 1488 1593 Ingenuum
1514 1557 1573 1592 quis
1601 1566 1630 1582 se
1654 1554 1852 1585 contendendo,
1880 1562 1928 1578 nec

1084 1600 1235 1638 probando⁷
1260 1610 1313 1626 non
1332 1601 1428 1626 amittit
1451 1599 1657 1626 libertinitatem.
1684 1609 1704 1625 c.
1725 1600 1765 1624 13.
1790 1597 1823 1623 de
1842 1597 1928 1631 ingen.

1083 1653 1194 1669 manum.
1215 1644 1238 1669 7.
1260 1644 1299 1669 14.

1119 1686 1351 1712 Ιιίϋθῐῐίιιιιε.
1389 1686 1420 1719 §.
1440 1687 1474 1712 1.
1502 1686 1566 1718 Qui
1587 1686 1807 1711 conditionem
1826 1683 1928 1708 susti-

1084 1735 1134 1755 net
1153 1739 1190 1754 es
1209 1730 1368 1754 servitute
1387 1730 1664 1754 manumissorum.
1702 1726 1720 1753 I.
1741 1727 1803 1760 Sy.
1825 1725 1879 1760 Qui
1895 1734 1927 1750 ex

1085 1773 1152 1797 iusta
1172 1771 1298 1796 servitute
1312 1771 1548 1798 manumissusest.
1581 1770 1635 1806 Qui
1648 1769 1728 1796 desiit
1747 1778 1806 1795 esse
1824 1776 1927 1794 servus.

1085 1813 1141 1840 Gai.
1162 1813 1180 1839 Ι.
1202 1815 1244 1839 11.
1269 1812 1299 1839 fr.
1319 1814 1342 1838 4.
1368 1813 1400 1839 de
1424 1813 1442 1839 Ι.
1463 1818 1489 1839 et
1506 1813 1525 1839 Ι.
1547 1815 1568 1839 1.
1590 1815 1612 1839 1.
1643 1812 1775 1839 Libertus.
1807 1810 1863 1837 Gai.
1883 1808 1926 1835 ΙΙΙ.

1084 1859 1125 1883 55.
1146 1866 1204 1893 sqq.
1225 1855 1295 1882 Colt.
1315 1855 1368 1882 LL.
1388 1856 1421 1882 M.
1441 1855 1485 1882 IV.
1505 1858 1529 1882 3.
1554 1855 1615 1893 le.
1629 1855 1698 1882 Xlll.
1719 1857 1741 1881 1.
1762 1853 1832 1880 XVI.
1852 1854 1876 1878 2.
1895 1852 1926 1878 fr.

1084 1901 1108 1926 9.
1129 1899 1161 1925 de
1180 1898 1269 1925 Senat.
1291 1901 1312 1925 1.
1333 1900 1357 1925 9.
1394 1898 1495 1926 Liberti
1515 1904 1541 1925 et
1559 1898 1675 1925 libertae.
1699 1897 1850 1924 Libertinae
1869 1904 1927 1932 per—

1084 1952 1171 1968 sonae.
1192 1941 1221 1967 fr.
1241 1943 1265 1967 2.
1284 1952 1323 1979 pr.
1349 1942 1370 1976 ξ.
1392 1944 1413 1968 l.
1434 1942 1466 1968 de
1486 1952 1558 1979 oper.
1577 1942 1663 1968 libert.
1684 1942 1726 1967 38.
1748 1942 1769 1967 1.
1807 1939 1838 1965 ΙΙ.
1858 1940 1926 1971 ΟΡ.

1084 1985 1221 2021 Ingenuus
1247 1984 1288 2011 Cf.
1308 1984 1332 2011 b.
1353 1995 1376 2011 v.
1414 1984 1457 2012 ΙΙΙ,
1479 1986 1544 2012 Cn.
1564 1984 1717 2010 Provincias
1735 1987 1866 2019 regentes.
1885 1990 1927 2006 co-

1083 2029 1175 2060 mites,
1200 2032 1244 2053 aut
1263 2027 1379 2054 libertini
1400 2027 1450 2061 [al.
1471 2027 1575 2061 liberti]
1596 2037 1693 2053 eorum.
1718 2026 1748 2052 fr.
1770 2027 1808 2051 16.
1829 2024 1861 2050 de
1881 2022 1925 2049 off.

1083 2071 1171 2098 Praes.
1193 2073 1215 2098 1.
1236 2072 1275 2097 18.
1314 2070 1368 2106 Qui
1387 2070 1450 2097 alias
1470 2081 1593 2097 accusare
1611 2079 1663 2096 non
1683 2069 1782 2106 possit,
1802 2072 1830 2094 ut
1848 2066 1926 2092 liber-

1083 2115 1162 2144 tinus.
1182 2118 1226 2139 aut
1238 2115 1324 2140 minor
1336 2113 1413 2140 XXV
1433 2123 1576 2145 annorum,
1596 2117 1640 2140 aut
1658 2112 1769 2138 infamis.
1789 2110 1857 2137 Coll.
1872 2109 1925 2136 LL.

1082 2157 1116 2183 M.
1132 2156 1176 2183 IV.
1195 2158 1218 2182 4.
1256 2156 1285 2183 Si
1305 2156 1429 2183 famosam
1448 2158 1507 2193 quis
1526 2166 1634 2183 uxorem
1654 2155 1766 2186 duxerit,
1786 2158 1830 2180 aut
1848 2153 1925 2179 liber-

1082 2201 1162 2225 tinam
1182 2198 1301 2226 Senator.
1327 2199 1387 2237 ΠΡ.
1407 2199 1477 2226 XIII.
1497 2202 1520 2226 2.
1541 2199 1572 2225 cf.
1594 2201 1616 2225 1.
1635 2198 1706 2224 XVI.
1725 2199 1749 2223 2.
1773 2196 1804 2223 fr.
1824 2197 1864 2222 16.
1884 2204 1923 2231 pr.

1082 2242 1112 2269 fr.
1132 2244 1174 2268 34.
1194 2243 1215 2276 §-
1234 2244 1257 2268 3.
1278 2242 1309 2269 sr.
1328 2245 1368 2269 42.
1389 2243 1410 2276 §.
1433 2245 1454 2269 1.
1476 2242 1508 2269 de
1526 2241 1557 2268 R.
1572 2241 1603 2268 N.
1622 2243 1664 2268 23.
1683 2243 1707 2267 2.
1743 2240 1828 2266 Homo
1848 2237 1923 2269 liber,

1083 2286 1127 2321 qui
1147 2295 1175 2311 se
1194 2285 1321 2313 vendidit.
1342 2286 1518 2311 manumissus
1535 2302 1564 2305 —
1579 2284 1693 2310 efficitur
1711 2283 1848 2309 libertinae
1864 2289 1923 2306 con-

1082 2328 1198 2354 ditionis.
1224 2327 1254 2354 fr.
1274 2330 1315 2353 21.
1340 2328 1372 2354 de
1392 2333 1461 2354 statu
1485 2327 1553 2354 hom.
1576 2329 1597 2353 l.
1617 2329 1640 2353 5.
1679 2326 1791 2361 Quoties
1816 2324 1874 2359 quis
1894 2321 1923 2348 li-

1082 2370 1212 2397 bertinum
1232 2370 1336 2406 quidem
1356 2380 1384 2396 se
1404 2370 1557 2401 confitetur,
1576 2370 1699 2396 libertum
1719 2372 1802 2394 autem
1823 2364 1853 2391 C.
1868 2364 1924 2391 Seii

1083 2423 1111 2439 se
1130 2418 1214 2449 negat.
1236 2413 1266 2439 fr.
1280 2414 1303 2438 6.
1324 2414 1346 2438 si
1366 2414 1451 2449 ingen.
1472 2423 1530 2439 esse
1550 2413 1599 2439 dic.
1619 2415 1659 2438 40.
1682 2413 1720 2437 14.
1758 2409 1796 2439 Si.
1816 2408 1861 2444 qui
1880 2407 1923 2433 de-

1083 2457 1176 2488 cessit,
1196 2466 1248 2482 uon
1268 2455 1316 2481 fuit
1335 2455 1482 2488 libertinus⁷
1502 2455 1545 2482 vel
1565 2456 1655 2491 stirpis
1674 2453 1820 2479 libertinae.
1851 2450 1922 2477 Coll.

1081 2498 1134 2525 LL.
1155 2499 1188 2525 M.
1202 2498 1272 2524 ΧΠ.
1286 2500 1309 2523 ὅ.
1331 2497 1379 2524 Cn.
1400 2498 1520 2530 Flavius.
1540 2498 1633 2528 scriba.
1654 2512 1686 2516 --
1706 2495 1822 2521 libertini
1840 2493 1921 2520 filius.

1082 2541 1112 2567 fr.
1131 2543 1156 2567 2.
1176 2541 1197 2574 ξ.
1219 2542 1241 2566 7.
1262 2540 1295 2567 de
1315 2542 1346 2567 O.
1366 2541 1384 2567 Ι.
1406 2544 1428 2568 1.
1447 2544 1472 2568 2.
1509 2541 1673 2567 Libet-tinus.
1698 2539 1742 2574 qui
1761 2547 1790 2564 se
1809 2538 1922 2572 ingenuo

1081 2583 1155 2610 dedit
1180 2583 1365 2619 adrogandum.
1390 2584 1420 2610 sr.
1439 2587 1480 2610 32.
1506 2583 1538 2609 de
1558 2583 1587 2608 R.
1608 2581 1639 2608 Ν.
1663 2583 1704 2608 23,
1724 2583 1748 2608 2.
1785 2579 1921 2606 Libertina

1080 2631 1198 2663 patrona.
1228 2626 1284 2652 Gai.
1308 2626 1350 2653 ΙΙΙ.
1374 2629 1416 2652 50.
1445 2626 1505 2662 le.
1526 2624 1623 2651 XXIX.
1643 2625 1667 2650 6.
1695 2639 1727 2643 -
1756 2624 1787 2657 §.
1812 2624 1847 2649 ἓ.
1871 2624 1921 2649 Ea:

1080 2679 1170 2695 servo
1194 2671 1390 2695 manumisso
1413 2674 1605 2703 prognatus.
1646 2667 1689 2693 III.
1710 2667 1776 2694 Gn.
1808 2665 1919 2701 Ingenua

1057 2700 1058 2705 ¹
1081 2711 1196 2744 (mater.)
1216 2711 1307 2743 libera,
1327 2712 1429 2742 liberta,
1449 2710 1578 2736 libertina.
1607 2710 1657 2737 Tb.
1672 2709 1702 2737 C.
1716 2708 1784 2736 Vlll.
1799 2710 1840 2734 13.
1860 2718 1880 2733 c.
1897 2708 1918 2731 1.

1078 2763 1117 2790 pr.
1138 2754 1171 2780 de.
1190 2763 1275 2780 revoc.
1296 2754 1383 2780 donat.

1114 2797 1303 2824 Libertus.
1321 2796 1490 2823 Liberta.
1530 2798 1606 2829 Qui,
1626 2806 1744 2831 quaeve
1778 2795 1914 2821 servitu-
