2197 3121
261 188 325 219 862

263 280 321 297 nem
340 268 470 301 voluerit3
493 279 546 296 uon
565 269 629 295 satis
649 269 745 305 egerit,
765 268 879 305 quando.
904 267 936 295 fr.
956 270 996 295 10.
1015 278 1055 306 pr.
1075 267 1108 294 de

263 313 338 340 cond.
359 318 385 339 et
404 312 470 339 dem.
491 314 533 338 35.
554 313 577 338 l.

298 356 576 383 Satis-cavere.
600 356 775 382 Salisdato
794 365 913 382 cavere.
950 354 1042 388 LSy.
1062 353 1108 380 Sa·
1128 388 1130 393 .

262 399 370 431 tisdare,
390 397 498 425 cavere.
519 397 549 424 fr.
562 398 603 424 60.
623 398 645 431 5.
662 399 684 424 1.
705 397 737 424 de
757 397 839 424 usufr.
859 399 882 424 7.
898 400 920 424 1.
941 397 970 424 fr.
986 400 1010 423 5.
1030 397 1067 431 55.
1084 398 1106 422 l.
1128 404 1130 416 ¹

261 445 286 470 3.
307 442 340 469 de
358 441 430 478 legit.
451 445 498 467 tut.
518 442 559 467 26.
580 441 603 468 4.

297 484 530 512 Satis-dare.
568 483 599 517 ξ.
620 484 654 510 l.
685 484 856 510 Creditori
879 493 1002 515 cavere,
1028 482 1107 515 (fide-
1128 474 1130 513 l

263 527 411 555 iussoribus
430 526 641 564 sponsoribusve
661 525 750 559 datis.)
780 526 791 553 Ι
812 528 874 561 Sy.
895 526 1005 558 Cavere⁷
1025 526 1108 553 Satis-

263 571 368 598 datioue
387 579 486 596 cavere.
507 569 548 596 Cf.
568 579 592 596 v.
614 568 723 596 Carere.
744 569 765 603 5.
785 572 808 595 4.
847 569 981 595 Satisdato
1000 570 1108 606 promit-

262 619 324 640 tere.
362 611 569 639 satisdationem
588 612 657 638 dare.
683 611 712 638 fr.
734 613 756 638 7.
777 612 798 646 5.
817 614 841 638 2.
867 612 920 647 Qui
940 612 1032 639 satisd.
1052 622 1107 648 cog.
1129 613 1131 622 ¹

261 659 284 682 2.
304 659 328 683 ὃ.
348 654 378 682 fr.
399 657 423 681 2.
443 655 465 689 5.
487 656 509 681 1.
537 654 567 681 fr.
587 656 611 680 4.
632 655 654 680 si
676 664 708 681 ex
728 664 787 680 nox.
808 665 829 681 c.
849 657 874 681 2.
893 656 917 681 9.
941 655 971 681 fr.
991 656 1015 681 4.
1040 655 1062 688 5.
1082 656 1106 681 5.

261 700 284 725 si
304 708 347 735 qu.
367 702 446 724 cautt.
465 699 489 724 2.
512 698 550 723 ll.
570 696 642 724 Paul.
663 697 681 723 1.
703 698 741 724 ll.
762 697 784 731 5.
807 699 828 724 l.
844 708 883 735 sq.
911 697 1107 724 fideiussorem

262 742 331 769 dare.
353 741 383 769 fr.
404 743 426 768 l.
447 741 502 777 Qui
520 740 611 767 satisd.
633 750 688 776 cog.
707 742 732 766 2.
747 741 771 766 8.
791 740 821 766 fr.
835 742 859 767 3.
881 740 913 767 de
932 741 1050 768 fideiuss.
1065 742 1107 767 46.
1129 735 1131 747 ¹

264 787 286 812 1.
323 784 353 811 11.
369 786 437 818 01)-
460 783 625 810 Promittere.
650 782 852 820 Reproniittere.
873 783 949 810 Nuda
968 785 1109 821 repromis-

261 829 310 855 sio.
330 827 360 855 fr.
380 829 422 854 56.
442 836 482 864 pr.
502 826 534 853 de
554 828 630 853 evict.
651 828 693 852 21.
712 828 736 852 2.
757 826 787 853 fr.
803 828 826 853 7.
845 837 883 864 pr.
904 827 936 853 de
956 827 1042 854 damn.
1062 827 1107 854 inf.

261 873 303 898 39.
322 873 346 897 2.
373 870 403 897 fr.
423 871 447 896 4.
472 870 493 904 5.
516 871 538 896 l.
563 880 595 896 ne
614 871 655 896 vis
675 869 721 896 fiat
740 870 771 896 ei.
791 871 833 896 4-3,
853 872 877 896 4.
903 869 944 896 Cf.
965 880 990 896 v.
1008 869 1108 907 Repro-

262 915 374 941 mittere.
395 913 504 940 Cavete.
525 912 566 939 Cf.
588 912 612 939 h.
632 923 656 939 v.
676 912 698 946 5.
718 914 742 938 4.
778 911 821 938 Ill.
839 914 905 940 Cn.
925 912 1030 939 Talium
1049 912 1107 939 offi-

262 959 361 984 ciorum
380 955 527 983 mercedes:
547 955 595 988 „Si
615 955 663 982 tibi
682 955 798 987 adfuem,
819 956 848 982 Si
867 957 931 982 satis
951 966 1000 993 pro
1020 961 1045 982 te
1066 955 1108 982 de-

261 1000 352 1027 dero.“
373 1000 403 1026 fr.
425 1001 463 1025 19.
483 999 549 1032 5.1.
571 998 604 1025 de
624 998 711 1025 donat.
731 1000 772 1025 39.
792 1001 815 1025 5.
852 998 877 1026 Is
898 1009 956 1026 eum
975 1000 1024 1026 viri
1044 999 1107 1025 boni
1128 1023 1129 1026 ,

263 1043 390 1070 arbitratu
409 1041 544 1073 defendat,
571 1043 652 1074 etei,
677 1052 728 1078 quo
749 1043 853 1069 nomine
877 1047 947 1078 aget,
972 1042 998 1068 id
1023 1047 1106 1068 ratum
1128 1030 1130 1082 Ξ

262 1086 359 1113 habere
378 1095 449 1117 eum,
474 1084 506 1111 ad
530 1095 608 1121 quem
627 1096 656 1111 ea
675 1095 718 1112 res
737 1086 864 1122 pertinet,
887 1085 951 1112 boni
971 1086 1020 1111 viri
1040 1085 1107 1111 arbi·
1128 1111 1129 1118 ἵ

261 1134 330 1156 tratu
349 1127 468 1155 satisdet.
494 1127 524 1154 fr.
544 1129 585 1154 33.
611 1128 632 1162 5.
652 1130 676 1154 3.
697 1128 729 1155 de
748 1138 852 1166 procur.
871 1130 897 1154 3.
918 1130 942 1154 3.
963 1128 994 1155 cs.
1014 1128 1044 1155 fr.
1066 1130 1106 1154 14.

263 1172 316 1208 Qui
342 1171 433 1200 satisd.
459 1181 514 1207 cog.
537 1173 562 1197 2.
587 1174 611 1198 δ,
642 1170 714 1198 Paul.
739 1171 757 1197 1.
777 1172 800 1197 3.
826 1171 847 1205 5.
866 1174 890 1197 4.
923 1171 979 1197 Gai.
1000 1170 1043 1198 IV.
1064 1172 1106 1197 98.

262 1214 361 1241 Iudicio
382 1214 495 1240 sistendi
512 1224 589 1241 causa
603 1214 739 1241 satisdare.
760 1214 789 1240 fr.
803 1217 827 1240 4.
847 1214 869 1248 5.
884 1217 907 1240 5.
927 1215 950 1240 si
970 1224 1013 1250 qu.
1028 1219 1106 1241 cautt.

260 1260 285 1285 2,
307 1260 347 1285 11.
384 1258 518 1284 Defensor
537 1259 592 1284 eius
616 1258 680 1283 satis
700 1257 841 1283 iudicatum
861 1256 928 1283 solvi
949 1257 1010 1283 dare
1030 1257 1108 1284 debe-

261 1301 308 1328 bit.
329 1300 359 1328 fr.
378 1302 420 1328 26.
440 1301 462 1335 5.
487 1302 507 1326 1.
528 1299 560 1326 de
579 1301 670 1326 ininor.
691 1301 714 1326 4.
735 1302 758 1327 4.
779 1300 811 1327 cf.
831 1300 860 1327 fr.
880 1302 921 1327 ⁶28.
942 1300 971 1327 fr.
986 1302 1027 1327 43.
1047 1301 1069 1335 5.
1082 1302 1106 1327 6.

261 1344 294 1372 de
314 1353 418 1381 procur.
437 1346 461 1370 3.
481 1345 505 1370 3.
544 1342 614 1369 Dare
633 1344 698 1369 satis
718 1343 750 1369 de
769 1343 921 1369 hereditate.
946 1343 976 1370 fr.
997 1346 1020 1370 5.
1040 1344 1062 1378 5.
1084 1345 1106 1370 l.

262 1387 295 1414 de
320 1386 408 1414 hored.
434 1391 489 1424 pet.
512 1388 535 1412 5.
559 1387 583 1412 3.
621 1385 656 1412 Vt
680 1385 824 1423 legatorum
849 1386 961 1413 satisdet
983 1386 1106 1421 (heres.)

263 1430 293 1457 fr.
312 1432 336 1457 8.
356 1430 394 1464 55.
409 1432 432 1456 4.
452 1440 509 1466 sqq.
530 1430 583 1464 Qui
604 1429 694 1455 satisd.
715 1440 770 1466 cog.
784 1432 808 1456 2.
823 1431 846 1456 8.
867 1429 897 1456 fr.
912 1433 936 1456 5.
956 1430 1016 1464 5.1.
1037 1429 1067 1456 fr.
1082 1431 1106 1456 8.

262 1478 291 1500 ut
309 1474 336 1499 in
355 1482 426 1510 poss.
442 1472 517 1508 legat.
531 1473 572 1498 36.
587 1473 610 1497 4.
648 1471 713 1498 Rem
733 1472 831 1499 salvan}
852 1473 906 1499 fore
925 1472 1017 1499 satisd.
1036 1472 1067 1499 sr.
1082 1475 1106 1499 5.

261 1517 283 1551 5.
304 1518 326 1542 l.
352 1515 384 1542 de
409 1515 479 1552 legit.
506 1520 553 1541 tut.
573 1516 614 1540 26.
634 1517 658 1541 4.
686 1515 743 1541 Gai.
767 1515 785 1541 1.
808 1517 864 1542 199.
885 1526 924 1552 sq.
962 1515 1107 1548 Satisdare,

263 1565 291 1586 ut
312 1576 340 1580 —
363 1563 459 1584 tantam
478 1559 615 1595 pecuniam
635 1557 687 1584 det.
708 1558 738 1584 fr.
754 1560 775 1585 l.
796 1569 834 1596 pr.
855 1560 877 1585 si
898 1560 947 1585 cui.
967 1558 1003 1596 pl.
1024 1569 1066 1596 qu.
1081 1569 1106 1596 p.

262 1602 291 1629 L.
306 1601 376 1628 falc.
391 1603 431 1628 35.
445 1604 470 1628 3.
509 1602 561 1636 Qui
581 1601 725 1638 stipulante
745 1611 821 1627 servo
841 1602 948 1638 publico
969 1603 1033 1628 satis
1053 1601 1108 1628 ido-

263 1656 310 1672 nee
335 1644 445 1672 dederit.
475 1654 496 1670 c.
517 1646 540 1670 3.
566 1643 598 1670 de
623 1643 738 1681 postlim.
763 1654 816 1670 rev.
841 1646 863 1669 8.
884 1646 925 1670 51.
963 1644 1005 1671 Ad
1030 1646 1107 1671 satis-

263 1688 376 1716 dandum
396 1687 521 1713 adbibere
541 1686 718 1720 (mulierem.)
745 1686 774 1713 fr.
794 1688 816 1713 S.
843 1687 908 1720 5.1.
937 1687 991 1723 Qui
1015 1687 1106 1714 satisd,

263 1742 318 1768 cog.
337 1734 362 1758 2.
383 1732 406 1757 8.
428 1746 459 1750 —-
489 1731 519 1763 ἓ.
542 1731 577 1756 2.
605 1731 834 1764 Qicalicunque
858 1732 944 1757 modo
964 1733 1106 1767 satisfa-

262 1785 337 1802 cere.
376 1774 395 1800 I.
416 1775 477 1808 Sy.
497 1772 663 1799 Satisfacere.
684 1773 713 1799 fr.
729 1775 770 1798 21.
791 1773 812 1806 5.
831 1775 856 1799 2,
881 1772 913 1799 de
938 1777 1022 1799 const.
1048 1784 1105 1811 pec.

265 1820 303 1845 13.
323 1820 345 1844 5.
367 1817 396 1844 fr.
411 1819 451 1843 49.
472 1816 504 1842 de
524 1815 602 1842 solut.
623 1817 663 1841 46.
684 1818 707 1842 3.

296 1859 514 1888 satisdatio.
544 1859 574 1892 ξ.
587 1861 620 1886 1.
641 1861 776 1891 Cautio,
798 1858 1013 1889 (fideiussoribus
1027 1869 1107 1897 spon-

263 1904 402 1930 soribusve
427 1902 494 1928 datis
515 1901 696 1939 praestanda.)
734 1902 752 1928 l.
773 1903 834 1936 Sy.
860 1902 1007 1934 Satisdare,
1025 1902 1108 1929 Satis-

263 1947 394 1974 dationem
423 1945 497 1974 dare.
522 1944 700 1971 satisdatione
725 1955 823 1971 cavere.
853 1945 894 1972 Cf.
919 1956 942 1972 v.
964 1945 1106 1973 Satisdare.

263 1991 284 2024 5
307 1991 328 2015 1.
362 1988 509 2014 Fideiussio
539 1988 579 2013 Cf.
601 1988 624 2014 h.
644 1998 668 2014 v.
706 1987 814 2019 Cautio,
834 1998 900 2025 qnae
920 1988 1107 2015 fideiussorum

264 2032 342 2059 habet
361 2032 572 2068 praestationem.
594 2030 622 2056 fr.
639 2032 660 2056 1.
681 2041 719 2068 pr.
741 2030 769 2057 fr.
784 2032 808 2056 3.
828 2031 865 2065 55.
881 2033 903 2058 l.
919 2034 958 2058 10.
980 2032 1009 2058 fr.
1029 2035 1054 2058 4.
1068 2043 1107 2069 pr.

264 2076 287 2102 si
306 2076 347 2101 cui
367 2074 404 2111 pl.
424 2084 465 2109 qu.
487 2072 640 2110 11.L.1⁴‘alc.
659 2075 701 2099 35.
721 2075 744 2100 3.
782 2073 811 2100 ll.
830 2076 897 2108 Op.
917 2074 1107 2112 Reproinissio.

264 2118 306 2145 Cf.
326 2117 351 2144 h.
372 2127 395 2143 v.
421 2116 524 2143 Cautio.
551 2115 591 2142 Cf.
613 2115 636 2141 h.
657 2126 680 2143 v.
705 2117 726 2149 5.
747 2119 770 2142 4.
808 2116 849 2143 111.
870 2119 935 2145 Gn.
960 2117 1108 2145 Praetoriae

264 2160 451 2187 satisdationes
477 2169 605 2197 personas
632 2159 782 2185 desiderant
807 2170 855 2196 pro
881 2170 910 2186 sc
935 2162 1109 2187 intervenien-

266 2205 337 2230 tium.
364 2203 393 2229 fr.
415 2205 436 2229 7.
463 2202 495 2229 de
519 2202 609 2240 stipul.
635 2201 719 2228 Praet.
745 2204 785 2228 46.
809 2205 832 2228 5.
872 2203 899 2229 ln
925 2204 1107 2231 satisdationis

265 2245 436 2284 stipulatione
450 2247 547 2277 venire,
562 2245 645 2282 (quod
660 2246 801 2271 interesset
815 2245 988 2282 stipulantis.)
1009 2248 1038 2273 fr.
1051 2249 1108 2274 112.

265 2291 286 2324 5.
310 2291 330 2315 1.
352 2288 384 2315 dc
404 2288 435 2315 V.
451 2290 482 2315 0.
503 2291 543 2315 45.
566 2290 587 2314 1.
608 2288 640 2314 cf.
660 2288 689 2314 fr.
709 2290 732 2314 3.
754 2288 786 2314 de
806 2288 923 2315 lida-iuss
944 2291 983 2315 46.
1007 2292 1027 2316 l.
1060 2290 1109 2316 Ne-

267 2343 316 2368 que
335 2333 436 2361 missio.
457 2341 540 2367 neqm¹
559 2331 696 2357 satisdatio
711 2331 808 2364 (locum
824 2331 922 2362 habet.)
943 2331 972 2359 fr.
988 2335 1011 2359 5.
1031 2334 1052 2366 5.
1070 2336 1107 2360 12.

266 2381 293 2402 ut
312 2376 337 2401 in
363 2385 434 2411 poss.
461 2374 535 2410 legat.
555 2376 596 2400 36.
617 2376 639 2400 4.
678 2374 756 2400 Fiunt
782 2374 928 2401 vadimonia
953 2375 1109 2412 quibusdam

266 2429 298 2445 ex
318 2419 404 2444 causis
424 2427 497 2454 pura,
518 2418 532 2443 i.
554 2427 575 2442 c.
596 2418 652 2442 sine
671 2417 856 2449 satisdatione,
875 2417 1031 2453 quibusdam
1052 2429 1108 2445 cuni

267 2460 446 2487 satisdatione.
473 2460 529 2486 Gai.
549 2459 593 2486 lv.
617 2462 671 2486 1³55.
693 2460 723 2486 ef.
750 2460 780 2486 fr.
799 2462 840 2486 61.
865 2460 897 2486 do
917 2471 1022 2498 procur.
1040 2463 1064 2487 3.
1084 2463 1108 2487 3.

267 2504 330 2530 Sine
351 2503 522 2529 satisdatione·
542 2502 710 2535 (defensor.)
731 2504 786 2529 Gai.
808 2502 850 2530 IV.
873 2505 930 2530 101.
967 2503 1051 2530 Solita
1071 2514 1109 2530 sa-

267 2546 374 2573 tisdatio
394 2545 559 2574 ..iudicatum
580 2545 679 2572 solvif
699 2561 730 2565 -—
752 2546 792 2571 De
812 2551 876 2577 ratu,
897 2556 918 2572 s.
938 2546 1110 2573 Ratiliabitio-
1131 2552 1133 2576 ζ

268 2590 316 2620 nis.
337 2589 482 2615 satisdatio.
504 2589 524 2614 fr
553 2591 593 2615 40.
614 2590 650 2623 55.
671 2590 695 2614 2.
716 2598 755 2625 sq.
777 2588 808 2614 {lo
829 2599 930 2625 procur.
945 2592 968 2616 3.
981 2592 1005 2616 3
1026 2589 1108 2616 Vatic.
1131 2594 1133 2607 ¹

268 2632 290 2665 5.
311 2634 369 2658 317.
391 2647 420 2651 ——
442 2632 472 2664 §·
492 2633 527 2658 2.
549 2633 667 2658 Contio
685 2634 912 2666 promissor-ia.
950 2632 967 2658 1.
979 2634 1041 2667 Sy.
1060 2632 1110 2659 Re-

269 2676 417 2710 promissio.
443 2674 471 2701 fr.
496 2678 520 2701 2.
549 2675 569 2708 5.
590 2677 613 2701 3.
643 2676 694 2710 Qii.
722 2674 827 2711 legator.
852 2676 893 2701 43.
912 2677 936 2701 3.
961 2675 991 2702 fr.
1011 2678 1051 2702 til.
1078 2675 1111 2702 de

269 2716 300 2743 V.
321 2716 347 2742 S.
369 2719 407 2742 50.
425 2719 463 2743 16.
486 2734 515 2738 —
536 2718 567 2751 ξ.
583 2719 619 2744 3.
641 2720 845 2754 Satixfactio
866 2721 1035 2752 quaelihet.
1067 2718 1110 2745 111.

270 2761 336 2787 vn.
357 2760 460 2794 Quodsi
481 2765 616 2798 acceptum
636 2760 715 2786 latum
735 2762 778 2793 sit,
793 2777 825 2780 -
845 2760 986 2787 solutionis
1006 2761 1111 2798 quidem

271 2802 379 2829 verbum
399 2812 451 2827 uon
470 2804 599 2839 proficiet.
620 2803 666 2829 sed
687 2803 868 2830 satisdationis
889 2803 936 2838 [al.
957 2804 1112 2831 satisfactio-

270 2844 326 2879 nis]
347 2844 453 2871 suflicit.
474 2845 503 2871 fr.
523 2848 562 2872 49.
583 2846 616 2873 (18
634 2846 712 2872 solut.
733 2848 773 2873 46.
793 2848 816 2872 3.

1090 186 1182 217 SAT.

1187 266 1391 294 Safisdato.
1430 267 1551 301 (Advb.)
1590 269 1820 296 Satisdaeione
1851 271 1994 298 interve-

1152 312 1266 337 niente.
1303 309 1322 336 1.
1340 311 1402 345 Sy.
1421 309 1477 337 Sub
1497 310 1700 338 fideiussoribus
1719 312 1824 344 (cavere
1844 313 1906 346 cte.)
1925 314 1956 341 fr.
1971 316 1994 341 7.

1152 352 1185 379 de
1204 352 1307 380 incend.
1327 354 1410 380 ruina.
1429 355 1471 380 47.
1490 355 1513 381 9.
1533 354 1564 381 sr.
1584 357 1608 381 2.
1628 364 1667 392 pr.
1687 354 1720 381 de
1739 359 1805 380 cust.
1825 364 1892 382 reor.
1909 357 1950 384 48.
1969 359 1994 384 3.

1152 395 1296 428 satisdare,
1315 395 1450 423 Satisdato
1470 406 1569 428 cavere,
1590 407 1612 423 v.
1633 396 1774 424 defendere
1788 402 1837 424 etc.
1857 397 1888 425 sr.
1901 400 1943 425 31.
1963 399 1996 426 ad

1153 437 1181 465 L.
1202 438 1272 465 Falc.
1290 440 1332 465 35.
1352 442 1376 465 2.
1397 439 1426 466 fr.
1449 441 1488 465 18.
1512 440 1533 473 5.
1553 442 1577 465 5.
1597 439 1630 466 de
1649 445 1726 466 castr.
1747 449 1803 477 pec.
1823 442 1864 467 49.
1887 443 1926 468 17.
1962 441 1994 469 Π.

1153 483 1220 515 Op·
1239 480 1315 508 Nuda
1335 483 1455 508 cautione
1475 484 1588 516 (cavere,
1608 492 1632 510 v.
1652 483 1827 520 promittere.)
1847 483 1878 510 fr.
1891 486 1915 511 2.
1935 484 1957 518 5.
1971 485 1994 511 6.

1152 523 1184 550 de
1204 523 1282 551 iudic.
1301 527 1325 551 5.
1347 527 1368 550 l.
1389 524 1419 551 fr.
1437 526 1475 551 17.
1496 524 1528 551 de
1547 535 1632 551 accus.
1651 528 1694 552 48.
1713 527 1738 552 2.
1776 525 1934 563 pignoribus
1953 526 1996 554 da-

1152 568 1186 593 tis
1206 568 1332 601 (cavere.)
1353 567 1382 594 fr.
1403 570 1427 594 4.
1447 568 1469 601 5.
1489 571 1513 594 ὅ.
1533 567 1566 594 de
1585 568 1671 595 fideic.
1691 568 1755 595 libb.
1771 570 1812 595 40.
1831 571 1855 596 5.

1187 610 1411 638 satisdator.
1455 613 1610 644 Sponsor,
1642 613 1844 638 Fideiussor.
1888 611 1906 639 1.
1931 613 1995 647 Sy·

1129 651 1131 683 '1
1153 652 1367 685 satisdationem,
1388 653 1580 680 Satisdatorem
1599 653 1694 687 (dare.)
1715 654 1838 681 consult.
1852 659 1903 681 vet.
1917 654 1935 682 1.
1943 654 1996 682 Cti.

1152 696 1174 729 5.
1194 697 1218 721 3.
1238 695 1348 733 Interpr.
1368 695 1400 722 ad
1419 695 1491 723 Paul.
1512 696 1528 722 1.
1550 698 1590 723 11.
1609 697 1690 731 55.1.
1711 707 1751 733 sq.

1188 738 1549 766 satis-desiderare.
1586 741 1848 767 Satisdationem
1874 742 1996 768 deniae-

1152 791 1234 808 rare.
1257 780 1277 807 1.
1288 782 1350 816 Sy.
1371 780 1455 813 Velle,
1475 792 1495 808 s.
1516 782 1684 815 Dvsiderare,
1704 784 1797 810 caveri.
1818 783 1848 810 fr.
1861 785 1903 810 35.
1923 784 1961 817 55
1970 785 1996 810 2.

1153 834 1193 860 sq.
1214 823 1246 850 de
1265 834 1369 861 procur.
1389 827 1412 851 3.
1432 825 1511 852 3.1ἰ·.
1533 827 1554 851 l.
1579 826 1601 860 5.
1623 827 1644 851 1.
1670 830 1699 852 ut
1722 826 1748 852 in
1767 836 1839 863 poss,
1859 826 1935 863 legat.
1954 827 1996 853 36.

1153 870 1177 893 4.
1215 866 1420 894 Satisdationem
1439 867 1598 895 desiderare.
1624 867 1680 894 Gai.
1701 867 1745 895 1V.
1764 870 1805 896 97.
1825 868 1898 896 Paul.
1917 869 1934 896 1.
1956 871 1995 896 ll.

1153 910 1174 944 5.
1196 912 1218 936 1.
1239 910 1270 936 fr.
1291 911 1331 936 13.
1351 920 1390 947 pr.
1411 909 1444 937 de
1463 910 1544 937 usufr.
1565 913 1587 937 7.
1609 913 1631 937 1.
1669 910 1710 937 111.
1726 913 1792 939 Cn.
1813 911 1876 939 Sive
1895 911 1997 939 deside-

1153 954 1234 985 ravit,
1255 958 1279 980 et
1299 954 1322 979 ei
1342 962 1395 979 non
1414 959 1548 985 caveatur,
1569 954 1625 980 sive
1644 964 1696 980 non
1716 954 1810 981 habeat
1828 966 1841 981 a
1861 965 1913 991 quo
1932 955 1996 981 satis

1153 996 1294 1022 desideret.
1314 995 1345 1022 fr.
1367 997 1388 1021 l.
1409 996 1474 1029 5.1.
1495 995 1524 1022 fr.
1544 998 1568 1022 3.
1588 997 1611 1030 5.
1629 999 1653 1023 2.
1673 1002 1702 1023 ut
1720 998 1747 1023 in
1766 1007 1839 1034 poss.
1859 997 1936 1034 legat.
1953 998 1995 1024 36.

1152 1042 1175 1065 4.
1196 1038 1227 1065 cf.
1248 1038 1279 1065 fr.
1299 1040 1322 1065 7.
1343 1038 1366 1072 ξ.
1379 1040 1404 1064 2.
1425 1038 1479 1074 Qui
1499 1039 1590 1066 satisd.
1611 1049 1665 1076 cog.
1686 1042 1710 1066 2.
1729 1042 1754 1066 8.
1792 1040 1887 1067 Damni
1906 1039 1997 1067 insecti

1152 1083 1228 1113 satis,
1254 1081 1296 1108 vel
1319 1080 1478 1117 legatorum,
1502 1081 1661 1109 desiderare.
1689 1083 1719 1109 t'r.
1739 1085 1780 1110 35.
1801 1084 1824 1117 5.
1843 1085 1866 1109 3.
1887 1082 1920 1110 de
1937 1093 1998 1120 pro-

1128 1119 1129 1126 ¹
1152 1135 1205 1152 cur.
1224 1126 1248 1150 3.
1268 1126 1292 1151 3.

1186 1167 1472 1201 Satis-exigere.
1511 1170 1772 1195 Satisdationem
1798 1170 1940 1203 exigere.
1976 1167 1995 1194 I.

1152 1212 1214 1246 Sy.
1234 1210 1400 1242 thionem,
1420 1209 1626 1237 Satisdationem
1639 1211 1777 1247 (exigere.)
1798 1211 1828 1237 fr.
1842 1213 1866 1237 9.
1886 1211 1908 1245 5.
1922 1212 1946 1237 4.
1964 1210 1997 1237 ad

1152 1254 1240 1281 exhib.
1267 1255 1306 1279 10.
1326 1254 1350 1280 4.
1379 1253 1409 1279 fr.
1429 1254 1470 1280 53.
1496 1253 1528 1279 de
1553 1253 1619 1279 adm.
1645 1258 1670 1279 et
1693 1255 1773 1291 peric.
1793 1255 1834 1280 26.
1855 1256 1878 1280 7.
1905 1253 1935 1280 fr.
1954 1255 1996 1280 21.

1152 1298 1173 1332 5.
1193 1299 1217 1324 4.
1238 1296 1271 1323 (18
1295 1305 1352 1323 ann.
1376 1295 1453 1333 legat.
1473 1298 1514 1323 33.
1537 1298 1559 1322 l.
1599 1295 1642 1323 111.
1666 1297 1732 1324 Gn.
1756 1296 1842 1323 Tutor
1867 1296 1958 1329 datus,
1983 1307 1996 1323 a

1153 1350 1204 1377 quo
1229 1340 1396 1376 magistratus
1421 1340 1486 1365 satis
1510 1343 1653 1375 exegerunt
1675 1338 1763 1371 „Rem
1787 1339 1885 1366 salvam
1909 1339 1996 1366 sore.“

1153 1383 1183 1410 fr.
1203 1384 1243 1410 46.
1263 1383 1285 1417 5.
1305 1384 1329 1409 6.
1350 1382 1383 1410 (18
1401 1382 1468 1409 adm.
1489 1387 1516 1409 et
1534 1383 1614 1420 peric.
1634 1383 1676 1408 26.
1697 1384 1720 1408 7.
1741 1381 1773 1408 cf.
1792 1382 1822 1409 fr.
1842 1384 1866 1409 5.
1885 1383 1908 1417 5.
1926 1384 1950 1409 3.
1964 1382 1997 1409 de

1152 1426 1223 1462 legit.
1244 1430 1291 1452 tut.
1311 1427 1353 1453 26.
1372 1427 1396 1452 4.
1416 1425 1446 1453 fr.
1467 1427 1490 1452 l.
1510 1426 1532 1460 5.
1552 1427 1591 1452 15.
1612 1425 1645 1453 de
1664 1429 1711 1451 tut.
1732 1429 1757 1451 et
1775 1429 1823 1451 rat.
1842 1427 1884 1452 27.
1903 1426 1928 1452 3.

1185 1469 1430 1497 satisfacere.
1467 1469 1498 1502 §-
1518 1469 1553 1496 1.
1584 1469 1827 1502 obtemperare,
1852 1470 1996 1503 Implere.

1152 1512 1170 1539 1.
1186 1514 1247 1547 Sy.
1268 1511 1380 1550 Implere
1399 1511 1600 1545 (conditionem,
1620 1521 1644 1538 v.
1664 1511 1884 1549 stipulationem.)
1904 1510 1935 1538 fr.
1955 1512 1997 1538 84.

1152 1557 1173 1590 5.
1194 1557 1216 1582 7.
1237 1555 1269 1582 de
1288 1555 1365 1591 legat.
1384 1554 1402 1581 I.
1423 1556 1491 1588 (30.)
1512 1554 1542 1581 fr.
1561 1557 1585 1581 2.
1605 1555 1664 1589 5.1.
1685 1554 1718 1581 (18
1734 1553 1767 1581 V.
1781 1554 1813 1581 O.
1828 1556 1870 1580 45.
1886 1556 1908 1580 l.
1927 1553 1959 1581 fr.
1971 1555 1997 1580 3.

1153 1599 1184 1625 de
1203 1599 1321 1625 fideiuss.
1336 1600 1377 1624 46.
1394 1600 1415 1624 l.
1444 1597 1540 1624 Parere
1560 1597 1702 1631 (voluntati
1717 1598 1778 1630 etc.)
1799 1597 1840 1624 Cf.
1854 1596 1880 1623 h.
1894 1607 1918 1623 v.
1938 1597 1960 1630 5
1971 1598 1996 1623 4.

1152 1641 1195 1668 111.
1211 1643 1276 1669 Gn.
1297 1641 1432 1668 Satisfacit
1451 1640 1546 1673 edicto,
1567 1641 1698 1677 (quamvis
1718 1650 1770 1667 non
1791 1640 1901 1673 caveat.)
1921 1639 1951 1666 fr.
1972 1641 1995 1666 l.

1152 1685 1173 1718 5.
1195 1686 1234 1710 ll.
1264 1684 1296 1711 de
1322 1684 1409 1711 collat.
1434 1684 1495 1710 bon.
1519 1685 1560 1710 37.
1585 1686 1608 1710 6.
1652 1683 1736 1710 Cuius
1764 1684 1910 1710 sententiae
1939 1692 1997 1710 cum

1153 1727 1231 1753 fuerit
1249 1727 1420 1754 satisfactum.
1441 1727 1470 1753 fr.
1490 1729 1532 1753 50.
1553 1726 1585 1753 de
1604 1726 1679 1753 cond.
1701 1731 1727 1753 et
1746 1726 1812 1753 dem.
1831 1728 1872 1753 35.
1894 1728 1916 1754 l.
1937 1736 1958 1752 c.
1971 1727 1995 1753 4.

1152 1770 1185 1796 de
1204 1771 1260 1796 iure
1279 1769 1358 1797 delib.
1378 1771 1402 1796 6.
1415 1771 1458 1797 30.
1479 1780 1499 1796 c.
1519 1771 1541 1796 1.
1562 1769 1594 1796 de
1613 1771 1683 1796 omni
1703 1780 1764 1806 agro
1784 1769 1839 1796 des.
1853 1771 1893 1795 11.
1907 1770 1949 1795 58.
1962 1783 1993 1788 —

1152 1814 1182 1847 §-
1195 1815 1228 1840 20
1249 1815 1405 1848 Expiare.
1442 1812 1460 1840 I.
1474 1814 1536 1847 Sy.
1556 1812 1639 1839 Plecti
1658 1812 1920 1846 (condemnatione.)
1951 1811 1997 1838 Sa-

1152 1856 1274 1882 tisfaeere
1293 1857 1420 1893 (poena.)
1444 1856 1474 1882 fr.
1496 1858 1536 1882 14.
1563 1856 1600 1889 55.
1621 1858 1643 1882 9.
1666 1857 1706 1882 11.
1734 1856 1785 1891 Qu.
1805 1860 1866 1882 met.
1886 1865 1907 1881 c.
1927 1856 1952 1882 4.
1970 1856 1996 1881 2.

1151 1898 1195 1925 111.
1216 1900 1282 1926 (ln.
1302 1899 1500 1926 Vei-herandum
1520 1898 1645 1925 exhibere
1664 1909 1721 1925 eum
1741 1901 1796 1932 (se.
1816 1897 1949 1931 servum,)
1968 1902 1998 1924 ut

1153 1944 1187 1969 ita
1208 1942 1320 1968 satisfiat
1340 1943 1372 1974 ei,
1391 1943 1434 1979 qui
1454 1943 1575 1968 iniuriam
1594 1952 1688 1979 passus
1708 1947 1756 1968 est.
1777 1941 1806 1968 fr.
1822 1943 1862 1968 17.
1881 1941 1918 1976 55.
1933 1943 1958 1968 4.
1971 1941 1995 1967 6.

1153 1985 1185 2012 de
1205 1986 1281 2012 iniur.
1300 1986 1341 2011 47.
1357 1987 1397 2011 10.
1418 1984 1448 2012 cf.
1470 1985 1500 2011 fr.
1521 1987 1545 2011 5.
1565 1986 1588 2011 si
1608 1995 1640 2011 ex
1660 1995 1720 2011 nox.
1741 1994 1763 2010 c.
1782 1986 1806 2010 2.
1827 1986 1851 2011 9.
1870 1983 1899 2011 L.
1918 1983 1993 2010 Rom.

1129 2033 1131 2045 ⁴
1152 2028 1231 2064 Burg.
1251 2030 1276 2054 4.
1296 2044 1327 2048 —
1348 2028 1379 2061 ξ.
1400 2029 1437 2055 ³.
1462 2030 1645 2063 Indulgere.
1682 2027 1725 2054 111.
1742 2028 1808 2055 Cn.
1833 2027 1863 2053 Si
1886 2035 1995 2053 necesse

1153 2077 1206 2102 est,
1235 2072 1342 2098 rusticis
1368 2071 1550 2109 improbisque
1569 2071 1686 2097 moribus
1711 2070 1809 2106 aliquid
1827 2068 1938 2106 amplius
1956 2078 1995 2095 sa-

1154 2114 1255 2141 tisfieri.
1276 2113 1398 2141 consult.
1419 2119 1470 2141 vet.
1491 2114 1571 2141 Leti.
1592 2124 1613 2140 c.
1633 2115 1656 2139 7.
1676 2129 1709 2132 —
1733 2113 1764 2146 §.
1786 2114 1824 2139 4.
1844 2114 1995 2139 Praenu-

1130 2159 1239 2184 'tioni
1258 2159 1385 2184 debitae
1404 2167 1464 2184 non
1483 2159 1596 2183 deesse.
1629 2157 1779 2183 Debitum
1798 2157 1936 2189 exsequi.
1974 2154 1994 2181 1.

1154 2202 1216 2235 Sy.
1238 2200 1375 2226 Praestare
1394 2199 1443 2233 (id,
1463 2210 1514 2237 quo
1529 2201 1587 2236 quis
1602 2204 1740 2226 contentus
1754 2198 1828 2230 erat.)
1848 2197 1878 2223 fr.
1892 2199 1916 2224 5.
1935 2198 1958 2232 5
1969 2199 1994 2224 3.

1154 2243 1186 2270 (18
1207 2242 1235 2269 V.
1257 2244 1290 2269 Ο.
1309 2245 1351 2269 45.
1373 2244 1394 2269 l.
1416 2243 1447 2269 cf.
1473 2243 1502 2269 fr.
1525 2245 1546 2269 l.
1574 2243 1627 2279 Qui
1647 2241 1736 2268 satisd.
1757 2250 1812 2276 cog.
1831 2242 1855 2266 2.
1875 2242 1899 2267 8.
1937 2240 1996 2268 Sol-

1154 2296 1223 2317 vere,
1243 2285 1395 2312 Numerare.
1421 2285 1451 2312 fr.
1471 2287 1512 2312 47.
1533 2296 1571 2323 pr.
1592 2286 1623 2312 de
1643 2289 1712 2322 pact.
1729 2287 1754 2310 2.
1776 2285 1815 2309 14.
1836 2283 1865 2309 fr.
1885 2286 1908 2309 4.
1928 2284 1950 2317 5.
1969 2285 1993 2310 4.

1155 2329 1186 2355 de
1206 2340 1272 2356 man.
1298 2333 1399 2354 testam.
1419 2330 1460 2355 40.
1481 2331 1504 2355 4.
1543 2328 1636 2355 Parere
1660 2326 1875 2364 (pensionibus.)
1900 2325 1932 2353 fr.
1951 2328 1992 2353 54.

1155 2373 1175 2406 5.
1198 2374 1219 2399 1.
1244 2372 1321 2398 locat.
1343 2374 1382 2399 19.
1402 2374 1426 2398 2.
1463 2372 1506 2398 111.
1526 2373 1592 2399 Cn.
1615 2371 1655 2397 Ex
1679 2380 1786 2406 quarum
1813 2372 1865 2402 (sc.
1889 2370 1993 2403 rerum)

1155 2416 1240 2452 pretio
1260 2416 1312 2441 aeri
1332 2414 1416 2442 alieno
1436 2415 1560 2441 satisfieri
1582 2414 1675 2451 potuit.
1699 2413 1728 2439 fr.
1750 2415 1790 2439 13.
1815 2412 1847 2439 (18
1866 2412 1920 2438 reb.
1939 2422 1993 2438 eor.

1155 2459 1198 2494 qui
1219 2468 1239 2484 s.
1261 2463 1306 2485 tut.
1320 2460 1362 2484 27.
1382 2460 1405 2485 9.
1443 2457 1557 2488 Demus,
1577 2466 1601 2482 v.
1621 2456 1754 2487 ludit-atis,
1773 2455 1886 2482 satisfac.
1907 2454 1937 2481 fr.
1950 2456 1992 2482 23.

1155 2502 1175 2535 5.
1195 2503 1219 2527 3.
1241 2501 1292 2537 Qu.
1313 2506 1372 2528 niet.
1393 2511 1414 2527 c.
1434 2502 1457 2526 4.
1476 2503 1500 2526 2.
1520 2499 1552 2526 cf.
1573 2499 1602 2525 sr.
1622 2502 1662 2525 40.
1683 2499 1704 2532 5.
1728 2501 1748 2525 l.
1769 2498 1800 2525 de
1820 2503 1887 2535 pact.
1906 2500 1931 2524 2.
1952 2500 1992 2525 14.

1156 2544 1247 2570 bom-e
1267 2545 1290 2570 ci
1310 2545 1390 2570 totius
1409 2543 1479 2570 dotis
1498 2543 1647 2569 satisfieret.
1673 2542 1703 2568 fr.
1722 2543 1764 2568 30.
1784 2551 1823 2578 pr.
1849 2540 1881 2567 de
1900 2551 1950 2568 usu
1968 2545 1994 2567 ct

1155 2588 1235 2613 usufr.
1261 2587 1309 2623 leg.
1328 2588 1370 2612 33.
1389 2588 1413 2612 2.
1452 2585 1515 2611 Post
1538 2591 1672 2622 acceptum
1696 2584 1820 2611 iudiciuin
1843 2584 1994 2610 satisfacere

1155 2631 1244 2656 actori.
1265 2631 1321 2656 Gai.
1335 2628 1378 2655 lv.
1394 2630 1450 2654 114.
1470 2629 1501 2654 cf.
1522 2628 1551 2655 fr.
1565 2631 1589 2655 ὅ.
1609 2630 1661 2664 Qu.
1681 2629 1730 2654 cui.
1751 2628 1820 2653 univ.
1840 2636 1908 2653 noni.
1927 2628 1951 2653 3.
1967 2628 1991 2652 4.

1156 2673 1184 2699 fr.
1204 2676 1245 2699 28.
1266 2672 1299 2699 de
1318 2671 1404 2698 donat.
1418 2673 1459 2698 39.
1479 2674 1502 2698 5.
1541 2671 1569 2697 1n
1589 2673 1699 2708 pretium
1719 2670 1832 2697 satisfac.
1853 2670 1884 2696 fr.
1897 2672 1938 2696 32.
1952 2678 1991 2706 pr.

1157 2715 1188 2742 de
1207 2715 1292 2742 ssdeic.
1314 2714 1376 2741 libb.
1390 2716 1429 2741 40.
1445 2717 1469 2741 5.
1499 2715 1565 2741 Cum
1579 2719 1685 2752 paratus
1705 2715 1741 2740 sis
1761 2724 1808 2750 pro
1829 2718 1854 2739 te
1873 2712 1908 2744 id,
1921 2710 1992 2748 quod

1157 2758 1229 2785 solus
1249 2759 1367 2795 gessisti,
1392 2759 1455 2795 reip.
1476 2758 1635 2784 satisfacere.
1661 2768 1681 2783 c.
1701 2759 1725 2784 4.
1751 2758 1811 2793 Quo
1831 2757 1915 2793 quisq.
1935 2753 1990 2780 ord.

1160 2803 1196 2827 11.
1210 2803 1251 2827 35.
1270 2817 1298 2821 -—
1320 2802 1350 2834 ξ.
1363 2802 1400 2828 5.
1421 2803 1577 2829 Securum
1591 2802 1708 2836 facere
1721 2802 1918 2830 creditorem,
1938 2798 1993 2831 (so-

1157 2844 1257 2872 lutione
1277 2844 1379 2871 debitae
1402 2845 1439 2871 rei
1463 2854 1515 2871 non
1540 2843 1754 2876 interveniente.)
1791 2843 1809 2869 1.
1827 2843 1888 2876 Sy.
1912 2840 1993 2867 Satis-
