<?xml version="1.0" encoding="UTF-8"?>
<!DOCTYPE html PUBLIC "-//W3C//DTD XHTML 1.0 Transitional//EN"
    "http://www.w3.org/TR/xhtml1/DTD/xhtml1-transitional.dtd">
<html xmlns="http://www.w3.org/1999/xhtml" xml:lang="en" lang="en">
 <head>
  <title>
</title>
<meta http-equiv="Content-Type" content="text/html;charset=utf-8" />
  <meta name='ocr-system' content='tesseract 3.04.00' />
  <meta name='ocr-capabilities' content='ocr_page ocr_carea ocr_par ocr_line ocrx_word'/>
</head>
<body>
  <div class='ocr_page' id='page_1' title='image "./manualelatinitat00dirk_0266.png"; bbox 0 0 2197 3121; ppageno 0'>
   <div class='ocr_carea' id='block_1_1' title="bbox 264 186 328 217">
    <p class='ocr_par' dir='ltr' id='par_1_1' title="bbox 264 186 328 217">
     <span class='ocr_line' id='line_1_1' title="bbox 264 186 328 217; baseline 0 0"><span class='ocrx_word' id='word_1_1' title='bbox 264 186 328 217; x_wconf 78' lang='lat'>252</span> 
     </span>
    </p>
   </div>
   <div class='ocr_carea' id='block_1_2' title="bbox 267 264 1104 338">
    <p class='ocr_par' dir='ltr' id='par_1_2' title="bbox 267 264 1104 338">
     <span class='ocr_line' id='line_1_2' title="bbox 267 264 1104 301; baseline -0.005 -7"><span class='ocrx_word' id='word_1_2' title='bbox 267 278 325 295; x_wconf 88' lang='lat' dir='ltr'>rum</span> <span class='ocrx_word' id='word_1_3' title='bbox 347 272 395 294; x_wconf 85' lang='lat' dir='ltr'>etc.</span> <span class='ocrx_word' id='word_1_4' title='bbox 428 266 478 294; x_wconf 87' lang='lat' dir='ltr'>Th.</span> <span class='ocrx_word' id='word_1_5' title='bbox 498 267 529 294; x_wconf 87' lang='lat' dir='ltr'>C.</span> <span class='ocrx_word' id='word_1_6' title='bbox 550 268 566 294; x_wconf 94' lang='lat' dir='ltr'>l.</span> <span class='ocrx_word' id='word_1_7' title='bbox 586 267 603 294; x_wconf 89' lang='lat' dir='ltr'>l.</span> <span class='ocrx_word' id='word_1_8' title='bbox 629 277 649 293; x_wconf 94' lang='lat' dir='ltr'>c.</span> <span class='ocrx_word' id='word_1_9' title='bbox 668 268 692 293; x_wconf 89' lang='lat'>3.</span> <span class='ocrx_word' id='word_1_10' title='bbox 718 276 739 292; x_wconf 90' lang='lat' dir='ltr'>c.</span> <span class='ocrx_word' id='word_1_11' title='bbox 761 267 800 292; x_wconf 73' lang='lat'>18.</span> <span class='ocrx_word' id='word_1_12' title='bbox 842 264 926 301; x_wconf 82' lang='lat' dir='ltr'>Leges</span> <span class='ocrx_word' id='word_1_13' title='bbox 949 264 1104 291; x_wconf 86' lang='lat' dir='ltr'>decuriales.</span> 
     </span>
     <span class='ocr_line' id='line_1_3' title="bbox 267 307 1057 338; baseline -0.005 -1"><span class='ocrx_word' id='word_1_14' title='bbox 267 310 335 338; x_wconf 88' lang='lat' dir='ltr'>Cod.</span> <span class='ocrx_word' id='word_1_15' title='bbox 354 310 417 337; x_wconf 87' lang='lat' dir='ltr'>lust.</span> <span class='ocrx_word' id='word_1_16' title='bbox 437 320 458 336; x_wconf 84' lang='lat' dir='ltr'>e.</span> <span class='ocrx_word' id='word_1_17' title='bbox 477 313 502 337; x_wconf 85' lang='grc'>2.</span> <span class='ocrx_word' id='word_1_18' title='bbox 522 310 579 337; x_wconf 87' lang='lat' dir='ltr'>eod.</span> <span class='ocrx_word' id='word_1_19' title='bbox 600 310 640 335; x_wconf 93' lang='lat' dir='ltr'>ll.</span> <span class='ocrx_word' id='word_1_20' title='bbox 661 310 700 335; x_wconf 84' lang='lat'>13.</span> <span class='ocrx_word' id='word_1_21' title='bbox 730 307 772 335; x_wconf 79' lang='lat' dir='ltr'>Cf.</span> <span class='ocrx_word' id='word_1_22' title='bbox 792 307 842 334; x_wconf 86' lang='lat' dir='ltr'>Tb.</span> <span class='ocrx_word' id='word_1_23' title='bbox 867 308 898 334; x_wconf 91' lang='lat' dir='ltr'>C.</span> <span class='ocrx_word' id='word_1_24' title='bbox 918 308 935 334; x_wconf 92' lang='lat' dir='ltr'>l.</span> <span class='ocrx_word' id='word_1_25' title='bbox 956 307 972 334; x_wconf 91' lang='lat' dir='ltr'>l.</span> <span class='ocrx_word' id='word_1_26' title='bbox 993 318 1014 333; x_wconf 87' lang='lat' dir='ltr'>c.</span> <span class='ocrx_word' id='word_1_27' title='bbox 1033 309 1057 333; x_wconf 75' lang='lat'>4.</span> 
     </span>
    </p>
   </div>
   <div class='ocr_carea' id='block_1_3' title="bbox 267 353 1129 431">
    <p class='ocr_par' dir='ltr' id='par_1_3' title="bbox 267 353 1129 431">
     <span class='ocr_line' id='line_1_4' title="bbox 302 353 1129 389; baseline -0.006 -8"><span class='ocrx_word' id='word_1_28' title='bbox 302 353 477 381; x_wconf 69' lang='lat' dir='ltr'>Dec-irio.</span> <span class='ocrx_word' id='word_1_29' title='bbox 497 353 528 387; x_wconf 63' lang='grc' dir='ltr'>ἕ.</span> <span class='ocrx_word' id='word_1_30' title='bbox 543 354 576 379; x_wconf 92' lang='lat'>1.</span> <span class='ocrx_word' id='word_1_31' title='bbox 599 353 660 384; x_wconf 76' lang='lat' dir='ltr'>Qui</span> <span class='ocrx_word' id='word_1_32' title='bbox 679 353 830 378; x_wconf 74' lang='lat' dir='ltr'>decuriae</span> <span class='ocrx_word' id='word_1_33' title='bbox 848 353 993 386; x_wconf 77' lang='lat' dir='ltr'>equitum</span> <span class='ocrx_word' id='word_1_34' title='bbox 1011 359 1106 384; x_wconf 81' lang='lat' dir='ltr'>prae·</span> <span class='ocrx_word' id='word_1_35' title='bbox 1128 363 1129 389; x_wconf 37' lang='grc' dir='ltr'>Ξ</span> 
     </span>
     <span class='ocr_line' id='line_1_5' title="bbox 267 392 1129 431; baseline -0.007 -7"><span class='ocrx_word' id='word_1_36' title='bbox 267 403 320 424; x_wconf 71' lang='lat' dir='ltr'>ert.</span> <span class='ocrx_word' id='word_1_37' title='bbox 356 395 398 422; x_wconf 88' lang='lat' dir='ltr'>Ill.</span> <span class='ocrx_word' id='word_1_38' title='bbox 417 397 483 423; x_wconf 77' lang='lat' dir='ltr'><strong>Cn.</strong></span> <span class='ocrx_word' id='word_1_39' title='bbox 513 394 552 421; x_wconf 75' lang='lat' dir='ltr'>Ne</span> <span class='ocrx_word' id='word_1_40' title='bbox 572 395 613 421; x_wconf 88' lang='lat' dir='ltr'>cui</span> <span class='ocrx_word' id='word_1_41' title='bbox 632 394 709 421; x_wconf 82' lang='lat' dir='ltr'>liceat</span> <span class='ocrx_word' id='word_1_42' title='bbox 727 395 946 431; x_wconf 82' lang='lat' dir='ltr'>praepositorum,</span> <span class='ocrx_word' id='word_1_43' title='bbox 966 392 1009 419; x_wconf 84' lang='lat' dir='ltr'>vel</span> <span class='ocrx_word' id='word_1_44' title='bbox 1029 392 1106 418; x_wconf 87' lang='lat' dir='ltr'>decu·</span> <span class='ocrx_word' id='word_1_45' title='bbox 1128 397 1129 428; x_wconf 55' lang='lat' dir='ltr'>J</span> 
     </span>
    </p>
   </div>
   <div class='ocr_carea' id='block_1_4' title="bbox 267 434 1105 470">
    <p class='ocr_par' dir='ltr' id='par_1_4' title="bbox 267 434 1105 470">
     <span class='ocr_line' id='line_1_6' title="bbox 267 434 1105 470; baseline -0.007 -3"><span class='ocrx_word' id='word_1_46' title='bbox 267 441 382 470; x_wconf 75' lang='lat' dir='ltr'>rionum,</span> <span class='ocrx_word' id='word_1_47' title='bbox 406 437 449 465; x_wconf 84' lang='lat' dir='ltr'>vel</span> <span class='ocrx_word' id='word_1_48' title='bbox 472 437 637 464; x_wconf 89' lang='lat' dir='ltr'>tribunorum</span> <span class='ocrx_word' id='word_1_49' title='bbox 660 437 809 464; x_wconf 80' lang='lat' dir='ltr'>cohortium</span> <span class='ocrx_word' id='word_1_50' title='bbox 832 441 881 463; x_wconf 81' lang='lat' dir='ltr'>etc.</span> <span class='ocrx_word' id='word_1_51' title='bbox 916 435 966 462; x_wconf 84' lang='lat' dir='ltr'>Th.</span> <span class='ocrx_word' id='word_1_52' title='bbox 992 434 1023 462; x_wconf 87' lang='lat' dir='ltr'>C.</span> <span class='ocrx_word' id='word_1_53' title='bbox 1049 434 1105 461; x_wconf 73' lang='lat' dir='ltr'><strong>VII.</strong></span> 
     </span>
    </p>
   </div>
   <div class='ocr_carea' id='block_1_5' title="bbox 270 480 1129 514">
    <p class='ocr_par' dir='ltr' id='par_1_5' title="bbox 270 480 1129 514">
     <span class='ocr_line' id='line_1_7' title="bbox 270 480 1129 514; baseline -0.003 -6"><span class='ocrx_word' id='word_1_54' title='bbox 270 484 309 508; x_wconf 98' lang='grc'>12.</span> <span class='ocrx_word' id='word_1_55' title='bbox 329 492 350 508; x_wconf 92' lang='lat' dir='ltr'>c.</span> <span class='ocrx_word' id='word_1_56' title='bbox 372 483 393 508; x_wconf 95' lang='grc'>1.</span> <span class='ocrx_word' id='word_1_57' title='bbox 413 480 446 507; x_wconf 85' lang='lat' dir='ltr'>de</span> <span class='ocrx_word' id='word_1_58' title='bbox 465 485 600 506; x_wconf 85' lang='lat' dir='ltr'>conuneat.</span> <span class='ocrx_word' id='word_1_59' title='bbox 620 495 651 500; x_wconf 92' lang='lat'>—</span> <span class='ocrx_word' id='word_1_60' title='bbox 672 481 702 513; x_wconf 60' lang='grc' dir='ltr'>ξ.</span> <span class='ocrx_word' id='word_1_61' title='bbox 723 481 758 506; x_wconf 67' lang='lat'>2.</span> <span class='ocrx_word' id='word_1_62' title='bbox 787 481 981 513; x_wconf 70' lang='lat' dir='ltr'>:ldscriptua</span> <span class='ocrx_word' id='word_1_63' title='bbox 1001 480 1108 505; x_wconf 68' lang='lat' dir='ltr'>conci—</span> <span class='ocrx_word' id='word_1_64' title='bbox 1128 489 1129 514; x_wconf 68' lang='lat' dir='ltr'><strong>j</strong></span> 
     </span>
    </p>
   </div>
   <div class='ocr_carea' id='block_1_6' title="bbox 266 520 1109 1623">
    <p class='ocr_par' dir='ltr' id='par_1_6' title="bbox 266 520 1109 1623">
     <span class='ocr_line' id='line_1_8' title="bbox 268 520 1106 559; baseline -0.006 -8"><span class='ocrx_word' id='word_1_65' title='bbox 268 527 311 552; x_wconf 78' lang='lat' dir='ltr'>lio</span> <span class='ocrx_word' id='word_1_66' title='bbox 341 526 469 559; x_wconf 73' lang='lat' dir='ltr'>publico</span> <span class='ocrx_word' id='word_1_67' title='bbox 493 525 525 549; x_wconf 81' lang='lat' dir='ltr'>in</span> <span class='ocrx_word' id='word_1_68' title='bbox 548 525 745 550; x_wconf 70' lang='lat' dir='ltr'>civitatibus</span> <span class='ocrx_word' id='word_1_69' title='bbox 768 524 902 556; x_wconf 77' lang='lat' dir='ltr'>imperii</span> <span class='ocrx_word' id='word_1_70' title='bbox 925 524 956 548; x_wconf 76' lang='lat' dir='ltr'>R.</span> <span class='ocrx_word' id='word_1_71' title='bbox 1000 520 1019 547; x_wconf 92' lang='lat' dir='ltr'>I.</span> <span class='ocrx_word' id='word_1_72' title='bbox 1044 521 1106 555; x_wconf 74' lang='lat' dir='ltr'>Sy.</span> 
     </span>
     <span class='ocr_line' id='line_1_9' title="bbox 267 564 1106 601; baseline -0.006 -8"><span class='ocrx_word' id='word_1_73' title='bbox 267 567 351 594; x_wconf 87' lang='lat' dir='ltr'>Ordo.</span> <span class='ocrx_word' id='word_1_74' title='bbox 388 566 561 593; x_wconf 79' lang='lat' dir='ltr'>Decuriones.</span> <span class='ocrx_word' id='word_1_75' title='bbox 593 565 624 592; x_wconf 84' lang='lat' dir='ltr'>sr.</span> <span class='ocrx_word' id='word_1_76' title='bbox 648 567 672 592; x_wconf 73' lang='lat'>4.</span> <span class='ocrx_word' id='word_1_77' title='bbox 701 565 752 601; x_wconf 85' lang='lat' dir='ltr'>Qu.</span> <span class='ocrx_word' id='word_1_78' title='bbox 777 566 826 592; x_wconf 93' lang='lat' dir='ltr'>cui.</span> <span class='ocrx_word' id='word_1_79' title='bbox 851 565 920 591; x_wconf 87' lang='lat' dir='ltr'>univ.</span> <span class='ocrx_word' id='word_1_80' title='bbox 944 573 1014 590; x_wconf 89' lang='lat' dir='ltr'>nom.</span> <span class='ocrx_word' id='word_1_81' title='bbox 1037 564 1062 589; x_wconf 87' lang='lat'>3.</span> <span class='ocrx_word' id='word_1_82' title='bbox 1081 564 1106 589; x_wconf 72' lang='lat'>4.</span> 
     </span>
     <span class='ocr_line' id='line_1_10' title="bbox 268 607 1106 644; baseline -0.007 -7"><span class='ocrx_word' id='word_1_83' title='bbox 268 610 298 637; x_wconf 89' lang='lat' dir='ltr'>II.</span> <span class='ocrx_word' id='word_1_84' title='bbox 322 612 389 644; x_wconf 75' lang='lat' dir='ltr'><strong>Op.</strong></span> <span class='ocrx_word' id='word_1_85' title='bbox 418 608 538 635; x_wconf 85' lang='lat' dir='ltr'>Senator.</span> <span class='ocrx_word' id='word_1_86' title='bbox 567 608 597 635; x_wconf 78' lang='lat' dir='ltr'>fr.</span> <span class='ocrx_word' id='word_1_87' title='bbox 616 610 641 635; x_wconf 84' lang='grc'>2,</span> <span class='ocrx_word' id='word_1_88' title='bbox 661 608 698 643; x_wconf 78' lang='lat'>55.</span> <span class='ocrx_word' id='word_1_89' title='bbox 719 611 743 634; x_wconf 84' lang='lat'>2.</span> <span class='ocrx_word' id='word_1_90' title='bbox 763 609 787 634; x_wconf 76' lang='lat'>4.</span> <span class='ocrx_word' id='word_1_91' title='bbox 813 607 845 634; x_wconf 85' lang='lat' dir='ltr'>de</span> <span class='ocrx_word' id='word_1_92' title='bbox 865 607 999 633; x_wconf 88' lang='lat' dir='ltr'>decurion.</span> <span class='ocrx_word' id='word_1_93' title='bbox 1020 608 1062 632; x_wconf 84' lang='lat'>50.</span> <span class='ocrx_word' id='word_1_94' title='bbox 1081 608 1106 632; x_wconf 91' lang='grc'>2.</span> 
     </span>
     <span class='ocr_line' id='line_1_11' title="bbox 267 651 840 688; baseline -0.005 -9"><span class='ocrx_word' id='word_1_95' title='bbox 267 653 398 680; x_wconf 83' lang='lat' dir='ltr'>Plebeius.</span> <span class='ocrx_word' id='word_1_96' title='bbox 426 651 456 678; x_wconf 84' lang='lat' dir='ltr'>sr.</span> <span class='ocrx_word' id='word_1_97' title='bbox 476 654 500 678; x_wconf 88' lang='lat'>2.</span> <span class='ocrx_word' id='word_1_98' title='bbox 520 652 557 686; x_wconf 86' lang='lat'>55.</span> <span class='ocrx_word' id='word_1_99' title='bbox 577 654 601 678; x_wconf 86' lang='lat'>2.</span> <span class='ocrx_word' id='word_1_100' title='bbox 621 661 679 688; x_wconf 86' lang='lat' dir='ltr'>sqq.</span> <span class='ocrx_word' id='word_1_101' title='bbox 700 651 735 678; x_wconf 94' lang='lat' dir='ltr'>ib.</span> <span class='ocrx_word' id='word_1_102' title='bbox 755 653 797 677; x_wconf 86' lang='grc'>50.</span> <span class='ocrx_word' id='word_1_103' title='bbox 816 653 840 676; x_wconf 91' lang='grc'>2.</span> 
     </span>
     <span class='ocr_line' id='line_1_12' title="bbox 269 691 1107 732; baseline -0.006 -10"><span class='ocrx_word' id='word_1_104' title='bbox 269 698 309 722; x_wconf 81' lang='grc'>10.</span> <span class='ocrx_word' id='word_1_105' title='bbox 328 696 350 730; x_wconf 83' lang='lat'>5.</span> <span class='ocrx_word' id='word_1_106' title='bbox 369 697 393 721; x_wconf 90' lang='lat'>2.</span> <span class='ocrx_word' id='word_1_107' title='bbox 424 694 456 721; x_wconf 88' lang='lat' dir='ltr'>de</span> <span class='ocrx_word' id='word_1_108' title='bbox 475 704 552 732; x_wconf 92' lang='lat' dir='ltr'>poen.</span> <span class='ocrx_word' id='word_1_109' title='bbox 577 696 619 721; x_wconf 73' lang='lat'>48.</span> <span class='ocrx_word' id='word_1_110' title='bbox 640 696 679 720; x_wconf 86' lang='lat'>19.</span> <span class='ocrx_word' id='word_1_111' title='bbox 720 693 763 720; x_wconf 91' lang='lat' dir='ltr'><strong>III.</strong></span> <span class='ocrx_word' id='word_1_112' title='bbox 780 695 846 721; x_wconf 73' lang='grc' dir='ltr'>οη.</span> <span class='ocrx_word' id='word_1_113' title='bbox 874 692 914 719; x_wconf 72' lang='lat' dir='ltr'>Ne</span> <span class='ocrx_word' id='word_1_114' title='bbox 933 691 1045 719; x_wconf 84' lang='lat' dir='ltr'>Senator</span> <span class='ocrx_word' id='word_1_115' title='bbox 1064 692 1107 723; x_wconf 82' lang='lat' dir='ltr'>sit,</span> 
     </span>
     <span class='ocr_line' id='line_1_13' title="bbox 268 735 1108 774; baseline -0.006 -9"><span class='ocrx_word' id='word_1_116' title='bbox 268 749 300 765; x_wconf 90' lang='lat' dir='ltr'>ne</span> <span class='ocrx_word' id='word_1_117' title='bbox 319 738 439 769; x_wconf 87' lang='lat' dir='ltr'>decurio,</span> <span class='ocrx_word' id='word_1_118' title='bbox 464 742 509 764; x_wconf 82' lang='lat' dir='ltr'>aut</span> <span class='ocrx_word' id='word_1_119' title='bbox 532 737 615 764; x_wconf 91' lang='lat' dir='ltr'>ullum</span> <span class='ocrx_word' id='word_1_120' title='bbox 639 736 766 763; x_wconf 84' lang='lat' dir='ltr'>bonorem</span> <span class='ocrx_word' id='word_1_121' title='bbox 791 737 891 774; x_wconf 81' lang='lat' dir='ltr'>capiat,</span> <span class='ocrx_word' id='word_1_122' title='bbox 913 745 980 761; x_wconf 82' lang='lat' dir='ltr'>neve</span> <span class='ocrx_word' id='word_1_123' title='bbox 1003 735 1029 761; x_wconf 89' lang='lat' dir='ltr'>in</span> <span class='ocrx_word' id='word_1_124' title='bbox 1050 744 1108 761; x_wconf 87' lang='lat' dir='ltr'>eum</span> 
     </span>
     <span class='ocr_line' id='line_1_14' title="bbox 268 776 1109 815; baseline -0.006 -7"><span class='ocrx_word' id='word_1_125' title='bbox 268 781 387 808; x_wconf 83' lang='lat' dir='ltr'><strong>ordinem</strong></span> <span class='ocrx_word' id='word_1_126' title='bbox 405 779 509 813; x_wconf 78' lang='lat' dir='ltr'><strong>sedeat,</strong></span> <span class='ocrx_word' id='word_1_127' title='bbox 533 790 599 806; x_wconf 80' lang='lat' dir='ltr'>neve</span> <span class='ocrx_word' id='word_1_128' title='bbox 622 779 702 806; x_wconf 81' lang='lat' dir='ltr'>iudex</span> <span class='ocrx_word' id='word_1_129' title='bbox 725 780 767 805; x_wconf 87' lang='lat' dir='ltr'>sit.</span> <span class='ocrx_word' id='word_1_130' title='bbox 797 778 827 805; x_wconf 83' lang='lat' dir='ltr'>fr.</span> <span class='ocrx_word' id='word_1_131' title='bbox 848 780 870 805; x_wconf 85' lang='lat'>1.</span> <span class='ocrx_word' id='word_1_132' title='bbox 890 788 930 815; x_wconf 82' lang='lat' dir='ltr'>pr.</span> <span class='ocrx_word' id='word_1_133' title='bbox 954 777 987 804; x_wconf 84' lang='lat' dir='ltr'>ad</span> <span class='ocrx_word' id='word_1_134' title='bbox 1009 776 1040 804; x_wconf 90' lang='lat' dir='ltr'>L.</span> <span class='ocrx_word' id='word_1_135' title='bbox 1060 776 1109 804; x_wconf 89' lang='lat' dir='ltr'>lul.</span> 
     </span>
     <span class='ocr_line' id='line_1_15' title="bbox 268 820 1107 861; baseline -0.006 -10"><span class='ocrx_word' id='word_1_136' title='bbox 268 824 301 851; x_wconf 86' lang='lat' dir='ltr'>de</span> <span class='ocrx_word' id='word_1_137' title='bbox 323 825 350 850; x_wconf 89' lang='lat' dir='ltr'>vi</span> <span class='ocrx_word' id='word_1_138' title='bbox 373 824 439 861; x_wconf 83' lang='lat' dir='ltr'>priv.</span> <span class='ocrx_word' id='word_1_139' title='bbox 466 825 508 850; x_wconf 63' lang='lat'>48.</span> <span class='ocrx_word' id='word_1_140' title='bbox 529 825 552 849; x_wconf 91' lang='lat'>7.</span> <span class='ocrx_word' id='word_1_141' title='bbox 582 822 614 849; x_wconf 79' lang='lat' dir='ltr'>cf.</span> <span class='ocrx_word' id='word_1_142' title='bbox 639 821 705 848; x_wconf 87' lang='lat' dir='ltr'>Tab.</span> <span class='ocrx_word' id='word_1_143' title='bbox 729 820 832 848; x_wconf 84' lang='lat' dir='ltr'>Heracl.</span> <span class='ocrx_word' id='word_1_144' title='bbox 856 820 901 847; x_wconf 91' lang='lat' dir='ltr'>lin.</span> <span class='ocrx_word' id='word_1_145' title='bbox 928 822 968 847; x_wconf 93' lang='lat'>11.</span> <span class='ocrx_word' id='word_1_146' title='bbox 992 830 1032 857; x_wconf 89' lang='lat' dir='ltr'>sq.</span> <span class='ocrx_word' id='word_1_147' title='bbox 1057 830 1107 846; x_wconf 88' lang='lat' dir='ltr'>aer.</span> 
     </span>
     <span class='ocr_line' id='line_1_16' title="bbox 267 862 1108 904; baseline -0.006 -10"><span class='ocrx_word' id='word_1_148' title='bbox 267 866 350 904; x_wconf 70' lang='lat' dir='ltr'>Neap.</span> <span class='ocrx_word' id='word_1_149' title='bbox 387 866 500 902; x_wconf 80' lang='lat' dir='ltr'>Quoties</span> <span class='ocrx_word' id='word_1_150' title='bbox 521 866 658 897; x_wconf 67' lang='lat' dir='ltr'>senatori,</span> <span class='ocrx_word' id='word_1_151' title='bbox 677 863 720 891; x_wconf 80' lang='lat' dir='ltr'>vel</span> <span class='ocrx_word' id='word_1_152' title='bbox 740 865 822 901; x_wconf 86' lang='lat' dir='ltr'>equiti</span> <span class='ocrx_word' id='word_1_153' title='bbox 841 863 882 896; x_wconf 70' lang='lat' dir='ltr'>R..</span> <span class='ocrx_word' id='word_1_154' title='bbox 902 863 1047 895; x_wconf 82' lang='lat' dir='ltr'>decurioni,</span> <span class='ocrx_word' id='word_1_155' title='bbox 1065 862 1108 889; x_wconf 74' lang='lat' dir='ltr'>vel</span> 
     </span>
     <span class='ocr_line' id='line_1_17' title="bbox 267 906 1106 947; baseline -0.006 -10"><span class='ocrx_word' id='word_1_156' title='bbox 267 909 332 937; x_wconf 87' lang='lat' dir='ltr'>alias</span> <span class='ocrx_word' id='word_1_157' title='bbox 351 913 484 947; x_wconf 74' lang='lat' dir='ltr'><strong>spectatae</strong></span> <span class='ocrx_word' id='word_1_158' title='bbox 503 909 666 934; x_wconf 85' lang='lat' dir='ltr'>auctoritatis</span> <span class='ocrx_word' id='word_1_159' title='bbox 685 908 743 934; x_wconf 85' lang='lat' dir='ltr'>viro</span> <span class='ocrx_word' id='word_1_160' title='bbox 763 908 817 941; x_wconf 91' lang='lat' dir='ltr'>(sc.</span> <span class='ocrx_word' id='word_1_161' title='bbox 836 908 930 934; x_wconf 91' lang='lat' dir='ltr'>iniuria</span> <span class='ocrx_word' id='word_1_162' title='bbox 948 906 1106 943; x_wconf 77' lang='lat' dir='ltr'>irrogatur).</span> 
     </span>
     <span class='ocr_line' id='line_1_18' title="bbox 267 949 1108 985; baseline -0.004 -6"><span class='ocrx_word' id='word_1_163' title='bbox 267 952 340 979; x_wconf 89' lang='lat' dir='ltr'>Paul.</span> <span class='ocrx_word' id='word_1_164' title='bbox 360 951 392 978; x_wconf 89' lang='lat' dir='ltr'>V.</span> <span class='ocrx_word' id='word_1_165' title='bbox 412 953 436 978; x_wconf 73' lang='lat'>4.</span> <span class='ocrx_word' id='word_1_166' title='bbox 456 952 478 985; x_wconf 83' lang='lat'>5.</span> <span class='ocrx_word' id='word_1_167' title='bbox 494 953 534 978; x_wconf 83' lang='lat' dir='ltr'>lo.</span> <span class='ocrx_word' id='word_1_168' title='bbox 571 951 749 982; x_wconf 88' lang='lat' dir='ltr'>Decuriones,</span> <span class='ocrx_word' id='word_1_169' title='bbox 769 949 812 976; x_wconf 87' lang='lat' dir='ltr'>vel</span> <span class='ocrx_word' id='word_1_170' title='bbox 830 949 896 976; x_wconf 78' lang='lat' dir='ltr'>aliae</span> <span class='ocrx_word' id='word_1_171' title='bbox 915 951 1108 977; x_wconf 75' lang='lat' dir='ltr'>universitates.</span> 
     </span>
     <span class='ocr_line' id='line_1_19' title="bbox 267 993 1108 1030; baseline -0.005 -8"><span class='ocrx_word' id='word_1_172' title='bbox 267 997 298 1023; x_wconf 84' lang='lat' dir='ltr'>fr.</span> <span class='ocrx_word' id='word_1_173' title='bbox 319 997 341 1022; x_wconf 91' lang='lat'>7.</span> <span class='ocrx_word' id='word_1_174' title='bbox 362 995 384 1029; x_wconf 91' lang='lat'>5.</span> <span class='ocrx_word' id='word_1_175' title='bbox 403 997 427 1021; x_wconf 86' lang='lat'>2.</span> <span class='ocrx_word' id='word_1_176' title='bbox 448 995 499 1030; x_wconf 77' lang='lat' dir='ltr'>Qu.</span> <span class='ocrx_word' id='word_1_177' title='bbox 514 995 564 1021; x_wconf 85' lang='lat' dir='ltr'>cui.</span> <span class='ocrx_word' id='word_1_178' title='bbox 579 995 649 1020; x_wconf 88' lang='lat' dir='ltr'>univ.</span> <span class='ocrx_word' id='word_1_179' title='bbox 664 1004 732 1020; x_wconf 89' lang='lat' dir='ltr'>nom.</span> <span class='ocrx_word' id='word_1_180' title='bbox 751 994 776 1019; x_wconf 87' lang='lat'>3.</span> <span class='ocrx_word' id='word_1_181' title='bbox 790 995 814 1019; x_wconf 75' lang='lat'>⁴.</span> <span class='ocrx_word' id='word_1_182' title='bbox 850 993 1026 1025; x_wconf 84' lang='lat' dir='ltr'>Decuriones,</span> <span class='ocrx_word' id='word_1_183' title='bbox 1041 1002 1108 1030; x_wconf 89' lang='lat' dir='ltr'>quos</span> 
     </span>
     <span class='ocr_line' id='line_1_20' title="bbox 267 1035 1108 1074; baseline -0.004 -9"><span class='ocrx_word' id='word_1_184' title='bbox 267 1038 376 1065; x_wconf 89' lang='lat' dir='ltr'>sedibus</span> <span class='ocrx_word' id='word_1_185' title='bbox 399 1038 528 1069; x_wconf 83' lang='lat' dir='ltr'>civitatis,</span> <span class='ocrx_word' id='word_1_186' title='bbox 552 1036 585 1063; x_wconf 87' lang='lat' dir='ltr'>ad</span> <span class='ocrx_word' id='word_1_187' title='bbox 609 1047 686 1074; x_wconf 85' lang='lat' dir='ltr'>quam</span> <span class='ocrx_word' id='word_1_188' title='bbox 710 1037 857 1074; x_wconf 77' lang='lat' dir='ltr'>pertinent,</span> <span class='ocrx_word' id='word_1_189' title='bbox 882 1036 983 1063; x_wconf 87' lang='lat' dir='ltr'>relictis</span> <span class='ocrx_word' id='word_1_190' title='bbox 1007 1037 1034 1063; x_wconf 89' lang='lat' dir='ltr'>in</span> <span class='ocrx_word' id='word_1_191' title='bbox 1059 1035 1108 1062; x_wconf 82' lang='lat' dir='ltr'>alia</span> 
     </span>
     <span class='ocr_line' id='line_1_21' title="bbox 267 1078 1107 1117; baseline -0.004 -10"><span class='ocrx_word' id='word_1_192' title='bbox 267 1081 324 1108; x_wconf 88' lang='lat' dir='ltr'>loca</span> <span class='ocrx_word' id='word_1_193' title='bbox 344 1081 544 1117; x_wconf 75' lang='lat' dir='ltr'>transmigrasse</span> <span class='ocrx_word' id='word_1_194' title='bbox 563 1080 726 1117; x_wconf 73' lang='lat' dir='ltr'>probabitur.</span> <span class='ocrx_word' id='word_1_195' title='bbox 757 1079 787 1106; x_wconf 86' lang='lat' dir='ltr'>fr.</span> <span class='ocrx_word' id='word_1_196' title='bbox 808 1080 830 1104; x_wconf 92' lang='lat' dir='ltr'>l.</span> <span class='ocrx_word' id='word_1_197' title='bbox 855 1078 888 1105; x_wconf 84' lang='lat' dir='ltr'>de</span> <span class='ocrx_word' id='word_1_198' title='bbox 907 1078 1042 1105; x_wconf 89' lang='lat' dir='ltr'>decurion.</span> <span class='ocrx_word' id='word_1_199' title='bbox 1066 1080 1107 1105; x_wconf 87' lang='lat'>50.</span> 
     </span>
     <span class='ocr_line' id='line_1_22' title="bbox 266 1121 1109 1158; baseline -0.002 -8"><span class='ocrx_word' id='word_1_200' title='bbox 266 1126 291 1151; x_wconf 85' lang='grc'>2.</span> <span class='ocrx_word' id='word_1_201' title='bbox 328 1123 357 1150; x_wconf 93' lang='lat' dir='ltr'>In</span> <span class='ocrx_word' id='word_1_202' title='bbox 377 1123 470 1150; x_wconf 83' lang='lat' dir='ltr'>ordine</span> <span class='ocrx_word' id='word_1_203' title='bbox 488 1123 660 1150; x_wconf 81' lang='lat' dir='ltr'>decurionum</span> <span class='ocrx_word' id='word_1_204' title='bbox 675 1132 741 1149; x_wconf 81' lang='lat' dir='ltr'>esse.</span> <span class='ocrx_word' id='word_1_205' title='bbox 761 1138 793 1142; x_wconf 92' lang='grc'>-</span> <span class='ocrx_word' id='word_1_206' title='bbox 812 1122 937 1153; x_wconf 77' lang='lat' dir='ltr'>Decurio,</span> <span class='ocrx_word' id='word_1_207' title='bbox 957 1123 1003 1158; x_wconf 89' lang='lat' dir='ltr'>qui</span> <span class='ocrx_word' id='word_1_208' title='bbox 1016 1121 1109 1148; x_wconf 81' lang='lat' dir='ltr'>ordine</span> 
     </span>
     <span class='ocr_line' id='line_1_23' title="bbox 266 1164 1107 1194; baseline -0.002 -1"><span class='ocrx_word' id='word_1_209' title='bbox 266 1172 424 1194; x_wconf 86' lang='lat' dir='ltr'>removetur.</span> <span class='ocrx_word' id='word_1_210' title='bbox 444 1182 477 1187; x_wconf 89' lang='lat'>—</span> <span class='ocrx_word' id='word_1_211' title='bbox 495 1165 645 1193; x_wconf 87' lang='lat' dir='ltr'>Rcstitutus</span> <span class='ocrx_word' id='word_1_212' title='bbox 665 1166 691 1192; x_wconf 91' lang='lat' dir='ltr'>in</span> <span class='ocrx_word' id='word_1_213' title='bbox 710 1164 837 1191; x_wconf 80' lang='lat' dir='ltr'>ordinem.</span> <span class='ocrx_word' id='word_1_214' title='bbox 866 1165 896 1192; x_wconf 90' lang='lat' dir='ltr'>fr.</span> <span class='ocrx_word' id='word_1_215' title='bbox 916 1167 958 1191; x_wconf 73' lang='lat'>40.</span> <span class='ocrx_word' id='word_1_216' title='bbox 978 1164 1012 1192; x_wconf 90' lang='lat' dir='ltr'>de</span> <span class='ocrx_word' id='word_1_217' title='bbox 1030 1165 1107 1191; x_wconf 90' lang='lat' dir='ltr'>iniur.</span> 
     </span>
     <span class='ocr_line' id='line_1_24' title="bbox 266 1207 1108 1246; baseline -0.004 -9"><span class='ocrx_word' id='word_1_218' title='bbox 266 1212 309 1237; x_wconf 79' lang='lat'>47.</span> <span class='ocrx_word' id='word_1_219' title='bbox 329 1212 370 1237; x_wconf 92' lang='grc'>10.</span> <span class='ocrx_word' id='word_1_220' title='bbox 399 1209 430 1236; x_wconf 82' lang='lat' dir='ltr'>fr.</span> <span class='ocrx_word' id='word_1_221' title='bbox 449 1212 473 1236; x_wconf 86' lang='lat'>2.</span> <span class='ocrx_word' id='word_1_222' title='bbox 493 1219 533 1246; x_wconf 89' lang='lat' dir='ltr'>pr.</span> <span class='ocrx_word' id='word_1_223' title='bbox 557 1209 580 1243; x_wconf 84' lang='lat'>5.</span> <span class='ocrx_word' id='word_1_224' title='bbox 601 1211 623 1235; x_wconf 94' lang='lat'>1.</span> <span class='ocrx_word' id='word_1_225' title='bbox 648 1208 680 1234; x_wconf 80' lang='lat' dir='ltr'>de</span> <span class='ocrx_word' id='word_1_226' title='bbox 705 1207 839 1234; x_wconf 81' lang='lat' dir='ltr'>decurion.</span> <span class='ocrx_word' id='word_1_227' title='bbox 863 1209 904 1234; x_wconf 88' lang='grc'>50.</span> <span class='ocrx_word' id='word_1_228' title='bbox 923 1210 948 1234; x_wconf 87' lang='grc'>2.</span> <span class='ocrx_word' id='word_1_229' title='bbox 993 1207 1108 1234; x_wconf 76' lang='lat' dir='ltr'>Decreta</span> 
     </span>
     <span class='ocr_line' id='line_1_25' title="bbox 266 1251 1107 1285; baseline -0.004 -5"><span class='ocrx_word' id='word_1_230' title='bbox 266 1253 446 1280; x_wconf 75' lang='lat' dir='ltr'>decurionum.</span> <span class='ocrx_word' id='word_1_231' title='bbox 480 1251 521 1279; x_wconf 86' lang='lat' dir='ltr'>Cf.</span> <span class='ocrx_word' id='word_1_232' title='bbox 542 1262 565 1278; x_wconf 87' lang='lat' dir='ltr'>v.</span> <span class='ocrx_word' id='word_1_233' title='bbox 586 1251 736 1278; x_wconf 86' lang='lat' dir='ltr'>Decretum.</span> <span class='ocrx_word' id='word_1_234' title='bbox 760 1251 782 1285; x_wconf 87' lang='lat'>5.</span> <span class='ocrx_word' id='word_1_235' title='bbox 804 1252 825 1277; x_wconf 94' lang='lat' dir='ltr'>l.</span> <span class='ocrx_word' id='word_1_236' title='bbox 858 1267 891 1271; x_wconf 86' lang='lat'>-—</span> <span class='ocrx_word' id='word_1_237' title='bbox 923 1251 954 1284; x_wconf 63' lang='grc' dir='ltr'>ξ.</span> <span class='ocrx_word' id='word_1_238' title='bbox 974 1251 1012 1277; x_wconf 72' lang='lat'>³.</span> <span class='ocrx_word' id='word_1_239' title='bbox 1044 1251 1107 1277; x_wconf 81' lang='lat' dir='ltr'>Mi-</span> 
     </span>
     <span class='ocr_line' id='line_1_26' title="bbox 266 1295 1107 1329; baseline -0.004 -6"><span class='ocrx_word' id='word_1_240' title='bbox 266 1297 485 1324; x_wconf 71' lang='lat' dir='ltr'>nim-antium</span> <span class='ocrx_word' id='word_1_241' title='bbox 513 1296 545 1321; x_wconf 84' lang='lat' dir='ltr'>in</span> <span class='ocrx_word' id='word_1_242' title='bbox 570 1296 703 1329; x_wconf 77' lang='lat' dir='ltr'>palatio</span> <span class='ocrx_word' id='word_1_243' title='bbox 730 1295 917 1328; x_wconf 74' lang='lat' dir='ltr'>Principis,</span> <span class='ocrx_word' id='word_1_244' title='bbox 947 1296 996 1320; x_wconf 84' lang='lat' dir='ltr'>vel</span> <span class='ocrx_word' id='word_1_245' title='bbox 1025 1295 1107 1320; x_wconf 66' lang='lat' dir='ltr'>aliis</span> 
     </span>
     <span class='ocr_line' id='line_1_27' title="bbox 267 1335 1108 1374; baseline -0.004 -9"><span class='ocrx_word' id='word_1_246' title='bbox 267 1340 507 1374; x_wconf 70' lang='lat' dir='ltr'>quibuscunque</span> <span class='ocrx_word' id='word_1_247' title='bbox 527 1339 668 1364; x_wconf 66' lang='lat' dir='ltr'>uulneris</span> <span class='ocrx_word' id='word_1_248' title='bbox 684 1338 884 1372; x_wconf 74' lang='lat' dir='ltr'>praefectus.</span> <span class='ocrx_word' id='word_1_249' title='bbox 911 1335 954 1362; x_wconf 91' lang='lat' dir='ltr'><strong>III.</strong></span> <span class='ocrx_word' id='word_1_250' title='bbox 970 1337 1036 1364; x_wconf 76' lang='lat' dir='ltr'>Cn.</span> <span class='ocrx_word' id='word_1_251' title='bbox 1056 1336 1108 1362; x_wconf 90' lang='lat' dir='ltr'>De-</span> 
     </span>
     <span class='ocr_line' id='line_1_28' title="bbox 267 1378 1106 1417; baseline -0.002 -9"><span class='ocrx_word' id='word_1_252' title='bbox 267 1382 390 1408; x_wconf 86' lang='lat' dir='ltr'>curioues</span> <span class='ocrx_word' id='word_1_253' title='bbox 410 1381 494 1406; x_wconf 84' lang='lat' dir='ltr'>nostri</span> <span class='ocrx_word' id='word_1_254' title='bbox 513 1379 611 1417; x_wconf 83' lang='lat' dir='ltr'>palatii.</span> <span class='ocrx_word' id='word_1_255' title='bbox 640 1379 690 1406; x_wconf 88' lang='lat' dir='ltr'>Th.</span> <span class='ocrx_word' id='word_1_256' title='bbox 705 1378 736 1405; x_wconf 92' lang='lat' dir='ltr'>C.</span> <span class='ocrx_word' id='word_1_257' title='bbox 756 1378 800 1406; x_wconf 83' lang='lat' dir='ltr'>VI.</span> <span class='ocrx_word' id='word_1_258' title='bbox 819 1381 862 1406; x_wconf 82' lang='grc'>23.</span> <span class='ocrx_word' id='word_1_259' title='bbox 882 1390 903 1406; x_wconf 91' lang='lat' dir='ltr'>c.</span> <span class='ocrx_word' id='word_1_260' title='bbox 924 1380 947 1405; x_wconf 95' lang='lat' dir='ltr'>l.</span> <span class='ocrx_word' id='word_1_261' title='bbox 967 1379 1000 1405; x_wconf 83' lang='lat' dir='ltr'>de</span> <span class='ocrx_word' id='word_1_262' title='bbox 1017 1379 1106 1406; x_wconf 84' lang='lat' dir='ltr'>decur.</span> 
     </span>
     <span class='ocr_line' id='line_1_29' title="bbox 267 1421 1107 1459; baseline -0.002 -9"><span class='ocrx_word' id='word_1_263' title='bbox 267 1429 293 1451; x_wconf 86' lang='lat' dir='ltr'>et</span> <span class='ocrx_word' id='word_1_264' title='bbox 310 1423 436 1450; x_wconf 84' lang='lat' dir='ltr'>silentiar.</span> <span class='ocrx_word' id='word_1_265' title='bbox 473 1423 527 1459; x_wconf 80' lang='lat' dir='ltr'>Qui</span> <span class='ocrx_word' id='word_1_266' title='bbox 546 1422 745 1454; x_wconf 73' lang='lat' dir='ltr'>ministeriales,</span> <span class='ocrx_word' id='word_1_267' title='bbox 770 1422 813 1456; x_wconf 86' lang='lat' dir='ltr'>(et</span> <span class='ocrx_word' id='word_1_268' title='bbox 836 1421 1055 1459; x_wconf 77' lang='lat' dir='ltr'>paedagogiani),</span> <span class='ocrx_word' id='word_1_269' title='bbox 1081 1426 1107 1448; x_wconf 87' lang='lat' dir='ltr'>et</span> 
     </span>
     <span class='ocr_line' id='line_1_30' title="bbox 266 1464 1106 1498; baseline -0.001 -5"><span class='ocrx_word' id='word_1_270' title='bbox 266 1467 418 1498; x_wconf 77' lang='lat' dir='ltr'>silentiarii.</span> <span class='ocrx_word' id='word_1_271' title='bbox 443 1471 470 1492; x_wconf 84' lang='lat' dir='ltr'>et</span> <span class='ocrx_word' id='word_1_272' title='bbox 492 1466 648 1492; x_wconf 82' lang='lat' dir='ltr'>decuriones</span> <span class='ocrx_word' id='word_1_273' title='bbox 673 1466 812 1492; x_wconf 77' lang='lat' dir='ltr'>exsistunt.</span> <span class='ocrx_word' id='word_1_274' title='bbox 841 1464 879 1491; x_wconf 89' lang='lat' dir='ltr'>lb.</span> <span class='ocrx_word' id='word_1_275' title='bbox 899 1464 968 1492; x_wconf 82' lang='lat' dir='ltr'><strong>VIII.</strong></span> <span class='ocrx_word' id='word_1_276' title='bbox 993 1467 1016 1492; x_wconf 89' lang='lat'>7.</span> <span class='ocrx_word' id='word_1_277' title='bbox 1041 1476 1062 1492; x_wconf 95' lang='lat' dir='ltr'>c.</span> <span class='ocrx_word' id='word_1_278' title='bbox 1081 1467 1106 1492; x_wconf 87' lang='lat'>5.</span> 
     </span>
     <span class='ocr_line' id='line_1_31' title="bbox 267 1507 1106 1545; baseline -0.002 -9"><span class='ocrx_word' id='word_1_279' title='bbox 267 1509 300 1537; x_wconf 82' lang='lat' dir='ltr'>de.</span> <span class='ocrx_word' id='word_1_280' title='bbox 319 1509 370 1536; x_wconf 86' lang='lat' dir='ltr'>div.</span> <span class='ocrx_word' id='word_1_281' title='bbox 391 1508 461 1535; x_wconf 85' lang='lat' dir='ltr'>offic.</span> <span class='ocrx_word' id='word_1_282' title='bbox 481 1508 524 1536; x_wconf 69' lang='lat' dir='ltr'>Vl.</span> <span class='ocrx_word' id='word_1_283' title='bbox 538 1511 579 1535; x_wconf 84' lang='grc'>23.</span> <span class='ocrx_word' id='word_1_284' title='bbox 600 1519 622 1535; x_wconf 97' lang='lat' dir='ltr'>c.</span> <span class='ocrx_word' id='word_1_285' title='bbox 635 1511 659 1535; x_wconf 90' lang='grc'>2.</span> <span class='ocrx_word' id='word_1_286' title='bbox 674 1519 732 1545; x_wconf 89' lang='lat' dir='ltr'><strong>sqq.</strong></span> <span class='ocrx_word' id='word_1_287' title='bbox 770 1507 914 1540; x_wconf 61' lang='lat' dir='ltr'>Tabulam,</span> <span class='ocrx_word' id='word_1_288' title='bbox 933 1507 976 1535; x_wconf 91' lang='lat' dir='ltr'>vel</span> <span class='ocrx_word' id='word_1_289' title='bbox 995 1508 1106 1540; x_wconf 79' lang='lat' dir='ltr'>scribae,</span> 
     </span>
     <span class='ocr_line' id='line_1_32' title="bbox 266 1550 1078 1588; baseline -0.004 -8"><span class='ocrx_word' id='word_1_290' title='bbox 266 1552 309 1580; x_wconf 87' lang='lat' dir='ltr'>vel</span> <span class='ocrx_word' id='word_1_291' title='bbox 328 1552 492 1579; x_wconf 83' lang='lat' dir='ltr'>decuriones.</span> <span class='ocrx_word' id='word_1_292' title='bbox 521 1551 559 1578; x_wconf 89' lang='lat' dir='ltr'>lb.</span> <span class='ocrx_word' id='word_1_293' title='bbox 579 1551 647 1578; x_wconf 88' lang='lat' dir='ltr'><strong>VIII.</strong></span> <span class='ocrx_word' id='word_1_294' title='bbox 666 1554 692 1579; x_wconf 87' lang='lat'>2.</span> <span class='ocrx_word' id='word_1_295' title='bbox 711 1562 733 1578; x_wconf 90' lang='lat' dir='ltr'>c.</span> <span class='ocrx_word' id='word_1_296' title='bbox 754 1553 776 1578; x_wconf 93' lang='lat' dir='ltr'>l.</span> <span class='ocrx_word' id='word_1_297' title='bbox 796 1550 830 1577; x_wconf 89' lang='lat' dir='ltr'>de</span> <span class='ocrx_word' id='word_1_298' title='bbox 848 1551 958 1577; x_wconf 88' lang='lat' dir='ltr'>tabular.</span> <span class='ocrx_word' id='word_1_299' title='bbox 978 1551 1078 1588; x_wconf 80' lang='lat' dir='ltr'>logogr.</span> 
     </span>
     <span class='ocr_line' id='line_1_33' title="bbox 299 1595 590 1623; baseline -0.007 0"><span class='ocrx_word' id='word_1_300' title='bbox 299 1595 590 1623; x_wconf 66' lang='lat' dir='ltr'>”ectu-innatus.</span> 
     </span>
    </p>
   </div>
   <div class='ocr_carea' id='block_1_7' title="bbox 264 1722 1106 2865">
    <p class='ocr_par' dir='ltr' id='par_1_7' title="bbox 264 1722 1106 2136">
     <span class='ocr_line' id='line_1_34' title="bbox 264 1722 1106 1762; baseline -0.001 -11"><span class='ocrx_word' id='word_1_301' title='bbox 264 1735 305 1762; x_wconf 87' lang='lat' dir='ltr'>pr.</span> <span class='ocrx_word' id='word_1_302' title='bbox 325 1724 355 1751; x_wconf 85' lang='lat' dir='ltr'>fr.</span> <span class='ocrx_word' id='word_1_303' title='bbox 376 1726 416 1751; x_wconf 73' lang='lat'>13.</span> <span class='ocrx_word' id='word_1_304' title='bbox 435 1724 457 1758; x_wconf 85' lang='lat'>5.</span> <span class='ocrx_word' id='word_1_305' title='bbox 477 1725 501 1750; x_wconf 95' lang='lat'>3.</span> <span class='ocrx_word' id='word_1_306' title='bbox 526 1723 558 1750; x_wconf 88' lang='lat' dir='ltr'>de</span> <span class='ocrx_word' id='word_1_307' title='bbox 578 1723 666 1750; x_wconf 82' lang='lat' dir='ltr'>decur.</span> <span class='ocrx_word' id='word_1_308' title='bbox 686 1725 728 1749; x_wconf 87' lang='lat'>50.</span> <span class='ocrx_word' id='word_1_309' title='bbox 747 1724 772 1749; x_wconf 82' lang='lat'>2.</span> <span class='ocrx_word' id='word_1_310' title='bbox 816 1722 858 1749; x_wconf 92' lang='lat' dir='ltr'><strong>III.</strong></span> <span class='ocrx_word' id='word_1_311' title='bbox 881 1724 947 1750; x_wconf 78' lang='lat' dir='ltr'><strong>Cn.</strong></span> <span class='ocrx_word' id='word_1_312' title='bbox 979 1723 1106 1750; x_wconf 86' lang='lat' dir='ltr'>Decurio-</span> 
     </span>
     <span class='ocr_line' id='line_1_35' title="bbox 265 1765 1104 1803; baseline -0.001 -9"><span class='ocrx_word' id='word_1_313' title='bbox 265 1772 366 1799; x_wconf 77' lang='lat' dir='ltr'>natum,</span> <span class='ocrx_word' id='word_1_314' title='bbox 385 1766 428 1793; x_wconf 88' lang='lat' dir='ltr'>vel</span> <span class='ocrx_word' id='word_1_315' title='bbox 447 1766 560 1803; x_wconf 79' lang='lat' dir='ltr'>aliquem</span> <span class='ocrx_word' id='word_1_316' title='bbox 578 1765 714 1797; x_wconf 86' lang='lat' dir='ltr'>bonorem,</span> <span class='ocrx_word' id='word_1_317' title='bbox 733 1766 760 1792; x_wconf 92' lang='lat' dir='ltr'>in</span> <span class='ocrx_word' id='word_1_318' title='bbox 778 1776 825 1792; x_wconf 85' lang='lat' dir='ltr'>sua</span> <span class='ocrx_word' id='word_1_319' title='bbox 843 1766 928 1803; x_wconf 86' lang='lat' dir='ltr'>patria</span> <span class='ocrx_word' id='word_1_320' title='bbox 946 1771 1045 1803; x_wconf 88' lang='lat' dir='ltr'>petere.</span> <span class='ocrx_word' id='word_1_321' title='bbox 1074 1766 1104 1793; x_wconf 87' lang='lat' dir='ltr'>sr.</span> 
     </span>
     <span class='ocr_line' id='line_1_36' title="bbox 267 1808 1104 1837; baseline -0.002 0"><span class='ocrx_word' id='word_1_322' title='bbox 267 1812 307 1837; x_wconf 97' lang='lat'>12.</span> <span class='ocrx_word' id='word_1_323' title='bbox 331 1810 366 1836; x_wconf 88' lang='lat' dir='ltr'>ib.</span> <span class='ocrx_word' id='word_1_324' title='bbox 385 1812 427 1836; x_wconf 85' lang='lat'>50.</span> <span class='ocrx_word' id='word_1_325' title='bbox 447 1811 471 1836; x_wconf 91' lang='lat'>2.</span> <span class='ocrx_word' id='word_1_326' title='bbox 502 1809 534 1836; x_wconf 84' lang='lat' dir='ltr'>cf.</span> <span class='ocrx_word' id='word_1_327' title='bbox 554 1808 584 1836; x_wconf 79' lang='lat' dir='ltr'>fr.</span> <span class='ocrx_word' id='word_1_328' title='bbox 603 1811 627 1836; x_wconf 88' lang='lat'>5.</span> <span class='ocrx_word' id='word_1_329' title='bbox 653 1808 686 1836; x_wconf 92' lang='lat' dir='ltr'>de</span> <span class='ocrx_word' id='word_1_330' title='bbox 708 1813 791 1835; x_wconf 78' lang='lat' dir='ltr'>vacat.</span> <span class='ocrx_word' id='word_1_331' title='bbox 816 1811 857 1835; x_wconf 88' lang='lat'>50.</span> <span class='ocrx_word' id='word_1_332' title='bbox 876 1811 901 1835; x_wconf 90' lang='lat'>5.</span> <span class='ocrx_word' id='word_1_333' title='bbox 931 1819 952 1836; x_wconf 94' lang='lat' dir='ltr'>c.</span> <span class='ocrx_word' id='word_1_334' title='bbox 974 1811 997 1836; x_wconf 92' lang='lat' dir='ltr'>l.</span> <span class='ocrx_word' id='word_1_335' title='bbox 1023 1808 1056 1835; x_wconf 88' lang='lat' dir='ltr'>ad</span> <span class='ocrx_word' id='word_1_336' title='bbox 1074 1808 1104 1835; x_wconf 92' lang='lat' dir='ltr'><strong>L.</strong></span> 
     </span>
     <span class='ocr_line' id='line_1_37' title="bbox 265 1851 1105 1880; baseline -0.001 0"><span class='ocrx_word' id='word_1_337' title='bbox 265 1852 359 1880; x_wconf 81' lang='lat' dir='ltr'>Visell.</span> <span class='ocrx_word' id='word_1_338' title='bbox 378 1855 401 1880; x_wconf 97' lang='lat'>9.</span> <span class='ocrx_word' id='word_1_339' title='bbox 420 1854 462 1879; x_wconf 83' lang='lat'>21.</span> <span class='ocrx_word' id='word_1_340' title='bbox 499 1852 660 1879; x_wconf 84' lang='lat' dir='ltr'>Consentire</span> <span class='ocrx_word' id='word_1_341' title='bbox 680 1868 710 1872; x_wconf 92' lang='lat'>——-</span> <span class='ocrx_word' id='word_1_342' title='bbox 736 1851 918 1878; x_wconf 87' lang='lat' dir='ltr'>decurionatui</span> <span class='ocrx_word' id='word_1_343' title='bbox 942 1851 999 1878; x_wconf 80' lang='lat' dir='ltr'>filii.</span> <span class='ocrx_word' id='word_1_344' title='bbox 1030 1851 1061 1879; x_wconf 84' lang='lat' dir='ltr'>fr.</span> <span class='ocrx_word' id='word_1_345' title='bbox 1080 1854 1105 1879; x_wconf 75' lang='lat'>2.</span> 
     </span>
     <span class='ocr_line' id='line_1_38' title="bbox 265 1894 1105 1934; baseline -0.001 -11"><span class='ocrx_word' id='word_1_346' title='bbox 265 1906 305 1934; x_wconf 89' lang='lat' dir='ltr'>pr.</span> <span class='ocrx_word' id='word_1_347' title='bbox 325 1896 358 1922; x_wconf 83' lang='lat' dir='ltr'>ad</span> <span class='ocrx_word' id='word_1_348' title='bbox 376 1896 471 1922; x_wconf 87' lang='lat' dir='ltr'>munic.</span> <span class='ocrx_word' id='word_1_349' title='bbox 495 1897 536 1922; x_wconf 85' lang='lat'>50.</span> <span class='ocrx_word' id='word_1_350' title='bbox 557 1897 579 1922; x_wconf 94' lang='lat' dir='ltr'>l.</span> <span class='ocrx_word' id='word_1_351' title='bbox 627 1895 703 1931; x_wconf 84' lang='lat' dir='ltr'>Quos</span> <span class='ocrx_word' id='word_1_352' title='bbox 732 1895 786 1927; x_wconf 87' lang='lat' dir='ltr'>(sc.</span> <span class='ocrx_word' id='word_1_353' title='bbox 806 1894 895 1929; x_wconf 83' lang='lat' dir='ltr'>filios)</span> <span class='ocrx_word' id='word_1_354' title='bbox 920 1894 1105 1922; x_wconf 77' lang='lat' dir='ltr'>decurionatus</span> 
     </span>
     <span class='ocr_line' id='line_1_39' title="bbox 265 1937 1105 1976; baseline 0 -11"><span class='ocrx_word' id='word_1_355' title='bbox 265 1940 333 1966; x_wconf 86' lang='lat' dir='ltr'>sorti</span> <span class='ocrx_word' id='word_1_356' title='bbox 355 1943 462 1976; x_wconf 84' lang='lat' dir='ltr'>paterna</span> <span class='ocrx_word' id='word_1_357' title='bbox 485 1939 614 1964; x_wconf 84' lang='lat' dir='ltr'>sententia</span> <span class='ocrx_word' id='word_1_358' title='bbox 638 1937 776 1964; x_wconf 84' lang='lat' dir='ltr'>dedicavit.</span> <span class='ocrx_word' id='word_1_359' title='bbox 811 1937 878 1964; x_wconf 72' lang='grc' dir='ltr'>Νῦν.</span> <span class='ocrx_word' id='word_1_360' title='bbox 900 1937 949 1964; x_wconf 87' lang='lat' dir='ltr'>Th.</span> <span class='ocrx_word' id='word_1_361' title='bbox 973 1938 1004 1965; x_wconf 91' lang='grc' dir='ltr'>ΙΙ.</span> <span class='ocrx_word' id='word_1_362' title='bbox 1029 1938 1061 1965; x_wconf 86' lang='lat' dir='ltr'>de</span> <span class='ocrx_word' id='word_1_363' title='bbox 1080 1938 1105 1965; x_wconf 88' lang='lat' dir='ltr'>h.</span> 
     </span>
     <span class='ocr_line' id='line_1_40' title="bbox 265 1980 1105 2019; baseline 0 -11"><span class='ocrx_word' id='word_1_364' title='bbox 265 1992 309 2019; x_wconf 91' lang='lat' dir='ltr'>qu.</span> <span class='ocrx_word' id='word_1_365' title='bbox 330 1992 370 2019; x_wconf 88' lang='lat' dir='ltr'>sp.</span> <span class='ocrx_word' id='word_1_366' title='bbox 389 1991 459 2007; x_wconf 88' lang='lat' dir='ltr'>mun.</span> <span class='ocrx_word' id='word_1_367' title='bbox 484 1980 501 2007; x_wconf 94' lang='lat' dir='ltr'>I.</span> <span class='ocrx_word' id='word_1_368' title='bbox 521 1983 562 2006; x_wconf 89' lang='grc'>22.</span> <span class='ocrx_word' id='word_1_369' title='bbox 588 1990 609 2007; x_wconf 90' lang='lat' dir='ltr'>c.</span> <span class='ocrx_word' id='word_1_370' title='bbox 628 1983 652 2006; x_wconf 89' lang='grc'>2.</span> <span class='ocrx_word' id='word_1_371' title='bbox 677 1980 698 2013; x_wconf 86' lang='lat'>5.</span> <span class='ocrx_word' id='word_1_372' title='bbox 721 1982 760 2006; x_wconf 95' lang='lat' dir='ltr'>ll.</span> <span class='ocrx_word' id='word_1_373' title='bbox 807 1980 896 2007; x_wconf 80' lang='lat' dir='ltr'>Onera</span> <span class='ocrx_word' id='word_1_374' title='bbox 920 1980 1105 2008; x_wconf 84' lang='lat' dir='ltr'>decurionatus</span> 
     </span>
     <span class='ocr_line' id='line_1_41' title="bbox 265 2023 1105 2062; baseline -0.001 -10"><span class='ocrx_word' id='word_1_375' title='bbox 265 2026 410 2062; x_wconf 80' lang='lat' dir='ltr'>suscipere.</span> <span class='ocrx_word' id='word_1_376' title='bbox 446 2023 580 2050; x_wconf 84' lang='lat' dir='ltr'>Honorem</span> <span class='ocrx_word' id='word_1_377' title='bbox 605 2023 790 2050; x_wconf 72' lang='lat' dir='ltr'>decurionatus</span> <span class='ocrx_word' id='word_1_378' title='bbox 815 2023 984 2059; x_wconf 79' lang='lat' dir='ltr'>adgnoscere.</span> <span class='ocrx_word' id='word_1_379' title='bbox 1014 2024 1043 2050; x_wconf 83' lang='lat' dir='ltr'>fr.</span> <span class='ocrx_word' id='word_1_380' title='bbox 1063 2026 1105 2051; x_wconf 83' lang='grc'>21.</span> 
     </span>
     <span class='ocr_line' id='line_1_42' title="bbox 265 2065 1105 2102; baseline 0 -8"><span class='ocrx_word' id='word_1_381' title='bbox 265 2069 288 2102; x_wconf 90' lang='lat'>5.</span> <span class='ocrx_word' id='word_1_382' title='bbox 307 2070 331 2094; x_wconf 85' lang='lat'>3.</span> <span class='ocrx_word' id='word_1_383' title='bbox 358 2067 390 2094; x_wconf 80' lang='lat' dir='ltr'>ad</span> <span class='ocrx_word' id='word_1_384' title='bbox 413 2067 508 2094; x_wconf 85' lang='lat' dir='ltr'>munic.</span> <span class='ocrx_word' id='word_1_385' title='bbox 533 2068 574 2093; x_wconf 84' lang='lat'>50.</span> <span class='ocrx_word' id='word_1_386' title='bbox 600 2068 622 2092; x_wconf 96' lang='lat' dir='ltr'>l.</span> <span class='ocrx_word' id='word_1_387' title='bbox 654 2066 683 2093; x_wconf 82' lang='lat' dir='ltr'>l&#39;r.</span> <span class='ocrx_word' id='word_1_388' title='bbox 708 2068 732 2092; x_wconf 94' lang='lat'>5.</span> <span class='ocrx_word' id='word_1_389' title='bbox 758 2067 779 2100; x_wconf 91' lang='lat'>5.</span> <span class='ocrx_word' id='word_1_390' title='bbox 801 2068 841 2093; x_wconf 74' lang='lat'>13.</span> <span class='ocrx_word' id='word_1_391' title='bbox 865 2065 898 2092; x_wconf 84' lang='lat' dir='ltr'>de</span> <span class='ocrx_word' id='word_1_392' title='bbox 921 2067 977 2093; x_wconf 81' lang='lat' dir='ltr'>lure</span> <span class='ocrx_word' id='word_1_393' title='bbox 1000 2067 1105 2094; x_wconf 87' lang='lat' dir='ltr'>immun.</span> 
     </span>
     <span class='ocr_line' id='line_1_43' title="bbox 265 2112 350 2136; baseline 0 0"><span class='ocrx_word' id='word_1_394' title='bbox 265 2112 308 2136; x_wconf 83' lang='lat'>50.</span> <span class='ocrx_word' id='word_1_395' title='bbox 327 2112 350 2136; x_wconf 79' lang='lat' dir='ltr'>G.</span> 
     </span>
    </p>

    <p class='ocr_par' dir='ltr' id='par_1_8' title="bbox 266 2153 1104 2865">
     <span class='ocr_line' id='line_1_44' title="bbox 300 2153 1104 2186; baseline -0.001 -6"><span class='ocrx_word' id='word_1_396' title='bbox 300 2155 528 2180; x_wconf 79' lang='lat' dir='ltr'>Decurrel&#39;e.</span> <span class='ocrx_word' id='word_1_397' title='bbox 576 2153 607 2186; x_wconf 83' lang='lat'>§.</span> <span class='ocrx_word' id='word_1_398' title='bbox 634 2153 669 2179; x_wconf 90' lang='grc'>1.</span> <span class='ocrx_word' id='word_1_399' title='bbox 707 2154 862 2185; x_wconf 78' lang='lat' dir='ltr'>Currere,</span> <span class='ocrx_word' id='word_1_400' title='bbox 899 2154 1104 2180; x_wconf 79' lang='lat' dir='ltr'>Percurrere.</span> 
     </span>
     <span class='ocr_line' id='line_1_45' title="bbox 266 2195 1103 2234; baseline 0 -12"><span class='ocrx_word' id='word_1_401' title='bbox 266 2195 284 2222; x_wconf 92' lang='lat' dir='ltr'>I.</span> <span class='ocrx_word' id='word_1_402' title='bbox 306 2197 367 2230; x_wconf 75' lang='lat' dir='ltr'>Sy·</span> <span class='ocrx_word' id='word_1_403' title='bbox 396 2195 490 2223; x_wconf 86' lang='lat' dir='ltr'>Fluere</span> <span class='ocrx_word' id='word_1_404' title='bbox 509 2196 635 2232; x_wconf 83' lang='lat' dir='ltr'>(aquam).</span> <span class='ocrx_word' id='word_1_405' title='bbox 664 2195 694 2222; x_wconf 85' lang='lat' dir='ltr'>l&#39;r.</span> <span class='ocrx_word' id='word_1_406' title='bbox 717 2197 738 2222; x_wconf 94' lang='lat'>1.</span> <span class='ocrx_word' id='word_1_407' title='bbox 758 2195 795 2229; x_wconf 85' lang='lat'>55.</span> <span class='ocrx_word' id='word_1_408' title='bbox 819 2197 839 2222; x_wconf 87' lang='lat'>1.</span> <span class='ocrx_word' id='word_1_409' title='bbox 862 2197 900 2221; x_wconf 92' lang='grc'>10.</span> <span class='ocrx_word' id='word_1_410' title='bbox 928 2195 957 2222; x_wconf 81' lang='lat' dir='ltr'>fr.</span> <span class='ocrx_word' id='word_1_411' title='bbox 978 2198 1002 2222; x_wconf 85' lang='lat'>6.</span> <span class='ocrx_word' id='word_1_412' title='bbox 1022 2206 1061 2234; x_wconf 90' lang='lat' dir='ltr'>pr.</span> <span class='ocrx_word' id='word_1_413' title='bbox 1081 2196 1103 2230; x_wconf 86' lang='lat'>5.</span> 
     </span>
     <span class='ocr_line' id='line_1_46' title="bbox 267 2237 1104 2276; baseline 0 -11"><span class='ocrx_word' id='word_1_414' title='bbox 267 2240 290 2265; x_wconf 94' lang='lat' dir='ltr'>l.</span> <span class='ocrx_word' id='word_1_415' title='bbox 311 2238 343 2265; x_wconf 86' lang='lat' dir='ltr'>de</span> <span class='ocrx_word' id='word_1_416' title='bbox 362 2248 427 2275; x_wconf 87' lang='lat' dir='ltr'>aqua</span> <span class='ocrx_word' id='word_1_417' title='bbox 447 2243 471 2265; x_wconf 87' lang='lat' dir='ltr'>et</span> <span class='ocrx_word' id='word_1_418' title='bbox 491 2249 549 2276; x_wconf 83' lang='lat' dir='ltr'>aqu.</span> <span class='ocrx_word' id='word_1_419' title='bbox 569 2238 605 2275; x_wconf 89' lang='lat' dir='ltr'>pl.</span> <span class='ocrx_word' id='word_1_420' title='bbox 624 2240 666 2265; x_wconf 80' lang='lat'>39.</span> <span class='ocrx_word' id='word_1_421' title='bbox 685 2240 709 2265; x_wconf 88' lang='lat'>3.</span> <span class='ocrx_word' id='word_1_422' title='bbox 745 2238 788 2264; x_wconf 91' lang='lat' dir='ltr'>Ill.</span> <span class='ocrx_word' id='word_1_423' title='bbox 809 2239 874 2265; x_wconf 76' lang='lat' dir='ltr'><strong>Gn.</strong></span> <span class='ocrx_word' id='word_1_424' title='bbox 901 2237 956 2264; x_wconf 67' lang='lat' dir='ltr'>‘Nec</span> <span class='ocrx_word' id='word_1_425' title='bbox 975 2239 1104 2265; x_wconf 85' lang='lat' dir='ltr'>eiusmodi</span> 
     </span>
     <span class='ocr_line' id='line_1_47' title="bbox 266 2281 1104 2318; baseline 0.001 -11"><span class='ocrx_word' id='word_1_426' title='bbox 266 2284 316 2314; x_wconf 82' lang='lat' dir='ltr'>(sc.</span> <span class='ocrx_word' id='word_1_427' title='bbox 337 2281 481 2317; x_wconf 70' lang='lat' dir='ltr'>conchylii)</span> <span class='ocrx_word' id='word_1_428' title='bbox 500 2283 650 2308; x_wconf 69' lang='lat' dir='ltr'>infectionis</span> <span class='ocrx_word' id='word_1_429' title='bbox 670 2286 760 2317; x_wconf 73' lang='lat' dir='ltr'>arguto</span> <span class='ocrx_word' id='word_1_430' title='bbox 780 2281 885 2318; x_wconf 84' lang='lat' dir='ltr'>pectine</span> <span class='ocrx_word' id='word_1_431' title='bbox 904 2281 1041 2308; x_wconf 83' lang='lat' dir='ltr'>solidanda</span> <span class='ocrx_word' id='word_1_432' title='bbox 1060 2281 1104 2308; x_wconf 86' lang='lat' dir='ltr'>lila</span> 
     </span>
     <span class='ocr_line' id='line_1_48' title="bbox 266 2323 1104 2351; baseline 0 -1"><span class='ocrx_word' id='word_1_433' title='bbox 266 2325 414 2351; x_wconf 86' lang='lat' dir='ltr'>decurrant.</span> <span class='ocrx_word' id='word_1_434' title='bbox 444 2324 494 2350; x_wconf 79' lang='lat' dir='ltr'>Tb.</span> <span class='ocrx_word' id='word_1_435' title='bbox 513 2325 544 2351; x_wconf 80' lang='lat' dir='ltr'>C.</span> <span class='ocrx_word' id='word_1_436' title='bbox 565 2325 597 2351; x_wconf 81' lang='grc' dir='ltr'>Χ,</span> <span class='ocrx_word' id='word_1_437' title='bbox 615 2327 657 2351; x_wconf 89' lang='grc'>21.</span> <span class='ocrx_word' id='word_1_438' title='bbox 678 2335 699 2351; x_wconf 90' lang='lat' dir='ltr'>c.</span> <span class='ocrx_word' id='word_1_439' title='bbox 718 2326 742 2350; x_wconf 84' lang='lat'>3.</span> <span class='ocrx_word' id='word_1_440' title='bbox 763 2323 795 2350; x_wconf 90' lang='lat' dir='ltr'>de</span> <span class='ocrx_word' id='word_1_441' title='bbox 814 2329 880 2350; x_wconf 71' lang='lat' dir='ltr'>vest.</span> <span class='ocrx_word' id='word_1_442' title='bbox 900 2323 1018 2350; x_wconf 76' lang='lat' dir='ltr'>lnolover.</span> <span class='ocrx_word' id='word_1_443' title='bbox 1056 2324 1104 2350; x_wconf 91' lang='lat' dir='ltr'>Su-</span> 
     </span>
     <span class='ocr_line' id='line_1_49' title="bbox 266 2367 1103 2405; baseline 0 -12"><span class='ocrx_word' id='word_1_444' title='bbox 266 2377 315 2404; x_wconf 82' lang='lat' dir='ltr'>per</span> <span class='ocrx_word' id='word_1_445' title='bbox 341 2371 412 2393; x_wconf 86' lang='lat' dir='ltr'>statu</span> <span class='ocrx_word' id='word_1_446' title='bbox 439 2367 606 2403; x_wconf 79' lang='lat' dir='ltr'>iugenuitatis</span> <span class='ocrx_word' id='word_1_447' title='bbox 635 2378 682 2405; x_wconf 85' lang='lat' dir='ltr'>per</span> <span class='ocrx_word' id='word_1_448' title='bbox 710 2368 795 2393; x_wconf 87' lang='lat' dir='ltr'>onmia</span> <span class='ocrx_word' id='word_1_449' title='bbox 819 2368 1053 2403; x_wconf 77' lang='lat' dir='ltr'>interrogationum</span> <span class='ocrx_word' id='word_1_450' title='bbox 1078 2372 1103 2394; x_wconf 90' lang='lat' dir='ltr'>et</span> 
     </span>
     <span class='ocr_line' id='line_1_50' title="bbox 266 2409 1104 2447; baseline 0.001 -11"><span class='ocrx_word' id='word_1_451' title='bbox 266 2410 449 2446; x_wconf 84' lang='lat' dir='ltr'>quaestionum</span> <span class='ocrx_word' id='word_1_452' title='bbox 469 2411 576 2446; x_wconf 69' lang='lat' dir='ltr'>vestigia</span> <span class='ocrx_word' id='word_1_453' title='bbox 597 2410 788 2437; x_wconf 77' lang='lat' dir='ltr'>decurrendum</span> <span class='ocrx_word' id='word_1_454' title='bbox 808 2414 856 2436; x_wconf 81' lang='lat' dir='ltr'>est.</span> <span class='ocrx_word' id='word_1_455' title='bbox 886 2420 907 2436; x_wconf 90' lang='lat' dir='ltr'>c.</span> <span class='ocrx_word' id='word_1_456' title='bbox 928 2412 951 2436; x_wconf 84' lang='lat'>9.</span> <span class='ocrx_word' id='word_1_457' title='bbox 976 2409 1009 2436; x_wconf 85' lang='lat' dir='ltr'>de</span> <span class='ocrx_word' id='word_1_458' title='bbox 1028 2421 1104 2447; x_wconf 88' lang='lat' dir='ltr'>quae-</span> 
     </span>
     <span class='ocr_line' id='line_1_51' title="bbox 266 2452 1104 2485; baseline 0.001 -6"><span class='ocrx_word' id='word_1_459' title='bbox 266 2454 345 2479; x_wconf 88' lang='lat' dir='ltr'>stion.</span> <span class='ocrx_word' id='word_1_460' title='bbox 364 2454 388 2479; x_wconf 87' lang='lat'><strong>9.</strong></span> <span class='ocrx_word' id='word_1_461' title='bbox 407 2454 448 2478; x_wconf 74' lang='lat'>41.</span> <span class='ocrx_word' id='word_1_462' title='bbox 473 2452 522 2485; x_wconf 83' lang='lat' dir='ltr'>(cs.</span> <span class='ocrx_word' id='word_1_463' title='bbox 543 2463 566 2478; x_wconf 91' lang='lat' dir='ltr'>v.</span> <span class='ocrx_word' id='word_1_464' title='bbox 588 2453 759 2485; x_wconf 72' lang='lat' dir='ltr'>Decursum.)</span> <span class='ocrx_word' id='word_1_465' title='bbox 797 2452 908 2479; x_wconf 84' lang='lat' dir='ltr'>Humani</span> <span class='ocrx_word' id='word_1_466' title='bbox 931 2454 996 2480; x_wconf 90' lang='lat' dir='ltr'>iuris</span> <span class='ocrx_word' id='word_1_467' title='bbox 1016 2453 1104 2480; x_wconf 82' lang='lat' dir='ltr'>cundi-</span> 
     </span>
     <span class='ocr_line' id='line_1_52' title="bbox 267 2495 1102 2532; baseline 0.001 -11"><span class='ocrx_word' id='word_1_468' title='bbox 267 2497 303 2522; x_wconf 91' lang='lat' dir='ltr'>tio</span> <span class='ocrx_word' id='word_1_469' title='bbox 323 2505 426 2532; x_wconf 84' lang='lat' dir='ltr'>semper</span> <span class='ocrx_word' id='word_1_470' title='bbox 445 2496 471 2521; x_wconf 91' lang='lat' dir='ltr'>in</span> <span class='ocrx_word' id='word_1_471' title='bbox 495 2495 625 2521; x_wconf 78' lang='lat' dir='ltr'>inlinitum</span> <span class='ocrx_word' id='word_1_472' title='bbox 649 2495 771 2522; x_wconf 70' lang='lat' dir='ltr'>decurrit.</span> <span class='ocrx_word' id='word_1_473' title='bbox 802 2506 823 2522; x_wconf 90' lang='lat' dir='ltr'>c.</span> <span class='ocrx_word' id='word_1_474' title='bbox 843 2499 868 2522; x_wconf 80' lang='lat'>2.</span> <span class='ocrx_word' id='word_1_475' title='bbox 893 2497 914 2530; x_wconf 90' lang='lat'>5.</span> <span class='ocrx_word' id='word_1_476' title='bbox 937 2498 976 2522; x_wconf 67' lang='lat'>13.</span> <span class='ocrx_word' id='word_1_477' title='bbox 1001 2495 1033 2522; x_wconf 88' lang='lat' dir='ltr'>de</span> <span class='ocrx_word' id='word_1_478' title='bbox 1052 2501 1102 2522; x_wconf 85' lang='lat' dir='ltr'>vet.</span> 
     </span>
     <span class='ocr_line' id='line_1_53' title="bbox 267 2538 1103 2575; baseline 0.002 -11"><span class='ocrx_word' id='word_1_479' title='bbox 267 2539 323 2564; x_wconf 80' lang='lat' dir='ltr'>iure</span> <span class='ocrx_word' id='word_1_480' title='bbox 343 2538 426 2564; x_wconf 77' lang='lat' dir='ltr'>enucl.</span> <span class='ocrx_word' id='word_1_481' title='bbox 448 2540 469 2564; x_wconf 92' lang='lat' dir='ltr'>l.</span> <span class='ocrx_word' id='word_1_482' title='bbox 486 2539 525 2564; x_wconf 91' lang='lat'>17.</span> <span class='ocrx_word' id='word_1_483' title='bbox 546 2553 578 2557; x_wconf 92' lang='lat'>——</span> <span class='ocrx_word' id='word_1_484' title='bbox 597 2539 627 2571; x_wconf 77' lang='lat'>§-</span> <span class='ocrx_word' id='word_1_485' title='bbox 642 2540 677 2565; x_wconf 64' lang='grc' dir='ltr'>Β.</span> <span class='ocrx_word' id='word_1_486' title='bbox 699 2540 889 2571; x_wconf 73' lang='grc' dir='ltr'>(.ὐιιι·ειιι”νε,</span> <span class='ocrx_word' id='word_1_487' title='bbox 910 2541 1103 2575; x_wconf 83' lang='lat' dir='ltr'>Confugere.</span> 
     </span>
     <span class='ocr_line' id='line_1_54' title="bbox 268 2579 1104 2615; baseline 0.004 -10"><span class='ocrx_word' id='word_1_488' title='bbox 268 2579 310 2606; x_wconf 86' lang='lat' dir='ltr'>Ill.</span> <span class='ocrx_word' id='word_1_489' title='bbox 333 2582 398 2608; x_wconf 74' lang='lat' dir='ltr'>Gn.</span> <span class='ocrx_word' id='word_1_490' title='bbox 429 2580 457 2606; x_wconf 93' lang='lat' dir='ltr'>In</span> <span class='ocrx_word' id='word_1_491' title='bbox 481 2591 557 2607; x_wconf 89' lang='lat' dir='ltr'>unam</span> <span class='ocrx_word' id='word_1_492' title='bbox 576 2582 731 2607; x_wconf 85' lang='lat' dir='ltr'>sententiam</span> <span class='ocrx_word' id='word_1_493' title='bbox 752 2581 852 2608; x_wconf 86' lang='lat' dir='ltr'>decurr.</span> <span class='ocrx_word' id='word_1_494' title='bbox 880 2581 911 2609; x_wconf 81' lang='lat' dir='ltr'>fr.</span> <span class='ocrx_word' id='word_1_495' title='bbox 932 2584 955 2609; x_wconf 89' lang='lat' dir='ltr'>l.</span> <span class='ocrx_word' id='word_1_496' title='bbox 980 2582 1001 2615; x_wconf 87' lang='lat'>5.</span> <span class='ocrx_word' id='word_1_497' title='bbox 1020 2584 1044 2608; x_wconf 81' lang='lat'>3.</span> <span class='ocrx_word' id='word_1_498' title='bbox 1071 2582 1104 2609; x_wconf 87' lang='lat' dir='ltr'>dc</span> 
     </span>
     <span class='ocr_line' id='line_1_55' title="bbox 267 2624 1103 2659; baseline 0.004 -11"><span class='ocrx_word' id='word_1_499' title='bbox 267 2628 334 2659; x_wconf 84' lang='lat' dir='ltr'>pact.</span> <span class='ocrx_word' id='word_1_500' title='bbox 353 2626 377 2649; x_wconf 90' lang='grc'>2.</span> <span class='ocrx_word' id='word_1_501' title='bbox 393 2624 432 2649; x_wconf 68' lang='grc'>14.</span> <span class='ocrx_word' id='word_1_502' title='bbox 468 2624 509 2650; x_wconf 82' lang='lat' dir='ltr'>Ex</span> <span class='ocrx_word' id='word_1_503' title='bbox 528 2624 598 2650; x_wconf 80' lang='lat' dir='ltr'>varia</span> <span class='ocrx_word' id='word_1_504' title='bbox 617 2628 774 2650; x_wconf 82' lang='lat' dir='ltr'>statutorum</span> <span class='ocrx_word' id='word_1_505' title='bbox 797 2624 950 2651; x_wconf 77' lang='lat' dir='ltr'>diversitate</span> <span class='ocrx_word' id='word_1_506' title='bbox 969 2624 1000 2651; x_wconf 89' lang='lat' dir='ltr'>ad</span> <span class='ocrx_word' id='word_1_507' title='bbox 1020 2624 1046 2651; x_wconf 92' lang='lat' dir='ltr'>id</span> <span class='ocrx_word' id='word_1_508' title='bbox 1060 2625 1103 2651; x_wconf 90' lang='lat' dir='ltr'>de-</span> 
     </span>
     <span class='ocr_line' id='line_1_56' title="bbox 268 2666 1101 2700; baseline 0.002 -9"><span class='ocrx_word' id='word_1_509' title='bbox 268 2675 372 2691; x_wconf 75' lang='lat' dir='ltr'>cursum</span> <span class='ocrx_word' id='word_1_510' title='bbox 391 2671 444 2698; x_wconf 85' lang='lat' dir='ltr'>est,</span> <span class='ocrx_word' id='word_1_511' title='bbox 468 2671 496 2693; x_wconf 88' lang='lat' dir='ltr'>ut</span> <span class='ocrx_word' id='word_1_512' title='bbox 520 2671 567 2693; x_wconf 83' lang='lat' dir='ltr'>etc.</span> <span class='ocrx_word' id='word_1_513' title='bbox 601 2676 622 2692; x_wconf 87' lang='lat' dir='ltr'>e.</span> <span class='ocrx_word' id='word_1_514' title='bbox 642 2668 665 2692; x_wconf 69' lang='grc'>4.</span> <span class='ocrx_word' id='word_1_515' title='bbox 690 2666 723 2692; x_wconf 87' lang='lat' dir='ltr'>dc</span> <span class='ocrx_word' id='word_1_516' title='bbox 747 2666 856 2693; x_wconf 83' lang='lat' dir='ltr'>delator.</span> <span class='ocrx_word' id='word_1_517' title='bbox 884 2670 922 2694; x_wconf 82' lang='lat' dir='ltr'>lo.</span> <span class='ocrx_word' id='word_1_518' title='bbox 946 2669 984 2693; x_wconf 90' lang='lat'>11.</span> <span class='ocrx_word' id='word_1_519' title='bbox 1009 2667 1057 2700; x_wconf 75' lang='lat' dir='ltr'>(cf.</span> <span class='ocrx_word' id='word_1_520' title='bbox 1078 2678 1101 2694; x_wconf 89' lang='lat' dir='ltr'>v.</span> 
     </span>
     <span class='ocr_line' id='line_1_57' title="bbox 267 2707 1103 2746; baseline 0.004 -13"><span class='ocrx_word' id='word_1_521' title='bbox 267 2707 440 2740; x_wconf 80' lang='lat' dir='ltr'>Decursum.)</span> <span class='ocrx_word' id='word_1_522' title='bbox 476 2709 531 2735; x_wconf 72' lang='lat' dir='ltr'>Nec</span> <span class='ocrx_word' id='word_1_523' title='bbox 557 2714 645 2736; x_wconf 84' lang='lat' dir='ltr'>tenere</span> <span class='ocrx_word' id='word_1_524' title='bbox 668 2711 804 2736; x_wconf 83' lang='lat' dir='ltr'>actionem.</span> <span class='ocrx_word' id='word_1_525' title='bbox 830 2726 861 2729; x_wconf 97' lang='lat'><strong>—</strong></span> <span class='ocrx_word' id='word_1_526' title='bbox 889 2711 946 2737; x_wconf 85' lang='lat' dir='ltr'>Erit</span> <span class='ocrx_word' id='word_1_527' title='bbox 974 2711 1053 2746; x_wconf 76' lang='lat' dir='ltr'>igitur</span> <span class='ocrx_word' id='word_1_528' title='bbox 1070 2710 1103 2736; x_wconf 90' lang='lat' dir='ltr'>ad</span> 
     </span>
     <span class='ocr_line' id='line_1_58' title="bbox 268 2750 1101 2789; baseline 0.005 -14"><span class='ocrx_word' id='word_1_529' title='bbox 268 2750 332 2776; x_wconf 75' lang='lat' dir='ltr'>alias</span> <span class='ocrx_word' id='word_1_530' title='bbox 351 2751 466 2777; x_wconf 70' lang='lat' dir='ltr'>actiones</span> <span class='ocrx_word' id='word_1_531' title='bbox 491 2757 670 2789; x_wconf 76' lang='lat' dir='ltr'>competentes</span> <span class='ocrx_word' id='word_1_532' title='bbox 695 2751 892 2778; x_wconf 77' lang='lat' dir='ltr'>decurrendum.</span> <span class='ocrx_word' id='word_1_533' title='bbox 922 2753 951 2779; x_wconf 72' lang='lat' dir='ltr'>l&#39;r.</span> <span class='ocrx_word' id='word_1_534' title='bbox 974 2755 995 2779; x_wconf 94' lang='lat' dir='ltr'>l.</span> <span class='ocrx_word' id='word_1_535' title='bbox 1019 2754 1101 2787; x_wconf 52' lang='lat'><strong>§.1¹5</strong></span> 
     </span>
     <span class='ocr_line' id='line_1_59' title="bbox 268 2792 1103 2831; baseline 0.004 -12"><span class='ocrx_word' id='word_1_536' title='bbox 268 2792 359 2830; x_wconf 83' lang='lat' dir='ltr'>depos.</span> <span class='ocrx_word' id='word_1_537' title='bbox 381 2794 419 2818; x_wconf 84' lang='lat'>16.</span> <span class='ocrx_word' id='word_1_538' title='bbox 439 2796 462 2818; x_wconf 84' lang='lat'>3.</span> <span class='ocrx_word' id='word_1_539' title='bbox 488 2794 519 2820; x_wconf 79' lang='lat' dir='ltr'>cs.</span> <span class='ocrx_word' id='word_1_540' title='bbox 540 2795 569 2820; x_wconf 84' lang='lat' dir='ltr'>l&#39;r.</span> <span class='ocrx_word' id='word_1_541' title='bbox 589 2797 612 2820; x_wconf 86' lang='lat'>5.</span> <span class='ocrx_word' id='word_1_542' title='bbox 633 2805 672 2831; x_wconf 90' lang='lat' dir='ltr'>pr.</span> <span class='ocrx_word' id='word_1_543' title='bbox 692 2796 714 2821; x_wconf 89' lang='lat' dir='ltr'>si</span> <span class='ocrx_word' id='word_1_544' title='bbox 734 2804 815 2821; x_wconf 76' lang='lat' dir='ltr'>menS.</span> <span class='ocrx_word' id='word_1_545' title='bbox 837 2796 875 2821; x_wconf 90' lang='grc'>11.</span> <span class='ocrx_word' id='word_1_546' title='bbox 896 2797 919 2821; x_wconf 77' lang='lat' dir='ltr'>(i.</span> <span class='ocrx_word' id='word_1_547' title='bbox 957 2796 1050 2822; x_wconf 85' lang='lat' dir='ltr'>Sciunt</span> <span class='ocrx_word' id='word_1_548' title='bbox 1069 2796 1103 2822; x_wconf 85' lang='lat' dir='ltr'>sa-</span> 
     </span>
     <span class='ocr_line' id='line_1_60' title="bbox 269 2834 1101 2865; baseline 0.005 -4"><span class='ocrx_word' id='word_1_549' title='bbox 269 2835 319 2862; x_wconf 88' lang='lat' dir='ltr'>cile</span> <span class='ocrx_word' id='word_1_550' title='bbox 337 2834 440 2861; x_wconf 76' lang='lat' dir='ltr'>decurri</span> <span class='ocrx_word' id='word_1_551' title='bbox 459 2835 490 2862; x_wconf 81' lang='lat' dir='ltr'>ad</span> <span class='ocrx_word' id='word_1_552' title='bbox 510 2838 671 2864; x_wconf 88' lang='lat' dir='ltr'>noviciorum</span> <span class='ocrx_word' id='word_1_553' title='bbox 690 2839 836 2864; x_wconf 82' lang='lat' dir='ltr'>emtionem.</span> <span class='ocrx_word' id='word_1_554' title='bbox 860 2838 892 2864; x_wconf 70' lang='grc' dir='ltr'>[Γ.</span> <span class='ocrx_word' id='word_1_555' title='bbox 911 2839 952 2864; x_wconf 84' lang='lat'>37.</span> <span class='ocrx_word' id='word_1_556' title='bbox 972 2838 1004 2864; x_wconf 85' lang='lat' dir='ltr'>de</span> <span class='ocrx_word' id='word_1_557' title='bbox 1017 2838 1101 2865; x_wconf 80' lang='lat' dir='ltr'>Aedil.</span> 
     </span>
    </p>
   </div>
   <div class='ocr_carea' id='block_1_8' title="bbox 871 648 1129 683">
    <p class='ocr_par' dir='ltr' id='par_1_9' title="bbox 871 648 1129 683">
     <span class='ocr_line' id='line_1_61' title="bbox 871 648 1129 683; baseline -0.004 -7"><span class='ocrx_word' id='word_1_558' title='bbox 871 650 901 676; x_wconf 75' lang='lat' dir='ltr'>l&#39;r.</span> <span class='ocrx_word' id='word_1_559' title='bbox 921 651 945 676; x_wconf 87' lang='lat'>9.</span> <span class='ocrx_word' id='word_1_560' title='bbox 966 649 1049 683; x_wconf 79' lang='lat'><strong>§.15.</strong></span> <span class='ocrx_word' id='word_1_561' title='bbox 1076 648 1106 675; x_wconf 75' lang='lat' dir='ltr'>fr.</span> <span class='ocrx_word' id='word_1_562' title='bbox 1128 653 1129 664; x_wconf 70' lang='lat'>³</span> 
     </span>
    </p>
   </div>
   <div class='ocr_carea' id='block_1_9' title="bbox 266 1594 1128 1673">
    <p class='ocr_par' dir='ltr' id='par_1_10' title="bbox 266 1594 1128 1673">
     <span class='ocr_line' id='line_1_62' title="bbox 633 1594 1128 1631; baseline -0.002 -10"><span class='ocrx_word' id='word_1_563' title='bbox 633 1596 853 1622; x_wconf 80' lang='lat' dir='ltr'>Decurionum</span> <span class='ocrx_word' id='word_1_564' title='bbox 881 1596 1042 1629; x_wconf 70' lang='lat' dir='ltr'>dignitas.</span> <span class='ocrx_word' id='word_1_565' title='bbox 1085 1594 1128 1631; x_wconf 45' lang='lat' dir='ltr'>Is}</span> 
     </span>
     <span class='ocr_line' id='line_1_63' title="bbox 266 1634 1128 1673; baseline -0.003 -7"><span class='ocrx_word' id='word_1_566' title='bbox 266 1640 328 1673; x_wconf 76' lang='lat' dir='ltr'><strong>Sy.</strong></span> <span class='ocrx_word' id='word_1_567' title='bbox 365 1638 543 1665; x_wconf 83' lang='lat' dir='ltr'>Decurionem</span> <span class='ocrx_word' id='word_1_568' title='bbox 561 1637 632 1669; x_wconf 84' lang='lat' dir='ltr'>fieri,</span> <span class='ocrx_word' id='word_1_569' title='bbox 656 1647 677 1664; x_wconf 91' lang='lat' dir='ltr'>s.</span> <span class='ocrx_word' id='word_1_570' title='bbox 698 1637 789 1664; x_wconf 86' lang='lat' dir='ltr'>creari.</span> <span class='ocrx_word' id='word_1_571' title='bbox 826 1636 1033 1663; x_wconf 83' lang='lat' dir='ltr'>Decurionatum</span> <span class='ocrx_word' id='word_1_572' title='bbox 1052 1637 1106 1663; x_wconf 90' lang='lat' dir='ltr'>adi·</span> <span class='ocrx_word' id='word_1_573' title='bbox 1126 1634 1128 1640; x_wconf 70' lang='grc'>’</span> 
     </span>
    </p>
   </div>
   <div class='ocr_carea' id='block_1_10' title="bbox 264 1678 1128 1719">
    <p class='ocr_par' dir='ltr' id='par_1_11' title="bbox 264 1678 1128 1719">
     <span class='ocr_line' id='line_1_64' title="bbox 264 1678 1128 1719; baseline -0.002 -11"><span class='ocrx_word' id='word_1_574' title='bbox 264 1682 341 1719; x_wconf 86' lang='lat' dir='ltr'>pisci.</span> <span class='ocrx_word' id='word_1_575' title='bbox 370 1680 400 1708; x_wconf 83' lang='lat' dir='ltr'>fr.</span> <span class='ocrx_word' id='word_1_576' title='bbox 420 1682 445 1707; x_wconf 86' lang='lat'>2.</span> <span class='ocrx_word' id='word_1_577' title='bbox 465 1681 502 1715; x_wconf 83' lang='lat'>55.</span> <span class='ocrx_word' id='word_1_578' title='bbox 521 1682 545 1707; x_wconf 86' lang='lat'>2.</span> <span class='ocrx_word' id='word_1_579' title='bbox 565 1682 589 1707; x_wconf 88' lang='grc'>6.</span> <span class='ocrx_word' id='word_1_580' title='bbox 609 1680 640 1706; x_wconf 87' lang='lat' dir='ltr'>fr.</span> <span class='ocrx_word' id='word_1_581' title='bbox 659 1681 683 1707; x_wconf 85' lang='lat'>3.</span> <span class='ocrx_word' id='word_1_582' title='bbox 703 1680 725 1714; x_wconf 88' lang='lat'>5.</span> <span class='ocrx_word' id='word_1_583' title='bbox 744 1682 769 1706; x_wconf 82' lang='lat'>2.</span> <span class='ocrx_word' id='word_1_584' title='bbox 788 1679 819 1707; x_wconf 79' lang='lat' dir='ltr'>fr.</span> <span class='ocrx_word' id='word_1_585' title='bbox 839 1681 862 1707; x_wconf 89' lang='grc'>6.</span> <span class='ocrx_word' id='word_1_586' title='bbox 883 1690 922 1717; x_wconf 90' lang='lat' dir='ltr'>pr.</span> <span class='ocrx_word' id='word_1_587' title='bbox 941 1680 963 1714; x_wconf 89' lang='lat'>5.</span> <span class='ocrx_word' id='word_1_588' title='bbox 984 1681 1007 1707; x_wconf 91' lang='grc'>1.</span> <span class='ocrx_word' id='word_1_589' title='bbox 1031 1680 1062 1707; x_wconf 87' lang='lat' dir='ltr'>sr.</span> <span class='ocrx_word' id='word_1_590' title='bbox 1081 1682 1104 1707; x_wconf 91' lang='lat'>9.</span> <span class='ocrx_word' id='word_1_591' title='bbox 1126 1678 1128 1691; x_wconf 69' lang='lat'>³</span> 
     </span>
    </p>
   </div>
   <div class='ocr_carea' id='block_1_11' title="bbox 986 181 1266 214">
    <p class='ocr_par' dir='ltr' id='par_1_12' title="bbox 986 181 1266 214">
     <span class='ocr_line' id='line_1_65' title="bbox 986 181 1266 214; baseline -0.004 -1"><span class='ocrx_word' id='word_1_592' title='bbox 986 181 1076 214; x_wconf 87' lang='lat' dir='ltr'>DEC</span> <span class='ocrx_word' id='word_1_593' title='bbox 1099 200 1141 204; x_wconf 91' lang='lat'><strong>—</strong></span> <span class='ocrx_word' id='word_1_594' title='bbox 1164 182 1266 213; x_wconf 90' lang='lat' dir='ltr'><strong>DED.</strong></span> 
     </span>
    </p>
   </div>
   <div class='ocr_carea' id='block_1_12' title="bbox 1126 263 1993 2872">
    <p class='ocr_par' dir='ltr' id='par_1_13' title="bbox 1127 263 1991 550">
     <span class='ocr_line' id='line_1_66' title="bbox 1150 263 1990 298; baseline 0.004 -7"><span class='ocrx_word' id='word_1_595' title='bbox 1150 263 1227 291; x_wconf 88' lang='lat' dir='ltr'>edict.</span> <span class='ocrx_word' id='word_1_596' title='bbox 1247 265 1288 290; x_wconf 89' lang='grc'>21.</span> <span class='ocrx_word' id='word_1_597' title='bbox 1311 265 1333 290; x_wconf 98' lang='lat' dir='ltr'>l.</span> <span class='ocrx_word' id='word_1_598' title='bbox 1370 263 1480 291; x_wconf 82' lang='lat' dir='ltr'>Praetor</span> <span class='ocrx_word' id='word_1_599' title='bbox 1498 264 1524 291; x_wconf 86' lang='lat' dir='ltr'>id</span> <span class='ocrx_word' id='word_1_600' title='bbox 1544 264 1723 291; x_wconf 86' lang='lat' dir='ltr'>iusiurandum</span> <span class='ocrx_word' id='word_1_601' title='bbox 1743 275 1794 292; x_wconf 90' lang='lat' dir='ltr'>non</span> <span class='ocrx_word' id='word_1_602' title='bbox 1814 267 1938 298; x_wconf 75' lang='lat' dir='ltr'>tuebitur,</span> <span class='ocrx_word' id='word_1_603' title='bbox 1958 282 1990 286; x_wconf 90' lang='lat'>—</span> 
     </span>
     <span class='ocr_line' id='line_1_67' title="bbox 1127 306 1990 346; baseline 0.006 -14"><span class='ocrx_word' id='word_1_604' title='bbox 1127 309 1129 346; x_wconf 57' lang='lat' dir='ltr'>l</span> <span class='ocrx_word' id='word_1_605' title='bbox 1150 307 1267 343; x_wconf 85' lang='lat' dir='ltr'>alioquin</span> <span class='ocrx_word' id='word_1_606' title='bbox 1286 306 1426 333; x_wconf 76' lang='lat' dir='ltr'>facillimus</span> <span class='ocrx_word' id='word_1_607' title='bbox 1450 308 1563 344; x_wconf 89' lang='lat' dir='ltr'>quisque</span> <span class='ocrx_word' id='word_1_608' title='bbox 1586 307 1618 334; x_wconf 78' lang='lat' dir='ltr'>ad</span> <span class='ocrx_word' id='word_1_609' title='bbox 1643 308 1822 336; x_wconf 85' lang='lat' dir='ltr'>iusiurandum</span> <span class='ocrx_word' id='word_1_610' title='bbox 1846 309 1990 337; x_wconf 80' lang='lat' dir='ltr'>decurrens</span> 
     </span>
     <span class='ocr_line' id='line_1_68' title="bbox 1151 350 1991 389; baseline 0.006 -14"><span class='ocrx_word' id='word_1_611' title='bbox 1151 366 1183 370; x_wconf 91' lang='lat'>-—-</span> <span class='ocrx_word' id='word_1_612' title='bbox 1203 350 1328 376; x_wconf 89' lang='lat' dir='ltr'>oneribus</span> <span class='ocrx_word' id='word_1_613' title='bbox 1347 350 1478 376; x_wconf 83' lang='lat' dir='ltr'>actionum</span> <span class='ocrx_word' id='word_1_614' title='bbox 1501 360 1530 376; x_wconf 83' lang='lat' dir='ltr'>se</span> <span class='ocrx_word' id='word_1_615' title='bbox 1553 350 1683 377; x_wconf 85' lang='lat' dir='ltr'>liberabit.</span> <span class='ocrx_word' id='word_1_616' title='bbox 1716 350 1746 377; x_wconf 76' lang='lat' dir='ltr'>fr.</span> <span class='ocrx_word' id='word_1_617' title='bbox 1766 353 1790 378; x_wconf 84' lang='lat'>3.</span> <span class='ocrx_word' id='word_1_618' title='bbox 1810 362 1848 389; x_wconf 90' lang='lat' dir='ltr'>pr.</span> <span class='ocrx_word' id='word_1_619' title='bbox 1874 352 1906 379; x_wconf 84' lang='lat' dir='ltr'>de</span> <span class='ocrx_word' id='word_1_620' title='bbox 1925 354 1991 380; x_wconf 88' lang='lat' dir='ltr'>iure-</span> 
     </span>
     <span class='ocr_line' id='line_1_69' title="bbox 1150 391 1989 428; baseline 0.002 -8"><span class='ocrx_word' id='word_1_621' title='bbox 1150 394 1198 420; x_wconf 91' lang='lat' dir='ltr'>iur.</span> <span class='ocrx_word' id='word_1_622' title='bbox 1220 395 1260 419; x_wconf 82' lang='lat'>12.</span> <span class='ocrx_word' id='word_1_623' title='bbox 1279 395 1303 419; x_wconf 85' lang='grc'>2.</span> <span class='ocrx_word' id='word_1_624' title='bbox 1341 391 1567 428; x_wconf 72' lang='lat' dir='ltr'>frequentissime</span> <span class='ocrx_word' id='word_1_625' title='bbox 1582 393 1614 420; x_wconf 83' lang='lat' dir='ltr'>ad</span> <span class='ocrx_word' id='word_1_626' title='bbox 1627 393 1706 420; x_wconf 84' lang='lat' dir='ltr'>fidem</span> <span class='ocrx_word' id='word_1_627' title='bbox 1726 404 1816 421; x_wconf 79' lang='lat' dir='ltr'>eorum</span> <span class='ocrx_word' id='word_1_628' title='bbox 1835 394 1989 422; x_wconf 85' lang='lat' dir='ltr'>decurritur.</span> 
     </span>
     <span class='ocr_line' id='line_1_70' title="bbox 1128 435 1989 470; baseline 0.002 -7"><span class='ocrx_word' id='word_1_629' title='bbox 1128 452 1129 469; x_wconf 57' lang='grc'>;</span> <span class='ocrx_word' id='word_1_630' title='bbox 1151 436 1181 463; x_wconf 79' lang='lat' dir='ltr'>fr.</span> <span class='ocrx_word' id='word_1_631' title='bbox 1201 437 1225 463; x_wconf 87' lang='lat'>9.</span> <span class='ocrx_word' id='word_1_632' title='bbox 1245 436 1267 470; x_wconf 92' lang='lat'>5.</span> <span class='ocrx_word' id='word_1_633' title='bbox 1286 438 1310 462; x_wconf 84' lang='grc'>2,</span> <span class='ocrx_word' id='word_1_634' title='bbox 1337 435 1370 462; x_wconf 84' lang='lat' dir='ltr'>de</span> <span class='ocrx_word' id='word_1_635' title='bbox 1389 435 1482 462; x_wconf 85' lang='lat' dir='ltr'>edend.</span> <span class='ocrx_word' id='word_1_636' title='bbox 1505 437 1530 462; x_wconf 73' lang='lat'>2.</span> <span class='ocrx_word' id='word_1_637' title='bbox 1551 438 1591 463; x_wconf 80' lang='lat'>13.</span> <span class='ocrx_word' id='word_1_638' title='bbox 1623 452 1655 456; x_wconf 87' lang='lat'>—-—</span> <span class='ocrx_word' id='word_1_639' title='bbox 1687 437 1718 470; x_wconf 63' lang='grc' dir='ltr'>ξ.</span> <span class='ocrx_word' id='word_1_640' title='bbox 1739 438 1776 464; x_wconf 78' lang='grc'>3.</span> <span class='ocrx_word' id='word_1_641' title='bbox 1807 440 1989 465; x_wconf 75' lang='lat' dir='ltr'>Pervenire.</span> 
     </span>
     <span class='ocr_line' id='line_1_71' title="bbox 1151 477 1990 518; baseline 0.002 -13"><span class='ocrx_word' id='word_1_642' title='bbox 1151 478 1169 505; x_wconf 94' lang='lat' dir='ltr'>I.</span> <span class='ocrx_word' id='word_1_643' title='bbox 1190 480 1252 513; x_wconf 75' lang='lat' dir='ltr'><strong>Sy.</strong></span> <span class='ocrx_word' id='word_1_644' title='bbox 1280 478 1429 510; x_wconf 76' lang='lat' dir='ltr'>Pertinere,</span> <span class='ocrx_word' id='word_1_645' title='bbox 1450 477 1604 505; x_wconf 88' lang='lat' dir='ltr'>Transmitti</span> <span class='ocrx_word' id='word_1_646' title='bbox 1624 479 1673 512; x_wconf 84' lang='lat' dir='ltr'>(ad</span> <span class='ocrx_word' id='word_1_647' title='bbox 1692 479 1831 513; x_wconf 86' lang='lat' dir='ltr'>heredes).</span> <span class='ocrx_word' id='word_1_648' title='bbox 1856 479 1887 507; x_wconf 82' lang='lat' dir='ltr'>sr.</span> <span class='ocrx_word' id='word_1_649' title='bbox 1906 482 1930 507; x_wconf 70' lang='lat'>4.</span> <span class='ocrx_word' id='word_1_650' title='bbox 1950 491 1990 518; x_wconf 92' lang='lat' dir='ltr'>pr.</span> 
     </span>
     <span class='ocr_line' id='line_1_72' title="bbox 1128 518 1990 550; baseline 0.003 -3"><span class='ocrx_word' id='word_1_651' title='bbox 1128 518 1130 543; x_wconf 66' lang='lat'>?</span> <span class='ocrx_word' id='word_1_652' title='bbox 1151 521 1184 548; x_wconf 86' lang='lat' dir='ltr'>de</span> <span class='ocrx_word' id='word_1_653' title='bbox 1202 521 1270 548; x_wconf 87' lang='lat' dir='ltr'>alim.</span> <span class='ocrx_word' id='word_1_654' title='bbox 1290 531 1314 547; x_wconf 87' lang='lat' dir='ltr'>v.</span> <span class='ocrx_word' id='word_1_655' title='bbox 1335 521 1414 548; x_wconf 87' lang='lat' dir='ltr'>cibar.</span> <span class='ocrx_word' id='word_1_656' title='bbox 1437 522 1479 548; x_wconf 68' lang='lat'>34.</span> <span class='ocrx_word' id='word_1_657' title='bbox 1501 523 1524 548; x_wconf 97' lang='lat' dir='ltr'>l.</span> <span class='ocrx_word' id='word_1_658' title='bbox 1554 532 1575 548; x_wconf 91' lang='lat' dir='ltr'>c.</span> <span class='ocrx_word' id='word_1_659' title='bbox 1594 524 1635 549; x_wconf 82' lang='lat'>21.</span> <span class='ocrx_word' id='word_1_660' title='bbox 1661 522 1693 548; x_wconf 87' lang='lat' dir='ltr'>de</span> <span class='ocrx_word' id='word_1_661' title='bbox 1716 523 1773 549; x_wconf 87' lang='lat' dir='ltr'>iure</span> <span class='ocrx_word' id='word_1_662' title='bbox 1797 523 1876 550; x_wconf 83' lang='lat' dir='ltr'>delib.</span> <span class='ocrx_word' id='word_1_663' title='bbox 1900 525 1924 550; x_wconf 83' lang='lat'>6.</span> <span class='ocrx_word' id='word_1_664' title='bbox 1947 525 1990 550; x_wconf 82' lang='lat'>3⁰.</span> 
     </span>
    </p>

    <p class='ocr_par' dir='ltr' id='par_1_14' title="bbox 1128 564 1991 677">
     <span class='ocr_line' id='line_1_73' title="bbox 1151 564 1991 601; baseline 0.001 -10"><span class='ocrx_word' id='word_1_665' title='bbox 1151 581 1184 584; x_wconf 88' lang='lat'><strong>—</strong></span> <span class='ocrx_word' id='word_1_666' title='bbox 1203 565 1234 598; x_wconf 67' lang='grc' dir='ltr'>ξ.</span> <span class='ocrx_word' id='word_1_667' title='bbox 1255 567 1295 592; x_wconf 66' lang='lat'>4.</span> <span class='ocrx_word' id='word_1_668' title='bbox 1325 566 1473 597; x_wconf 71' lang='lat' dir='ltr'>Absolvi,</span> <span class='ocrx_word' id='word_1_669' title='bbox 1498 566 1615 601; x_wconf 76' lang='lat' dir='ltr'>Fungi.</span> <span class='ocrx_word' id='word_1_670' title='bbox 1652 564 1695 591; x_wconf 88' lang='lat' dir='ltr'><strong>III.</strong></span> <span class='ocrx_word' id='word_1_671' title='bbox 1716 567 1782 593; x_wconf 72' lang='lat' dir='ltr'>Cn.</span> <span class='ocrx_word' id='word_1_672' title='bbox 1811 565 1894 593; x_wconf 90' lang='lat' dir='ltr'>Cordi</span> <span class='ocrx_word' id='word_1_673' title='bbox 1913 566 1991 592; x_wconf 87' lang='lat' dir='ltr'>nobis</span> 
     </span>
     <span class='ocr_line' id='line_1_74' title="bbox 1128 607 1991 644; baseline 0.003 -11"><span class='ocrx_word' id='word_1_674' title='bbox 1128 629 1130 644; x_wconf 29' lang='lat'>³</span> <span class='ocrx_word' id='word_1_675' title='bbox 1151 612 1200 640; x_wconf 76' lang='lat' dir='ltr'>est,</span> <span class='ocrx_word' id='word_1_676' title='bbox 1218 607 1382 644; x_wconf 83' lang='lat' dir='ltr'>praedictum</span> <span class='ocrx_word' id='word_1_677' title='bbox 1401 607 1558 634; x_wconf 84' lang='lat' dir='ltr'>adiutorium</span> <span class='ocrx_word' id='word_1_678' title='bbox 1575 617 1661 634; x_wconf 87' lang='lat' dir='ltr'>meum</span> <span class='ocrx_word' id='word_1_679' title='bbox 1679 609 1706 634; x_wconf 89' lang='lat' dir='ltr'>in</span> <span class='ocrx_word' id='word_1_680' title='bbox 1725 618 1772 634; x_wconf 83' lang='lat' dir='ltr'>sua</span> <span class='ocrx_word' id='word_1_681' title='bbox 1791 609 1935 636; x_wconf 82' lang='lat' dir='ltr'>stabilitate</span> <span class='ocrx_word' id='word_1_682' title='bbox 1948 608 1991 636; x_wconf 87' lang='lat' dir='ltr'>de-</span> 
     </span>
     <span class='ocr_line' id='line_1_75' title="bbox 1151 649 1509 677; baseline 0 -1"><span class='ocrx_word' id='word_1_683' title='bbox 1151 660 1264 677; x_wconf 86' lang='lat' dir='ltr'>currere.</span> <span class='ocrx_word' id='word_1_684' title='bbox 1296 649 1362 676; x_wconf 76' lang='lat' dir='ltr'>Nov.</span> <span class='ocrx_word' id='word_1_685' title='bbox 1382 652 1423 677; x_wconf 88' lang='lat'>35.</span> <span class='ocrx_word' id='word_1_686' title='bbox 1443 661 1464 677; x_wconf 93' lang='lat' dir='ltr'>c.</span> <span class='ocrx_word' id='word_1_687' title='bbox 1486 652 1509 676; x_wconf 94' lang='lat' dir='ltr'>l.</span> 
     </span>
    </p>

    <p class='ocr_par' dir='ltr' id='par_1_15' title="bbox 1126 693 1993 1580">
     <span class='ocr_line' id='line_1_76' title="bbox 1186 693 1992 727; baseline 0.001 -7"><span class='ocrx_word' id='word_1_688' title='bbox 1186 695 1408 721; x_wconf 66' lang='lat' dir='ltr'>nemu-sum.</span> <span class='ocrx_word' id='word_1_689' title='bbox 1419 693 1541 727; x_wconf 81' lang='lat' dir='ltr'>(partic.)</span> <span class='ocrx_word' id='word_1_690' title='bbox 1561 693 1634 726; x_wconf 73' lang='lat'><strong>§.10</strong></span> <span class='ocrx_word' id='word_1_691' title='bbox 1649 695 1854 726; x_wconf 62' lang='lat' dir='ltr'>Pan-cursum,</span> <span class='ocrx_word' id='word_1_692' title='bbox 1877 695 1992 721; x_wconf 73' lang='lat' dir='ltr'>Trans-</span> 
     </span>
     <span class='ocr_line' id='line_1_77' title="bbox 1129 735 1992 775; baseline -0.001 -11"><span class='ocrx_word' id='word_1_693' title='bbox 1129 742 1131 767; x_wconf 67' lang='grc' dir='ltr'><strong><em>ἲ</em></strong></span> <span class='ocrx_word' id='word_1_694' title='bbox 1152 743 1264 764; x_wconf 84' lang='lat' dir='ltr'>actum.</span> <span class='ocrx_word' id='word_1_695' title='bbox 1301 736 1346 763; x_wconf 89' lang='lat' dir='ltr'><strong>III.</strong></span> <span class='ocrx_word' id='word_1_696' title='bbox 1365 737 1430 764; x_wconf 74' lang='lat' dir='ltr'>Gn.</span> <span class='ocrx_word' id='word_1_697' title='bbox 1459 736 1606 763; x_wconf 87' lang='lat' dir='ltr'>Domestici</span> <span class='ocrx_word' id='word_1_698' title='bbox 1630 735 1750 763; x_wconf 89' lang='lat' dir='ltr'>decursis</span> <span class='ocrx_word' id='word_1_699' title='bbox 1774 736 1870 773; x_wconf 77' lang='lat' dir='ltr'>gradus</span> <span class='ocrx_word' id='word_1_700' title='bbox 1893 738 1992 775; x_wconf 87' lang='lat' dir='ltr'>stipen-</span> 
     </span>
     <span class='ocr_line' id='line_1_78' title="bbox 1152 778 1991 807; baseline 0.002 -2"><span class='ocrx_word' id='word_1_701' title='bbox 1152 779 1211 806; x_wconf 85' lang='lat' dir='ltr'>diis.</span> <span class='ocrx_word' id='word_1_702' title='bbox 1248 779 1356 806; x_wconf 79' lang='lat' dir='ltr'>Militiae</span> <span class='ocrx_word' id='word_1_703' title='bbox 1381 778 1474 805; x_wconf 89' lang='lat' dir='ltr'>ordine</span> <span class='ocrx_word' id='word_1_704' title='bbox 1497 790 1526 806; x_wconf 90' lang='lat' dir='ltr'>ac</span> <span class='ocrx_word' id='word_1_705' title='bbox 1553 778 1644 805; x_wconf 87' lang='lat' dir='ltr'>labore</span> <span class='ocrx_word' id='word_1_706' title='bbox 1666 779 1788 806; x_wconf 87' lang='lat' dir='ltr'>decurso.</span> <span class='ocrx_word' id='word_1_707' title='bbox 1823 779 1873 806; x_wconf 84' lang='lat' dir='ltr'>Th.</span> <span class='ocrx_word' id='word_1_708' title='bbox 1894 779 1926 807; x_wconf 87' lang='lat' dir='ltr'>C.</span> <span class='ocrx_word' id='word_1_709' title='bbox 1946 779 1991 807; x_wconf 86' lang='lat' dir='ltr'>VI.</span> 
     </span>
     <span class='ocr_line' id='line_1_79' title="bbox 1151 821 1993 859; baseline 0.001 -11"><span class='ocrx_word' id='word_1_710' title='bbox 1151 824 1193 849; x_wconf 77' lang='grc'>24.</span> <span class='ocrx_word' id='word_1_711' title='bbox 1218 832 1239 849; x_wconf 88' lang='lat' dir='ltr'>c.</span> <span class='ocrx_word' id='word_1_712' title='bbox 1262 824 1300 848; x_wconf 95' lang='lat' dir='ltr'>ll.</span> <span class='ocrx_word' id='word_1_713' title='bbox 1329 822 1362 849; x_wconf 83' lang='lat' dir='ltr'>de</span> <span class='ocrx_word' id='word_1_714' title='bbox 1387 821 1497 848; x_wconf 85' lang='lat' dir='ltr'>domest.</span> <span class='ocrx_word' id='word_1_715' title='bbox 1522 827 1548 848; x_wconf 91' lang='lat' dir='ltr'>et</span> <span class='ocrx_word' id='word_1_716' title='bbox 1570 826 1682 859; x_wconf 85' lang='lat' dir='ltr'>protect.</span> <span class='ocrx_word' id='word_1_717' title='bbox 1710 822 1754 849; x_wconf 66' lang='lat' dir='ltr'>VI.</span> <span class='ocrx_word' id='word_1_718' title='bbox 1777 824 1818 849; x_wconf 92' lang='lat'>27.</span> <span class='ocrx_word' id='word_1_719' title='bbox 1843 833 1864 849; x_wconf 92' lang='lat' dir='ltr'>c.</span> <span class='ocrx_word' id='word_1_720' title='bbox 1889 824 1930 849; x_wconf 88' lang='grc'>20.</span> <span class='ocrx_word' id='word_1_721' title='bbox 1959 821 1993 849; x_wconf 83' lang='lat' dir='ltr'>dc</span> 
     </span>
     <span class='ocr_line' id='line_1_80' title="bbox 1152 864 1992 901; baseline 0.001 -10"><span class='ocrx_word' id='word_1_722' title='bbox 1152 869 1236 901; x_wconf 76' lang='lat' dir='ltr'>agent.</span> <span class='ocrx_word' id='word_1_723' title='bbox 1255 866 1282 891; x_wconf 90' lang='lat' dir='ltr'>in</span> <span class='ocrx_word' id='word_1_724' title='bbox 1301 865 1355 892; x_wconf 89' lang='lat' dir='ltr'>reb.</span> <span class='ocrx_word' id='word_1_725' title='bbox 1392 864 1457 892; x_wconf 87' lang='lat' dir='ltr'>Post</span> <span class='ocrx_word' id='word_1_726' title='bbox 1476 865 1583 891; x_wconf 84' lang='lat' dir='ltr'>flaminii</span> <span class='ocrx_word' id='word_1_727' title='bbox 1597 865 1732 897; x_wconf 83' lang='lat' dir='ltr'>honorem,</span> <span class='ocrx_word' id='word_1_728' title='bbox 1751 870 1776 892; x_wconf 86' lang='lat' dir='ltr'>et</span> <span class='ocrx_word' id='word_1_729' title='bbox 1789 865 1930 893; x_wconf 86' lang='lat' dir='ltr'>sacerdotii</span> <span class='ocrx_word' id='word_1_730' title='bbox 1949 865 1992 892; x_wconf 85' lang='lat' dir='ltr'>vel</span> 
     </span>
     <span class='ocr_line' id='line_1_81' title="bbox 1130 907 1992 945; baseline 0.001 -11"><span class='ocrx_word' id='word_1_731' title='bbox 1130 907 1131 920; x_wconf 63' lang='lat'>¹</span> <span class='ocrx_word' id='word_1_732' title='bbox 1151 908 1318 943; x_wconf 80' lang='lat' dir='ltr'>magistratus</span> <span class='ocrx_word' id='word_1_733' title='bbox 1337 908 1447 935; x_wconf 86' lang='lat' dir='ltr'>decursa</span> <span class='ocrx_word' id='word_1_734' title='bbox 1466 909 1586 945; x_wconf 81' lang='lat' dir='ltr'>insignia.</span> <span class='ocrx_word' id='word_1_735' title='bbox 1618 908 1654 934; x_wconf 92' lang='lat' dir='ltr'>lb.</span> <span class='ocrx_word' id='word_1_736' title='bbox 1674 908 1731 935; x_wconf 74' lang='lat' dir='ltr'><strong>XII.</strong></span> <span class='ocrx_word' id='word_1_737' title='bbox 1752 910 1775 935; x_wconf 96' lang='lat' dir='ltr'>l.</span> <span class='ocrx_word' id='word_1_738' title='bbox 1795 919 1816 935; x_wconf 92' lang='lat' dir='ltr'>c.</span> <span class='ocrx_word' id='word_1_739' title='bbox 1835 911 1877 935; x_wconf 84' lang='grc'>21.</span> <span class='ocrx_word' id='word_1_740' title='bbox 1897 908 1930 935; x_wconf 90' lang='lat' dir='ltr'>de</span> <span class='ocrx_word' id='word_1_741' title='bbox 1949 908 1992 936; x_wconf 92' lang='lat' dir='ltr'>de—</span> 
     </span>
     <span class='ocr_line' id='line_1_82' title="bbox 1153 950 1992 988; baseline 0.001 -11"><span class='ocrx_word' id='word_1_742' title='bbox 1153 951 1253 977; x_wconf 88' lang='lat' dir='ltr'>curion.</span> <span class='ocrx_word' id='word_1_743' title='bbox 1273 966 1306 970; x_wconf 91' lang='lat'><em>—</em></span> <span class='ocrx_word' id='word_1_744' title='bbox 1326 951 1357 985; x_wconf 82' lang='lat'>§.</span> <span class='ocrx_word' id='word_1_745' title='bbox 1382 953 1418 978; x_wconf 69' lang='lat'>2.</span> <span class='ocrx_word' id='word_1_746' title='bbox 1446 953 1648 978; x_wconf 71' lang='lat' dir='ltr'>Perventum.</span> <span class='ocrx_word' id='word_1_747' title='bbox 1685 950 1729 978; x_wconf 86' lang='lat' dir='ltr'><strong>III.</strong></span> <span class='ocrx_word' id='word_1_748' title='bbox 1746 952 1812 979; x_wconf 73' lang='grc' dir='ltr'>οη.</span> <span class='ocrx_word' id='word_1_749' title='bbox 1835 952 1992 988; x_wconf 84' lang='lat' dir='ltr'>Quaesitum</span> 
     </span>
     <span class='ocr_line' id='line_1_83' title="bbox 1152 993 1992 1029; baseline 0.002 -9"><span class='ocrx_word' id='word_1_750' title='bbox 1152 998 1200 1020; x_wconf 87' lang='lat' dir='ltr'>est.</span> <span class='ocrx_word' id='word_1_751' title='bbox 1230 1009 1262 1013; x_wconf 88' lang='lat'>—-</span> <span class='ocrx_word' id='word_1_752' title='bbox 1290 993 1325 1020; x_wconf 89' lang='lat' dir='ltr'>Et</span> <span class='ocrx_word' id='word_1_753' title='bbox 1348 1004 1379 1021; x_wconf 88' lang='lat' dir='ltr'>eo</span> <span class='ocrx_word' id='word_1_754' title='bbox 1403 994 1543 1021; x_wconf 88' lang='lat' dir='ltr'>decursum</span> <span class='ocrx_word' id='word_1_755' title='bbox 1568 999 1622 1026; x_wconf 80' lang='lat' dir='ltr'>est,</span> <span class='ocrx_word' id='word_1_756' title='bbox 1647 999 1673 1020; x_wconf 87' lang='lat' dir='ltr'>ut</span> <span class='ocrx_word' id='word_1_757' title='bbox 1694 999 1743 1020; x_wconf 88' lang='lat' dir='ltr'>etc.</span> <span class='ocrx_word' id='word_1_758' title='bbox 1776 994 1807 1021; x_wconf 78' lang='lat' dir='ltr'>fr.</span> <span class='ocrx_word' id='word_1_759' title='bbox 1826 996 1851 1021; x_wconf 85' lang='lat'>2.</span> <span class='ocrx_word' id='word_1_760' title='bbox 1870 995 1892 1029; x_wconf 82' lang='lat'>5.</span> <span class='ocrx_word' id='word_1_761' title='bbox 1911 997 1934 1022; x_wconf 92' lang='lat'>1.</span> <span class='ocrx_word' id='word_1_762' title='bbox 1959 994 1992 1022; x_wconf 85' lang='lat' dir='ltr'>de</span> 
     </span>
     <span class='ocr_line' id='line_1_84' title="bbox 1152 1035 1991 1074; baseline 0.002 -12"><span class='ocrx_word' id='word_1_763' title='bbox 1152 1036 1213 1063; x_wconf 88' lang='lat' dir='ltr'>bon.</span> <span class='ocrx_word' id='word_1_764' title='bbox 1232 1035 1320 1063; x_wconf 85' lang='lat' dir='ltr'>libert.</span> <span class='ocrx_word' id='word_1_765' title='bbox 1338 1037 1380 1063; x_wconf 80' lang='lat'>38.</span> <span class='ocrx_word' id='word_1_766' title='bbox 1399 1038 1424 1063; x_wconf 89' lang='grc'>2.</span> <span class='ocrx_word' id='word_1_767' title='bbox 1443 1036 1474 1064; x_wconf 86' lang='lat' dir='ltr'>sr.</span> <span class='ocrx_word' id='word_1_768' title='bbox 1487 1038 1512 1063; x_wconf 89' lang='grc'>3.</span> <span class='ocrx_word' id='word_1_769' title='bbox 1531 1047 1571 1074; x_wconf 90' lang='lat' dir='ltr'>pr.</span> <span class='ocrx_word' id='word_1_770' title='bbox 1591 1037 1623 1064; x_wconf 86' lang='lat' dir='ltr'>de</span> <span class='ocrx_word' id='word_1_771' title='bbox 1642 1038 1698 1063; x_wconf 91' lang='lat' dir='ltr'>iure</span> <span class='ocrx_word' id='word_1_772' title='bbox 1717 1037 1783 1064; x_wconf 85' lang='lat' dir='ltr'>fisci.</span> <span class='ocrx_word' id='word_1_773' title='bbox 1802 1039 1844 1064; x_wconf 74' lang='lat'>49.</span> <span class='ocrx_word' id='word_1_774' title='bbox 1860 1039 1899 1064; x_wconf 72' lang='lat'>14.</span> <span class='ocrx_word' id='word_1_775' title='bbox 1931 1036 1991 1064; x_wconf 86' lang='lat' dir='ltr'>Ser-</span> 
     </span>
     <span class='ocr_line' id='line_1_85' title="bbox 1151 1079 1991 1117; baseline 0.001 -11"><span class='ocrx_word' id='word_1_776' title='bbox 1151 1080 1211 1106; x_wconf 82' lang='lat' dir='ltr'>vius</span> <span class='ocrx_word' id='word_1_777' title='bbox 1230 1080 1278 1112; x_wconf 85' lang='lat' dir='ltr'>ait,</span> <span class='ocrx_word' id='word_1_778' title='bbox 1297 1095 1330 1099; x_wconf 93' lang='lat'>—</span> <span class='ocrx_word' id='word_1_779' title='bbox 1349 1080 1376 1106; x_wconf 88' lang='grc' dir='ltr'>ἰιι</span> <span class='ocrx_word' id='word_1_780' title='bbox 1395 1080 1469 1106; x_wconf 89' lang='lat' dir='ltr'>cuius</span> <span class='ocrx_word' id='word_1_781' title='bbox 1489 1080 1613 1117; x_wconf 87' lang='lat' dir='ltr'>opinione</span> <span class='ocrx_word' id='word_1_782' title='bbox 1632 1079 1772 1106; x_wconf 89' lang='lat' dir='ltr'>decursum</span> <span class='ocrx_word' id='word_1_783' title='bbox 1791 1085 1838 1106; x_wconf 88' lang='lat' dir='ltr'>est.</span> <span class='ocrx_word' id='word_1_784' title='bbox 1868 1079 1900 1107; x_wconf 78' lang='lat' dir='ltr'>fr.</span> <span class='ocrx_word' id='word_1_785' title='bbox 1919 1082 1944 1107; x_wconf 83' lang='lat'>2.</span> <span class='ocrx_word' id='word_1_786' title='bbox 1967 1080 1991 1114; x_wconf 87' lang='lat'>5.</span> 
     </span>
     <span class='ocr_line' id='line_1_86' title="bbox 1151 1121 1991 1160; baseline 0.002 -12"><span class='ocrx_word' id='word_1_787' title='bbox 1151 1123 1176 1149; x_wconf 80' lang='lat'>8.</span> <span class='ocrx_word' id='word_1_788' title='bbox 1195 1132 1244 1160; x_wconf 88' lang='lat' dir='ltr'>pro</span> <span class='ocrx_word' id='word_1_789' title='bbox 1264 1127 1324 1149; x_wconf 88' lang='lat' dir='ltr'>emt.</span> <span class='ocrx_word' id='word_1_790' title='bbox 1343 1124 1385 1149; x_wconf 82' lang='lat'>41.</span> <span class='ocrx_word' id='word_1_791' title='bbox 1405 1123 1429 1149; x_wconf 75' lang='lat'>4.</span> <span class='ocrx_word' id='word_1_792' title='bbox 1466 1121 1524 1149; x_wconf 88' lang='lat' dir='ltr'>Huc</span> <span class='ocrx_word' id='word_1_793' title='bbox 1542 1123 1592 1149; x_wconf 83' lang='lat' dir='ltr'>iam</span> <span class='ocrx_word' id='word_1_794' title='bbox 1611 1122 1750 1149; x_wconf 86' lang='lat' dir='ltr'>decursum</span> <span class='ocrx_word' id='word_1_795' title='bbox 1770 1128 1818 1156; x_wconf 74' lang='lat' dir='ltr'>est,</span> <span class='ocrx_word' id='word_1_796' title='bbox 1838 1128 1867 1150; x_wconf 92' lang='lat' dir='ltr'>ut</span> <span class='ocrx_word' id='word_1_797' title='bbox 1886 1128 1935 1150; x_wconf 88' lang='lat' dir='ltr'>etc.</span> <span class='ocrx_word' id='word_1_798' title='bbox 1960 1123 1991 1150; x_wconf 80' lang='lat' dir='ltr'>fr.</span> 
     </span>
     <span class='ocr_line' id='line_1_87' title="bbox 1152 1164 1992 1203; baseline 0.002 -12"><span class='ocrx_word' id='word_1_799' title='bbox 1152 1167 1193 1192; x_wconf 86' lang='lat'>55.</span> <span class='ocrx_word' id='word_1_800' title='bbox 1206 1175 1246 1203; x_wconf 86' lang='lat' dir='ltr'>pr.</span> <span class='ocrx_word' id='word_1_801' title='bbox 1267 1165 1299 1192; x_wconf 91' lang='lat' dir='ltr'>de</span> <span class='ocrx_word' id='word_1_802' title='bbox 1318 1175 1430 1192; x_wconf 84' lang='lat' dir='ltr'>manum.</span> <span class='ocrx_word' id='word_1_803' title='bbox 1450 1169 1553 1192; x_wconf 86' lang='lat' dir='ltr'>testam.</span> <span class='ocrx_word' id='word_1_804' title='bbox 1572 1167 1614 1192; x_wconf 73' lang='lat'>40.</span> <span class='ocrx_word' id='word_1_805' title='bbox 1628 1167 1652 1192; x_wconf 85' lang='grc'>4.</span> <span class='ocrx_word' id='word_1_806' title='bbox 1689 1164 1832 1202; x_wconf 80' lang='lat' dir='ltr'>Postquam</span> <span class='ocrx_word' id='word_1_807' title='bbox 1852 1176 1882 1192; x_wconf 91' lang='lat' dir='ltr'>eo</span> <span class='ocrx_word' id='word_1_808' title='bbox 1901 1166 1992 1193; x_wconf 88' lang='lat' dir='ltr'>decur-</span> 
     </span>
     <span class='ocr_line' id='line_1_88' title="bbox 1151 1208 1991 1241; baseline 0 -6"><span class='ocrx_word' id='word_1_809' title='bbox 1151 1218 1210 1235; x_wconf 91' lang='lat' dir='ltr'>sum</span> <span class='ocrx_word' id='word_1_810' title='bbox 1229 1213 1279 1241; x_wconf 81' lang='lat' dir='ltr'>est,</span> <span class='ocrx_word' id='word_1_811' title='bbox 1298 1224 1330 1228; x_wconf 92' lang='lat'><em>-</em></span> <span class='ocrx_word' id='word_1_812' title='bbox 1349 1208 1509 1235; x_wconf 88' lang='lat' dir='ltr'>ordinarium</span> <span class='ocrx_word' id='word_1_813' title='bbox 1527 1209 1613 1235; x_wconf 75' lang='lat' dir='ltr'>visun)</span> <span class='ocrx_word' id='word_1_814' title='bbox 1632 1213 1673 1234; x_wconf 85' lang='lat' dir='ltr'>est</span> <span class='ocrx_word' id='word_1_815' title='bbox 1691 1213 1740 1234; x_wconf 81' lang='lat' dir='ltr'>etc.</span> <span class='ocrx_word' id='word_1_816' title='bbox 1765 1218 1786 1235; x_wconf 89' lang='lat' dir='ltr'>c.</span> <span class='ocrx_word' id='word_1_817' title='bbox 1808 1210 1830 1235; x_wconf 91' lang='lat'>7.</span> <span class='ocrx_word' id='word_1_818' title='bbox 1850 1208 1883 1235; x_wconf 87' lang='lat' dir='ltr'>de</span> <span class='ocrx_word' id='word_1_819' title='bbox 1902 1208 1991 1236; x_wconf 88' lang='lat' dir='ltr'>hered.</span> 
     </span>
     <span class='ocr_line' id='line_1_89' title="bbox 1151 1251 1991 1285; baseline 0 -7"><span class='ocrx_word' id='word_1_820' title='bbox 1151 1261 1175 1278; x_wconf 75' lang='grc' dir='ltr'>ν,</span> <span class='ocrx_word' id='word_1_821' title='bbox 1196 1256 1245 1278; x_wconf 86' lang='lat' dir='ltr'>act.</span> <span class='ocrx_word' id='word_1_822' title='bbox 1263 1251 1341 1278; x_wconf 79' lang='lat' dir='ltr'>vend.</span> <span class='ocrx_word' id='word_1_823' title='bbox 1365 1252 1389 1278; x_wconf 73' lang='lat'>4.</span> <span class='ocrx_word' id='word_1_824' title='bbox 1408 1252 1451 1278; x_wconf 87' lang='grc'>39.</span> <span class='ocrx_word' id='word_1_825' title='bbox 1482 1267 1515 1271; x_wconf 84' lang='grc'><strong>-</strong></span> <span class='ocrx_word' id='word_1_826' title='bbox 1546 1251 1578 1285; x_wconf 79' lang='lat'>§.</span> <span class='ocrx_word' id='word_1_827' title='bbox 1598 1252 1636 1277; x_wconf 77' lang='lat'>3.</span> <span class='ocrx_word' id='word_1_828' title='bbox 1669 1252 1873 1284; x_wconf 72' lang='lat' dir='ltr'>Absolutum,</span> <span class='ocrx_word' id='word_1_829' title='bbox 1901 1252 1991 1278; x_wconf 82' lang='lat' dir='ltr'>Com-</span> 
     </span>
     <span class='ocr_line' id='line_1_90' title="bbox 1128 1293 1991 1331; baseline -0.001 -10"><span class='ocrx_word' id='word_1_830' title='bbox 1128 1297 1279 1329; x_wconf 63' lang='lat' dir='ltr'>4p1etum.</span> <span class='ocrx_word' id='word_1_831' title='bbox 1321 1294 1339 1321; x_wconf 89' lang='grc' dir='ltr'>Ι,</span> <span class='ocrx_word' id='word_1_832' title='bbox 1363 1295 1426 1329; x_wconf 75' lang='lat' dir='ltr'>Sy.</span> <span class='ocrx_word' id='word_1_833' title='bbox 1463 1293 1585 1331; x_wconf 86' lang='lat' dir='ltr'>Impleta,</span> <span class='ocrx_word' id='word_1_834' title='bbox 1610 1293 1730 1320; x_wconf 85' lang='lat' dir='ltr'>Decursa</span> <span class='ocrx_word' id='word_1_835' title='bbox 1753 1293 1940 1331; x_wconf 80' lang='lat' dir='ltr'>(mancipatio,</span> <span class='ocrx_word' id='word_1_836' title='bbox 1966 1304 1991 1321; x_wconf 90' lang='lat' dir='ltr'>v.</span> 
     </span>
     <span class='ocr_line' id='line_1_91' title="bbox 1151 1336 1990 1371; baseline -0.001 -7"><span class='ocrx_word' id='word_1_837' title='bbox 1151 1337 1283 1371; x_wconf 73' lang='lat' dir='ltr'>traditio).</span> <span class='ocrx_word' id='word_1_838' title='bbox 1315 1336 1365 1364; x_wconf 81' lang='lat' dir='ltr'>Th.</span> <span class='ocrx_word' id='word_1_839' title='bbox 1390 1336 1421 1364; x_wconf 89' lang='lat' dir='ltr'>C.</span> <span class='ocrx_word' id='word_1_840' title='bbox 1445 1336 1513 1363; x_wconf 89' lang='lat' dir='ltr'><strong>VIII.</strong></span> <span class='ocrx_word' id='word_1_841' title='bbox 1539 1338 1580 1363; x_wconf 85' lang='grc'>12.</span> <span class='ocrx_word' id='word_1_842' title='bbox 1605 1346 1626 1363; x_wconf 85' lang='lat' dir='ltr'>c.</span> <span class='ocrx_word' id='word_1_843' title='bbox 1647 1338 1670 1363; x_wconf 77' lang='grc' dir='ltr'>Τ.</span> <span class='ocrx_word' id='word_1_844' title='bbox 1700 1336 1731 1362; x_wconf 80' lang='lat' dir='ltr'>ef.</span> <span class='ocrx_word' id='word_1_845' title='bbox 1757 1346 1778 1362; x_wconf 90' lang='lat' dir='ltr'>c.</span> <span class='ocrx_word' id='word_1_846' title='bbox 1797 1338 1822 1363; x_wconf 76' lang='lat'>4.</span> <span class='ocrx_word' id='word_1_847' title='bbox 1847 1336 1880 1363; x_wconf 88' lang='lat' dir='ltr'>de</span> <span class='ocrx_word' id='word_1_848' title='bbox 1903 1336 1990 1364; x_wconf 86' lang='lat' dir='ltr'>donat.</span> 
     </span>
     <span class='ocr_line' id='line_1_92' title="bbox 1151 1379 1991 1416; baseline -0.001 -9"><span class='ocrx_word' id='word_1_849' title='bbox 1151 1380 1193 1407; x_wconf 87' lang='lat' dir='ltr'><strong>III.</strong></span> <span class='ocrx_word' id='word_1_850' title='bbox 1217 1381 1284 1408; x_wconf 78' lang='lat' dir='ltr'>Gn.</span> <span class='ocrx_word' id='word_1_851' title='bbox 1315 1379 1374 1407; x_wconf 86' lang='lat' dir='ltr'>Iure</span> <span class='ocrx_word' id='word_1_852' title='bbox 1399 1379 1511 1407; x_wconf 81' lang='lat' dir='ltr'>solemni</span> <span class='ocrx_word' id='word_1_853' title='bbox 1531 1379 1657 1411; x_wconf 81' lang='lat' dir='ltr'>decurso,</span> <span class='ocrx_word' id='word_1_854' title='bbox 1682 1379 1822 1416; x_wconf 82' lang='lat' dir='ltr'>(adquiret</span> <span class='ocrx_word' id='word_1_855' title='bbox 1843 1379 1991 1413; x_wconf 87' lang='lat' dir='ltr'>ancillam).</span> 
     </span>
     <span class='ocr_line' id='line_1_93' title="bbox 1150 1421 1992 1458; baseline -0.002 -7"><span class='ocrx_word' id='word_1_856' title='bbox 1150 1423 1223 1451; x_wconf 84' lang='lat' dir='ltr'>Paul.</span> <span class='ocrx_word' id='word_1_857' title='bbox 1242 1422 1274 1450; x_wconf 87' lang='grc' dir='ltr'>ΙΙ.</span> <span class='ocrx_word' id='word_1_858' title='bbox 1292 1425 1334 1450; x_wconf 86' lang='grc'>21.</span> <span class='ocrx_word' id='word_1_859' title='bbox 1354 1424 1386 1451; x_wconf 87' lang='grc' dir='ltr'>Α.</span> <span class='ocrx_word' id='word_1_860' title='bbox 1411 1424 1443 1458; x_wconf 66' lang='grc' dir='ltr'>ξ..</span> <span class='ocrx_word' id='word_1_861' title='bbox 1457 1425 1481 1450; x_wconf 91' lang='lat'>5.</span> <span class='ocrx_word' id='word_1_862' title='bbox 1523 1422 1741 1450; x_wconf 77' lang='lat' dir='ltr'>solemnitatibus</span> <span class='ocrx_word' id='word_1_863' title='bbox 1770 1421 1898 1449; x_wconf 83' lang='lat' dir='ltr'>decursis.</span> <span class='ocrx_word' id='word_1_864' title='bbox 1939 1422 1992 1449; x_wconf 80' lang='lat' dir='ltr'>De—</span> 
     </span>
     <span class='ocr_line' id='line_1_94' title="bbox 1150 1464 1991 1504; baseline -0.001 -11"><span class='ocrx_word' id='word_1_865' title='bbox 1150 1467 1236 1493; x_wconf 86' lang='lat' dir='ltr'>cursis</span> <span class='ocrx_word' id='word_1_866' title='bbox 1254 1466 1338 1493; x_wconf 82' lang='lat' dir='ltr'>hastis</span> <span class='ocrx_word' id='word_1_867' title='bbox 1357 1471 1383 1493; x_wconf 83' lang='lat' dir='ltr'>et</span> <span class='ocrx_word' id='word_1_868' title='bbox 1400 1467 1597 1504; x_wconf 87' lang='lat' dir='ltr'>proscriptione</span> <span class='ocrx_word' id='word_1_869' title='bbox 1615 1465 1711 1492; x_wconf 84' lang='lat' dir='ltr'>habita.</span> <span class='ocrx_word' id='word_1_870' title='bbox 1741 1465 1791 1492; x_wconf 86' lang='lat' dir='ltr'>Th.</span> <span class='ocrx_word' id='word_1_871' title='bbox 1810 1464 1841 1492; x_wconf 92' lang='lat' dir='ltr'>C.</span> <span class='ocrx_word' id='word_1_872' title='bbox 1860 1464 1904 1492; x_wconf 90' lang='lat' dir='ltr'>IV.</span> <span class='ocrx_word' id='word_1_873' title='bbox 1924 1466 1947 1492; x_wconf 88' lang='lat'>7.</span> <span class='ocrx_word' id='word_1_874' title='bbox 1968 1475 1991 1492; x_wconf 88' lang='lat' dir='ltr'>c.</span> 
     </span>
     <span class='ocr_line' id='line_1_95' title="bbox 1127 1508 1990 1547; baseline -0.001 -11"><span class='ocrx_word' id='word_1_875' title='bbox 1127 1512 1128 1520; x_wconf 69' lang='lat'>¹</span> <span class='ocrx_word' id='word_1_876' title='bbox 1152 1511 1174 1536; x_wconf 92' lang='lat'>1.</span> <span class='ocrx_word' id='word_1_877' title='bbox 1193 1520 1233 1547; x_wconf 89' lang='lat' dir='ltr'>pr.</span> <span class='ocrx_word' id='word_1_878' title='bbox 1257 1509 1290 1536; x_wconf 89' lang='lat' dir='ltr'>de</span> <span class='ocrx_word' id='word_1_879' title='bbox 1308 1519 1374 1536; x_wconf 89' lang='lat' dir='ltr'>man.</span> <span class='ocrx_word' id='word_1_880' title='bbox 1394 1510 1421 1536; x_wconf 88' lang='lat' dir='ltr'>in</span> <span class='ocrx_word' id='word_1_881' title='bbox 1441 1509 1505 1536; x_wconf 86' lang='lat' dir='ltr'>eccl.</span> <span class='ocrx_word' id='word_1_882' title='bbox 1528 1509 1562 1536; x_wconf 87' lang='lat' dir='ltr'>X.</span> <span class='ocrx_word' id='word_1_883' title='bbox 1582 1510 1622 1535; x_wconf 87' lang='grc'>16.</span> <span class='ocrx_word' id='word_1_884' title='bbox 1643 1519 1664 1535; x_wconf 93' lang='lat' dir='ltr'>c.</span> <span class='ocrx_word' id='word_1_885' title='bbox 1685 1510 1708 1535; x_wconf 89' lang='lat' dir='ltr'>l.</span> <span class='ocrx_word' id='word_1_886' title='bbox 1739 1508 1772 1535; x_wconf 86' lang='lat' dir='ltr'>de</span> <span class='ocrx_word' id='word_1_887' title='bbox 1795 1508 1854 1535; x_wconf 88' lang='lat' dir='ltr'>fisci</span> <span class='ocrx_word' id='word_1_888' title='bbox 1878 1508 1990 1535; x_wconf 89' lang='lat' dir='ltr'>debitor.</span> 
     </span>
     <span class='ocr_line' id='line_1_96' title="bbox 1126 1549 1659 1580; baseline -0.004 0"><span class='ocrx_word' id='word_1_889' title='bbox 1126 1549 1128 1562; x_wconf 81' lang='lat'><strong>¹</strong></span> <span class='ocrx_word' id='word_1_890' title='bbox 1149 1553 1183 1580; x_wconf 85' lang='lat' dir='ltr'>X.</span> <span class='ocrx_word' id='word_1_891' title='bbox 1205 1554 1244 1579; x_wconf 85' lang='lat'>17.</span> <span class='ocrx_word' id='word_1_892' title='bbox 1265 1563 1286 1580; x_wconf 85' lang='lat' dir='ltr'>c.</span> <span class='ocrx_word' id='word_1_893' title='bbox 1305 1555 1330 1580; x_wconf 82' lang='lat'>2.</span> <span class='ocrx_word' id='word_1_894' title='bbox 1350 1552 1383 1580; x_wconf 85' lang='lat' dir='ltr'>de</span> <span class='ocrx_word' id='word_1_895' title='bbox 1401 1552 1454 1579; x_wconf 84' lang='lat' dir='ltr'>fide</span> <span class='ocrx_word' id='word_1_896' title='bbox 1473 1557 1499 1579; x_wconf 89' lang='lat' dir='ltr'>et</span> <span class='ocrx_word' id='word_1_897' title='bbox 1517 1553 1574 1579; x_wconf 86' lang='lat' dir='ltr'>iure</span> <span class='ocrx_word' id='word_1_898' title='bbox 1593 1552 1659 1578; x_wconf 84' lang='lat' dir='ltr'>hast.</span> 
     </span>
    </p>

    <p class='ocr_par' dir='ltr' id='par_1_16' title="bbox 1149 1593 1991 2223">
     <span class='ocr_line' id='line_1_97' title="bbox 1184 1593 1991 1630; baseline -0.002 -7"><span class='ocrx_word' id='word_1_899' title='bbox 1184 1597 1321 1623; x_wconf 77' lang='lat' dir='ltr'>Decus.</span> <span class='ocrx_word' id='word_1_900' title='bbox 1358 1597 1389 1630; x_wconf 74' lang='lat'>§-</span> <span class='ocrx_word' id='word_1_901' title='bbox 1413 1597 1448 1622; x_wconf 91' lang='lat'>1.</span> <span class='ocrx_word' id='word_1_902' title='bbox 1484 1596 1637 1622; x_wconf 67' lang='lat' dir='ltr'>Ornatus.</span> <span class='ocrx_word' id='word_1_903' title='bbox 1678 1594 1721 1622; x_wconf 86' lang='grc' dir='ltr'>ΙΙΙ.</span> <span class='ocrx_word' id='word_1_904' title='bbox 1750 1596 1816 1622; x_wconf 76' lang='lat' dir='ltr'>Gn.</span> <span class='ocrx_word' id='word_1_905' title='bbox 1853 1593 1890 1621; x_wconf 88' lang='lat' dir='ltr'>Vt</span> <span class='ocrx_word' id='word_1_906' title='bbox 1916 1604 1991 1621; x_wconf 82' lang='lat' dir='ltr'>orna-</span> 
     </span>
     <span class='ocr_line' id='line_1_98' title="bbox 1149 1636 1990 1666; baseline -0.002 -1"><span class='ocrx_word' id='word_1_907' title='bbox 1149 1644 1235 1666; x_wconf 91' lang='lat' dir='ltr'>menta</span> <span class='ocrx_word' id='word_1_908' title='bbox 1255 1638 1357 1665; x_wconf 91' lang='lat' dir='ltr'>urbium</span> <span class='ocrx_word' id='word_1_909' title='bbox 1377 1649 1407 1665; x_wconf 87' lang='lat' dir='ltr'>ac</span> <span class='ocrx_word' id='word_1_910' title='bbox 1420 1638 1514 1665; x_wconf 85' lang='lat' dir='ltr'>decora</span> <span class='ocrx_word' id='word_1_911' title='bbox 1528 1648 1685 1665; x_wconf 83' lang='lat' dir='ltr'>marmorum</span> <span class='ocrx_word' id='word_1_912' title='bbox 1704 1653 1737 1657; x_wconf 90' lang='lat'>—</span> <span class='ocrx_word' id='word_1_913' title='bbox 1755 1639 1910 1664; x_wconf 85' lang='lat' dir='ltr'>instaurent.</span> <span class='ocrx_word' id='word_1_914' title='bbox 1939 1636 1990 1664; x_wconf 82' lang='lat' dir='ltr'>Th.</span> 
     </span>
     <span class='ocr_line' id='line_1_99' title="bbox 1151 1679 1991 1718; baseline -0.002 -10"><span class='ocrx_word' id='word_1_915' title='bbox 1151 1681 1181 1709; x_wconf 93' lang='lat' dir='ltr'>C.</span> <span class='ocrx_word' id='word_1_916' title='bbox 1200 1681 1260 1708; x_wconf 71' lang='lat' dir='ltr'>XV.</span> <span class='ocrx_word' id='word_1_917' title='bbox 1281 1683 1304 1708; x_wconf 73' lang='lat' dir='ltr'>l.</span> <span class='ocrx_word' id='word_1_918' title='bbox 1325 1692 1345 1708; x_wconf 92' lang='lat' dir='ltr'>c.</span> <span class='ocrx_word' id='word_1_919' title='bbox 1368 1682 1407 1708; x_wconf 81' lang='grc'>16.</span> <span class='ocrx_word' id='word_1_920' title='bbox 1427 1681 1460 1708; x_wconf 85' lang='lat' dir='ltr'>de</span> <span class='ocrx_word' id='word_1_921' title='bbox 1479 1691 1540 1718; x_wconf 86' lang='lat' dir='ltr'>opp.</span> <span class='ocrx_word' id='word_1_922' title='bbox 1559 1680 1622 1718; x_wconf 85' lang='lat' dir='ltr'>pub.</span> <span class='ocrx_word' id='word_1_923' title='bbox 1659 1680 1770 1713; x_wconf 83' lang='lat' dir='ltr'>Domus,</span> <span class='ocrx_word' id='word_1_924' title='bbox 1791 1690 1899 1717; x_wconf 84' lang='lat' dir='ltr'>quarum</span> <span class='ocrx_word' id='word_1_925' title='bbox 1918 1679 1991 1707; x_wconf 86' lang='lat' dir='ltr'>cultu</span> 
     </span>
     <span class='ocr_line' id='line_1_100' title="bbox 1150 1722 1990 1762; baseline -0.001 -11"><span class='ocrx_word' id='word_1_926' title='bbox 1150 1724 1231 1751; x_wconf 87' lang='lat' dir='ltr'>decus</span> <span class='ocrx_word' id='word_1_927' title='bbox 1251 1724 1353 1750; x_wconf 87' lang='lat' dir='ltr'>urbium</span> <span class='ocrx_word' id='word_1_928' title='bbox 1372 1725 1471 1762; x_wconf 75' lang='lat' dir='ltr'>potius,</span> <span class='ocrx_word' id='word_1_929' title='bbox 1491 1734 1568 1761; x_wconf 83' lang='lat' dir='ltr'>quam</span> <span class='ocrx_word' id='word_1_930' title='bbox 1582 1723 1683 1750; x_wconf 77' lang='lat' dir='ltr'>fructus</span> <span class='ocrx_word' id='word_1_931' title='bbox 1697 1723 1851 1760; x_wconf 83' lang='lat' dir='ltr'>adquiritur.</span> <span class='ocrx_word' id='word_1_932' title='bbox 1870 1722 1990 1750; x_wconf 82' lang='lat' dir='ltr'><strong>1b.X111.</strong></span> 
     </span>
     <span class='ocr_line' id='line_1_101' title="bbox 1150 1766 1991 1805; baseline -0.002 -11"><span class='ocrx_word' id='word_1_933' title='bbox 1150 1769 1173 1794; x_wconf 82' lang='lat'>6.</span> <span class='ocrx_word' id='word_1_934' title='bbox 1194 1778 1216 1794; x_wconf 88' lang='lat' dir='ltr'>c.</span> <span class='ocrx_word' id='word_1_935' title='bbox 1236 1769 1259 1794; x_wconf 85' lang='lat'>7.</span> <span class='ocrx_word' id='word_1_936' title='bbox 1279 1767 1301 1801; x_wconf 96' lang='lat'>5.</span> <span class='ocrx_word' id='word_1_937' title='bbox 1316 1769 1338 1794; x_wconf 92' lang='lat' dir='ltr'>l.</span> <span class='ocrx_word' id='word_1_938' title='bbox 1358 1767 1391 1794; x_wconf 90' lang='lat' dir='ltr'>de</span> <span class='ocrx_word' id='word_1_939' title='bbox 1409 1767 1498 1805; x_wconf 85' lang='lat' dir='ltr'>praed.</span> <span class='ocrx_word' id='word_1_940' title='bbox 1513 1766 1625 1793; x_wconf 86' lang='lat' dir='ltr'>navicul.</span> <span class='ocrx_word' id='word_1_941' title='bbox 1644 1766 1704 1793; x_wconf 78' lang='lat' dir='ltr'>XV.</span> <span class='ocrx_word' id='word_1_942' title='bbox 1726 1768 1747 1793; x_wconf 96' lang='lat' dir='ltr'>l.</span> <span class='ocrx_word' id='word_1_943' title='bbox 1768 1777 1789 1793; x_wconf 97' lang='lat' dir='ltr'>c.</span> <span class='ocrx_word' id='word_1_944' title='bbox 1803 1768 1845 1793; x_wconf 79' lang='lat'>25.</span> <span class='ocrx_word' id='word_1_945' title='bbox 1881 1766 1991 1793; x_wconf 77' lang='lat' dir='ltr'>Exstru-</span> 
     </span>
     <span class='ocr_line' id='line_1_102' title="bbox 1151 1808 1989 1846; baseline -0.001 -10"><span class='ocrx_word' id='word_1_946' title='bbox 1151 1811 1216 1842; x_wconf 86' lang='lat' dir='ltr'>ctio,</span> <span class='ocrx_word' id='word_1_947' title='bbox 1240 1811 1314 1836; x_wconf 90' lang='lat' dir='ltr'>cuius</span> <span class='ocrx_word' id='word_1_948' title='bbox 1338 1815 1378 1836; x_wconf 90' lang='lat' dir='ltr'>est</span> <span class='ocrx_word' id='word_1_949' title='bbox 1401 1810 1481 1837; x_wconf 85' lang='lat' dir='ltr'>ardua</span> <span class='ocrx_word' id='word_1_950' title='bbox 1504 1809 1675 1846; x_wconf 84' lang='lat' dir='ltr'>difficilisque</span> <span class='ocrx_word' id='word_1_951' title='bbox 1699 1808 1814 1841; x_wconf 81' lang='lat' dir='ltr'>molitio,</span> <span class='ocrx_word' id='word_1_952' title='bbox 1839 1813 1883 1835; x_wconf 83' lang='lat' dir='ltr'>aut</span> <span class='ocrx_word' id='word_1_953' title='bbox 1908 1808 1989 1835; x_wconf 83' lang='lat' dir='ltr'>decus</span> 
     </span>
     <span class='ocr_line' id='line_1_103' title="bbox 1150 1853 1989 1886; baseline -0.002 -6"><span class='ocrx_word' id='word_1_954' title='bbox 1150 1858 1324 1880; x_wconf 89' lang='lat' dir='ltr'>sumtuosum.</span> <span class='ocrx_word' id='word_1_955' title='bbox 1352 1853 1390 1879; x_wconf 91' lang='lat' dir='ltr'>lb.</span> <span class='ocrx_word' id='word_1_956' title='bbox 1409 1853 1479 1880; x_wconf 86' lang='lat' dir='ltr'><strong>XIII.</strong></span> <span class='ocrx_word' id='word_1_957' title='bbox 1499 1855 1522 1880; x_wconf 81' lang='lat'>6.</span> <span class='ocrx_word' id='word_1_958' title='bbox 1544 1863 1565 1879; x_wconf 92' lang='lat' dir='ltr'>c.</span> <span class='ocrx_word' id='word_1_959' title='bbox 1587 1854 1610 1879; x_wconf 91' lang='lat'>7.</span> <span class='ocrx_word' id='word_1_960' title='bbox 1629 1853 1651 1886; x_wconf 97' lang='lat'>5.</span> <span class='ocrx_word' id='word_1_961' title='bbox 1672 1854 1695 1879; x_wconf 92' lang='lat' dir='ltr'>l.</span> <span class='ocrx_word' id='word_1_962' title='bbox 1715 1868 1748 1872; x_wconf 91' lang='lat'>—</span> <span class='ocrx_word' id='word_1_963' title='bbox 1767 1853 1798 1886; x_wconf 74' lang='lat'>§-</span> <span class='ocrx_word' id='word_1_964' title='bbox 1816 1853 1851 1879; x_wconf 71' lang='lat'>8.</span> <span class='ocrx_word' id='word_1_965' title='bbox 1880 1853 1989 1878; x_wconf 75' lang='lat' dir='ltr'>Clari-</span> 
     </span>
     <span class='ocr_line' id='line_1_104' title="bbox 1150 1894 1988 1928; baseline -0.004 -5"><span class='ocrx_word' id='word_1_966' title='bbox 1150 1903 1215 1928; x_wconf 66' lang='lat' dir='ltr'>tas,</span> <span class='ocrx_word' id='word_1_967' title='bbox 1240 1898 1410 1923; x_wconf 52' lang='lat' dir='ltr'>Honesta&amp;</span> <span class='ocrx_word' id='word_1_968' title='bbox 1446 1895 1489 1922; x_wconf 92' lang='lat' dir='ltr'><strong>III.</strong></span> <span class='ocrx_word' id='word_1_969' title='bbox 1511 1897 1576 1924; x_wconf 75' lang='lat' dir='ltr'>Gn.</span> <span class='ocrx_word' id='word_1_970' title='bbox 1609 1894 1751 1922; x_wconf 77' lang='lat' dir='ltr'>Habendae</span> <span class='ocrx_word' id='word_1_971' title='bbox 1775 1895 1884 1921; x_wconf 85' lang='lat' dir='ltr'>rationis</span> <span class='ocrx_word' id='word_1_972' title='bbox 1903 1903 1988 1926; x_wconf 82' lang='lat' dir='ltr'>causa,</span> 
     </span>
     <span class='ocr_line' id='line_1_105' title="bbox 1151 1937 1989 1975; baseline -0.002 -10"><span class='ocrx_word' id='word_1_973' title='bbox 1151 1948 1265 1975; x_wconf 88' lang='lat' dir='ltr'>suaeque</span> <span class='ocrx_word' id='word_1_974' title='bbox 1285 1938 1419 1975; x_wconf 77' lang='lat' dir='ltr'>dignitatis</span> <span class='ocrx_word' id='word_1_975' title='bbox 1440 1938 1564 1971; x_wconf 85' lang='lat' dir='ltr'>tuendae,</span> <span class='ocrx_word' id='word_1_976' title='bbox 1590 1943 1615 1965; x_wconf 86' lang='lat' dir='ltr'>et</span> <span class='ocrx_word' id='word_1_977' title='bbox 1634 1938 1737 1965; x_wconf 79' lang='lat' dir='ltr'>decoris</span> <span class='ocrx_word' id='word_1_978' title='bbox 1758 1947 1834 1964; x_wconf 86' lang='lat' dir='ltr'>causa</span> <span class='ocrx_word' id='word_1_979' title='bbox 1854 1937 1940 1970; x_wconf 90' lang='lat' dir='ltr'>(hunc</span> <span class='ocrx_word' id='word_1_980' title='bbox 1959 1937 1989 1963; x_wconf 89' lang='lat' dir='ltr'>ti-</span> 
     </span>
     <span class='ocr_line' id='line_1_106' title="bbox 1150 1979 1987 2019; baseline -0.004 -11"><span class='ocrx_word' id='word_1_981' title='bbox 1150 1981 1234 2008; x_wconf 89' lang='lat' dir='ltr'>tulum</span> <span class='ocrx_word' id='word_1_982' title='bbox 1253 1980 1362 2008; x_wconf 81' lang='lat' dir='ltr'>Praetor</span> <span class='ocrx_word' id='word_1_983' title='bbox 1383 1982 1550 2019; x_wconf 86' lang='lat' dir='ltr'>proposuit).</span> <span class='ocrx_word' id='word_1_984' title='bbox 1582 1981 1612 2007; x_wconf 85' lang='lat' dir='ltr'>fr.</span> <span class='ocrx_word' id='word_1_985' title='bbox 1633 1982 1656 2007; x_wconf 97' lang='lat' dir='ltr'>l.</span> <span class='ocrx_word' id='word_1_986' title='bbox 1674 1991 1715 2018; x_wconf 87' lang='lat' dir='ltr'>pr.</span> <span class='ocrx_word' id='word_1_987' title='bbox 1741 1980 1774 2007; x_wconf 92' lang='lat' dir='ltr'>de</span> <span class='ocrx_word' id='word_1_988' title='bbox 1796 1979 1894 2017; x_wconf 89' lang='lat' dir='ltr'>postul.</span> <span class='ocrx_word' id='word_1_989' title='bbox 1918 1981 1942 2005; x_wconf 88' lang='lat'>3.</span> <span class='ocrx_word' id='word_1_990' title='bbox 1966 1980 1987 2006; x_wconf 88' lang='lat' dir='ltr'>l.</span> 
     </span>
     <span class='ocr_line' id='line_1_107' title="bbox 1151 2023 1989 2061; baseline -0.002 -11"><span class='ocrx_word' id='word_1_991' title='bbox 1151 2024 1318 2050; x_wconf 85' lang='lat' dir='ltr'>Ilonestioris</span> <span class='ocrx_word' id='word_1_992' title='bbox 1338 2025 1489 2061; x_wconf 84' lang='lat' dir='ltr'>nobilisque</span> <span class='ocrx_word' id='word_1_993' title='bbox 1512 2034 1642 2061; x_wconf 82' lang='lat' dir='ltr'>personae</span> <span class='ocrx_word' id='word_1_994' title='bbox 1660 2028 1686 2049; x_wconf 81' lang='lat' dir='ltr'>et</span> <span class='ocrx_word' id='word_1_995' title='bbox 1704 2023 1800 2049; x_wconf 88' lang='lat' dir='ltr'>decore</span> <span class='ocrx_word' id='word_1_996' title='bbox 1819 2027 1845 2048; x_wconf 86' lang='lat' dir='ltr'>ct</span> <span class='ocrx_word' id='word_1_997' title='bbox 1863 2023 1918 2049; x_wconf 90' lang='lat' dir='ltr'>iure</span> <span class='ocrx_word' id='word_1_998' title='bbox 1937 2023 1989 2059; x_wconf 86' lang='lat' dir='ltr'>pri-</span> 
     </span>
     <span class='ocr_line' id='line_1_108' title="bbox 1150 2065 1989 2103; baseline -0.002 -10"><span class='ocrx_word' id='word_1_999' title='bbox 1150 2072 1233 2093; x_wconf 79' lang='lat' dir='ltr'>vetur.</span> <span class='ocrx_word' id='word_1_1000' title='bbox 1265 2066 1315 2094; x_wconf 84' lang='lat' dir='ltr'>Th.</span> <span class='ocrx_word' id='word_1_1001' title='bbox 1330 2067 1361 2094; x_wconf 89' lang='lat' dir='ltr'>C.</span> <span class='ocrx_word' id='word_1_1002' title='bbox 1380 2068 1423 2094; x_wconf 89' lang='lat' dir='ltr'><strong>III.</strong></span> <span class='ocrx_word' id='word_1_1003' title='bbox 1442 2071 1466 2094; x_wconf 70' lang='grc' dir='ltr'>ὅ.</span> <span class='ocrx_word' id='word_1_1004' title='bbox 1487 2077 1508 2093; x_wconf 91' lang='lat' dir='ltr'>c.</span> <span class='ocrx_word' id='word_1_1005' title='bbox 1530 2068 1552 2092; x_wconf 88' lang='lat'>1.</span> <span class='ocrx_word' id='word_1_1006' title='bbox 1572 2065 1605 2092; x_wconf 88' lang='lat' dir='ltr'>de</span> <span class='ocrx_word' id='word_1_1007' title='bbox 1623 2075 1676 2092; x_wconf 82' lang='lat' dir='ltr'>sec.</span> <span class='ocrx_word' id='word_1_1008' title='bbox 1695 2070 1768 2103; x_wconf 90' lang='lat' dir='ltr'>nupt.</span> <span class='ocrx_word' id='word_1_1009' title='bbox 1805 2065 1882 2101; x_wconf 81' lang='lat' dir='ltr'>Quos</span> <span class='ocrx_word' id='word_1_1010' title='bbox 1901 2065 1933 2092; x_wconf 85' lang='lat' dir='ltr'>ad</span> <span class='ocrx_word' id='word_1_1011' title='bbox 1951 2066 1989 2092; x_wconf 87' lang='lat' dir='ltr'>vi-</span> 
     </span>
     <span class='ocr_line' id='line_1_109' title="bbox 1150 2108 1988 2146; baseline -0.002 -10"><span class='ocrx_word' id='word_1_1012' title='bbox 1150 2115 1192 2136; x_wconf 81' lang='lat' dir='ltr'>tae</span> <span class='ocrx_word' id='word_1_1013' title='bbox 1211 2109 1305 2136; x_wconf 80' lang='lat' dir='ltr'>decora</span> <span class='ocrx_word' id='word_1_1014' title='bbox 1325 2109 1484 2136; x_wconf 82' lang='lat' dir='ltr'>domesticae</span> <span class='ocrx_word' id='word_1_1015' title='bbox 1507 2108 1592 2135; x_wconf 84' lang='lat' dir='ltr'>laudis</span> <span class='ocrx_word' id='word_1_1016' title='bbox 1617 2108 1735 2146; x_wconf 83' lang='lat' dir='ltr'>exempla</span> <span class='ocrx_word' id='word_1_1017' title='bbox 1759 2118 1811 2134; x_wconf 88' lang='lat' dir='ltr'>non</span> <span class='ocrx_word' id='word_1_1018' title='bbox 1835 2113 1988 2145; x_wconf 79' lang='lat' dir='ltr'>provocant.</span> 
     </span>
     <span class='ocr_line' id='line_1_110' title="bbox 1149 2150 1989 2188; baseline -0.001 -9"><span class='ocrx_word' id='word_1_1019' title='bbox 1149 2152 1186 2179; x_wconf 91' lang='lat' dir='ltr'>Ib.</span> <span class='ocrx_word' id='word_1_1020' title='bbox 1207 2153 1251 2179; x_wconf 77' lang='lat' dir='ltr'>lx.</span> <span class='ocrx_word' id='word_1_1021' title='bbox 1272 2154 1312 2179; x_wconf 91' lang='lat'>13.</span> <span class='ocrx_word' id='word_1_1022' title='bbox 1336 2163 1357 2179; x_wconf 92' lang='lat' dir='ltr'>c.</span> <span class='ocrx_word' id='word_1_1023' title='bbox 1378 2154 1401 2179; x_wconf 89' lang='lat' dir='ltr'>l.</span> <span class='ocrx_word' id='word_1_1024' title='bbox 1425 2152 1458 2179; x_wconf 89' lang='lat' dir='ltr'>de</span> <span class='ocrx_word' id='word_1_1025' title='bbox 1482 2151 1583 2178; x_wconf 83' lang='lat' dir='ltr'>emend.</span> <span class='ocrx_word' id='word_1_1026' title='bbox 1608 2152 1748 2188; x_wconf 89' lang='lat' dir='ltr'>propinqu.</span> <span class='ocrx_word' id='word_1_1027' title='bbox 1783 2150 1937 2183; x_wconf 77' lang='lat' dir='ltr'>Inlioueste‚</span> <span class='ocrx_word' id='word_1_1028' title='bbox 1961 2155 1989 2178; x_wconf 83' lang='lat' dir='ltr'>et</span> 
     </span>
     <span class='ocr_line' id='line_1_111' title="bbox 1149 2193 1893 2223; baseline -0.003 -1"><span class='ocrx_word' id='word_1_1029' title='bbox 1149 2200 1239 2223; x_wconf 91' lang='lat' dir='ltr'>contra</span> <span class='ocrx_word' id='word_1_1030' title='bbox 1258 2195 1339 2222; x_wconf 85' lang='lat' dir='ltr'>decus</span> <span class='ocrx_word' id='word_1_1031' title='bbox 1358 2194 1449 2221; x_wconf 83' lang='lat' dir='ltr'>seculi.</span> <span class='ocrx_word' id='word_1_1032' title='bbox 1477 2194 1515 2221; x_wconf 94' lang='lat' dir='ltr'>Ib.</span> <span class='ocrx_word' id='word_1_1033' title='bbox 1535 2194 1578 2221; x_wconf 88' lang='lat' dir='ltr'>Vl.</span> <span class='ocrx_word' id='word_1_1034' title='bbox 1599 2196 1640 2221; x_wconf 88' lang='grc'>29.</span> <span class='ocrx_word' id='word_1_1035' title='bbox 1660 2205 1681 2221; x_wconf 88' lang='lat' dir='ltr'>c.</span> <span class='ocrx_word' id='word_1_1036' title='bbox 1700 2195 1725 2220; x_wconf 89' lang='lat'>3.</span> <span class='ocrx_word' id='word_1_1037' title='bbox 1745 2193 1778 2220; x_wconf 86' lang='lat' dir='ltr'>de</span> <span class='ocrx_word' id='word_1_1038' title='bbox 1797 2197 1893 2220; x_wconf 89' lang='lat' dir='ltr'>curios.</span> 
     </span>
    </p>

    <p class='ocr_par' dir='ltr' id='par_1_17' title="bbox 1148 2236 1987 2394">
     <span class='ocr_line' id='line_1_112' title="bbox 1182 2236 1986 2270; baseline -0.001 -4"><span class='ocrx_word' id='word_1_1039' title='bbox 1182 2240 1386 2266; x_wconf 72' lang='lat' dir='ltr'>necuter-e.</span> <span class='ocrx_word' id='word_1_1040' title='bbox 1428 2239 1619 2270; x_wconf 74' lang='lat' dir='ltr'>Detrahere,</span> <span class='ocrx_word' id='word_1_1041' title='bbox 1657 2239 1811 2264; x_wconf 78' lang='lat' dir='ltr'>Minuere.</span> <span class='ocrx_word' id='word_1_1042' title='bbox 1854 2236 1898 2263; x_wconf 89' lang='lat' dir='ltr'>Ill.</span> <span class='ocrx_word' id='word_1_1043' title='bbox 1919 2237 1986 2265; x_wconf 74' lang='lat' dir='ltr'>Cn·</span> 
     </span>
     <span class='ocr_line' id='line_1_113' title="bbox 1149 2279 1987 2318; baseline -0.002 -10"><span class='ocrx_word' id='word_1_1044' title='bbox 1149 2281 1241 2318; x_wconf 74' lang='lat' dir='ltr'>Neque</span> <span class='ocrx_word' id='word_1_1045' title='bbox 1264 2282 1366 2308; x_wconf 80' lang='lat' dir='ltr'>aurario</span> <span class='ocrx_word' id='word_1_1046' title='bbox 1390 2281 1482 2307; x_wconf 83' lang='lat' dir='ltr'>canoni</span> <span class='ocrx_word' id='word_1_1047' title='bbox 1506 2296 1538 2300; x_wconf 94' lang='lat'>—-</span> <span class='ocrx_word' id='word_1_1048' title='bbox 1561 2279 1663 2316; x_wconf 53' lang='lat' dir='ltr'>aliquid*</span> <span class='ocrx_word' id='word_1_1049' title='bbox 1686 2290 1718 2307; x_wconf 81' lang='lat' dir='ltr'>ex</span> <span class='ocrx_word' id='word_1_1050' title='bbox 1742 2289 1771 2306; x_wconf 87' lang='lat' dir='ltr'>ea</span> <span class='ocrx_word' id='word_1_1051' title='bbox 1796 2295 1827 2298; x_wconf 98' lang='lat'><strong>—</strong></span> <span class='ocrx_word' id='word_1_1052' title='bbox 1846 2279 1987 2316; x_wconf 86' lang='lat' dir='ltr'>praebitio-</span> 
     </span>
     <span class='ocr_line' id='line_1_114' title="bbox 1148 2322 1986 2351; baseline -0.004 0"><span class='ocrx_word' id='word_1_1053' title='bbox 1148 2335 1209 2351; x_wconf 85' lang='lat' dir='ltr'>num</span> <span class='ocrx_word' id='word_1_1054' title='bbox 1228 2325 1382 2351; x_wconf 87' lang='lat' dir='ltr'>diversitate</span> <span class='ocrx_word' id='word_1_1055' title='bbox 1408 2323 1547 2351; x_wconf 87' lang='lat' dir='ltr'>decutitur.</span> <span class='ocrx_word' id='word_1_1056' title='bbox 1580 2322 1629 2349; x_wconf 83' lang='lat' dir='ltr'>Th.</span> <span class='ocrx_word' id='word_1_1057' title='bbox 1655 2322 1686 2349; x_wconf 93' lang='lat' dir='ltr'>C.</span> <span class='ocrx_word' id='word_1_1058' title='bbox 1709 2322 1754 2349; x_wconf 79' lang='lat' dir='ltr'>XI.</span> <span class='ocrx_word' id='word_1_1059' title='bbox 1780 2324 1820 2348; x_wconf 81' lang='lat'>16.</span> <span class='ocrx_word' id='word_1_1060' title='bbox 1847 2332 1868 2349; x_wconf 87' lang='lat' dir='ltr'>c.</span> <span class='ocrx_word' id='word_1_1061' title='bbox 1889 2324 1929 2349; x_wconf 86' lang='lat'>13.</span> <span class='ocrx_word' id='word_1_1062' title='bbox 1953 2322 1986 2349; x_wconf 85' lang='lat' dir='ltr'>dc</span> 
     </span>
     <span class='ocr_line' id='line_1_115' title="bbox 1148 2367 1345 2394; baseline 0 0"><span class='ocrx_word' id='word_1_1063' title='bbox 1148 2372 1213 2394; x_wconf 81' lang='lat' dir='ltr'>extr.</span> <span class='ocrx_word' id='word_1_1064' title='bbox 1234 2378 1255 2394; x_wconf 74' lang='lat' dir='ltr'>s,</span> <span class='ocrx_word' id='word_1_1065' title='bbox 1275 2367 1345 2394; x_wconf 88' lang='lat' dir='ltr'>sord.</span> 
     </span>
    </p>

    <p class='ocr_par' dir='ltr' id='par_1_18' title="bbox 1148 2408 1985 2534">
     <span class='ocr_line' id='line_1_116' title="bbox 1181 2408 1985 2437; baseline -0.002 0"><span class='ocrx_word' id='word_1_1066' title='bbox 1181 2410 1489 2437; x_wconf 75' lang='lat' dir='ltr'>Dedecorandus.</span> <span class='ocrx_word' id='word_1_1067' title='bbox 1532 2410 1801 2435; x_wconf 73' lang='lat' dir='ltr'>Contumeliosus.</span> <span class='ocrx_word' id='word_1_1068' title='bbox 1849 2408 1892 2435; x_wconf 87' lang='lat'><strong>111.</strong></span> <span class='ocrx_word' id='word_1_1069' title='bbox 1918 2409 1985 2436; x_wconf 74' lang='lat' dir='ltr'>Gn.</span> 
     </span>
     <span class='ocr_line' id='line_1_117' title="bbox 1148 2450 1985 2491; baseline -0.004 -11"><span class='ocrx_word' id='word_1_1070' title='bbox 1148 2453 1197 2480; x_wconf 70' lang='lat' dir='ltr'>Vel</span> <span class='ocrx_word' id='word_1_1071' title='bbox 1216 2454 1312 2491; x_wconf 82' lang='lat' dir='ltr'>prima,</span> <span class='ocrx_word' id='word_1_1072' title='bbox 1335 2452 1378 2480; x_wconf 79' lang='lat' dir='ltr'>vel</span> <span class='ocrx_word' id='word_1_1073' title='bbox 1401 2451 1458 2478; x_wconf 87' lang='lat' dir='ltr'>sola</span> <span class='ocrx_word' id='word_1_1074' title='bbox 1481 2450 1664 2478; x_wconf 80' lang='lat' dir='ltr'>dedecorando</span> <span class='ocrx_word' id='word_1_1075' title='bbox 1689 2451 1786 2477; x_wconf 88' lang='lat' dir='ltr'>ambitu</span> <span class='ocrx_word' id='word_1_1076' title='bbox 1810 2452 1922 2488; x_wconf 89' lang='lat' dir='ltr'>turpiter</span> <span class='ocrx_word' id='word_1_1077' title='bbox 1940 2452 1985 2478; x_wconf 88' lang='lat' dir='ltr'>im—</span> 
     </span>
     <span class='ocr_line' id='line_1_118' title="bbox 1148 2493 1786 2534; baseline -0.005 -11"><span class='ocrx_word' id='word_1_1078' title='bbox 1148 2501 1255 2534; x_wconf 85' lang='lat' dir='ltr'>petrata.</span> <span class='ocrx_word' id='word_1_1079' title='bbox 1284 2496 1321 2522; x_wconf 87' lang='lat' dir='ltr'>lb.</span> <span class='ocrx_word' id='word_1_1080' title='bbox 1341 2495 1384 2522; x_wconf 89' lang='lat' dir='ltr'>VI.</span> <span class='ocrx_word' id='word_1_1081' title='bbox 1406 2496 1445 2521; x_wconf 73' lang='lat'>14.</span> <span class='ocrx_word' id='word_1_1082' title='bbox 1465 2504 1486 2520; x_wconf 94' lang='lat' dir='ltr'>c.</span> <span class='ocrx_word' id='word_1_1083' title='bbox 1505 2495 1529 2520; x_wconf 84' lang='grc'>2.</span> <span class='ocrx_word' id='word_1_1084' title='bbox 1550 2493 1583 2520; x_wconf 91' lang='lat' dir='ltr'>de</span> <span class='ocrx_word' id='word_1_1085' title='bbox 1602 2495 1688 2521; x_wconf 90' lang='lat' dir='ltr'>comit.</span> <span class='ocrx_word' id='word_1_1086' title='bbox 1708 2493 1738 2521; x_wconf 86' lang='lat' dir='ltr'>R.</span> <span class='ocrx_word' id='word_1_1087' title='bbox 1752 2493 1786 2521; x_wconf 82' lang='grc' dir='ltr'>Μ.</span> 
     </span>
    </p>

    <p class='ocr_par' dir='ltr' id='par_1_19' title="bbox 1145 2537 1984 2694">
     <span class='ocr_line' id='line_1_119' title="bbox 1182 2537 1984 2570; baseline -0.006 -3"><span class='ocrx_word' id='word_1_1088' title='bbox 1182 2541 1454 2567; x_wconf 64' lang='lat' dir='ltr'>„cnecon-osus.</span> <span class='ocrx_word' id='word_1_1089' title='bbox 1487 2537 1629 2570; x_wconf 72' lang='lat' dir='ltr'>(Adiect.)</span> <span class='ocrx_word' id='word_1_1090' title='bbox 1673 2538 1869 2569; x_wconf 70' lang='lat' dir='ltr'>Dedecet-us,</span> <span class='ocrx_word' id='word_1_1091' title='bbox 1904 2538 1984 2563; x_wconf 83' lang='lat' dir='ltr'>Tur-</span> 
     </span>
     <span class='ocr_line' id='line_1_120' title="bbox 1145 2579 1984 2617; baseline -0.005 -8"><span class='ocrx_word' id='word_1_1092' title='bbox 1145 2584 1204 2617; x_wconf 69' lang='lat' dir='ltr'>pie.</span> <span class='ocrx_word' id='word_1_1093' title='bbox 1242 2581 1284 2608; x_wconf 86' lang='lat' dir='ltr'><strong>III.</strong></span> <span class='ocrx_word' id='word_1_1094' title='bbox 1299 2582 1364 2609; x_wconf 78' lang='lat' dir='ltr'>Gn.</span> <span class='ocrx_word' id='word_1_1095' title='bbox 1384 2580 1437 2616; x_wconf 83' lang='lat' dir='ltr'>Qui</span> <span class='ocrx_word' id='word_1_1096' title='bbox 1451 2580 1547 2607; x_wconf 85' lang='lat' dir='ltr'>docere</span> <span class='ocrx_word' id='word_1_1097' title='bbox 1565 2590 1594 2606; x_wconf 93' lang='lat' dir='ltr'>se</span> <span class='ocrx_word' id='word_1_1098' title='bbox 1613 2579 1711 2611; x_wconf 90' lang='lat' dir='ltr'>dicunt,</span> <span class='ocrx_word' id='word_1_1099' title='bbox 1731 2579 1802 2616; x_wconf 89' lang='lat' dir='ltr'>quod</span> <span class='ocrx_word' id='word_1_1100' title='bbox 1821 2584 1864 2606; x_wconf 89' lang='lat' dir='ltr'>aut</span> <span class='ocrx_word' id='word_1_1101' title='bbox 1882 2579 1984 2606; x_wconf 81' lang='lat' dir='ltr'>nescire</span> 
     </span>
     <span class='ocr_line' id='line_1_121' title="bbox 1147 2620 1983 2652; baseline -0.006 0"><span class='ocrx_word' id='word_1_1102' title='bbox 1147 2630 1191 2652; x_wconf 86' lang='lat' dir='ltr'>aut</span> <span class='ocrx_word' id='word_1_1103' title='bbox 1214 2625 1317 2652; x_wconf 82' lang='lat' dir='ltr'>discere</span> <span class='ocrx_word' id='word_1_1104' title='bbox 1340 2624 1375 2650; x_wconf 87' lang='lat' dir='ltr'>sit</span> <span class='ocrx_word' id='word_1_1105' title='bbox 1399 2622 1597 2650; x_wconf 83' lang='lat' dir='ltr'>dedecorosum.</span> <span class='ocrx_word' id='word_1_1106' title='bbox 1635 2622 1671 2649; x_wconf 91' lang='lat' dir='ltr'>lb.</span> <span class='ocrx_word' id='word_1_1107' title='bbox 1696 2621 1766 2649; x_wconf 86' lang='lat' dir='ltr'><strong>XVI.</strong></span> <span class='ocrx_word' id='word_1_1108' title='bbox 1791 2624 1815 2648; x_wconf 91' lang='lat'>5.</span> <span class='ocrx_word' id='word_1_1109' title='bbox 1840 2632 1862 2648; x_wconf 94' lang='lat' dir='ltr'>c.</span> <span class='ocrx_word' id='word_1_1110' title='bbox 1883 2622 1921 2647; x_wconf 84' lang='lat'>13.</span> <span class='ocrx_word' id='word_1_1111' title='bbox 1950 2620 1983 2647; x_wconf 81' lang='lat' dir='ltr'>de</span> 
     </span>
     <span class='ocr_line' id='line_1_122' title="bbox 1147 2667 1269 2694; baseline -0.008 0"><span class='ocrx_word' id='word_1_1112' title='bbox 1147 2667 1269 2694; x_wconf 84' lang='lat' dir='ltr'>haeretic.</span> 
     </span>
    </p>

    <p class='ocr_par' dir='ltr' id='par_1_20' title="bbox 1146 2705 1982 2872">
     <span class='ocr_line' id='line_1_123' title="bbox 1180 2705 1982 2743; baseline -0.007 -6"><span class='ocrx_word' id='word_1_1113' title='bbox 1180 2711 1367 2738; x_wconf 71' lang='lat' dir='ltr'>Dedecus.</span> <span class='ocrx_word' id='word_1_1114' title='bbox 1396 2710 1595 2743; x_wconf 58' lang='lat' dir='ltr'>Tumuada,</span> <span class='ocrx_word' id='word_1_1115' title='bbox 1614 2709 1777 2735; x_wconf 82' lang='lat' dir='ltr'>Probrum.</span> <span class='ocrx_word' id='word_1_1116' title='bbox 1800 2706 1819 2733; x_wconf 89' lang='lat' dir='ltr'>I.</span> <span class='ocrx_word' id='word_1_1117' title='bbox 1833 2707 1894 2740; x_wconf 79' lang='lat' dir='ltr'><strong>Sy.</strong></span> <span class='ocrx_word' id='word_1_1118' title='bbox 1913 2705 1982 2732; x_wconf 90' lang='lat' dir='ltr'>Con-</span> 
     </span>
     <span class='ocr_line' id='line_1_124' title="bbox 1148 2748 1981 2790; baseline -0.006 -11"><span class='ocrx_word' id='word_1_1119' title='bbox 1148 2754 1249 2790; x_wconf 68' lang='lat' dir='ltr'>(agium.</span> <span class='ocrx_word' id='word_1_1120' title='bbox 1287 2751 1337 2778; x_wconf 88' lang='lat' dir='ltr'>Th.</span> <span class='ocrx_word' id='word_1_1121' title='bbox 1363 2751 1393 2778; x_wconf 83' lang='lat' dir='ltr'>C.</span> <span class='ocrx_word' id='word_1_1122' title='bbox 1417 2751 1488 2778; x_wconf 83' lang='lat' dir='ltr'><strong>XVI.</strong></span> <span class='ocrx_word' id='word_1_1123' title='bbox 1514 2753 1536 2778; x_wconf 85' lang='lat'>7.</span> <span class='ocrx_word' id='word_1_1124' title='bbox 1561 2761 1582 2777; x_wconf 94' lang='lat' dir='ltr'>c.</span> <span class='ocrx_word' id='word_1_1125' title='bbox 1603 2752 1627 2777; x_wconf 78' lang='lat'>3.</span> <span class='ocrx_word' id='word_1_1126' title='bbox 1652 2760 1692 2787; x_wconf 89' lang='lat' dir='ltr'>pr.</span> <span class='ocrx_word' id='word_1_1127' title='bbox 1718 2750 1740 2784; x_wconf 84' lang='lat'>5.</span> <span class='ocrx_word' id='word_1_1128' title='bbox 1765 2751 1788 2776; x_wconf 97' lang='lat' dir='ltr'>l.</span> <span class='ocrx_word' id='word_1_1129' title='bbox 1816 2748 1848 2775; x_wconf 83' lang='lat' dir='ltr'>dc</span> <span class='ocrx_word' id='word_1_1130' title='bbox 1870 2753 1981 2785; x_wconf 81' lang='lat' dir='ltr'>apostat.</span> 
     </span>
     <span class='ocr_line' id='line_1_125' title="bbox 1146 2790 1980 2830; baseline -0.004 -8"><span class='ocrx_word' id='word_1_1131' title='bbox 1146 2795 1188 2822; x_wconf 93' lang='lat' dir='ltr'>lIl.</span> <span class='ocrx_word' id='word_1_1132' title='bbox 1206 2797 1271 2823; x_wconf 74' lang='lat' dir='ltr'>Gn.</span> <span class='ocrx_word' id='word_1_1133' title='bbox 1295 2794 1353 2821; x_wconf 78' lang='lat' dir='ltr'>Etsi</span> <span class='ocrx_word' id='word_1_1134' title='bbox 1372 2796 1498 2821; x_wconf 89' lang='lat' dir='ltr'>iniustum</span> <span class='ocrx_word' id='word_1_1135' title='bbox 1517 2799 1596 2830; x_wconf 85' lang='lat' dir='ltr'>atque</span> <span class='ocrx_word' id='word_1_1136' title='bbox 1615 2792 1729 2820; x_wconf 84' lang='lat' dir='ltr'>dedecus</span> <span class='ocrx_word' id='word_1_1137' title='bbox 1748 2791 1851 2818; x_wconf 87' lang='lat' dir='ltr'>videtur</span> <span class='ocrx_word' id='word_1_1138' title='bbox 1870 2795 1918 2817; x_wconf 91' lang='lat' dir='ltr'>etc.</span> <span class='ocrx_word' id='word_1_1139' title='bbox 1943 2790 1980 2819; x_wconf 89' lang='lat' dir='ltr'>lb.</span> 
     </span>
     <span class='ocr_line' id='line_1_126' title="bbox 1147 2833 1981 2872; baseline -0.004 -8"><span class='ocrx_word' id='word_1_1140' title='bbox 1147 2837 1189 2865; x_wconf 93' lang='lat' dir='ltr'>VI.</span> <span class='ocrx_word' id='word_1_1141' title='bbox 1209 2839 1232 2863; x_wconf 70' lang='lat'>4.</span> <span class='ocrx_word' id='word_1_1142' title='bbox 1255 2848 1275 2864; x_wconf 93' lang='lat' dir='ltr'>c.</span> <span class='ocrx_word' id='word_1_1143' title='bbox 1297 2839 1336 2864; x_wconf 80' lang='lat'>17.</span> <span class='ocrx_word' id='word_1_1144' title='bbox 1358 2837 1390 2864; x_wconf 88' lang='lat' dir='ltr'>de</span> <span class='ocrx_word' id='word_1_1145' title='bbox 1409 2837 1493 2864; x_wconf 85' lang='lat' dir='ltr'>Praet.</span> <span class='ocrx_word' id='word_1_1146' title='bbox 1515 2841 1541 2863; x_wconf 86' lang='lat' dir='ltr'>et</span> <span class='ocrx_word' id='word_1_1147' title='bbox 1560 2836 1611 2872; x_wconf 82' lang='lat' dir='ltr'>Qu.</span> <span class='ocrx_word' id='word_1_1148' title='bbox 1649 2835 1712 2862; x_wconf 83' lang='lat' dir='ltr'>Sive</span> <span class='ocrx_word' id='word_1_1149' title='bbox 1730 2834 1852 2871; x_wconf 87' lang='lat' dir='ltr'>propriae</span> <span class='ocrx_word' id='word_1_1150' title='bbox 1870 2833 1981 2861; x_wconf 81' lang='lat' dir='ltr'>familiae</span> 
     </span>
    </p>
   </div>
   <div class='ocr_carea' id='block_1_13' title="bbox 1126 545 1133 2896">
    <p class='ocr_par' dir='ltr' id='par_1_21' title="bbox 1126 545 1133 2896">
     <span class='ocr_line' id='line_1_127' title="bbox 1126 545 1133 2896; baseline 0 0"><span class='ocrx_word' id='word_1_1151' title='bbox 1126 545 1133 2896; x_wconf 95' lang='lat' dir='ltr'> </span> 
     </span>
    </p>
   </div>
  </div>
 </body>
</html>
