2197 3121
299 166 363 197 442

300 248 367 285 pisci
385 249 569 285 permiserunt,
590 248 638 275 sed
657 253 682 275 et
701 250 874 276 necessitates
894 250 931 276 eis
951 250 1137 287 imposuerunt

300 296 350 318 etc.
370 291 400 317 sr.
419 293 443 317 3.
464 291 484 324 ξ.
504 292 528 317 3.
549 291 581 318 de
599 291 689 318 decur.
709 295 750 318 50.
769 294 793 318 2.

300 344 354 361 rem
368 335 429 371 pati,
443 333 549 367 donum,
568 344 671 363 munuS.
685 345 779 372 operas
793 336 891 373 imponi
908 337 939 367 ei,
959 337 1007 372 qui
1021 346 1053 363 ex
1066 336 1139 363 fidei-

301 377 433 403 commissi
452 387 529 403 causa
547 379 751 405 manumittatur.
776 378 806 405 sr.
826 380 867 405 47.
893 379 924 406 cf.
950 378 979 405 sr.
999 380 1023 405 2.
1047 389 1087 416 pr.
1107 378 1138 406 fr.

301 421 323 446 7.
343 420 364 452 ξ.
378 421 402 446 3.
422 419 455 446 (18
474 430 546 457 oper.
567 420 653 447 libert.
675 423 718 448 38.
738 423 761 448 1.
798 420 853 448 Nec
866 432 961 459 operae
980 422 1080 459 imponi
1093 422 1140 449 hu-

300 462 412 488 iusmodi
431 462 526 489 liberto
549 468 675 500 possunt,
700 474 748 491 nec
771 466 910 502 impositae
935 465 1082 501 exiguntur.
1106 464 1137 492 fr.

298 507 340 532 95.
360 504 393 531 de
412 505 486 540 legat.
507 505 525 532 Ι.
545 508 623 539 (30.)
665 507 741 543 Quae
759 507 847 534 liberti
866 509 989 545 imposita
1008 507 1138 535 libertatis

298 558 376 574 causa
394 553 536 586 praestant.
560 548 590 576 sr.
609 550 634 576 8.
659 549 691 576 (18
711 550 797 577 donat.
823 552 866 577 39.
886 553 909 578 5.
934 550 967 578 cf.
987 551 1017 578 fr.
1037 553 1078 578 44.
1098 562 1138 589 pr.

298 590 331 617 de
350 590 452 618 liberali
472 602 493 618 c.
512 594 554 618 40.
576 594 615 619 12.
653 593 804 629 Quadrans,
822 595 866 630 qui
885 594 977 621 heredi
994 595 1139 632 imponitur

297 634 389 671 ipsius.
410 633 440 661 sr.
459 636 502 661 49.
522 635 554 662 de
573 636 630 662 iure
648 636 714 663 fisci.
734 638 775 663 49.
792 638 831 663 14.
869 636 996 664 Conditio
1015 638 1138 675 imposita

297 676 383 703 alicui.
403 676 433 704 fr.
453 680 477 704 4.
497 678 519 712 §.
540 680 562 704 1.
583 678 616 705 de
634 679 722 706 hered.
747 681 808 706 inst.
828 681 872 706 28.
892 683 916 708 5.
953 679 1137 708 Iusiurandum

297 721 433 757 imponere
457 720 504 754 [al.
532 723 683 758 opponere]
711 722 816 749 liberto.
840 722 871 750 fr.
890 725 915 750 6.
940 724 961 758 §.
981 725 1006 750 4.
1030 722 1063 750 de
1081 724 1139 750 iure

296 768 363 800 patr.
382 765 424 791 37.
445 765 484 790 14.
523 765 591 800 Quia
616 764 738 792 venditor
762 782 795 786 —-
819 776 873 793 non
898 766 950 793 sibi
974 766 1032 793 vult
1055 766 1138 803 legem

296 807 404 844 imponi,
423 817 472 833 nec
490 813 593 844 potest,
613 808 661 834 sed
686 809 709 835 ei
733 810 778 846 qui
798 810 906 847 accepit.
926 809 957 837 fr.
977 812 1000 836 7.
1020 810 1042 844 §.
1061 812 1085 836 8.
1106 810 1139 837 (18

297 848 385 876 donat.
410 851 456 876 int.
476 849 508 877 V.
532 852 573 877 24.
599 852 621 878 1.
658 851 693 878 Et
716 852 850 880 vindicare
873 852 1013 886 interdum,
1033 853 1138 880 810118-

296 902 367 924 nare,
386 897 412 919 et
425 894 578 920 servitutem
593 894 701 931 praedio
715 896 851 933 imponere
865 906 1017 934 possumus.
1032 896 1062 924 fr.
1077 899 1138 923 205.

297 935 330 962 (18
348 935 379 962 R.
399 936 418 962 I.
437 938 479 962 50.
505 938 545 963 17.
572 937 604 963 cl.
628 936 658 964 fr.
679 940 737 965 105.
763 938 796 966 de
820 939 896 966 cond.
921 944 948 966 et
966 939 1033 967 dem.
1052 942 1094 967 35.
1115 942 1138 967 l.

296 978 348 1005 Vel
366 980 473 1016 imponi,
492 978 536 1005 vel
555 979 658 1016 adquiri
677 983 791 1008 servitus
810 987 901 1020 potest
918 982 1020 1017 (futuro
1033 993 1138 1020 quoque

296 1021 439 1058 aedilicio.)
458 1021 489 1049 fr.
508 1024 550 1049 23.
572 1022 594 1057 §.
615 1025 638 1050 1.
658 1023 691 1051 de
710 1024 738 1051 S.
757 1024 786 1051 P.
806 1025 838 1052 V.
857 1026 881 1052 8.
900 1028 924 1052 2.
945 1026 974 1052 fr.
993 1028 1036 1053 32.
1057 1026 1090 1053 de
1109 1025 1139 1053 S.

296 1064 324 1091 P.
344 1064 375 1091 R.
395 1066 419 1091 8.
438 1066 462 1091 3.
500 1064 536 1092 Vt
555 1067 664 1103 patiaris
683 1077 739 1094 eam
758 1069 921 1102 servitutem,
941 1079 1018 1106 quam
1037 1069 1137 1101 debuit,

295 1108 403 1145 imponi.
429 1108 460 1135 fr.
485 1109 509 1135 8.
534 1119 574 1146 pr.
598 1109 631 1136 de
653 1109 686 1136 Α.
710 1110 740 1137 Ε.
761 1110 792 1138 V.
818 1113 858 1138 19.
879 1114 901 1138 l.
945 1112 999 1148 Qui
1018 1123 1032 1139 a
1051 1113 1137 1150 capite

295 1150 395 1177 ducunt
414 1152 468 1185 (sc.
488 1154 610 1188 aquam,)
634 1153 677 1179 vel
702 1154 825 1191 imposita
849 1156 990 1188 servitute,
1015 1155 1058 1182 vel
1077 1157 1147 1193 quia*

295 1198 391 1231 putant
407 1195 567 1232 impositam.
592 1195 622 1222 fr.
644 1198 666 1223 1.
691 1197 713 1230 §.
732 1199 774 1224 39.
799 1197 832 1224 (18
856 1209 922 1235 aqna
942 1203 1014 1236 quot.
1033 1201 1075 1226 43.
1094 1201 1136 1226 20.

295 1237 336 1264 Ex
355 1238 411 1264 iure
430 1239 579 1275 impositam
602 1240 755 1266 servitutem
778 1241 870 1268 videri.
889 1241 921 1268 sr.
948 1243 970 1269 1.
995 1243 1018 1277 ξ.
1037 1244 1079 1269 23.
1104 1242 1137 1269 (18

296 1290 362 1316 aqua
382 1284 408 1306 et
426 1290 486 1317 aqu.
506 1281 542 1318 pl.
561 1283 603 1308 39.
622 1284 647 1308 3.
667 1299 699 1302 -
720 1284 750 1317 ξ.
772 1285 809 1311 5.
834 1287 1003 1318 ΑᾱΙιίὁει-ε,
1022 1287 1136 1313 Adtri-

295 1325 394 1349 buere.
431 1323 474 1350 111.
501 1325 567 1351 Cn.
599 1324 652 1361 Qui
672 1326 722 1352 sibi
747 1326 840 1354 falsum
859 1338 954 1355 nomen
972 1330 1135 1366 imposuerit.

296 1364 367 1392 Paul.
393 1365 424 1392 V.
448 1368 490 1393 25.
515 1367 536 1401 ς.
563 1369 602 1394 11.
641 1368 745 1404 Quibus
768 1370 838 1397 idem
861 1382 956 1398 nomen
975 1373 1135 1410 impositum.

296 1408 326 1435 l‘r.
347 1410 403 1435 106.
428 1408 460 1435 (18
479 1409 510 1435 V.
531 1410 564 1436 O.
583 1412 624 1437 45.
646 1414 667 1438 1.
708 1412 750 1439 An
772 1430 802 1434 —
823 1416 977 1442 constitutio
1001 1415 1035 1443 D.
1055 1415 1136 1442 Marci

295 1453 412 1489 imponat
431 1453 454 1478 ei
472 1452 638 1480 libertatem?
658 1455 688 1482 fr.
710 1458 732 1482 7.
757 1457 780 1490 §.
798 1458 821 1483 8.
842 1457 875 1484 de
894 1458 954 1485 don.
974 1459 1021 1486 int.
1041 1457 1073 1485 V.
1092 1461 1134 1486 24.

296 1496 318 1521 l.
356 1494 485 1521 Voluntas
504 1497 609 1523 maioris
634 1498 780 1526 venditoris
799 1500 946 1528 libertatem
965 1502 1084 1539 imponit.
1103 1502 1135 1529 fr.

297 1539 336 1564 ll.
355 1538 377 1571 ξ.
399 1540 420 1564 l.
441 1538 472 1565 de
491 1540 583 1566 minor.
603 1542 627 1567 4.
647 1543 670 1568 4.
708 1542 737 1569 111
760 1544 917 1580 imponenda
943 1546 1044 1571 ratione
1068 1545 1134 1582 legis

295 1579 426 1607 Falcidiae
446 1583 535 1615 (omne
554 1593 598 1609 aes
617 1584 729 1611 alienum
750 1586 910 1620 deducitur.)
930 1598 952 1614 c.
972 1589 995 1615 6.
1014 1599 1054 1626 pr.
1075 1599 1094 1615 c.
1109 1590 1133 1615 8.

295 1622 327 1649 ad
345 1622 375 1649 L.
396 1623 466 1652 Falc.
490 1627 513 1652 6.
538 1628 579 1652 50.
623 1626 658 1653 Vt
681 1630 810 1655 sententia
833 1629 936 1666 legibus
959 1637 1133 1658 consentanea

295 1667 451 1703 imponatur.
477 1668 524 1695 Iul.
550 1679 589 1706 ep.
615 1679 674 1697 nov.
700 1681 720 1698 c.
745 1673 786 1698 69.
811 1673 832 1707 §.
857 1675 916 1700 248.
937 1690 969 1694 -
989 1674 1020 1707 δ.
1041 1675 1078 1702 5.
1090 1676 1133 1702 Α.

294 1711 470 1744 Exercere,
495 1713 647 1747 Exsequi.
683 1713 727 1741 Ill.
748 1716 814 1742 (1η.
835 1716 898 1751 Qui,
925 1718 1047 1754 imposita
1066 1717 1134 1754 fuga,

294 1762 400 1779 munera
424 1769 456 1773 —
481 1754 636 1783 destituunt.
661 1756 711 1783 Th.
737 1757 767 1784 C.
792 1758 834 1785 111.
861 1761 882 1786 1.
909 1770 930 1786 c.
954 1761 978 1787 8.
998 1760 1032 1787 de
1050 1766 1133 1788 contr.

295 1800 354 1822 emt.
373 1812 406 1816 —-
425 1797 456 1831 ξ.
478 1799 516 1824 6.
537 1800 736 1835 I’raeficere.
757 1800 775 1827 l.
792 1802 854 1837 Sy.
885 1801 1051 1841 Praeponere
1070 1805 1134 1835 (ma-

294 1839 404 1873 gistrum
431 1841 490 1867 navi
519 1843 584 1875 etc.)
612 1842 643 1869 sr.
670 1845 690 1870 l.
716 1853 755 1881 pr.
780 1845 818 1879 ἒξ.
837 1846 861 1871 2.
881 1855 940 1882 sqq.
970 1846 1002 1874 de
1027 1849 1133 1874 exercit.

297 1883 336 1907 14.
357 1883 379 1908 1.

330 1926 560 1958 Importare.
581 1928 611 1961 ἓ.
633 1930 668 1956 l.
688 1931 860 1963 Invehere,
881 1933 1018 1967 [nferre.
1038 1932 1133 1968 [Sy.

295 1966 414 1994 Deferre.
434 1968 475 1995 Cf.
495 1969 519 1996 11.
540 1980 563 1997 v.
587 1972 609 2005 ξ.
630 1974 652 1998 1.
689 1972 796 2000 lnl'erre.
829 1974 869 2001 Cs.
893 1985 917 2001 v.
942 1975 1052 2003 lllatum.
1088 1976 1132 2003 111.

295 2011 361 2037 Cn.
386 2011 565 2049 Quaecunque
588 2015 614 2040 iu
638 2016 744 2052 praedia
764 2033 796 2036 -
815 2017 933 2050 inducta,
953 2019 1068 2051 invecta,
1088 2020 1134 2046 im-

294 2057 405 2090 portata,
424 2055 460 2081 ibi
480 2061 546 2089 nata,
566 2063 687 2094 paratave
701 2065 797 2086 essent.
818 2060 848 2087 fr.
861 2063 902 2088 32.
924 2061 956 2088 de
975 2063 1077 2099 pignor.
1090 2065 1131 2089 20.

298 2097 318 2122 1.
338 2096 368 2123 fr.
390 2099 428 2124 14.
450 2099 501 2134 Qu.
521 2101 590 2127 mod.
611 2103 680 2138 pign.
699 2105 741 2129 20.
761 2104 784 2130 6.
806 2103 835 2130 1’1·.
852 2106 874 2131 l.
893 2115 932 2142 pr.
953 2104 985 2132 de
1003 2107 1076 2142 migr.
1089 2108 1131 2132 43.

295 2140 336 2165 32.
373 2140 448 2175 Quae
466 2143 492 2169 vi
512 2143 626 2171 fluminis
651 2146 788 2182 importata
813 2152 880 2174 sunt.
907 2147 936 2175 fr.
956 2150 980 2175 9.
1005 2149 1027 2182 §
1054 2150 1076 2175 l.
1100 2149 1133 2175 de

296 2181 380 2208 damn.
400 2184 444 2210 ins.
463 2187 504 2212 39.
524 2188 548 2213 2.
570 2203 601 2207 -
621 2188 651 2221 §.
677 2190 712 2216 2.
745 2191 919 2217 Intendere.
956 2191 975 2218 1.
1001 2192 1063 2226 Sy.
1081 2192 1133 2219 Ex-

295 2226 384 2261 periri,
404 2227 541 2256 Actionem
561 2231 709 2267 importare.
730 2231 760 2258 sr.
782 2234 821 2259 ll.
842 2234 863 2266 §.
883 2236 907 2259 2.
928 2233 960 2260 de
980 2234 1074 2261 divort.
1090 2237 1132 2262 24.

295 2270 319 2294 2.
356 2269 496 2297 Accusare.
517 2272 624 2300 Crimen
644 2275 705 2312 imp.
725 2276 755 2302 fr.
773 2278 812 2302 14.
832 2277 853 2310 §.
868 2278 892 2302 4.
912 2277 945 2303 de
964 2277 1025 2304 bon.
1045 2278 1132 2305 libert.

295 2313 337 2337 3⁸.
357 2314 382 2338 2.
403 2313 431 2339 l'r.
453 2315 476 2339 9.
497 2315 518 2347 ξ.
541 2317 562 2342 1.
583 2317 616 2343 (18
637 2318 754 2345 statulib.
774 2321 816 2345 40.
836 2321 857 2345 7.
879 2336 910 2339 —
931 2321 961 2353 §.
982 2322 1020 2348 3.
1044 2323 1133 2348 Irro-

293 2365 385 2389 gare,
416 2358 611 2386 conciliare.
649 2361 665 2387 l.
687 2362 748 2396 Sy.
780 2362 897 2398 lrrogare
922 2363 1082 2396 (infamiam,
1111 2374 1131 2391 s.

296 2398 484 2433 ignominiam.)
505 2400 533 2427 sr.
553 2405 594 2428 22.
620 2403 652 2429 (18
672 2404 695 2430 11.
721 2415 763 2441 qu.
790 2410 843 2432 not.
863 2406 949 2432 infam.
969 2408 993 2433 3.
1012 2409 1036 2434 2.
1057 2407 1087 2434 t'r.
1107 2410 1131 2434 5.

297 2440 329 2465 de
348 2440 480 2469 (lovinion.
501 2445 542 2470 50.
560 2448 585 2471 2.
622 2445 664 2472 111,
685 2449 750 2474 (7η.
780 2448 889 2485 Aliquid
909 2451 1049 2487 importare
1068 2451 1132 2476 iniu—

296 2484 349 2509 rias·
368 2485 563 2517 (sacerdotibus
583 2490 645 2521 ete.)
665 2489 713 2516 Th.
729 2490 760 2517 C.
773 2491 844 2518 XVI.
863 2494 887 2518 2.
907 2502 929 2519 c.
942 2494 983 2519 31.
1004 2492 1036 2519 de
1051 2494 1130 2530 episc.

296 2527 359 2553 eccl.

333 2572 565 2604 'lnportuntu
602 2574 715 2607 (Advb.)
754 2578 935 2612 perperam.
973 2578 991 2604 l.
1008 2579 1069 2612 Sy.
1093 2578 1132 2604 ln—

298 2616 452 2649 tempestive
480 2615 511 2642 11.
535 2618 571 2643 17.
592 2618 614 2651 §.
632 2619 656 2644 3.
677 2619 805 2645 commod,
826 2623 864 2647 13.
885 2622 908 2647 6.
944 2621 1059 2647 Inaniter
1078 2621 1132 2653 (ad-

297 2655 416 2690 pellare.)
436 2658 485 2684 Th.
507 2659 537 2685 C.
557 2660 601 2687 Xl.
620 2662 662 2687 36.
682 2671 703 2688 c.
725 2663 746 2688 1.
768 2672 788 2688 c.
807 2664 848 2689 26.
869 2664 945 2699 Quor
957 2674 1016 2702 app.
1031 2674 1054 2690 n.
1068 2674 1119 2691 rec.

333 2701 618 2733 uapor-trinitas,
658 2705 828 2737 Molestia,
853 2707 997 2734 1'e1atio.
1030 2706 1048 2733 1.
1068 2708 1130 2741 Sy·

297 2741 391 2767 Gravis
416 2744 607 2780 importunitas.
645 2747 789 2774 Matr-stiae.
821 2748 857 2774 lb.
878 2747 932 2775 Vll.
958 2751 981 2776 7.
1006 2760 1026 2776 8.
1051 2752 1074 2775 5.
1099 2749 1131 2776 de

296 2786 409 2821 pascuis.
429 2787 497 2814 XIV.
521 2791 558 2815 15.
581 2800 601 2816 c.
622 2792 645 2816 4.
665 2800 704 2827 pr.
731 2790 764 2817 de
783 2801 838 2817 can.
858 2791 931 2817 frum.
951 2792 1008 2818 urb.
1028 2792 1058 2818 R.
1078 2792 1131 2818 Mo-

297 2828 407 2855 ratoriae
430 2829 582 2865 dilationes,
608 2832 841 2872 srustratoriacque
868 2850 900 2854 —
928 2834 1129 2861 ludificationes.

1120 167 1205 198 IMP.

1159 249 1406 288 3Importunitate8.
1437 251 1476 279 lb.
1499 252 1545 279 Xl.
1574 254 1616 280 36.
1646 263 1668 280 c.
1697 255 1720 280 l.
1749 265 1770 281 c.
1800 257 1823 282 7.
1855 256 1937 292 Quor.
1962 267 2023 294 app.

836 292 897 319 Non
916 292 1012 319 debere
1031 292 1138 320 Praetu·
1159 298 1161 322 1
1183 303 1208 320 n.
1227 303 1280 320 rec.

1218 337 1478 370 Importunas.
1510 338 1640 372 (Adiect.)
1678 341 1949 375 Intempestivux,
1969 345 2024 370 In-

1183 382 1380 406 convenien&
1417 380 1460 408 ΠΙ.
1486 383 1552 409 Gn.
1572 382 1702 419 Quisquis
1722 383 1857 420 praedium
1876 400 1907 404 —
1926 386 2023 422 impor-

1184 427 1262 449 tunus
1281 423 1424 450 intraverit.
1444 423 1495 452 Th.
1514 425 1546 452 C.
1566 425 1621 452 Vll.
1640 427 1664 453 8.
1685 436 1705 453 c.
1725 428 1748 453 7.
1769 426 1801 453 de
1820 431 1906 454 metat.
1924 428 2024 466 Impon-

1184 470 1245 492 tuna
1273 470 1300 492 ct
1327 466 1475 503 respuenda
1503 477 1652 505 reposcere.
1682 480 1702 496 c.
1730 471 1752 496 1.
1781 469 1814 496 de
1838 470 1909 498 fund.
1933 471 2021 499 limitr.

1185 510 1224 535 ll.
1243 510 1287 535 59.

1219 552 1492 585 Impositicius.
1522 553 1651 588 (Adiect.)
1688 556 1719 589 §.
1738 556 1773 582 1.
1793 558 1841 582 Aa
1858 558 2023 591 imponen-

1183 596 1267 627 dum,
1290 605 1312 622 v.
1337 599 1630 630 superponendum,
1655 605 1760 633 aptus.
1801 598 1844 626 ΙΙΙ.
1865 600 1931 627 Gn.
1956 598 2023 627 Can-

1184 636 1260 669 thari,
1279 647 1327 675 per
1347 648 1413 675 quos
1433 649 1516 676 aquae
1541 639 1653 674 saliunt,
1673 657 1705 661 —
1724 642 1835 668 maxime
1853 642 1877 668 si
1895 642 2024 679 impositi-

1183 681 1217 706 cii
1236 679 1280 714 [al.
1299 681 1459 718 imposititii]
1480 683 1541 709 sint.
1561 682 1591 709 fr.
1611 685 1652 710 41.
1671 685 1693 718 §.
1708 686 1749 711 11.
1769 684 1802 711 de
1821 684 1896 721 legat.
1916 684 1934 711 1.
1954 685 2023 718 (30.)

1183 739 1215 743 -
1229 723 1261 757 §.
1274 725 1309 751 Β.
1322 726 1372 751 ΕΞ
1390 726 1617 760 impositione,
1636 737 1656 753 11.
1675 730 1929 759 constitutione,
1947 738 2022 763 pro-

1176 767 1298 802 fectus.
1328 766 1347 794 l.
1360 768 1422 802 Sy.
1443 768 1511 795 Cum
1530 769 1598 805 quis,
1617 774 1789 807 posteaquam
1807 772 1962 798 servitutem
1981 781 2022 798 ae-

1182 808 1260 836 dibus
1279 810 1335 836 suis
1354 810 1492 848 imposuit,
1518 817 1608 839 contra
1628 814 1782 840 servitutem
1801 813 1871 840 fecit.
1891 813 2022 851 Impositi-

1183 853 1222 879 cia
1241 862 1319 879 causa
1338 853 1440 890 (operis
1459 855 1522 881 novi
1540 856 1738 891 nunciationis.)
1756 856 1788 883 fr.
1808 859 1832 884 5.
1852 858 1873 892 ξ.
1891 858 1916 884 9.
1935 856 1968 883 (18
1987 856 2022 884 Ο.

1182 894 1215 922 Ν.
1235 894 1266 922 Ν.
1286 897 1328 922 39.
1348 898 1372 923 l.

1217 939 1428 973 Impositio.
1464 941 1496 974 ξ.
1515 942 1550 968 1.
1569 943 1668 969 Actus
1687 944 1887 977 imponendi,
1908 945 2022 978 Adpli-

1182 983 1279 1009 catio.
1314 981 1358 1009 III.
1378 984 1445 1010 0¹11.
1476 983 1655 1011 medicaminis
1675 985 1755 1018 datio,
1774 985 1817 1013 vel
1835 987 1978 1023 impositio.
1998 996 2021 1013 c.

1182 1025 1224 1051 28.
1243 1035 1283 1062 pr.
1304 1025 1337 1052 (18
1355 1031 1458 1053 testam.
1478 1031 1504 1053 et
1523 1028 1640 1064 quemad.
1660 1029 1684 1054 6.
1703 1030 1744 1054 23.
1782 1028 1921 1056 Vindictae
1940 1030 2022 1066 impo-

1182 1069 1253 1094 sitio.
1274 1079 1294 1095 c.
1314 1070 1339 1095 2.
1358 1070 1380 1095 si
1400 1068 1458 1096 adv.
1478 1069 1565 1097 libert.
1583 1073 1608 1098 2.
1626 1073 1669 1097 31.
1693 1087 1726 1091 —
1751 1072 1782 1104 §.
1802 1073 1838 1099 2.
1862 1074 2022 1099 Exue-tio-

1181 1113 1231 1138 nis
1246 1122 1357 1146 genus.
1376 1112 1419 1139 III.
1435 1113 1501 1140 (In.
1522 1112 1626 1148 Quodsi
1645 1122 1697 1140 non
1716 1115 1872 1145 inveniatur,
1892 1116 2023 1153 (111111138-

1181 1153 1278 1180 dictam
1295 1156 1424 1192 suscipiat
1446 1157 1657 1193 possessionem,
1675 1156 1719 1183 vel
1743 1157 1794 1184 alio
1818 1157 1896 1185 modo
1915 1159 2022 1196 imposi-

1181 1198 1218 1224 tio
1237 1198 1420 1235 sivffiinicctio
1443 1199 1506 1226 item
1530 1199 1673 1227 differatur.
1696 1199 1744 1227 lul.
1768 1211 1808 1238 ep.
1833 1210 1892 1228 nov.
1919 1211 1940 1228 c.
1961 1202 2020 1228 124.

1181 1241 1202 1275 §.
1222 1242 1282 1268 548.

1216 1285 1477 1318 Inlpossibilis.
1492 1285 1622 1319 (Adiect.)
1635 1287 1698 1319 Qui
1715 1288 1857 1314 existere
1875 1297 1935 1314 non
1946 1294 2021 1321 po!-

1179 1334 1234 1354 est.
1269 1327 1288 1354 I.
1309 1330 1371 1363 Sy.
1391 1328 1466 1364 Quae
1485 1330 1608 1361 existere,
1628 1339 1648 1356 s.
1669 1339 1717 1366 per
1735 1339 1821 1356 rerum
1841 1334 1959 1356 naturam
1978 1329 2020 1356 ad-

1179 1371 1256 1403 mitti,
1275 1381 1328 1398 non
1348 1376 1445 1409 potest,
1464 1371 1641 1409 Impossibilis
1662 1372 1814 1406 (conditio.)
1840 1372 1896 1400 Gai.
1915 1372 1958 1399 111.
1977 1373 2019 1399 98.

1179 1413 1252 1440 Paul.
1275 1414 1317 1441 III.
1342 1417 1366 1441 4.
1390 1415 1420 1441 B.
1446 1415 1468 1449 §.
1495 1417 1519 1442 1.
1556 1415 1586 1442 Π.
1611 1417 1678 1450 Op.
1707 1415 1864 1448 possibilis,
1888 1415 1968 1442 Vtilis
1994 1420 2021 1442 et.

1180 1467 1307 1495 praesens
1330 1458 1491 1492 (conditio.)
1512 1458 1583 1486 Paul.
1603 1458 1619 1485 l.
1640 1458 1657 1485 1.
1676 1458 1706 1485 1“1·.
1727 1461 1750 1485 7.
1774 1458 1805 1485 fr.
1826 1460 1883 1486 137.
1902 1459 1923 1492 §.
1943 1459 1966 1485 6.
1987 1457 2021 1485 de

1180 1500 1212 1527 V.
1233 1500 1266 1527 O.
1286 1502 1327 1528 45.
1349 1503 1371 1528 1.
1407 1501 1451 1528 111.
1477 1503 1544 1529 Cn.
1571 1501 1600 1528 Si
1621 1507 1673 1528 tam
1692 1501 1841 1534 disticilem⁷
1865 1503 1916 1528 imo
1935 1511 2021 1538 paene

1180 1544 1381 1581 impossibilem,
1401 1544 1579 1571 conditionem
1599 1544 1731 1571 adiecerit.
1750 1544 1780 1572 fr.
1795 1546 1818 1572 4.
1838 1544 1860 1578 §.
1876 1546 1898 1571 l.
1919 1544 1952 1571 de
1969 1549 2020 1570 sta-

1180 1587 1255 1614 tulib.
1275 1589 1316 1614 40.
1337 1589 1360 1614 7.
1397 1588 1443 1620 Ea,
1464 1598 1530 1624 quae
1549 1587 1605 1614 dari
1618 1587 1793 1625 impossibilia
1807 1592 1877 1620 sunt,
1896 1586 1939 1613 vel
1953 1596 2020 1623 quae

1179 1631 1206 1656 in
1229 1640 1316 1657 rerum
1339 1635 1431 1657 natura
1455 1641 1508 1657 non
1531 1635 1600 1657 sunt.
1625 1630 1656 1657 l'r.
1682 1633 1739 1657 135.
1764 1630 1796 1657 de
1819 1630 1850 1657 R.
1874 1630 1892 1657 I.
1915 1632 1956 1657 50.
1978 1631 2019 1656 17.

1179 1672 1237 1699 Nisi
1256 1674 1291 1700 ita
1312 1674 1465 1700 coniunctae
1484 1674 1670 1710 possessiones
1690 1675 1751 1706 sint,
1771 1689 1803 1693 —
1822 1678 1851 1700 ut
1869 1672 2020 1710 impossibi-

1178 1715 1231 1743 lem
1253 1718 1445 1753 separationem
1469 1716 1610 1743 effecerint.
1639 1716 1669 1743 fr.
1690 1719 1712 1744 1.
1741 1718 1763 1751 ξ.
1785 1718 1824 1743 12.
1850 1716 1882 1743 de
1906 1720 2018 1754 separat.

1178 1761 1219 1786 42.
1239 1761 1263 1786 6.
1288 1759 1319 1786 cf.
1344 1759 1374 1786 fr.
1398 1762 1440 1786 55.
1465 1759 1525 1786 fam.
1550 1760 1641 1786 ercisc.
1669 1761 1708 1786 10.
1728 1762 1752 1786 2.
1790 1758 1829 1786 Ne
1853 1758 2020 1796 impossibile

1178 1802 1443 1839 iniungaturtutelae
1461 1812 1564 1834 munus,
1584 1802 1654 1839 quod
1669 1802 1737 1829 obiri
1750 1813 1764 1829 a
1776 1802 1873 1829 liberto
1893 1812 1945 1828 non
1960 1806 2018 1839 pot-

1179 1850 1227 1872 est.
1247 1845 1278 1872 sr.
1297 1848 1338 1872 45.
1363 1846 1385 1879 §.
1406 1847 1430 1872 4.
1454 1845 1488 1872 (18
1506 1851 1633 1872 excusatt.
1652 1847 1694 1872 27.
1716 1848 1738 1872 1.
1776 1844 1953 1883 Impossibile,
1971 1854 2018 1871 no-

1178 1890 1294 1926 strisque
1315 1888 1417 1925 legibus
1437 1890 1598 1926 incognitum
1622 1893 1669 1915 est.
1697 1899 1718 1915 c.
1742 1891 1783 1915 21.
1808 1889 1840 1915 (18
1863 1888 1924 1915 furt.
1949 1889 1973 1914 6.
1991 1889 2016 1913 2.

1178 1932 1228 1959 Vel
1245 1932 1348 1969 legibus
1367 1931 1545 1965 interdictum,
1563 1932 1606 1959 vel
1619 1931 1683 1958 alias
1697 1931 1864 1969 probrosum,
1883 1930 1926 1958 vel
1939 1931 2015 1957 etiam

1177 1975 1350 2013 impossibile.
1371 1985 1392 2002 c.
1408 1977 1429 2001 l.
1450 1975 1482 2002 de
1501 1975 1525 2002 11.
1545 1985 1587 2012 (111.
1608 1985 1684 2012 poen.
1704 1985 1772 2001 nom.
1786 1977 1810 2001 5.
1823 1976 1866 2001 41.
1901 1973 1956 2000 Sub
1970 1974 2016 1999 im-

1177 2018 1301 2056 possibili
1324 2018 1487 2051 conditione,
1512 2018 1555 2045 vcl
1577 2018 1628 2045 alio
1652 2017 1760 2050 mendo,
1784 2017 1850 2043 sacta
1874 2017 2014 2043 institutio.

1178 2062 1207 2088 fr.
1230 2064 1251 2088 l.
1271 2061 1303 2088 de
1322 2061 1398 2088 cond.
1419 2062 1479 2087 inst.
1498 2062 1540 2087 28.
1561 2063 1583 2087 7.
1626 2060 1731 2086 Nullius
1751 2060 1875 2086 momenti
1894 2058 1950 2085 sore
1969 2060 2015 2086 sti-

1177 2105 1346 2142 pulationem,
1365 2103 1477 2141 proinde
1495 2113 1525 2129 ac
1543 2104 1566 2129 si
1586 2113 1613 2129 ea
1629 2103 1753 2134 conditio,
1774 2112 1840 2138 quae
1859 2107 1949 2129 natura
1969 2103 2015 2129 im-

1176 2147 1314 2185 possibilis
1334 2152 1382 2178 est.
1401 2148 1498 2173 inserta
1518 2151 1596 2173 esset.
1617 2146 1647 2172 fr.
1668 2147 1726 2172 137.
1746 2146 1767 2179 ᾗ.
1787 2146 1811 2171 6.
1831 2144 1863 2171 (18
1878 2145 1908 2172 V.
1924 2145 1956 2172 Ο.
1971 2147 2014 2173 45.

1178 2193 1200 2217 1.
1236 2190 1404 2227 Impossibile
1427 2195 1482 2218 est.
1507 2191 1574 2216 scire
1600 2194 1648 2215 etc.
1672 2188 1702 2215 l'r.
1722 2190 1746 2214 2.
1771 2188 1803 2214 dc
1822 2187 1847 2214 h.
1868 2198 1910 2225 qu.
1931 2187 2013 2216 deiec.

1176 2235 1200 2260 9.
1219 2235 1244 2260 3.
1281 2233 1448 2270 Impossibile
1473 2237 1526 2265 est,
1550 2237 1578 2259 ut
1602 2237 1650 2259 etc.
1674 2231 1704 2258 sr.
1726 2233 1748 2257 l.
1772 2231 1794 2264 ξ.
1815 2232 1836 2257 7.
1863 2231 1894 2258 de
1914 2231 2013 2258 flumin.

1177 2278 1218 2303 43.
1238 2279 1278 2303 12.
1314 2276 1519 2313 Impossibilium
1539 2275 1609 2302 nulla
1633 2274 1756 2309 obligatio
1781 2279 1829 2300 est.
1851 2274 1881 2300 l'r.
1902 2276 1960 2301 185.
1980 2274 2014 2301 de

1177 2319 1207 2346 R.
1227 2319 1245 2346 l.
1265 2322 1306 2346 50.
1328 2321 1367 2346 17.
1642 2320 1644 2325 ’

1212 2362 1515 2396 Impossibilitas.
1551 2362 1673 2387 Exitus
1704 2362 1931 2394 impossibilis.
1968 2360 2011 2387 111.

1177 2407 1243 2434 Cn.
1262 2405 1313 2437 Ne,
1335 2405 1395 2431 dum
1418 2406 1444 2431 in
1463 2404 1593 2430 infinitum
1613 2403 1771 2439 computatio
1792 2402 1938 2435 reducitur,
1962 2413 2011 2440 pro

1176 2459 1222 2475 sua
1236 2447 1456 2485 impossibilitate,
1470 2446 1551 2473 cadat.
1572 2456 1592 2472 8,
1611 2448 1630 2472 l.
1650 2445 1682 2472 (1(-
1702 2450 1767 2472 seut.
1788 2455 1831 2482 qu.
1850 2454 1899 2482 pro
1919 2455 1949 2472 eo
1967 2456 2009 2482 qu.

1175 2493 1220 2518 int.
1241 2493 1263 2518 7.
1283 2493 1324 2517 47.

1211 2534 1410 2568 Impostor·
1447 2532 1634 2566 Decipieus,
1654 2533 1850 2559 Insidiator.
1887 2530 1930 2558 Ill.
1943 2532 2007 2559 οη.

1176 2577 1284 2608 Gulosi,
1302 2577 1473 2612 impostores,
1497 2579 1540 2601 aut
1563 2574 1714 2606 mendaces,
1734 2578 1777 2600 aut
1796 2573 1912 2609 litigiosi.
1933 2573 1963 2600 sr.
1982 2574 2006 2598 4.

1175 2621 1197 2653 ξ.
1210 2622 1235 2647 2.
1255 2619 1287 2646 de
1306 2617 1392 2645 Aedil.
1412 2617 1489 2644 edict.
1508 2619 1550 2644 21.
1568 2619 1588 2643 l.
1627 2617 1655 2643 Si
1675 2617 1824 2647 incantavit,
1844 2617 1866 2643 si
1885 2617 2007 2653 impreca-

1176 2669 1218 2690 tus
1237 2667 1286 2693 est,
1305 2662 1327 2687 si
1347 2664 1388 2692 (ut
1406 2659 1504 2695 vulgari
1524 2660 1605 2687 verbo
1620 2661 1793 2696 impostorum
1812 2660 1891 2692 utar‚)
1909 2659 2007 2685 exorci-

1175 2707 1250 2732 zavit.
1269 2704 1300 2731 fr.
1322 2705 1343 2730 l.
1363 2704 1383 2737 ξ.
1404 2705 1427 2730 3.
1449 2703 1480 2729 de
1500 2708 1565 2730 extr.
1585 2712 1658 2739 cogn.
1677 2704 1718 2729 50.
1739 2704 1778 2729 13.

1178 2745 1181 2747 ’
1210 2748 1438 2781 lmpostura.
1463 2747 1704 2773 Circumventio
1721 2746 1866 2780 gravior.
1885 2742 2006 2771 1110„-

1175 2792 1203 2817 Si
1223 2791 1282 2826 quis
1301 2791 1471 2826 imposturam
1489 2789 1593 2820 fecerit,
1616 2788 1659 2815 vel
1682 2787 1852 2814 collusionem
1871 2787 1897 2812 in
1916 2796 2006 2813 necem

1174 2834 1290 2865 alterius,
1309 2832 1476 2859 stellionatus
1495 2832 1593 2869 poterit
1612 2830 1748 2868 postulari.
1767 2829 1797 2856 fr.
1815 2830 1839 2855 3.
1859 2827 1880 2862 §.
1903 2830 1924 2855 l.
1945 2829 2005 2856 stel-
