2197 3121
285 178 348 209 236

287 260 347 296 Qua
366 261 433 286 enim
453 269 513 286 cura
533 265 575 286 aut
595 259 728 295 diligentia
748 260 875 296 consequi
893 268 1050 297 possumus,
1076 258 1126 291 (ne

287 303 382 339 aliquis
402 302 523 329 danmum
547 303 623 329 uobis
649 303 742 329 iniuria
766 301 845 336 deff)
879 302 910 329 fr.
932 304 971 329 19.
996 301 1124 328 commod.

288 348 328 372 13.
347 348 371 372 6.
409 345 513 381 Quibus
533 351 560 372 ut
579 346 690 382 primum
713 346 886 383 prospiciam.
911 356 943 371 ne
963 350 1011 371 etc.
1031 361 1064 364 —
1084 355 1126 371 cu-

287 399 330 415 rae
349 388 459 415 habebo.
490 388 519 414 fr.
539 391 580 414 2⁸.
605 387 697 425 depos.
726 390 765 415 16.
784 390 808 415 3.

287 476 328 500 42.
347 476 371 500 5.
397 474 426 501 sr.
449 477 470 500 l.
491 485 529 511 pr.
551 474 583 500 de
601 479 692 501 ventre
712 476 738 501 in
758 484 830 511 poSS.
849 476 891 500 37.
911 475 934 500 9.
979 474 1059 510 Quod
1078 484 1125 500 sua

287 527 346 543 cura
365 522 443 554 atque
462 527 540 554 opera
561 522 719 544 consecutus
739 522 818 543 esset.
844 516 873 543 fr.
888 518 929 544 36.
949 517 1026 543 locat.
1047 519 1087 544 19.
1100 520 1124 544 2.

285 559 411 591 Fructus,
431 570 498 596 quos
517 561 643 598 percepit.
664 561 720 586 eius
740 570 807 591 esse,
827 569 875 596 pro
895 559 996 586 cultura
1017 564 1041 586 et
1055 570 1124 586 cura.

285 603 308 636 5.
327 604 368 629 35.
388 603 406 629 l.
426 603 458 629 (le
477 602 507 629 R.
529 603 561 630 D.
581 606 604 630 2.
627 605 649 630 l.

286 647 367 671 crevit
386 646 496 677 infans).
525 646 555 673 sr.
578 648 616 673 13.
637 646 669 673 dc
690 645 764 672 cond.
785 646 845 672 furt.
867 647 907 672 13.
928 647 950 672 l.
976 662 1008 666 ——
1037 647 1067 679 §-
1088 647 1123 673 2·

286 690 458 721 Custodia,
478 691 607 722 Cultus,
629 691 776 716 Curatio.
814 688 845 715 II.
862 690 928 722 Op.
948 688 1076 715 Praesens
1095 700 1125 715 ac

284 733 453 758 momentaria
472 742 540 759 cura.
566 749 597 752 —
622 732 754 758 Menstrua
775 736 852 768 atque
871 741 955 758 annua
974 742 1061 758 onera.
1093 731 1123 758 fr.
1146 759 1147 762 ,

284 777 308 800 8.
328 774 361 800 dc
380 774 448 801 alim.
468 785 492 801 v.
514 775 592 802 cibar.
616 777 657 801 34.
680 777 702 801 1.
743 774 784 800 111.
805 776 871 802 (7η.
899 774 966 807 Res.
990 784 1055 812 quas
1074 774 1123 801 sub

285 827 345 843 cura
364 828 411 844 sua
429 817 520 844 habuit
539 818 688 851 (libertus).
725 817 883 853 Argentum,
904 817 975 854 quod
994 817 1042 844 sub
1063 828 1124 844 cura

284 861 340 886 eius
360 862 409 893 (sc.
430 862 512 893 servi)
533 866 610 887 esset.
635 860 664 887 sr.
686 862 726 887 77.
745 861 767 894 5.
787 863 829 887 21.
849 861 882 887 de
900 860 976 898 legat.
996 861 1026 888 II.
1047 862 1122 894 (31.)

284 902 314 929 fr.
333 905 375 930 22.
396 903 428 930 dc
446 914 557 930 manum.
578 908 637 930 test.
662 905 703 929 40.
723 905 746 929 4.
784 903 840 929 Sub
860 914 920 930 cura
941 904 1057 931 eiusdem
1076 903 1124 930 vil-

283 945 328 972 lici
347 947 520 983 (praedium).
541 946 571 973 sr.
590 948 632 973 35.
651 947 673 980 5.
695 948 717 972 1.
737 945 770 973 de
788 946 864 983 legat.
879 946 921 973 III.
942 948 1009 980 (32.)
1047 946 1123 973 Tem-

282 1033 324 1058 50.
344 1032 365 1065 5.
388 1034 408 1058 l.
438 1032 469 1059 cf.
495 1032 524 1059 i'r.
543 1035 584 1059 22.

282 1075 313 1108 §.
337 1076 373 1101 3.
403 1077 681 1107 Administratio,
701 1077 912 1103 Prot-uratia.
949 1075 966 1102 I.
987 1077 1049 1110 Sy.
1072 1075 1121 1102 Po-

283 1122 364 1144 testas
384 1122 409 1144 et
428 1117 577 1155 dispositio.
606 1118 655 1145 Th.
681 1118 712 1145 C.
733 1118 750 1145 I.
771 1122 794 1145 δ.
816 1129 837 1145 c.
856 1120 880 1145 3.
900 1118 1004 1152 (ch.)
1025 1118 1057 1145 de
1075 1119 1119 1145 off.

281 1160 391 1196 Quaest.
434 1161 644 1188 Administratio.
673 1161 710 1188 lb.
735 1161 778 1188 VI.
802 1164 843 1188 22.
872 1172 893 1188 c.
919 1163 941 1188 l.
970 1161 1003 1188 de
1026 1162 1119 1188 bonor.

279 1246 442 1273 Procuratio.
477 1246 507 1273 fr.
526 1249 550 1274 3.
574 1248 596 1281 5.
616 1249 639 1274 4.
669 1249 720 1283 Qu.
745 1249 770 1274 vi
795 1253 839 1274 aut
862 1247 893 1274 cl.
919 1249 959 1274 43.
979 1250 1021 1275 24.

279 1294 413 1327 praesunt.
433 1300 457 1316 v.
477 1289 682 1316 sollicitudinem
695 1292 835 1317 sustinent.
864 1290 918 1326 Qui
932 1301 1018 1317 curam
1032 1296 1117 1327 agunt.

280 1332 331 1359 Th.
350 1333 381 1359 C.
401 1332 445 1359 Vl.
464 1334 505 1359 29.
526 1343 546 1359 c.
566 1335 590 1359 2.
610 1343 649 1370 pr.
671 1344 691 1360 c.
710 1335 734 1360 3.
755 1344 813 1370 sqq.
834 1333 866 1360 (le
886 1335 981 1361 curios.
1005 1334 1073 1361 Vlll.
1093 1337 1116 1361 5.

280 1386 302 1402 c.
323 1378 346 1402 1.
371 1386 391 1402 c.
412 1378 435 1402 4.
460 1376 492 1402 (le
512 1386 590 1402 cursu
615 1376 676 1413 pub.
721 1376 763 1404 III.
788 1378 854 1404 Cn.
885 1376 1051 1404 Publicarum
1076 1388 1118 1404 ex-

279 1420 423 1447 actionum.
449 1424 660 1455 caeter-'nrumque
685 1430 771 1446 rerum
790 1430 851 1446 cura
871 1425 896 1446 et
914 1422 1014 1447 notitia.
1042 1421 1080 1448 lb.
1100 1421 1118 1448 Ι.

280 1464 321 1488 12.
341 1473 362 1488 c.
381 1465 405 1488 2.
426 1462 539 1495 (ch.)
563 1462 595 1489 de
615 1463 658 1489 off.
679 1462 753 1489 Proc.
774 1467 800 1488 et.
817 1462 879 1499 Leg.
916 1462 1012 1490 Nullus
1032 1464 1120 1491 haere-

279 1506 347 1531 ticus
371 1504 478 1537 militet.
506 1505 549 1532 vel
578 1516 652 1532 curas
681 1506 802 1543 publicas
830 1510 910 1542 gerat.
944 1506 1036 1533 Iuliani
1056 1507 1118 1544 epit.

277 1634 335 1661 XII.
357 1636 396 1661 10.
417 1645 438 1660 c.
459 1636 480 1660 l.
500 1644 533 1659 ne
552 1634 720 1670 praesectian.
759 1635 863 1670 Quibus
883 1634 1010 1673 Princeps
1031 1646 1117 1662 curam

277 1677 388 1704 alicuius
407 1678 443 1703 rei
470 1678 591 1703 iniunxit.
620 1677 651 1703 fr.
670 1679 712 1703 22.
737 1678 758 1711 5.
780 1679 803 1704 l.
828 1678 861 1704 (le
880 1684 1007 1705 excusatt..
1030 1681 1072 1705 27.
1094 1681 1116 1705 l.
1138 1690 1139 1703 ι

277 1720 362 1747 Vatic.
388 1721 487 1754 5136.
525 1721 598 1747 Duas
619 1730 693 1747 curas
714 1721 802 1757 operis
822 1721 1010 1748 administrare.
1030 1721 1115 1748 1¹:214.
1137 1737 1139 1743 v

774 1763 915 1794 Annonne,
940 1774 969 1790 fle
992 1764 1115 1791 similium
1137 1761 1139 1798 ξ
1160 1760 1196 1786 11).
1217 1759 1248 1787 V.
1267 1762 1309 1786 23.
1329 1760 1350 1794 5.
1372 1762 1412 1786 15.
1451 1761 1513 1796 Qui.
1533 1770 1591 1787 cum
1610 1760 1705 1787 habeat
1724 1765 1750 1786 ct
1768 1760 1887 1798 proferre
1905 1760 2001 1797 possit,

1137 1810 1138 1814 ¹
1161 1813 1204 1829 eas
1229 1804 1282 1836 (sc.
1308 1803 1427 1836 tabulas)
1453 1803 1565 1840 proferri
1585 1813 1637 1830 non
1657 1808 1737 1830 curat.
1768 1803 1805 1829 lb.
1826 1803 1870 1830 IV.
1891 1805 1914 1830 7.
1933 1803 1955 1837 5.
1975 1805 2000 1830 4.

278 1860 339 1876 cura
359 1850 390 1876 ad
415 1849 619 1876 sollicitudiuem
645 1849 777 1875 praesidis
802 1854 911 1886 spectat.
943 1849 1015 1877 Paul.
1040 1850 1071 1877 V.
1091 1852 1115 1877 6.
1137 1845 1138 1876 l
1160 1846 1291 1872 Damnum
1309 1846 1387 1873 alieni
1406 1846 1476 1878 (ῙᾹΙΓΕἋ
1496 1846 1643 1873 d-'ffldfflllve
1663 1856 1761 1873 cumre-
1789 1846 1826 1872 Ih-
1847 1846 1878 1873 V·
1898 1847 1922 1872 3·
1942 1846 1999 1880 §1-

1137 1883 1138 1898 ³
1159 1889 1258 1916 Eadem
1277 1889 1333 1926 lege
1352 1894 1463 1921 tenetur,
1483 1905 1515 1908 —
1536 1890 1614 1926 quive
1634 1889 1697 1926 quid
1717 1899 1816 1921 eorum,
1836 1899 1902 1926 quae
1921 1898 2000 1926 supra

277 1764 299 1798 5.
321 1766 343 1790 l.
369 1764 401 1790 dc
420 1769 501 1790 vacat.
523 1768 548 1789 et
569 1774 624 1790 exc.
648 1765 689 1789 50.
709 1765 732 1789 5.

278 1817 346 1833 cura.
376 1807 405 1833 sr.
427 1809 448 1833 1.
475 1808 496 1841 5
516 1809 540 1832 2.
565 1806 597 1832 de
620 1816 689 1832 mun.
715 1811 740 1832 et
758 1805 819 1833 1ιοιι.
844 1808 884 1833 50.
905 1808 928 1833 4.
971 1806 1054 1834 Cuius
1079 1808 1116 1834 rei

278 1893 300 1927 5.
320 1894 343 1919 9.
381 1893 436 1919 Sub
456 1894 529 1919 cuius
550 1894 604 1925 (sc.
624 1892 756 1919 Pravsidis
776 1892 837 1925 Pr.)
862 1903 922 1919 cura
947 1898 988 1919 est
1007 1903 1034 1919 ea
1054 1894 1116 1920 civi-

279 1940 325 1962 tas.
355 1935 384 1962 fr.
404 1938 445 1962 37.
465 1945 504 1972 pr.
525 1935 555 1961 ad
576 1936 669 1961 munic.
694 1937 735 1961 50.
758 1937 779 1961 1.
813 1951 845 1955 --
876 1936 906 1968 ᾖ.
929 1937 967 1962 ›l-
999 1937 1114 1963 lilitnns
1136 1937 1138 1956 ¹³

276 1981 446 2005 curatoris
465 1980 636 2009 utiliorum,
656 1980 926 2013 velfuriosorum
946 1985 991 2005 etc.
1021 1979 1137 2013 1.sy.,

277 2022 396 2048 Curatio.
430 2020 514 2048 Vatic.
539 2021 575 2055 55.
597 2022 654 2046 125.
677 2022 732 2047 128,
754 2022 811 2047 137.
836 2021 866 2047 fr.
888 2023 909 2048 l.
934 2022 1017 2055 5.11.
1041 2022 1071 2048 sr.
1090 2024 1114 2049 3.

277 2075 317 2102 pr.
337 2064 369 2091 de.
388 2064 486 2102 postul.
506 2066 530 2092 3,
552 2066 573 2090 1.
603 2064 632 2090 sr.
649 2065 688 2090 16.
708 2063 739 2090 fr.
760 2065 800 2090 41.
822 2075 860 2101 pr.
880 2064 912 2090 de
931 2070 1058 2091 excusatt.
1072 2067 1114 2092 27.

279 2109 301 2134 l.
338 2107 380 2134 111.
405 2109 470 2135 Cn.
501 2107 634 2139 Tutelam,
654 2106 695 2133 vel
717 2117 816 2139 curam,
836 2107 877 2133 vel
896 2109 999 2143 negotia
1018 2107 1116 2141 (admi-

277 2151 409 2183 nistrare).
437 2150 467 2177 sr.
490 2152 528 2177 19.
549 2150 571 2183 5.
594 2152 615 2176 1.
636 2149 668 2176 de
687 2150 765 2176 iudic.
785 2152 808 2176 5.
830 2152 852 2176 l.
895 2150 956 2177 Tria
976 2161 1053 2178 onera
1073 2151 1116 2177 ad-

276 2192 375 2229 legare,
400 2209 432 2212 —
456 2194 512 2219 siv«-
536 2192 689 2225 tutelarum,
719 2194 775 2219 sive
799 2203 930 2226 curarum,
959 2195 1016 2221 sive
1039 2195 1115 2221 etiam
1136 2201 1137 2227 j

278 2246 354 2262 curae
378 2236 525 2262 calendarii.
559 2235 643 2262 Vatic.
667 2237 687 2270 5.
710 2238 766 2262 128.
798 2236 829 2262 (Γ.
850 2237 950 2270 5125.
993 2237 1114 2270 Curatur,
1136 2247 1138 2266 ἐ

277 2278 338 2305 dum
358 2280 424 2314 gerit
449 2289 543 2305 curam.
586 2279 699 2305 Curator
718 2278 933 2306 adolescentium.
954 2296 985 2299 —
1005 2291 1115 2317 quorum

277 2332 365 2349 curam
384 2321 588 2348 administrabat.
618 2321 646 2348 l'r.
667 2324 707 2348 67.
728 2323 750 2356 5.
770 2324 794 2348 3.
815 2322 847 2349 dc
866 2321 896 2348 R.
918 2322 949 2349 N.
968 2324 1010 2349 23.
1029 2325 1053 2350 2.
1083 2323 1113 2350 fr.

276 2366 318 2391 47.
339 2364 360 2398 5.
383 2366 404 2391 1.
425 2364 457 2390 de
476 2365 568 2390 minor.
588 2365 611 2390 4.
631 2366 654 2391 4.

277 2407 359 2434 adulti
379 2417 392 2433 a
416 2407 580 2434 curatoribus
604 2412 693 2443 petere
716 2409 837 2445 possint?
868 2409 898 2434 l'r.
918 2410 959 2434 20.
988 2410 1008 2442 5.
1032 2411 1052 2436 1.
1082 2410 1114 2437 (le

277 2450 379 2477 liberat..
399 2449 448 2486 leg.
468 2452 509 2476 34.
529 2451 553 2476 3.
574 2465 606 2469 —
631 2451 661 2483 §0
689 2452 725 2477 5.
759 2453 887 2483 ΤιιιἸὶο,
907 2461 925 2477 s.
945 2453 1112 2485 Potestas,

274 2495 397 2527 patria.
434 2492 452 2519 Ι.
467 2494 528 2527 Sy.
554 2491 695 2524 Pon-state.
716 2493 835 2519 Yinculis
855 2503 931 2519 curae.
951 2493 994 2527 [al.
1015 2495 1112 2528 curiae]

277 2546 372 2562 exuere
391 2535 498 2562 liberos
524 2534 573 2561 Tb.
594 2534 624 2561 C.
645 2535 689 2561 1'1.
709 2537 732 2561 4.
753 2546 774 2562 c.
798 2538 835 2562 16.
856 2536 887 2562 (le
906 2536 990 2563 Praet.
1005 2541 1029 2563 et
1044 2537 1094 2573 Qu.

314 2578 632 2613 (sulragendarius.
664 2580 882 2614 Ussit-iulium
903 2581 1039 2613 species,
1059 2581 1113 2614 qui

277 2622 362 2647 alias
383 2623 505 2647 nomine
526 2623 737 2647 Curioxorum
759 2623 898 2648 veniunt.
936 2622 953 2648 1.
974 2624 1036 2656 Sy.
1061 2623 1113 2649 Cu-

277 2663 433 2697 ragendarii.
462 2665 518 2690 sive
547 2664 651 2690 curiosi.
696 2663 812 2699 Agentes
839 2664 863 2689 in
889 2664 967 2691 rebus
992 2666 1018 2691 iu
1043 2667 1111 2692 curis

277 2705 391 2741 agendis
427 2706 469 2732 Ad
488 2706 599 2742 agendas
619 2716 693 2733 curas
713 2707 776 2743 reip.
797 2706 928 2733 destinati.
957 2707 1006 2734 Th.
1022 2708 1052 2734 C.
1068 2707 1111 2735 VI.

276 2750 318 2774 29.
338 2758 359 2773 e.
383 2749 402 2773 1.
422 2758 461 2784 sq.
482 2759 502 2775 c.
523 2751 546 2775 Ι1.
567 2759 605 2786 sq.
626 2749 658 2775 dc
678 2749 772 2776 curios.
793 2748 836 2775 VI.
855 2750 896 2775 35.
917 2760 937 2775 c.
957 2752 979 2776 1.
999 2750 1031 2776 dc
1044 2751 1110 2787 priv.

279 2800 332 2817 eor.
351 2800 392 2826 qu.
413 2791 439 2816 in
459 2790 486 2816 S.
507 2791 556 2827 pal.

312 2833 559 2866 eurupamtii.
603 2836 769 2862 Munerum
790 2836 1019 2870 palatinorum
1043 2845 1111 2870 spe-

855 388 884 414 Si
909 398 969 414 eura
993 393 1048 414 acta
1072 398 1125 414 non
1147 405 1148 411 ι

287 432 322 457 sit
341 431 465 462 (familiae
484 432 681 468 pecorumque).
702 431 732 458 fr.
747 432 771 458 9.
791 432 812 465 5.
827 432 850 457 5.
871 431 903 457 (le
922 431 976 458 reb.
991 436 1057 458 auct.
1071 430 1124 458 iud.
1146 428 1148 439 ³

1146 482 1147 485 ¹
1169 474 1270 499 dinem
1289 474 1410 500 habere.
1447 473 1466 500 1.
1481 475 1543 508 Sy.
1570 474 1721 501 Providere.
1753 475 1837 502 Vatic.
1856 476 1878 510 5.
1898 477 1957 503 312.
1976 476 2007 503 fr.

687 603 756 630 Cura
777 607 802 628 et
821 602 951 629 sumtibus
976 603 1030 637 (sc.
1050 603 1124 635 suriS.
1146 629 1148 639 Ι

1136 2187 1137 2192 ’
1160 2190 1193 2217 de
1211 2189 1243 2217 V.
1263 2189 1296 2216 Ο.
1320 2191 1362 2216 45.
1383 2192 1405 2216 1.

1136 2235 1138 2245 *
1160 2238 1240 2260 curet.
1271 2232 1302 2259 l'r.
1323 2235 1345 2259 1.
1366 2233 1448 2266 510.
1469 2232 1501 2259 (lc
1521 2233 1613 2269 inspic.
1634 2236 1732 2258 ventre.
1751 2232 1793 2257 25.
1814 2233 1837 2258 4.
1858 2248 1890 2251 -—
1910 2232 1941 2265 ξ.
1956 2233 1996 2258 4.

1095 175 1195 208 CVR.

1169 260 1240 286 cies.
1281 258 1324 285 111.
1345 259 1411 286 Cn.
1439 258 1585 297 Praepositi
1609 271 1638 287 ac
1664 261 1763 289 tribuni
1788 263 1950 296 scholarum.
1975 279 2007 283 ——

1169 302 1238 328 inter
1257 311 1324 338 quos
1343 302 1464 328 tribunus
1484 305 1560 330 etiam
1579 303 1605 330 S.
1626 304 1723 331 stabuli
1748 309 1773 331 et
1793 306 1944 343 curapalatii
1963 317 2008 333 nu-

1169 349 1309 370 merantur.
1338 344 1374 371 11».
1395 344 1438 371 VI.
1460 347 1499 372 13.
1520 356 1541 372 c.
1563 348 1584 373 1.
1610 346 1642 373 de
1661 357 1727 373 eom.
1747 351 1773 373 et
1791 348 1851 375 trib.
1871 349 1953 376 schol.
1975 348 2006 376 cs.

1168 386 1214 413 M.
1236 388 1275 413 18.
1297 397 1318 413 c.
1340 389 1362 414 1.
1383 388 1434 423 Qu.
1455 398 1468 414 a
1486 389 1575 425 praeb.
1597 391 1672 416 tiron.

1205 430 1361 457 Curare.
1399 431 1430 464 §.
1450 432 1484 457 l·
1516 434 1631 459 Curam
1651 434 1816 465 adhibere,
1836 435 2007 461 Sollicitu-

1169 516 1192 541 3.
1214 515 1245 541 fr.
1265 516 1288 542 6.
1309 526 1347 553 pr.
1368 516 1406 550 55.
1420 517 1444 542 3.
1460 518 1484 542 5.
1498 527 1538 553 sq.
1558 516 1591 543 de
1609 518 1652 544 off.
1672 517 1760 544 Praes.
1781 520 1803 544 l.
1825 520 1864 545 18.
1901 518 1944 545 Ad
1957 519 2008 545 sol-

1168 558 1331 585 licitudinem
1350 568 1423 585 suam
1441 569 1573 586 revocare.
1601 560 1632 587 fr.
1652 562 1675 587 6.
1695 561 1732 594 55.
1752 563 1776 587 2.
1796 562 1820 587 4.
1845 560 1876 588 fr.
1891 563 1914 588 7.
1933 561 1969 588 ib.
1984 563 2007 588 l.

1171 603 1210 627 18.
1251 601 1412 628 Adtendere.
1441 602 1471 629 fr.
1491 604 1532 628 22.
1556 602 1587 629 fr.
1606 605 1647 630 25.
1673 603 1705 629 de
1724 604 1812 630 testib.
1836 606 1878 630 22.
1898 606 1922 631 5.
1963 603 2007 630 111.

1170 646 1236 672 (ἠ.
1266 644 1355 680 Quare
1379 650 1464 672 autem
1488 661 1521 664 —
1539 645 1628 672 iubeat
1646 647 1699 678 (sc.
1719 646 1858 679 Praetor),
1878 646 1922 673 illa
1941 648 2007 673 ratio

1147 685 1148 689 ¹
1169 692 1223 719 est.
1249 689 1309 724 quia
1332 687 1365 714 de
1391 689 1459 714 vivis
1479 688 1622 715 curandum
1641 694 1707 722 erat,
1731 700 1763 716 ne,
1781 689 1857 716 facile
1875 694 1924 716 etc.
1949 689 2007 716 Gai.

1168 730 1210 757 Ill.
1231 732 1271 757 79.
1309 730 1394 768 Saepe
1413 730 1529 757 solemus
1548 732 1667 768 accipere
1686 735 1843 770 (sponsores
1863 733 1925 766 etc.)
1945 732 2008 759 (lum

1169 783 1297 806 curamus,
1317 778 1346 800 ut
1365 773 1613 809 diligentius'nobis
1634 780 1736 802 cautum
1756 777 1799 802 sit.
1826 775 1864 802 Ib.
1884 775 1926 802 111.
1947 777 2006 803 117.

1169 816 1230 842 Scio
1251 820 1276 843 te
1296 815 1328 843 de
1347 817 1436 843 amicis
1455 817 1520 843 meis
1539 822 1698 850 curaturam,
1722 828 1754 844 ne
1777 818 1840 855 quid
1864 818 1905 845 his
1929 818 2006 845 desit.

1168 858 1198 885 sr.
1220 860 1259 885 19.
1286 859 1307 893 5.
1329 861 1352 885 l.
1378 859 1410 885 de
1429 870 1487 885 ann.
1507 859 1583 896 legat.
1607 862 1691 887 331.
1732 861 1829 888 Aditus
1854 866 2007 899 competens

1145 902 1146 909 ¹
1167 901 1247 928 iudex
1270 918 1302 921 —
1328 912 1383 928 eam
1407 902 1509 928 curabit
1535 902 1603 929 serre
1626 904 1790 930 sententiam.
1817 904 1901 931 Vatic.
1921 905 1943 939 5.
1963 905 2006 930 3⁶2.

1167 945 1199 971 cs.
1225 945 1255 971 fr.
1276 947 1300 971 5.
1330 944 1360 971 I'r.
1384 946 1426 971 25.
1452 945 1474 978 5
1493 947 1534 972 21.
1563 946 1620 972 sam.
1646 948 1736 973 ercisc.
1762 948 1802 973 10.
1825 949 1849 974 2.
1895 946 2007 974 Curabit

283 999 347 1026 pora
371 989 403 1015 ad
428 1000 515 1016 curam
539 990 659 1026 corporis
684 991 857 1016 necessariam
881 989 1060 1026 relinquenda.
1091 989 1121 1016 sr.
1143 1007 1145 1020 .=
1166 986 1277 1014 Praeses
1297 986 1353 1020 PR,
1373 989 1395 1014 si
1414 988 1458 1024 qui
1478 988 1531 1021 (sc.
1551 988 1635 1022 fines)
1655 989 1754 1026 publici
1774 994 1843 1022 sunt.
1863 1000 1876 1016 a
1894 990 2006 1027 privatis

610 1033 631 1066 5.
650 1034 674 1059 2.
704 1032 736 1059 de
760 1043 832 1070 oper.
858 1033 944 1060 libert.
968 1034 1010 1059 38.
1038 1034 1059 1059 1.
1088 1048 1120 1052 —
1142 1047 1144 1052 ·

1166 1040 1294 1067 separare.
1323 1029 1353 1057 fr.
1367 1032 1391 1057 5.
1412 1030 1478 1064 5.1.
1499 1031 1531 1057 de
1549 1041 1610 1068 opp.
1631 1032 1693 1069 pub.
1713 1034 1753 1058 50.
1776 1035 1815 1059 10.
1853 1032 2006 1059 Curandum

1165 1077 1213 1105 est,
1234 1083 1266 1100 ne
1284 1074 1324 1099 vis
1343 1073 1389 1099 fiat
1408 1075 1529 1107 (utenti).
1557 1074 1587 1100 sr.
1607 1076 1630 1101 5.
1651 1075 1672 1108 5.
1686 1076 1727 1101 23.
1749 1080 1775 1101 ut
1795 1076 1822 1101 in
1840 1085 1914 1112 poss.
1928 1075 2004 1111 legat.

1163 1117 1204 1142 36.
1216 1117 1240 1142 4.
1261 1131 1293 1135 —
1313 1116 1343 1150 §0
1359 1117 1394 1143 2.
1414 1118 1612 1149 Prot-arare,
1634 1119 1885 1145 Administrare.
1909 1118 1927 1145 1.
1942 1119 2005 1152 Sy·

1164 1157 1316 1185 Procurare.
1340 1157 1424 1185 Vatic.
1436 1159 1472 1193 55.
1489 1161 1546 1185 131.
1561 1169 1619 1196 sqq.
1640 1159 1670 1186 fr.
1683 1162 1705 1187 1.
1720 1161 1742 1194 5.
1753 1162 1776 1187 3.
1797 1171 1829 1187 ne.
1843 1171 1885 1197 qu.
1905 1162 1931 1187 in
1944 1160 2004 1187 loco

281 1204 364 1230 codic.
388 1203 432 1230 VI.
456 1205 498 1231 35.
526 1215 546 1231 c.
566 1206 590 1231 2.
611 1214 650 1241 sq.
679 1204 711 1231 (le.
734 1205 803 1242 priv:
826 1214 877 1231 eor.
902 1214 944 1241 qu.
969 1206 996 1231 in
1019 1205 1046 1232 S.
1066 1205 1117 1242 pal.
1140 1198 1142 1229 ἕ
1164 1211 1229 1228 sacr·
1249 1203 1290 1227 43·
1310 1202 1333 1227 6-
1365 1201 1395 1228 fr·
1415 1204 1439 1228 2·
1463 1202 1486 1236 5.
1506 1203 1546 1228 17-
1573 1212 1605 1228 ne
1629 1213 1671 1239 qu.
1696 1204 1722 1229 in
1748 1203 1808 1230 loeo
1826 1203 1889 1241 pub.
1918 1205 1959 1230 43.
1979 1204 2004 1230 8.

1065 1248 1119 1284 Qui
1140 1245 1142 1253 ⁴

1163 1244 1206 1270 III.
1228 1245 1293 1272 Gn.
1322 1244 1375 1279 Qui
1400 1260 1432 1264 -—
1458 1246 1591 1281 negotium
1617 1255 1693 1272 suum
1717 1256 1807 1272 curare
1830 1256 1883 1272 non
1905 1251 2003 1283 potest.

1163 1287 1194 1314 fr.
1215 1289 1254 1314 11.
1275 1287 1296 1321 5.
1317 1289 1340 1313 1.
1361 1287 1393 1313 de
1412 1287 1534 1323 legation.
1553 1290 1595 1314 50.
1616 1290 1638 1315 7.
1681 1287 1765 1315 Cuius
1785 1290 1888 1326 negotia
1906 1289 2004 1321 curavi,

1164 1340 1221 1357 cum
1240 1335 1358 1367 putarem
1377 1330 1485 1357 alterius
1500 1342 1529 1357 ea
1543 1340 1609 1357 esse.
1630 1330 1660 1357 sr.
1676 1332 1715 1358 14.
1736 1332 1796 1366 5.1.
1817 1342 1907 1358 comm.
1922 1331 2003 1358 divid.

1165 1376 1204 1400 10.
1223 1375 1247 1400 3.
1269 1372 1299 1399 cl'.
1320 1372 1381 1410 le.
1401 1373 1499 1400 XXIV.
1520 1375 1560 1400 19.
1585 1390 1618 1393 —
1641 1374 1672 1407 ξ.
1695 1376 1732 1401 3.
1763 1377 1902 1407 Parare,
1923 1376 2004 1401 Con-

1163 1418 1297 1448 ciliare,
1325 1419 1527 1443 Promovere.
1574 1416 1592 1443 I.
1618 1418 1679 1452 Sy.
1708 1417 1818 1450 Facere,
1843 1428 1895 1455 quo
1918 1418 2002 1444 fieret.

1163 1459 1264 1486 Curare
1282 1460 1347 1485 fieri.
1380 1459 1410 1486 fr.
1431 1461 1471 1486 15.
1496 1460 1533 1494 55.
1553 1462 1577 1486 2.
1598 1462 1637 1486 10.
1663 1460 1695 1487 de
1718 1461 1794 1487 iniur.
1818 1462 1860 1487 47.
1881 1462 1921 1487 10.
1963 1460 2004 1486 Si-

1163 1513 1232 1529 nere.
1270 1502 1383 1535 Curare,
1408 1507 1434 1529 et
1457 1502 1518 1529 dare
1542 1512 1655 1540 operam.
1688 1503 1718 1530 fr.
1738 1505 1780 1530 29.
1808 1503 1886 1530 locat.
1913 1504 1953 1530 19.
1977 1504 2002 1529 2.

279 1558 338 1574 nov.
359 1558 379 1574 c.
401 1550 458 1574 102.
478 1549 499 1582 5.
519 1550 578 1575 364.
616 1548 775 1575 Horreorum
794 1559 883 1585 gerere
902 1549 1056 1582 custodiam,
1076 1549 1118 1576 vel
1139 1544 1141 1555 '
1162 1545 1204 1572 III.
1226 1546 1293 1573 011.
1322 1545 1466 1572 Abstinere
1485 1546 1517 1572 ab
1538 1556 1568 1572 eo
1588 1546 1665 1579 facto,
1686 1551 1711 1572 et
1730 1556 1821 1573 curare
1839 1556 1872 1573 ne
1889 1546 1942 1572 fiat.
1970 1545 2002 1572 fr.

1139 1590 1140 1594 ’
1164 1590 1221 1615 189.
1242 1588 1274 1615 de
1292 1588 1324 1614 V.
1345 1588 1372 1615 S.
1392 1590 1433 1614 50.
1455 1590 1494 1615 16.

279 1601 398 1618 curarum
417 1592 457 1617 ius
477 1596 555 1627 atque
574 1592 710 1618 arbitrium
733 1592 784 1618 sibi
808 1602 982 1629 praesumere.
1016 1592 1065 1620 Th.
1086 1592 1117 1619 C.
1139 1613 1140 1619 .

1139 1627 1140 1634 ¹
1162 1631 1274 1663 dabunt⁷
1299 1631 1445 1658 dandumve
1470 1631 1578 1658 curabit.
1612 1631 1678 1658 Tab.
1697 1631 1799 1658 lleracl.
1824 1631 1870 1658 lin.
1891 1633 1930 1657 17.
1950 1641 2002 1657 aer.

1537 1588 1697 1626 Quicunque
1722 1589 1879 1615 frumentum
1901 1588 2002 1626 populo

1161 1674 1205 1701 Br.
1244 1674 1297 1710 Qui
1316 1675 1402 1700 sciens
1422 1674 1446 1701 d.
1466 1685 1499 1701 m.
1520 1674 1547 1701 id
1566 1675 1623 1701 fieri
1646 1676 1737 1706 iussit.
1762 1674 1942 1701 faciendumve
1960 1683 2003 1700 cu-

1161 1718 1234 1743 ravit.
1262 1716 1334 1743 Paul.
1354 1716 1399 1744 IV.
1427 1719 1449 1744 7.
1474 1719 1496 1751 5.
1516 1720 1540 1743 2.
1583 1717 1693 1750 Facere,
1722 1717 1872 1744 sariendavc
1902 1727 2001 1744 curare.

1160 1933 1258 1969 scripta
1281 1937 1356 1964 suut,
1376 1932 1466 1958 Iacere
1492 1934 1630 1959 curaverit.
1663 1933 1693 1959 t’r.
1712 1934 1736 1958 3.
1761 1931 1793 1958 ad
1815 1931 1845 1958 L.
1870 1931 1916 1958 Iul.
1939 1931 1998 1957 mai.

1159 1977 1200 2002 48.
1225 1977 1248 2002 4.
1300 1976 1353 2011 Qui
1381 1975 1413 2001 ad
1437 1975 1510 2002 litem
1537 1975 1716 2002 instruendam
1743 1990 1776 1993 —
1794 1973 1998 2009 ‘obligationem‚

1159 2019 1307 2056 pactionem
1325 2018 1456 2051 fecerunt,
1477 2019 1629 2045 societatem
1647 2019 1774 2049 inierunt,
1793 2021 1821 2043 ut
1839 2016 1939 2053 aliquid
1957 2026 1999 2043 eo-

1159 2072 1216 2088 rum
1234 2062 1310 2088 fieret
1329 2066 1492 2087 curaverunt.
1513 2060 1543 2087 fr.
1562 2063 1604 2087 20.
1625 2060 1657 2086 de
1675 2059 1704 2086 L.
1726 2058 1806 2086 Corn.
1827 2059 1860 2085 de
1878 2059 1936 2086 t'als.
1954 2062 1998 2086 48.

1160 2106 1200 2131 10.
1238 2103 1306 2131 Cum
1324 2104 1357 2130 X.
1378 2105 1461 2130 curari
1482 2102 1623 2140 stipulatus
1643 2104 1684 2129 sit.
1712 2102 1743 2129 sr.
1763 2103 1804 2128 42.
1828 2103 1849 2136 5.
1871 2104 1893 2129 l.
1914 2102 1947 2129 de
1965 2102 1997 2129 R.

1160 2147 1191 2174 C.
1212 2149 1251 2173 12.
1273 2149 1295 2173 1.
1321 2147 1351 2173 sr.
1373 2149 1412 2173 15.
1432 2147 1454 2180 5
1475 2148 1497 2172 1.
1518 2146 1550 2172 ad
1569 2145 1598 2172 L.
1618 2145 1687 2173 Fale.
1706 2147 1747 2172 35.
1767 2148 1790 2172 2.
1819 2146 1850 2172 fr.
1870 2147 1911 2172 67.
1931 2145 1953 2179 5.
1973 2147 1996 2172 1.

1448 2189 1495 2216 His
1515 2205 1547 2209 —
1568 2189 1608 2215 bis
1633 2190 1659 2215 in
1678 2198 1768 2215 mense
1787 2187 1998 2215 denunciandum

1136 2269 1138 2283 ³
1162 2278 1351 2307 Observare,
1372 2278 1533 2310 Spectat-e.
1572 2275 1614 2301 111.
1635 2276 1701 2302 (7η.
1730 2273 1759 2300 Si
1779 2274 1878 2310 aliquid
1896 2274 1998 2311 adopti-

1159 2330 1207 2347 vus
1226 2324 1300 2357 pater
1320 2318 1417 2345 habere
1439 2318 1566 2350 voluerit,
1589 2322 1699 2354 propter
1723 2317 1795 2353 quod
1818 2328 1830 2343 a
1854 2317 1910 2343 filio
1933 2321 1997 2354 post

697 2365 739 2391 An
764 2366 890 2391 rationem
910 2376 986 2392 curae
1004 2365 1115 2393 heredes
1135 2367 1137 2392 j
1159 2363 1390 2400 emancipationem
1409 2363 1490 2398 magis
1510 2365 1649 2388 curaretur.
1670 2360 1700 2386 fr.
1720 2362 1777 2387 107.
1797 2359 1831 2386 de.
1848 2359 1879 2386 V.
1900 2360 1933 2387 O.
1953 2362 1995 2386 45.

1135 2409 1136 2412 ’
1159 2408 1181 2433 l.
1217 2406 1246 2432 Si
1260 2416 1312 2431 non
1330 2404 1460 2442 probabit,
1480 2409 1523 2431 aut.
1541 2404 1695 2441 probantem
1715 2403 1794 2430 iudex
1812 2413 1865 2429 nou
1885 2397 1995 2429 curabit.

1158 2450 1187 2476 l'r.
1210 2451 1249 2475 10.
1273 2450 1295 2483 5.
1313 2451 1338 2475 3.
1364 2448 1396 2474 dc
1420 2447 1529 2474 edendo.
1552 2449 1576 2473 2.
1598 2448 1637 2473 13.
1684 2446 1799 2472 Omnino
1822 2461 1855 2465 —
1878 2445 1995 2472 modicas

1134 2492 1135 2495 ’
1157 2493 1289 2529 impensas
1308 2501 1360 2517 non
1379 2490 1457 2517 debet
1476 2490 1573 2516 arbiter
1591 2500 1689 2516 curare.
1715 2489 1745 2516 t'r.
1767 2491 1806 2515 12.
1832 2489 1864 2515 de
1882 2490 1993 2527 impenS.

1134 2538 1135 2541 ’
1157 2536 1183 2561 in
1202 2545 1244 2561 res
1263 2534 1316 2561 dot.
1334 2536 1376 2559 25.
1398 2534 1419 2559 l.
1445 2549 1477 2552 —
1505 2534 1536 2566 §0
1556 2534 1593 2560 5.

1626 2534 1758 2564 mederi,
1778 2534 1936 2568 Resicere.
1973 2530 1992 2558 I.

1157 2580 1218 2612 Sy.
1245 2578 1273 2604 In
1297 2586 1400 2612 aegrum
1425 2576 1579 2607 curandum.
1604 2576 1632 2602 Ιιι
1656 2575 1831 2603 valetudinem
1856 2576 1911 2601 eius
1931 2574 1993 2608 (im-

1156 2621 1292 2658 pendere).
1312 2619 1341 2645 sr.
1354 2622 1378 2645 2.
1399 2618 1432 2645 ib.
1451 2621 1492 2645 25.
1515 2621 1536 2645 l.
1557 2619 1586 2646 fr.
1609 2621 1630 2646 7.
1651 2620 1733 2653 §.16.
1754 2618 1803 2645 sol.
1822 2618 1930 2644 matrim.
1949 2617 1991 2642 24.

1155 2666 1179 2690 3.
1217 2663 1259 2690 III.
1280 2664 1345 2690 Cn-
1374 2661 1485 2688 Pasa-ro
1503 2672 1621 2694 servum.
1640 2663 1751 2694 vestire,
1771 2671 1869 2687 curare.
1899 2659 1930 2686 fr.
1950 2660 1991 2685 11.

1156 2707 1178 2740 5.
1199 2708 1221 2732 1.
1245 2705 1277 2732 ad
1297 2704 1383 2731 exliib.
1410 2707 1449 2731 10.
1469 2706 1493 2731 4.
1535 2705 1598 2731 Sive
1622 2705 1685 2741 quid
1709 2705 1735 2731 in
1759 2703 1886 2730 fructibus
1909 2703 1992 2739 perci-

1155 2749 1259 2786 piendis
1278 2749 1401 2783 erogavit.
1421 2749 1477 2774 sive
1496 2749 1522 2775 in
1541 2748 1637 2774 familia
1656 2747 1748 2774 alenda
1768 2745 1921 2777 curandave,
1941 2749 1990 2772 etc.

1156 2792 1186 2818 sr.
1205 2793 1229 2819 9.
1249 2793 1271 2826 5.
1284 2792 1308 2817 3.
1329 2791 1361 2817 de
1374 2791 1427 2817 reb.
1442 2796 1507 2818 auct.
1528 2791 1580 2818 iud.
1600 2793 1641 2818 42.
1655 2793 1679 2818 5.
1699 2791 1730 2817 fr.
1744 2792 1784 2817 53.
1804 2790 1825 2823 5.
1840 2790 1863 2814 4.
1883 2788 1916 2815 dc
1928 2788 1990 2815 furt.

1154 2837 1195 2862 47.
1214 2837 1238 2862 2.
1277 2834 1383 2870 Quibus
1404 2834 1506 2867 tuendi,
1532 2834 1672 2861 curandive
1696 2834 1814 2871 corporis
1834 2834 1918 2860 nostri
1936 2842 1991 2870 gra-
