2197 3121
1013 161 1104 192 OPP.

195 251 226 277 cf.
251 250 282 277 fr.
302 251 325 276 S.
351 251 372 284 5.
395 252 415 276 l.
440 249 470 276 fr.
489 251 531 275 25.
552 248 583 274 de
603 247 633 274 N.
654 246 686 272 G.
706 247 730 272 3.
749 248 773 271 5.
812 245 930 280 Quaem,
956 254 987 270 an
1007 243 1033 269 id
1055 245 1056 262 1

195 295 218 320 ei
238 293 345 319 concedi
366 292 503 330 oporteat?
522 291 551 318 fr.
573 292 612 317 76.
633 289 663 316 cf.
684 289 714 315 fr.
735 290 775 314 73.
796 288 828 314 de
848 297 951 324 procur.
971 289 994 313 3.
1009 288 1033 312 3.

194 336 316 363 Dubitari
337 346 388 362 non
409 339 520 372 oportet.
541 333 572 360 fr.
591 335 632 359 30.
653 342 691 369 pr.
712 331 743 357 ilc
762 335 831 368 pact.
849 333 873 356 2.
896 331 934 355 14.
973 330 1033 355 Dici
1055 365 1056 369 Ἰ

195 379 337 416 oportebit.
357 379 387 406 fr.
409 380 432 404 l.
453 378 474 412 5.
493 379 534 403 22.
555 376 587 403 de
607 375 692 402 collat.
714 375 771 400 bon.
792 375 833 400 37.
853 374 876 399 6.
899 389 929 392 ——
950 373 980 406 §-
995 374 1032 398 3.
1055 386 1056 405 3

197 423 368 456 oportere,
392 423 409 447 i.
429 431 447 447 e.
476 421 666 455 Obligatum
691 428 761 444 esse.
799 416 817 442 I.
837 417 898 450 Sy.
920 415 1032 441 Debere.

195 464 282 491 Cth.
302 475 324 491 v.
345 465 366 498 5.
384 466 407 490 3.
444 463 487 489 III.
505 464 570 490 Cn.
591 461 723 498 Oportere
742 459 862 494 (edere.)
881 468 929 484 nec
948 463 1033 483 tamen

194 522 228 526 —
248 506 378 544 compelli.
400 506 429 532 fr.
449 508 472 532 9.
493 516 531 542 pr.
552 504 584 531 de
604 504 696 531 edenti.
714 506 738 530 2.
759 504 797 529 13.
835 501 863 528 Si
883 500 961 527 iudex
976 510 1034 537 pro-

195 551 371 577 nunciaverit:
398 548 530 586 Oportere
555 548 665 581 (nutriri
685 546 751 579 etc.)
774 545 805 572 fr.
826 546 865 570 10.
889 543 922 569 de
946 543 970 568 h.
991 552 1033 579 qu.
1056 571 1057 574 Ἴ

195 594 245 619 sui.
268 595 288 618 1.
309 594 332 618 6.
370 592 455 627 Quam
484 591 517 617 ob
542 601 595 617 rem
621 600 679 616 eum
703 605 734 609 —-
760 598 808 626 pro
833 587 889 613 fure
913 586 1034 613 damnum

196 635 318 662 decidere
338 638 480 672 oporteret.
502 634 558 660 Gai.
578 633 621 660 IV.
640 634 682 660 37.
718 632 788 658 Ante
812 630 884 656 litem
906 633 1034 655 contesta-

195 683 247 704 tam
267 678 328 704 dare
347 677 493 704 debitorem
512 682 643 714 oportere,
661 692 689 696 -
711 679 773 712 post
792 672 1034 700 condemnationem
1056 688 1057 703 χ

195 720 336 747 iudicatum
362 720 447 746 facere
471 725 603 756 oportere.
631 719 667 745 lb.
691 717 732 744 llI.
754 718 810 743 180.
849 715 985 752 Quidquid
1010 720 1034 741 te

196 763 257 790 dare
277 763 362 789 facere
381 767 494 800 oportet.
515 761 687 799 oportebitve.
708 760 737 786 fr.
757 761 798 786 89.
819 759 850 786 cf.
871 759 900 785 fr.
915 761 955 785 76.
975 760 994 792 5.
1012 760 1033 784 l.

195 806 224 832 fr.
247 808 304 832 125.
325 806 357 832 de
371 805 402 832 V.
418 806 450 831 0.
467 807 507 831 45.
531 807 551 831 Ι.
571 804 600 831 fr.
619 805 642 830 8.
663 813 701 840 pr.
722 802 752 829 fr.
772 805 813 829 37.
834 802 863 828 fr.
883 804 924 828 53.
944 811 983 838 pr.
1002 801 1035 827 de

195 848 227 875 V.
247 849 274 875 S.
295 851 335 874 50.
352 850 391 875 16.
413 848 469 875 Gai.
490 847 533 874 IV.
552 849 592 874 60.
629 847 741 873 Iuravit:
762 845 863 872 absenti
884 845 938 871 dari
958 854 1035 881 opor-
1055 843 1057 870 1

195 896 258 918 tere.
279 891 308 918 sr.
328 894 368 918 39.
397 892 462 925 5.1.
482 891 514 917 de.
534 900 636 927 procur.
654 891 678 915 3.
698 891 722 915 3.
760 888 835 923 Quae
853 898 894 914 me
913 898 945 913 ex
965 891 1033 912 emto

195 939 329 972 praestare
352 934 400 961 tibi
424 938 566 970 oporteret.
591 932 620 959 fr.
641 933 682 959 58.
709 932 740 958 dc
764 937 832 969 pact.
851 933 876 957 2.
897 932 937 957 14.
975 929 1033 955 Sol·
1056 965 1057 968 Ἴ

194 987 270 1004 vere.
297 977 369 1013 quod
393 976 497 1003 solvere
521 985 578 1002 eum
602 985 654 1001 non
679 975 825 1012 oportebat.
850 974 882 1001 fr.
901 974 943 999 29.
967 973 989 1006 5.
1009 974 1033 998 3

195 1019 280 1046 mand.
303 1021 341 1045 17.
364 1021 386 1045 1.

230 1062 418 1095 Opperiri.
453 1063 661 1095 Exspectare.
699 1060 741 1087 III.
760 1061 826 1088 Gn.
850 1058 942 1096 Neque.
966 1059 1033 1085 enim
1056 1055 1058 1062 '

197 1104 386 1142 opperiendum
413 1109 465 1135 est,
491 1108 519 1129 ut
538 1108 586 1129 etc.
616 1102 665 1129 Th.
687 1103 717 1130 C.
737 1103 793 1130 XII.
815 1105 836 1129 1.
857 1113 877 1129 e.
899 1104 922 1128 7.
942 1101 974 1128 de
993 1101 1036 1128 de·
1056 1115 1057 1130 i

196 1148 295 1174 curion.
338 1146 450 1172 Nostrae
473 1147 630 1183 cognitionis
654 1146 789 1173 arbitrium
813 1146 936 1183 opperiri.
960 1145 996 1171 Ib.
1017 1144 1034 1171 Ι.

196 1192 219 1217 6.
240 1201 261 1217 c.
280 1192 304 1217 3.
325 1189 356 1215 cf.
377 1199 398 1215 c.
417 1191 441 1215 2.
463 1189 566 1222 (ch.)
587 1189 619 1215 (le
638 1190 681 1215 off.
701 1189 754 1215 Prf.
774 1189 819 1216 Vr.

230 1232 487 1266 Oppidaneus.
522 1231 659 1265 (Adiect.)
698 1235 745 1258 Aa
762 1234 913 1266 oppidum
930 1233 1035 1266 perti-
1056 1248 1058 1264 :

194 1285 275 1302 nene.
313 1274 330 1301 I.
345 1275 407 1309 Sy.
428 1274 516 1301 Curia.
537 1274 661 1306 curiatis,
680 1275 836 1312 Oppidanea
856 1274 1035 1308 (necessitas.)
1056 1275 1058 1290 ·’

195 1317 245 1345 Th.
266 1317 296 1344 C.
317 1317 375 1343 XII.
398 1319 418 1344 l.
440 1328 461 1344 c.
480 1320 521 1344 215.
542 1327 581 1354 sq.
602 1317 634 1343 (le
653 1317 787 1344 decuriou.
824 1318 854 1345 II.
879 1319 945 1351 Op.
970 1316 1036 1344 Mili-

194 1362 258 1387 taria
279 1361 419 1393 (munera.)
440 1376 472 1380 —
497 1359 652 1397 Oppidanea
671 1362 793 1393 (onera.)
822 1360 858 1387 lb.
879 1371 900 1387 c.
920 1362 961 1386 40.
981 1360 997 1387 l.
1017 1360 1034 1386 l.
1056 1357 1057 1380 1

194 1404 314 1431 111οη.
335 1403 451 1429 Ordines
471 1403 620 1440 oppidanei.
640 1403 676 1430 lb.
698 1414 718 1430 c.
736 1406 777 1430 47.
798 1404 814 1430 l.
835 1404 850 1430 l.
889 1403 1034 1440 Ohsequia,
1055 1411 1057 1413 ’

194 1446 341 1474 Commoda
355 1445 536 1483 (oppidanea.)
556 1446 592 1472 lb.
608 1456 628 1472 c.
643 1448 684 1472 38.
699 1457 720 1473 c.
734 1449 775 1472 40.
790 1457 811 1473 c.
825 1448 866 1473 43.
881 1449 969 1473 (3.168.

230 1489 430 1523 Oppidum.
451 1490 769 1523 Civitasquaelibet‚
790 1492 949 1521 moenibus
967 1491 1033 1516 cin-
1055 1490 1056 1512 1

146 1562 148 1564 ,
193 1539 253 1560 cta.
291 1532 309 1558 1.
330 1533 392 1566 sy.
412 1531 522 1558 Civitas.
543 1530 612 1558 Con.
632 1531 684 1558 ιι..
706 1532 738 1559 Μ.
758 1532 815 1558 xu.
835 1535 859 1558 5.
879 1543 916 1568 sq.
938 1532 987 1559 Th.
1003 1532 1033 1559 c.
1055 1523 1056 1559 ἒ

194 1574 266 1602 XVI.
284 1576 308 1600 3.
329 1585 350 1601 c.
370 1576 394 1601 2,
414 1574 447 1600 (le
465 1574 582 1601 monach.
619 1574 662 1601 III.
683 1576 749 1603 Cn.
774 1575 910 1613 Oppidum
934 1575 965 1601 ab
985 1585 1035 1612 ope
1055 1569 1057 1588 '.

195 1617 300 1649 dicitur,
321 1617 391 1654 quod
412 1618 467 1643 eius
487 1618 523 1643 rei
544 1628 619 1644 causa
639 1619 741 1644 moenia
761 1619 814 1644 sint
834 1619 983 1645 constituta.
1004 1618 1033 1644 l'r.
1055 1649 1057 1652 .

195 1662 253 1687 239.
273 1661 294 1694 5.
315 1662 337 1686 7.
359 1660 390 1685 cf.
411 1660 432 1693 5.
453 1661 476 1685 2.
497 1659 529 1686 de
544 1659 574 1686 V.
589 1660 616 1686 S.
637 1663 676 1687 50.
699 1664 737 1688 16.
776 1661 838 1688 Sive
857 1663 923 1688 intra
938 1661 1033 1699 oppida
1055 1671 1057 1694 g

196 1704 253 1729 sive
272 1708 344 1729 extra
364 1701 469 1739 oppida,
489 1704 515 1729 in
533 1703 604 1729 villis
623 1703 666 1730 vel
685 1705 761 1740 agris.
782 1704 811 1731 fr.
834 1707 855 1731 l.
875 1705 912 1739 55.
934 1707 973 1731 14.
994 1707 1034 1730 17.

196 1745 229 1771 de
249 1745 281 1771 Ο.
302 1744 333 1772 N.
354 1745 385 1771 N.
405 1747 446 1771 39.
468 1747 489 1771 1.
509 1746 540 1772 fr.
562 1748 618 1772 198.
639 1746 668 1772 fr.
688 1749 747 1773 239.
767 1747 789 1781 ς,
808 1749 832 1774 2.
853 1747 885 1774 de
905 1747 935 1773 v.
950 1747 977 1773 S.
993 1749 1033 1773 50.
1056 1734 1057 1780 1

198 1790 238 1814 16.
265 1787 336 1814 Paul.
357 1787 387 1814 V.
406 1790 448 1814 20.
468 1789 506 1822 55
527 1791 549 1815 l.
569 1799 608 1825 sq.
634 1789 674 1815 Cf.
695 1789 808 1816 Ple-bisc.
828 1790 860 1816 de
880 1789 1034 1816 ThermenS.

196 1831 226 1857 II.
247 1833 287 1856 45.
308 1840 346 1867 sq.
385 1831 439 1865 Qui
459 1841 516 1857 eum
534 1841 640 1868 pagum,
664 1833 763 1864 vicum,
788 1831 948 1870 oppidumve
967 1833 1035 1859 dele·
1056 1825 1057 1855 1

196 1875 269 1908 gerit.
290 1873 331 1899 Fr.
352 1873 381 1899 L.
397 1874 491 1905 Cincii,
510 1874 589 1900 I.Cti.
609 1875 657 1911 Ap.
679 1875 747 1901 Getl.
761 1875 831 1901 XVI.
852 1878 874 1902 4.
896 1875 936 1902 Cf.
952 1875 1033 1902 Fr.L.

196 1916 318 1943 Thoriae.
339 1916 380 1942 Pr.
417 1915 446 1941 In
469 1918 631 1953 municipiis,
654 1917 779 1949 coloniis,
799 1918 918 1955 oppidis,
937 1919 1035 1956 praefe-

197 1964 283 1992 ctura,
307 1960 379 1991 vico,
404 1959 524 1991 castello.
549 1959 722 1986 conciliabulo
748 1963 918 1993 (testamenta
942 1962 1033 1994 facta.)
1055 1964 1056 1980 ³

197 2002 268 2028 Paul.
289 2001 319 2028 V.
340 2004 363 2028 6.
384 2002 405 2035 5.
425 2003 449 2028 2.
470 2001 498 2028 L.
519 2001 587 2028 Gall.
607 2002 707 2039 Cisalp.
727 2003 756 2029 II.
777 2006 800 2030 2.
817 2015 857 2040 sq.
878 2004 919 2031 Cf.
939 2015 963 2031 v.
984 2004 1034 2031 Co-

196 2044 274 2070 lonia.
294 2045 315 2078 5.
331 2047 352 2070 l.
391 2044 534 2081 Oppidum,
554 2049 597 2070 aut
615 2044 738 2081 frequens
753 2047 853 2075 civitas,
872 2049 972 2074 mansio
992 2048 1035 2074 de-

197 2088 276 2124 nique
295 2093 373 2124 atque
392 2089 474 2113 vicus.
496 2086 544 2113 Th.
565 2086 595 2113 C.
612 2087 679 2114 VIII.
699 2091 722 2114 5.
743 2099 763 2115 c.
783 2091 825 2116 35.
845 2100 883 2127 pr.
904 2090 936 2117 de
956 2101 1033 2117 cursu
1055 2102 1056 2109 ¹

197 2130 259 2166 pub.
278 2129 348 2156 XVI.
367 2132 391 2156 2.
414 2141 435 2156 c.
456 2132 496 2157 16.
516 2130 548 2156 de
568 2131 647 2168 episc.
668 2131 730 2158 eccl.
1055 2122 1056 2126 l

233 2173 506 2207 oppignorare.
544 2176 684 2209 Pignora*
702 2177 786 2202 clare.
823 2175 865 2202 111.
880 2178 946 2204 Cu.
966 2176 1033 2203 Ven-
1054 2197 1056 2200 -

199 2213 269 2245 dere,
288 2215 329 2241 vel
348 2217 521 2253 oppignorare
541 2216 656 2249 (liberos
675 2220 763 2250 suos.)
786 2217 822 2244 Ib.
842 2219 888 2245 XI.
906 2221 947 2246 27.
968 2230 988 2246 c.
1009 2222 1032 2247 2.
1054 2240 1056 2251 s

199 2256 232 2283 de
251 2256 318 2282 alim.
338 2268 379 2293 qu.
399 2259 470 2295 inop.

235 2300 428 2332 oppletus.
457 2301 577 2335 (Partic.)
604 2304 766 2337 Repletns.
803 2303 845 2330 III.
860 2306 926 2332 Gn.
946 2305 1033 2342 Aqua·
1054 2328 1055 2342 ¹

198 2352 256 2369 rum
276 2341 378 2374 ductus,
398 2344 520 2371 sordibus
539 2344 647 2382 oppleti⁷
666 2345 831 2373 mundentur.
854 2347 903 2374 Th.
924 2347 955 2375 C.
974 2348 1032 2375 XV.
1054 2352 1055 2355 ’

198 2388 222 2411 2.
243 2395 264 2411 c.
286 2386 307 2410 l.
328 2384 360 2410 de
379 2386 485 2420 aquaed.

234 2428 444 2460 opponere.
469 2429 543 2461 §.l.
565 2433 685 2458 Contra
702 2441 831 2466 ponere,
852 2435 1032 2461 Admovere.

200 2469 242 2495 III.
263 2471 328 2497 Cn.
348 2469 428 2506 Septa
448 2476 516 2503 sunt,
535 2483 599 2508 quae
619 2473 650 2500 ad
670 2474 746 2500 incile
766 2481 941 2512 opponuntur.
962 2477 991 2503 fr.
1010 2479 1031 2503 l.

200 2514 221 2546 5.
241 2515 264 2538 4.
285 2512 317 2538 de
336 2513 383 2539 riv.
403 2514 443 2538 43.
462 2515 503 2539 21.
541 2516 659 2550 Quilibet
681 2517 846 2554 prohibentis
870 2524 955 2547 actus.
975 2521 990 2546 i.
1011 2530 1031 2546 e.
1053 2519 1055 2546 ι’

200 2555 242 2581 vel
256 2555 368 2581 dicentis
381 2565 410 2581 se
422 2556 570 2592 prohibere,
590 2558 632 2585 vel
643 2570 745 2586 manum
760 2563 926 2598 opponentis.
947 2562 976 2588 fr.
989 2564 1031 2589 20.
1053 2553 1055 2558 ⁸

200 2599 222 2632 5.
243 2600 264 2624 l.
292 2598 344 2633 Qu.
368 2599 394 2624 vi
413 2603 456 2624 aut
475 2598 506 2624 cl.
526 2600 567 2625 ⁴13.
585 2602 626 2626 24.
646 2602 676 2628 cf.
697 2603 738 2630 Fr.
759 2604 790 2630 de
809 2604 827 2630 I.
847 2604 874 2631 F.
899 2606 980 2638 515.
1000 2621 1032 2625 »-

200 2642 231 2675 §.
252 2643 287 2668 2.
308 2643 530 2675 Interpouere.
566 2641 585 2667 I.
603 2644 664 2677 Sy.
690 2645 855 2673 Substitucre
875 2648 970 2681 (alium
989 2658 1033 2675 no-

200 2684 249 2715 bis,
269 2694 305 2710 sc.
326 2683 524 2717 adversarium.)
544 2683 573 2710 fr.
590 2686 610 2710 1.
624 2695 664 2721 pr.
684 2688 704 2720 5.
720 2690 741 2714 l.
762 2689 793 2715 de
813 2689 886 2716 alien.
907 2690 959 2717 iud.
971 2696 1032 2717 mut⁴

201 2737 221 2753 c.
241 2728 265 2752 4.
291 2728 312 2752 7.
338 2742 369 2745 —
401 2727 431 2759 §-
454 2728 491 2753 3.
516 2729 720 2762 Αηίεμοηενε.
762 2731 779 2757 1.
805 2733 866 2766 Sy.
895 2732 1032 2762 Praeferri.
1054 2733 1055 2737 ¹

200 2770 341 2806 Anteponi.
362 2769 470 2806 Opponi
490 2769 597 2803 (alteri.)
617 2770 762 2798 Excludere
780 2774 869 2807 (alium
888 2776 1032 2810 heredem.)

201 2812 223 2844 5.
241 2814 265 2838 3.
290 2812 307 2838 I.
328 2812 359 2838 de
379 2812 445 2839 S.C.
466 2811 537 2838 Tert.
556 2814 580 2839 3.
599 2815 623 2840 3.
651 2830 680 2834 -—
710 2815 740 2847 ξ.
762 2817 799 2842 ›l-
822 2818 976 2846 Obiicere.
1014 2820 1030 2845 I.
1053 2816 1054 2821 .

1856 158 1917 188 063

1081 245 1142 278 Sy.
1160 242 1284 276 Obiicere
1302 243 1505 281 (exceptionem.
1524 252 1548 268 v.
1567 240 1684 272 crimen.)
1709 238 1753 265 Vti
1769 239 1915 275 (exceptio-

1079 289 1131 318 ne.)
1151 286 1181 312 fr.
1200 288 1242 312 23.
1262 287 1283 320 5.
1302 288 1326 313 3.
1347 286 1379 312 de.
1399 285 1474 312 cond.
1495 285 1581 312 iudeb.
1597 286 1636 310 12.
1650 284 1673 309 6.
1695 282 1723 308 fr.
1743 284 1766 308 2.
1787 282 1823 315 55.
1840 283 1860 306 l.
1876 291 1914 317 sq.

1079 329 1107 356 fr.
1130 331 1169 355 13.
1189 329 1221 355 de
1241 329 1264 356 d.
1284 339 1317 355 m.
1338 339 1392 355 exc.
1412 331 1453 355 44.
1474 330 1496 355 4.
1518 328 1567 354 Th.
1588 327 1617 354 C.
1638 326 1682 352 IX.
1698 327 1736 351 10.
1757 335 1778 351 c.
1791 326 1814 350 3.
1836 323 1868 350 ad
1885 323 1914 350 L.

1078 372 1124 398 Iul.
1150 371 1183 398 de
1206 373 1232 398 vi
1254 371 1317 409 pub.
1359 371 1390 398 lI.
1412 373 1479 405 Op.
1502 371 1654 397 Remittere.
1679 369 1708 395 fr.
1728 369 1769 394 57.
1793 367 1815 401 5.
1837 369 1858 392 l.
1884 366 1915 391 de

1055 415 1056 423 ³
1078 425 1182 452 procur.
1200 417 1226 441 3.
1245 417 1269 441 3.
1306 414 1349 440 III.
1370 416 1434 442 Cn.
1458 414 1516 441 lure
1541 414 1645 450 quidem
1667 412 1752 438 mariti
1771 420 1824 436 eam
1845 408 1916 435 adul-

1079 463 1158 484 teram
1177 468 1230 484 uon
1249 457 1375 495 postulat,
1397 457 1445 484 sed
1465 459 1486 483 ei
1507 467 1558 483 nou
1579 459 1726 493 opponetur
1744 453 1847 479 infamia
1867 456 1914 477 etc.

1079 501 1148 527 Coll.
1168 500 1220 527 LL.
1240 500 1273 528 M.
1292 500 1337 527 IV.
1357 502 1380 527 5.
1417 500 1460 526 Ad
1478 510 1583 526 munera
1602 499 1644 525 vel
1664 498 1777 524 honores
1799 500 1916 525 vocatur,

1078 555 1126 571 nec
1145 549 1262 582 opponet
1280 543 1410 570 fortunam
1429 548 1477 569 etc.
1498 543 1527 570 fr.
1547 545 1571 569 3.
1591 543 1612 576 5.
1626 545 1650 568 2.
1670 541 1702 567 de
1722 549 1790 566 mun.
1811 543 1836 564 et
1855 537 1914 563 hon.

1078 590 1119 614 50.
1134 589 1157 614 4.
1181 587 1325 624 Legatariis
1345 587 1421 613 heres
1441 586 1523 622 legem
1537 585 1677 612 Falcidiam
1692 583 1810 620 opponit.
1830 580 1859 607 fr.
1873 581 1914 606 95.

1079 632 1100 665 5.
1117 634 1141 657 2.
1163 630 1194 657 ad
1208 630 1236 657 L.
1251 630 1321 657 Falc.
1334 632 1375 656 35.
1395 632 1419 656 2.
1457 627 1612 655 Huiusmodi
1631 625 1820 664 praesumtioni
1838 623 1917 650 debet

1079 675 1258 711 apertissimas
1278 673 1449 710 probationes
1463 672 1603 699 violentiae
1617 679 1758 707 opponere.
1777 668 1808 694 fr.
1821 668 1862 692 23.
1876 675 1915 703 pr.

1079 718 1130 752 Qu.
1150 721 1209 743 met.
1231 727 1251 743 c.
1271 718 1294 742 4.
1314 718 1338 742 2.
1380 716 1434 742 Aut
1460 715 1603 742 calumniae
1627 713 1750 739 iudicium
1774 719 1916 748 opponere,

1079 765 1123 786 aut
1142 759 1321 786 iusiurandum
1346 760 1463 795 exigere,
1491 768 1542 784 non
1567 756 1710 783 calumniae
1733 764 1809 781 causa
1833 761 1915 788 agere.

1079 803 1135 829 Gai.
1155 802 1199 828 IV.
1221 803 1277 828 176.
1298 802 1329 828 cf.
1351 803 1407 828 163.
1429 802 1486 827 181.
1522 801 1709 837 Exceptioues.
1730 807 1795 834 quae
1814 796 1916 822 institu-

1079 848 1113 872 tis
1132 847 1158 872 in
1177 845 1274 872 iudicio
1294 850 1383 871 contra
1398 854 1458 871 reos
1472 843 1619 870 actionibus
1634 845 1811 879 opponuntur.
1831 838 1860 864 fr.
1876 839 1914 863 12.

1055 902 1057 908 ν
1078 889 1099 922 5.
1121 890 1143 914 l.
1164 888 1196 915 de
1215 889 1304 915 interr.
1325 889 1351 914 in
1370 889 1433 914 iure.
1452 889 1490 914 11.
1512 889 1533 913 l.
1571 886 1654 912 Posse
1673 884 1814 911 efficaciter
1833 890 1916 917 agere,

1079 931 1149 958 nulla
1170 932 1325 968 exceptione
1347 930 1512 968 opponenda.
1540 929 1569 956 fr.
1588 930 1629 955 27.
1656 928 1677 961 5.
1697 929 1722 953 6.
1742 926 1774 953 cf.
1798 926 1819 959 5.
1840 926 1863 950 5.
1884 923 1916 949 de

1056 972 1057 979 ¹
1078 979 1146 1012 pact.
1164 976 1188 1000 2.
1210 976 1250 1001 14.
1287 974 1399 1000 DebItae
1424 974 1576 1010 quantitatis
1596 971 1836 1008 compensationem
1855 977 1914 1004 opp.

1078 1018 1108 1044 fr.
1129 1019 1169 1043 42,
1190 1017 1211 1051 5.
1230 1019 1254 1043 2.
1275 1016 1324 1043 sol.
1344 1017 1453 1043 matrim.
1470 1018 1511 1042 2-1.
1531 1018 1555 1042 3.

1114 1061 1344 1094 Opportune.
1369 1059 1480 1092 (Advb.)
1506 1061 1677 1086 Commode.
1714 1056 1756 1083 111.
1772 1056 1837 1083 Gn.
1856 1053 1916 1080 *Non

1079 1113 1172 1141 posse,
1191 1103 1233 1130 vel
1252 1108 1304 1129 tam
1324 1108 1472 1140 opportune
1491 1112 1543 1128 non
1562 1101 1665 1128 habere.
1684 1100 1715 1127 fr.
1734 1101 1775 1126 53.
1799 1098 1820 1132 5.
1842 1099 1865 1123 7.
1885 1096 1917 1122 de

1079 1147 1155 1183 legat.
1180 1146 1197 1172 I.
1223 1146 1301 1179 (30.)
1325 1146 1356 1171 cf.
1382 1145 1412 1172 fr.
1431 1148 1455 1171 2.
1481 1146 1502 1179 5.
1528 1147 1550 1171 7.
1575 1144 1605 1171 fr.
1629 1146 1652 1170 4.
1678 1143 1709 1170 de
1734 1142 1807 1178 relig.
1833 1142 1873 1166 11.
1893 1141 1915 1165 7.

1080 1189 1265 1226 Opportunius
1284 1188 1335 1215 alio
1354 1188 1414 1215 loco
1433 1187 1583 1215 referemus.
1605 1186 1660 1213 Gai.
1680 1186 1710 1212 ΙΙ.
1726 1187 1767 1212 97.

1114 1232 1398 1266 Opportunitas.
1426 1233 1651 1258 Commoditas.
1672 1231 1784 1259 Ratio,
1805 1229 1850 1254 vel
1867 1236 1914 1252 co-

1078 1278 1147 1310 pia,
1167 1278 1291 1302 idonea.
1328 1275 1371 1301 ΠΙ.
1387 1276 1452 1302 Gn.
1472 1274 1629 1310 Plerumque
1642 1272 1722 1299 robur
1735 1271 1857 1300 hominis.
1877 1278 1915 1294 ae-

1078 1323 1127 1349 tas.
1147 1316 1250 1356 tempus
1271 1317 1314 1351 [al.
1332 1322 1402 1344 aetas
1422 1316 1569 1354 temporiS‚]
1589 1316 1825 1353 opportunitasque
1844 1316 1915 1338 natu-

1079 1361 1140 1388 ralis
1164 1366 1247 1388 mutat
1270 1371 1374 1387 causam
1398 1370 1543 1397 operarum.
1569 1358 1599 1385 fr.
1618 1360 1660 1384 26.
1685 1358 1767 1391 5.1·2.
1788 1355 1820 1382 de
1840 1353 1914 1381 cond.

1078 1404 1165 1430 indeb.
1186 1406 1225 1430 12.
1245 1405 1268 1430 6.
1306 1403 1459 1435 Possessio,
1484 1404 1510 1429 in
1535 1412 1611 1439 quam
1633 1401 1710 1427 habet
1729 1404 1856 1437 patronus
1875 1396 1916 1423 ad-

1055 1443 1057 1447 *
1078 1447 1226 1477 fectionem,
1248 1446 1291 1473 vel
1310 1447 1530 1484 opportunitatis,
1549 1445 1591 1472 vel
1609 1444 1764 1475 vicinitatis,
1783 1441 1826 1468 vel
1845 1439 1915 1467 caeli.

1078 1490 1108 1516 fr.
1129 1492 1151 1516 l.
1175 1491 1257 1524 515.
1278 1491 1300 1516 si
1320 1500 1361 1526 qu.
1381 1491 1407 1516 in
1427 1489 1456 1515 fr.
1476 1493 1542 1526 patr.
1562 1489 1603 1515 38.
1623 1489 1646 1513 5.
1685 1485 1916 1523 Opportunitatem

1078 1534 1199 1565 emtoris,
1220 1533 1261 1559 cui
1280 1532 1432 1559 venumdari
1451 1532 1550 1569 potuit,
1569 1532 1704 1568 perimere.
1729 1528 1759 1555 fr.
1778 1529 1820 1554 33.
1840 1526 1873 1553 de
1891 1525 1916 1552 d.

1055 1597 1057 1600 .
1077 1587 1110 1603 m.
1124 1578 1147 1602 4.
1161 1578 1185 1602 3.
1214 1575 1255 1602 De
1269 1576 1466 1613 opportunitate
1479 1575 1531 1601 loci
1544 1575 1706 1612 prospicere,
1719 1582 1751 1598 ne
1765 1575 1813 1597 etc.
1834 1569 1863 1596 fr.
1877 1570 1915 1594 12.

1078 1630 1116 1657 pr.
1137 1619 1170 1646 de
1189 1618 1261 1655 relig.
1283 1621 1323 1645 ll.
1344 1620 1366 1645 7.
1404 1617 1484 1650 Vrbs,
1505 1619 1531 1644 iu
1550 1627 1599 1654 qua
1620 1615 1804 1653 opportunitas
1823 1617 1865 1639 est
1884 1627 1915 1631 —

1078 1663 1173 1689 iudicis
1197 1661 1318 1688 adeundi.
1351 1661 1401 1688 Th.
1428 1660 1458 1688 C.
1483 1660 1527 1688 XI.
1552 1662 1574 1686 l.
1604 1670 1624 1686 c.
1649 1661 1690 1685 32.
1717 1658 1748 1684 de
1772 1665 1866 1683 annon.
1891 1660 1916 1681 et

1078 1706 1168 1732 tribut.

1113 1748 1365 1780 Opportunus.
1391 1746 1521 1779 (Adiect.)
1547 1748 1699 1777 Idoneus,
1720 1744 1914 1771 Commodus.

1079 1790 1119 1816 III.
1133 1792 1198 1818 (311.
1218 1790 1365 1816 Instructus
1385 1790 1487 1816 idoneis
1500 1788 1676 1819 facultatibus,
1696 1792 1774 1824 atque
1787 1784 1916 1812 obeundis

1079 1832 1192 1870 publicis
1217 1833 1369 1859 muneribus
1395 1837 1568 1870 opportunus.
1597 1831 1633 1857 lb.
1653 1830 1723 1857 XVI.
1746 1831 1770 1856 2.
1794 1839 1815 1855 c.
1834 1830 1859 1854 3.
1883 1827 1916 1854 de

1079 1877 1159 1913 episc.
1185 1875 1248 1902 ecel.
1289 1876 1361 1902 Loco
1386 1881 1535 1913 opportuno
1559 1884 1671 1912 ponere,
1696 1883 1716 1899 s.
1747 1873 1914 1899 constituere.

1055 1914 1056 1917 ¹
1078 1919 1108 1945 fr.
1128 1921 1169 1945 41.
1186 1929 1220 1956 pr
1247 1918 1278 1945 de
1298 1919 1379 1945 usufr.
1393 1922 1415 1945 7.
1432 1921 1454 1945 1.
1475 1918 1506 1945 cf.
1525 1918 1554 1944 fr.
1569 1920 1593 1944 3.
1606 1927 1645 1954 pr.
1666 1916 1699 1943 de
1718 1916 1760 1942 off.
1776 1914 1827 1941 Prf.
1842 1913 1914 1949 Vigg.

1080 1964 1100 1988 l.
1122 1964 1161 1988 15.
1198 1961 1286 1988 Locus
1306 1963 1482 1999 opportunior
1500 1960 1628 1987 solvendo
1647 1960 1741 1997 pretio.
1761 1958 1791 1984 sr.
1811 1959 1834 1983 4.
1856 1957 1875 1990 5
1890 1959 1913 1983 6.

1078 2005 1110 2031 de
1129 2006 1154 2031 in
1175 2004 1243 2031 diem
1262 2004 1320 2031 add.
1342 2006 1381 2031 18.
1401 2007 1424 2031 2.
1463 2004 1650 2042 Opportunum
1673 2001 1789 2029 nubendi
1811 2005 1914 2036 tempus

1078 2049 1202 2074 amittere.
1223 2058 1244 2074 c.
1264 2051 1287 2074 2.
1309 2047 1341 2074 de
1359 2048 1450 2085 repud.
1470 2050 1493 2074 5.
1515 2049 1555 2074 17.

1113 2091 1332 2124 Oppressus.
1354 2090 1471 2124 (Subst.)
1493 2091 1678 2125 Oppressio.
1715 2087 1758 2113 III.
1774 2087 1839 2114 Gn.
1860 2085 1913 2120 Qui

1055 2145 1056 2148 ¹
1077 2143 1208 2170 oppressu
1227 2133 1402 2160 multitudinis
1422 2150 1454 2154 —
1473 2138 1593 2160 terretur.
1613 2131 1684 2158 Paul.
1706 2130 1736 2157 V.
1756 2132 1780 2156 6.
1800 2130 1822 2163 5.
1842 2130 1866 2154 4.

1111 2177 1329 2209 Oppressus.
1351 2176 1471 2210 (Partic.)
1495 2176 1535 2203 Cf.
1555 2186 1579 2202 v.
1600 2175 1765 2211 Opprimere.

1112 2220 1347 2253 Opprimere.
1368 2220 1398 2253 §.
1413 2222 1447 2247 l.
1470 2220 1632 2248 Obterere.
1652 2219 1803 2243 Enecare.
1821 2214 1911 2248 [Sy.

1054 2254 1055 2286 l
1077 2262 1215 2289 Obterere.
1236 2262 1276 2289 Cf.
1297 2262 1320 2289 h.
1340 2273 1364 2289 v.
1389 2263 1410 2296 5
1433 2264 1454 2288 l.
1491 2261 1533 2287 III.
1554 2262 1619 2288 Cn.
1649 2260 1678 2286 Si
1701 2259 1791 2297 plures
1814 2256 1912 2283 trabem

1077 2305 1227 2337 deieceriut,
1248 2310 1273 2331 et
1292 2305 1423 2331 hominem
1442 2305 1632 2341 oppresserint.
1652 2302 1682 2329 fr.
1698 2305 1737 2328 ll.
1757 2303 1777 2335 5
1794 2302 1816 2326 4.
1836 2299 1868 2325 ad
1881 2298 1910 2324 L-

1077 2348 1144 2385 Aqu.
1164 2350 1187 2375 9.
1207 2350 1231 2374 2.
1269 2348 1330 2374 Duo
1355 2349 1433 2379 socii,
1454 2363 1485 2366 —
1513 2348 1587 2373 ruina
1606 2346 1684 2373 simul
1703 2344 1836 2382 oppressi.
1855 2351 1912 2378 per-

1076 2393 1166 2418 ierant.
1187 2390 1217 2417 sr.
1237 2392 1260 2417 8.
1280 2401 1320 2428 pr.
1340 2391 1372 2417 de
1391 2390 1479 2416 hered.
1499 2391 1560 2416 inst.
1579 2390 1621 2416 28.
1641 2391 1664 2415 5.
1691 2405 1720 2409 —
1748 2388 1778 2420 §-
1797 2387 1832 2411 2.
1852 2386 1911 2411 Im-

1073 2441 1150 2469 petu
1169 2443 1295 2468 capere,
1315 2435 1522 2460 Preltendere.
1560 2433 1578 2459 I.
1599 2433 1660 2465 Sy.
1681 2427 1911 2466 Comprehendere

1054 2476 1055 2487 ¹
1077 2477 1270 2511 (desertores.)
1296 2475 1345 2502 Th.
1366 2476 1396 2502 C.
1417 2475 1472 2502 VII.
1493 2476 1533 2502 18.
1558 2486 1578 2501 c.
1600 2476 1639 2500 11.
1658 2483 1696 2511 pr.
1717 2483 1737 2498 c.
1759 2473 1797 2498 13.
1818 2471 1850 2497 de.
1869 2470 1911 2496 de-

1077 2526 1170 2547 sertor.
1206 2520 1248 2547 III.
1269 2520 1335 2547 Gn.
1359 2519 1401 2545 Ab
1420 2519 1541 2545 hostibus
1562 2518 1644 2554 eapti.
1670 2520 1713 2542 aut
1732 2526 1744 2541 a
1764 2513 1910 2541 latronibus

1077 2565 1206 2601 oppressi.
1231 2562 1260 2588 fr.
1281 2565 1304 2589 5.
1331 2562 1352 2596 5.
1372 2563 1395 2588 4.
1421 2561 1452 2588 de
1471 2563 1527 2588 iure
1546 2560 1599 2586 dot.
1619 2560 1659 2584 23.
1678 2560 1701 2584 3.
1726 2558 1756 2584 cf.
1781 2557 1810 2583 fr.
1831 2558 1854 2583 9.
1878 2567 1910 2583 ex

1053 2625 1054 2644 ζ
1077 2617 1119 2643 qu.
1140 2616 1160 2632 c.
1180 2606 1237 2632 mai.
1257 2607 1280 2631 4.
1300 2606 1323 2631 6.
1343 2621 1376 2624 -
1400 2604 1431 2638 §-
1451 2606 1487 2630 3.
1507 2604 1705 2637 Reprimere,
1726 2602 1909 2631 Deterrere,

1053 2653 1055 2680 j
1078 2652 1248 2682 Superare.
1285 2647 1303 2674 I.
1324 2649 1386 2682 Sy.
1411 2648 1573 2683 Dcprimere.
1599 2644 1649 2670 Th.
1669 2644 1700 2670 C.
1720 2643 1765 2670 XI.
1784 2645 1825 2670 36.
1846 2653 1865 2669 c.
1887 2644 1907 2668 7.

1077 2691 1159 2726 Quor.
1179 2701 1237 2728 app.
1257 2700 1281 2717 n.
1302 2701 1353 2717 rec.
1390 2690 1432 2716 ΠΙ.
1450 2690 1515 2716 Gn.
1535 2687 1565 2714 Si
1584 2687 1686 2713 adulter
1703 2687 1846 2713 inimicitiis
1866 2696 1909 2722 op-

1076 2743 1184 2770 pressus
1204 2738 1251 2765 est,
1273 2733 1315 2760 vel
1335 2733 1407 2759 falsis
1426 2731 1584 2767 argumentis
1603 2730 1768 2766 testibusque
1786 2730 1910 2756 suborna-

1076 2777 1109 2802 tis
1129 2775 1197 2813 apud
1216 2775 1366 2802 praesidem
1385 2779 1513 2809 gravatus.
1533 2773 1562 2800 fr.
1578 2775 1617 2799 17.
1638 2774 1658 2807 5.
1673 2775 1696 2800 6.
1717 2773 1749 2799 ad
1768 2773 1796 2799 L.
1817 2772 1862 2799 Iul.
1878 2771 1909 2798 de

1076 2818 1155 2845 adult.
1176 2820 1215 2845 48.
1236 2821 1259 2844 5,
1281 2818 1311 2845 cf.
1337 2817 1366 2844 fr.
1386 2819 1427 2844 3³3.
1452 2816 1484 2843 de
1502 2827 1530 2843 re
1548 2816 1600 2843 iud.
1620 2818 1661 2843 42.
1682 2818 1704 2842 l.
1729 2816 1758 2842 fr.
1781 2817 1819 2841 18.
1843 2816 1863 2847 5.
1886 2815 1906 2839 l.
