2197 3121
259 175 322 205 554

295 254 555 283 modim-tosus.
575 253 705 287 (Adiect.)
743 254 945 280 Derisorian.
981 251 1024 278 111.
1036 252 1103 280 Gn.

260 298 300 326 Ne
324 299 414 325 crebra
438 297 480 324 vei
506 298 580 334 quasi
604 296 750 323 ludibriosa
774 296 820 323 fiat
845 296 973 322 curatoris
997 295 1103 321 creatio.

261 351 283 368 c.
302 344 326 368 6.
349 341 382 367 de
402 350 455 367 cur.
476 341 565 367 furios
586 342 611 366 5.
631 341 671 366 70.

297 384 534 411 Ludibrium.
553 384 585 417 ς.
597 384 632 409 1.
653 384 880 419 Ludificatn'o.
911 380 954 407 111.
969 381 1036 408 Gn.
1053 378 1104 406 Lu-

261 427 347 454 dibrio
368 426 514 453 defraudari
534 426 624 459 (iura.)
645 436 666 452 c.
682 427 721 452 10.
734 436 773 464 pr.
793 425 826 452 de
845 425 933 462 adopt.
947 424 971 450 Θ.
986 424 1027 450 48.
1052 422 1105 449 An-

262 471 348 506 tiquae
367 469 522 496 subtilitatis
542 468 694 495 ludibrium.
719 479 741 495 c.
763 470 784 495 l.
811 468 843 495 de
863 466 933 494 nudo
953 467 1009 493 iure
1028 465 1103 501 Quir.

261 514 284 539 7.
303 514 345 540 25.
366 526 398 531 —
427 513 457 545 ξ.
477 513 512 538 2.
543 513 700 544 Dedecus,
720 512 936 538 Prostirueio.
973 508 1016 535 III.
1037 510 1103 536 Gn.

261 555 290 581 Si
310 556 369 592 quis
389 564 493 581 servum
512 565 611 586 meum,
631 554 674 581 vel
694 553 790 585 filium,
809 553 924 580 ludibrio
944 552 1046 579 habeat.
1072 551 1102 578 fr.

259 600 301 624 26.
321 598 354 624 de
372 599 448 624 iniur.
468 599 510 624 47.
533 600 572 624 10.
609 597 715 629 mimae,
740 602 765 623 et
785 598 830 633 qui
849 595 964 623 ludibrio
983 595 1103 633 corporis

260 642 301 668 sui
326 645 463 677 quaestum
488 640 593 667 faciunt.
623 640 673 668 Th.
694 640 724 667 C.
744 639 802 666 XV.
823 641 846 666 7.
872 649 893 666 c.
915 641 955 665 12.
980 639 1002 672 §.
1024 640 1046 664 l.
1071 637 1103 664 de

260 685 372 710 scm-nic.
392 683 451 710 XV.
471 685 495 711 8.
516 694 536 710 e.
559 686 580 711 1.
601 683 633 710 de
652 683 738 710 leuon.

295 727 494 754 Ludicrus.
514 726 643 760 (Adiect.)
680 727 861 758 locuturis,
879 726 1047 752 Lusoriax.
1071 723 1102 750 11.

261 771 329 804 Op.
349 769 464 802 Ludicri,
484 785 517 790 —-
537 769 605 796 Serii
624 769 733 802 (actus.)
758 768 795 795 lb.
815 767 834 795 I.
855 769 877 794 7.
902 777 923 795 c.
943 769 967 794 3.
986 767 1008 801 §.
1030 769 1051 793 l.
1072 766 1104 793 de

261 812 304 839 off.
325 812 400 839 Rect.
419 812 461 839 Pr.
498 812 540 839 111.
556 814 622 840 011.
641 812 715 846 Artis
734 811 859 842 ludicrae,
878 809 1105 848 pronunciandive

261 865 337 881 causa
363 857 406 887 (in
426 865 546 882 scaenam
564 855 698 892 prodire.)
723 854 752 881 fr.
775 856 797 881 l.
817 864 856 892 pr.
877 854 908 880 οἳ.
933 852 963 880 fr.
983 855 1006 879 3.
1028 853 1060 879 de
1079 853 1103 879 Ιι.

260 908 303 934 qu.
324 903 378 925 not.
398 899 443 925 int'.
461 900 487 925 3.
505 901 531 925 2.
567 898 596 924 Si
621 899 740 924 scaenica
764 897 851 924 officia
870 896 1040 928 declinarint,
1066 895 1105 922 lu-

260 940 340 968 dicris
360 942 514 968 ministeriis
534 941 701 978 deputentur.
727 940 777 967 Th.
798 940 829 967 C.
849 939 907 966 XV.
933 941 956 966 7.
982 950 1003 966 c,
1023 942 1046 966 4.
1071 939 1104 965 dc

260 985 371 1010 scaenic.
410 984 485 1019 Quae
508 985 596 1022 ipsae,
626 993 769 1021 quarumve
790 988 866 1021 pater
888 987 1003 1009 materve
1022 987 1104 1009 artem

260 1026 387 1054 ludicram
407 1027 510 1059 fecerit,
536 1028 598 1054 item
618 1037 729 1065 corpore
749 1031 885 1063 quaestum
905 1025 1011 1052 faciens.
1042 1024 1103 1062 le.

259 1070 329 1097 XIII.
351 1072 373 1096 1.
394 1080 434 1107 sq.
459 1070 532 1097 Paul.
546 1070 578 1097 V.
591 1072 633 1097 26.
653 1071 675 1104 §.
690 1072 714 1096 2.
734 1069 800 1096 Tab.
819 1068 923 1095 Heracl.
943 1068 988 1095 lin.
1007 1069 1049 1095 48.
1064 1078 1103 1105 sq.

260 1123 310 1140 aer.
328 1112 409 1151 Neap.

295 1157 529 1184 Ludifieare.
554 1157 708 1183 Illudere.
746 1154 788 1181 111.
803 1155 869 1182 Gn.
889 1154 957 1181 Cum
976 1154 1041 1181 Titii
1061 1153 1105 1180 do-

260 1199 301 1226 lus
322 1200 348 1226 iu
369 1209 397 1225 re
415 1204 574 1231 versaretur,
594 1208 627 1225 ne
647 1198 762 1225 creditor
778 1213 809 1217 ——
830 1198 967 1236 pecuniam
986 1198 1104 1234 recipiat,

260 1243 454 1279 iniquissimum
475 1252 534 1269 esse
552 1241 683 1268 ludificari
703 1250 769 1267 eum.
790 1240 820 1267 fr.
839 1241 862 1267 8.
883 1240 905 1274 §.
918 1242 942 1267 8.
963 1239 1015 1276 Qu.
1034 1239 1104 1266 mod.

259 1286 330 1322 pigo.
355 1287 396 1311 20.
421 1286 446 1312 6.
488 1285 560 1312 Mora
588 1284 741 1311 ludificante
768 1285 794 1310 in
819 1282 926 1319 longum
950 1282 1105 1321 protrahere

260 1328 485 1365 (possidentem.)
511 1327 560 1354 Tb.
581 1327 612 1355 C.
632 1327 666 1354 Χ.
688 1328 726 1354 13.
753 1336 773 1353 c.
796 1328 818 1353 l.
839 1326 871 1353 de
891 1327 997 1363 petitor.
1018 1330 1043 1352 et
1063 1325 1106 1352 de-

261 1372 318 1397 sist.

296 1413 537 1441 Ludifieatw.
574 1414 705 1440 Illasio.
741 1412 784 1439 III.
805 1414 871 1441 οη.
891 1412 1048 1439 Moratoriae
1068 1411 1105 1438 di-

261 1456 381 1488 lationes.
399 1472 431 1476 —
451 1466 503 1483 non
523 1461 574 1483 tam
594 1456 786 1493 adpellationes
806 1466 882 1492 quam
901 1454 1104 1482 ludificationes.

261 1498 298 1526 lb.
316 1499 361 1526 XI.
380 1501 422 1526 36.
447 1510 468 1526 c.
490 1501 511 1526 l.
537 1500 622 1536 Quor.
647 1509 706 1536 app.
731 1509 755 1525 u.
776 1508 827 1525 rec.
859 1498 924 1525 Sine
947 1497 999 1524 ulla
1019 1496 1104 1524 ludifi-

261 1543 363 1568 catione
382 1543 520 1575 (restitui.)
540 1553 561 1569 c.
582 1544 605 1569 6.
625 1541 658 1568 de
677 1546 745 1579 pact.
766 1542 812 1568 int.
833 1546 892 1568 emt.
912 1542 937 1567 4.
956 1542 998 1567 54.

296 1585 604 1612 LudificatoriuS·
641 1584 781 1619 (Adiect.)
828 1586 875 1611 Aa
901 1585 1102 1610 illudendam

260 1630 466 1662 compositus.
504 1627 547 1654 ΙΙΙ.
568 1628 635 1655 Cn·
658 1626 711 1653 Vbi
735 1626 784 1654 suit
802 1627 1018 1664 (procuratoris)
1037 1625 1104 1653 ludi-

261 1671 386 1700 ficatoria.
406 1671 491 1697 inanis
511 1675 537 1696 et
555 1669 627 1696 nulla
653 1680 774 1708 persona.
806 1668 928 1696 Consult.
952 1674 1004 1696 vet.
1024 1668 1103 1696 1.Cti.

261 1723 281 1740 c.
301 1714 326 1740 3.

296 1757 437 1783 laudus.
457 1757 537 1790 §.¹1.
557 1757 656 1788 Ludi,
676 1757 694 1782 i.
707 1766 728 1781 e.
748 1757 945 1789 Spectacula
962 1756 1102 1789 publica.

261 1798 303 1825 111.
318 1801 384 1827 Gn.
405 1799 485 1835 Quod
499 1799 531 1826 ad
544 1808 639 1825 munus
654 1798 792 1829 edendum,
805 1799 1013 1829 vcnationemve,
1026 1797 1104 1824 ludos

261 1843 411 1875 scaenicoS,
437 1842 514 1869 ludos
534 1843 666 1868 circenses
686 1840 807 1868 relictum
826 1840 911 1867 suerit.
934 1841 965 1868 fr.
987 1843 1044 1867 1⁴22.
1064 1850 1103 1878 pr.

261 1884 294 1911 de
314 1884 389 1922 legat.
409 1885 427 1912 I.
448 1886 524 1919 (30)
545 1885 576 1912 ef.
605 1883 655 1911 Tb.
676 1883 707 1911 C.
727 1883 771 1910 VI.
791 1885 815 1910 4.
841 1894 862 1910 c.
881 1885 906 1910 2.
931 1894 953 1910 c.
972 1885 996 1910 4.
1021 1894 1042 1910 c.
1064 1885 1103 1910 la.

263 1937 283 1954 c.
303 1929 344 1954 33.
365 1928 398 1955 de
413 1927 498 1955 Pract.
518 1933 544 1955 et
563 1928 614 1964 Qu.
651 1927 795 1959 Ludorum,
814 1927 857 1953 vel
876 1928 1042 1959 circensium,
1061 1926 1104 1953 vel

262 1981 372 2008 agonum
391 1972 508 2007 (origo.)
536 1971 574 1997 lb.
593 1969 664 1997 XVI.
686 1971 724 1996 10.
746 1980 768 1997 e.
786 1972 811 1997 3.
831 1970 863 1997 de
882 1980 973 2008 pagan.
994 1970 1025 1997 cs.
1045 1969 1104 1997 XV.

262 2016 286 2040 5.
307 2024 327 2041 c.
348 2016 371 2040 2.
391 2024 430 2051 pr.
450 2014 482 2041 de
502 2019 615 2051 spectac.
654 2013 829 2040 Commodare
854 2013 885 2040 ad
909 2013 1001 2045 ludos,
1028 2018 1053 2040 et
1072 2012 1104 2039 ad

263 2062 378 2083 caeteras
406 2056 597 2094 adparationes.
625 2056 654 2083 sr.
674 2057 716 2082 28.
741 2055 773 2082 de
797 2067 860 2083 auro
885 2066 936 2093 arg.
960 2058 1001 2083 34.
1021 2058 1045 2082 2.
1071 2055 1102 2082 cf.

263 2100 294 2127 fr.
313 2102 336 2127 5.
357 2101 377 2134 ξ.
400 2102 421 2126 l.
442 2099 570 2127 commod.
592 2100 631 2126 13.
651 2100 675 2125 6.
712 2097 816 2131 Ludos,
839 2100 1010 2137 pecuniamve
1027 2098 1105 2136 polli-

264 2144 324 2169 ceri.
345 2142 374 2169 i'r.
396 2145 435 2170 10.
456 2153 494 2180 pr.
515 2142 546 2169 ad
565 2141 595 2168 L.
615 2141 662 2168 Iul.
682 2140 716 2168 de
734 2143 760 2168 vi
779 2142 840 2179 pub.
861 2144 902 2169 48.
922 2144 946 2171 (i.
967 2159 997 2163 —
1018 2143 1049 2176 ξ.
1068 2143 1104 2169 ².

264 2187 386 2217 Ludus,
406 2188 423 2212 i.
441 2196 460 2212 e.
482 2187 664 2213 Palaestra.
703 2185 747 2212 III.
766 2187 832 2213 Cn.
853 2185 968 2222 Quique,
988 2190 1016 2212 ut
1034 2184 1104 2211 ferro

264 2232 307 2255 aut
331 2238 389 2254 cum
408 2228 500 2254 bestiis
521 2228 713 2266 depugnarent,
738 2228 826 2255 traditi
845 2229 910 2260 sint,
935 2229 996 2255 inve
1014 2227 1104 2254 ludum

264 2270 444 2298 custodiamve
463 2272 573 2298 coniecti
592 2271 697 2298 fuerint.
718 2270 774 2298 Gai.
790 2271 807 2298 1.
823 2273 862 2298 13.
890 2271 988 2297 Servos
1008 2271 1034 2297 in
1053 2280 1104 2297 me.-

265 2314 364 2345 tallum,
383 2312 425 2339 vel
444 2314 469 2339 in
489 2323 556 2350 opus
574 2314 686 2347 metalli,
706 2314 768 2341 item
787 2315 813 2341 in
832 2313 922 2341 ludum
941 2314 1104 2340 venator-ium

265 2357 319 2383 dari
344 2355 438 2383 solere.
467 2356 496 2382 fr.
516 2359 540 2382 δ.
569 2358 590 2390 §.
611 2359 650 2384 12.
671 2357 702 2384 cf.
730 2358 752 2392 §.
774 2360 813 2384 11.
839 2357 872 2384 (le
897 2366 973 2394 poen.
998 2358 1038 2382 48.
1064 2358 1104 2383 19.

264 2401 314 2427 Est
332 2404 416 2426 autem
436 2399 582 2425 differentia
602 2399 669 2426 inter
683 2410 737 2431 eos,
758 2401 802 2437 qui
822 2400 853 2427 ad
872 2399 994 2437 gladium,
1014 2404 1040 2426 et
1059 2410 1104 2426 cos

264 2444 310 2480 qui
330 2442 361 2469 ad
380 2441 469 2469 ludum
489 2441 651 2469 damnantur.
677 2443 746 2470 Coll.
766 2443 811 2470 LL
833 2443 865 2470 M.
881 2443 925 2470 xl.
946 2444 969 2469 7.
990 2442 1021 2469 cf.
1042 2442 1060 2469 1.
1081 2444 1103 2469 7.

266 2485 315 2512 Th.
336 2485 366 2512 C.
387 2485 431 2512 IX.
459 2486 495 2511 18.
521 2495 541 2511 c.
564 2486 585 2511 l.
610 2484 641 2510 ad
661 2484 689 2511 L.
710 2486 772 2513 Fab.
799 2503 827 2507 —
861 2486 892 2520 §0
912 2487 949 2512 3.
976 2487 1103 2513 Schola.

267 2528 307 2555 111.
329 2530 394 2556 011.
421 2527 488 2555 Ludi
508 2527 627 2554 litterarii
647 2529 776 2563 magister.
802 2529 832 2556 i'r.
854 2531 875 2555 l.
900 2529 922 2563 §.
942 2530 965 2555 6.
985 2527 1018 2555 de
1037 2533 1103 2555 extr.

267 2580 339 2605 cogn.
358 2574 399 2598 50.
421 2572 460 2597 13.

303 2615 438 2641 lauere.
475 2614 506 2647 §.
526 2615 560 2640 1.
585 2615 741 2648 Expiare.
784 2613 801 2640 1.
823 2616 884 2648 Sy.
908 2613 1006 2640 Inserre
1026 2615 1104 2650 (poe-

268 2657 350 2687 nam.)
375 2657 464 2683 1“ι·.29.
489 2656 521 2683 de
545 2656 574 2683 L.
595 2656 675 2683 Corn.
700 2655 732 2683 de
755 2655 811 2682 fals.
836 2658 877 2683 «ts.
898 2659 937 2684 10.
974 2657 1016 2683 111.
1038 2658 1104 2684 Gn.

216 2713 221 2716 -
268 2697 362 2735 Capite
382 2698 512 2731 luendum,
531 2699 573 2726 vel
593 2700 693 2726 minore
712 2698 851 2736 supplicio.
877 2698 905 2725 fr.
927 2701 965 2726 16.
986 2700 1007 2733 ξ.
1027 2702 1050 2726 4.
1072 2699 1104 2726 de

269 2750 344 2778 poen.
363 2742 404 2766 48.
426 2744 462 2768 19.
500 2742 604 2780 Capitis
622 2751 721 2780 poenas
741 2741 820 2768 luere.
843 2740 872 2767 [ι’.
893 2742 916 2767 6.
936 2742 957 2775 ὃ.
978 2745 1002 2768 4.
1022 2742 1054 2768 de
1072 2741 1103 2768 R.

269 2783 301 2811 111.
321 2785 362 2809 49.
385 2784 465 2809 16-
485 2785 516 2818 §-
537 2787 572 2812 20
592 2787 760 2817 Liber-are,
781 2786 966 2811 Exeolnere.
1003 2784 1021 2810 1.
1042 2785 1103 2819 Sy.

272 2826 392 2853 Libet-are
411 2827 477 2859 (rr-ni
497 2827 656 2863 obligatam.)
676 2828 717 2855 Cf.
731 2827 755 2854 h.
769 2838 792 2854 v.
813 2828 835 2862 §.
854 2829 877 2854 3.
915 2826 1032 2854 111.(771.
1052 2827 1104 2853 De·

1000 169 1090 200 LUD
1100 187 1140 192 -.

1150 167 1254 199 LUM.

1147 251 1230 277 bitum
1243 249 1361 283 obferre,
1380 255 1406 277 et
1418 251 1513 288 pignus
1527 260 1603 277 suum
1617 249 1697 277 luere.
1718 250 1748 277 fr.
1763 252 1786 277 7.
1806 251 1828 284 §.
1844 252 1882 278 12.
1897 261 1989 278 comm.

1148 294 1200 320 div.
1222 296 1261 320 10.
1282 295 1306 320 3.
1326 292 1358 320 cf.
1378 292 1435 320 Gai.
1455 293 1499 321 lv.
1519 295 1560 320 32.
1581 293 1654 320 Paul.
1674 293 1705 319 11.
1725 295 1748 319 5.
1774 294 1795 327 §.
1818 295 1841 320 1.
1877 294 1991 320 Actione

1148 347 1180 364 ex
1199 341 1268 363 emto
1288 341 1424 368 teneatur,
1448 341 1477 363 ut
1497 347 1510 363 a
1530 336 1661 363 creditore
1680 335 1778 368 lueret,
1806 340 1831 362 et
1850 337 1942 363 marito
1964 336 1993 363 li-

1148 380 1239 406 berum
1257 383 1404 417 praestaret
1423 379 1473 412 (sc.
1492 379 1649 417 praedium.)
1671 378 1701 406 i'r.
1715 381 1756 405 52.
1777 379 1799 413 §.
1821 380 1843 405 1.
1863 378 1896 405 de
1915 379 1946 406 A.
1960 379 1991 406 Ε.

1149 422 1179 449 V.
1196 424 1233 449 19.
1250 424 1272 449 1.
1305 423 1359 458 Qui
1378 423 1423 448 vix
1443 421 1516 448 luere
1534 427 1624 460 potest
1644 422 1693 456 (sc.
1713 421 1808 448 saltum
1827 422 1930 459 pignori
1950 422 1992 449 da·

1149 466 1224 498 tum,)
1243 465 1338 492 nedum
1358 464 1489 491 excolere.
1509 464 1538 492 fr.
1552 467 1594 491 25.
1614 465 1646 492 de
1663 466 1731 502 pign.
1746 469 1795 491 act.
1811 467 1850 491 13.
1867 467 1890 492 7.
1917 466 1992 501 Quae

1148 509 1259 546 pecunia
1278 507 1314 535 lui
1335 508 1516 545 praestarique
1534 513 1655 545 possunt.
1676 508 1706 534 [ι’.
1726 509 1750 534 9.
1773 508 1795 541 §.
1815 510 1840 534 2.
1860 507 1893 534 de
1911 512 1992 535 statu-

1148 552 1194 579 lib.
1212 554 1254 579 40.
1275 553 1299 578 7.
1337 551 1390 587 Qui
1410 550 1441 577 ab
1461 550 1583 578 hostibus
1602 551 1712 578 redemti
1736 555 1810 583 sunt,
1838 552 1992 588 priusquam

1148 605 1178 621 se
1195 594 1276 621 luant.
1297 593 1326 620 fr.
1346 596 1370 620 8.
1391 593 1423 620 de
1437 593 1468 620 R.
1482 593 1515 620 M.
1530 595 1571 621 49.
1591 594 1631 621 16.
1668 594 1710 621 Ad
1730 593 1854 621 luendum
1874 593 1992 621 debitum

1149 638 1290 665 conveniri.
1321 636 1371 663 ΤΙι.
1392 636 1424 663 C.
1443 636 1473 663 11.
1493 638 1517 662 4.
1543 647 1564 663 c.
1583 639 1607 664 3.
1631 636 1664 663 dc
1689 637 1799 664 denunc.
1819 646 1843 663 v.
1864 636 1925 664 edit.
1946 636 1991 664 XI.

1147 683 1190 707 30.
1210 691 1232 707 c.
1250 682 1292 707 21.
1313 679 1345 706 de
1364 689 1423 717 app.
1444 684 1470 706 et
1488 689 1566 717 poen.

1183 725 1295 750 lanes.
1332 724 1527 750 Calamitas.
1563 721 1607 749 111.
1627 723 1694 750 Gn.
1713 722 1742 749 Si
1763 732 1813 759 qua
1832 722 1876 749 lue
1895 716 1991 760 tempe-

1148 767 1238 798 statis,
1258 764 1301 791 vel
1320 763 1371 791 alio
1391 765 1455 792 caeli
1474 767 1553 798 vitio,
1574 765 1666 792 damna
1685 765 1853 793 accidissent.
1874 776 1895 792 c.
1915 768 1939 794 8.
1960 765 1994 793 de

1148 809 1225 836 locat.
1249 810 1273 835 4.
1293 810 1334 834 65,

1184 851 1461 886 Lugdunensis.
1481 850 1611 885 (Adiect.)
1649 853 1697 878 Ad
1715 853 1907 887 Lugdunum
1925 861 1993 886 per·

1148 897 1272 926 tineas,
1301 895 1433 921 Galliae
1462 895 1607 921 Celticae
1633 897 1815 922 civitatem.
1856 893 1900 920 111.
1925 895 1993 922 Cn·

1148 938 1340 975 Lugdunenses
1361 936 1405 970 [al.
1424 936 1626 973 Lugdunenses]
1647 937 1726 969 Galli,
1746 938 1808 964 item
1826 936 1992 964 Viennenses

1149 982 1175 1008 in
1194 980 1370 1012 Narbonensi,
1389 980 1454 1006 iuris
1473 979 1557 1006 Italici
1576 985 1646 1007 sunt.
1667 980 1696 1007 fr.
1715 982 1739 1007 8.
1759 980 1781 1014 §.
1799 982 1820 1006 l.
1841 979 1873 1006 de
1893 979 1992 1006 censib.

1149 1026 1190 1050 50.
1211 1025 1250 1050 15.
1288 1022 1417 1058 Legatus,
1437 1033 1461 1049 v.
1482 1022 1604 1055 Praeses,
1628 1024 1780 1060 provinciae
1798 1022 1992 1059 Lugdunensis.

1150 1066 1220 1093 Coll.
1244 1065 1297 1093 LL.
1317 1066 1350 1093 M.
1370 1065 1429 1093 XV.
1448 1068 1473 1092 5.
1497 1065 1547 1093 Tb.
1568 1065 1599 1093 C.
1618 1065 1663 1093 XI.
1685 1068 1710 1093 3.
1740 1076 1761 1093 c.
1783 1068 1806 1093 l.
1830 1067 1888 1093 sine
1911 1075 1993 1093 censu

1150 1120 1174 1136 v.
1194 1109 1288 1146 reliqu.

1185 1154 1346 1187 langere.
1383 1152 1415 1186 ξ.
1434 1153 1470 1179 1.
1500 1153 1605 1179 Lucra
1626 1154 1786 1187 prosequi
1809 1153 1993 1179 memoriam

1149 1197 1309 1233 defuncti.
1335 1195 1354 1221 I.
1368 1196 1430 1230 Sy.
1449 1194 1562 1221 Luctum
1575 1194 1671 1221 habere
1690 1195 1843 1228 (memoriae
1862 1194 1993 1228 alterius)

1149 1239 1251 1275 Lugere
1271 1239 1363 1271 (eum.)
1384 1238 1415 1265 fr.
1428 1240 1470 1264 25.
1484 1248 1523 1275 pr.
1543 1238 1565 1272 §.
1580 1239 1602 1264 l.
1622 1237 1654 1264 cf.
1674 1236 1704 1264 fr.
1717 1239 1759 1264 23.
1779 1237 1811 1263 de
1831 1237 1856 1263 h.
1876 1247 1919 1274 qu.
1938 1241 1992 1264 not.

1149 1282 1194 1308 inf.
1214 1284 1238 1308 3.
1257 1283 1281 1308 2.
1309 1281 1431 1318 Elugere.
1457 1280 1497 1307 Ct'.
1518 1280 1542 1307 h.
1563 1290 1586 1306 v.
1623 1279 1666 1306 III.
1687 1281 1754 1308 0²1.
1772 1279 1898 1306 Parentes
1919 1284 1944 1306 et
1963 1279 1992 1306 li-

1149 1325 1220 1357 beri,
1242 1340 1273 1344 —
1293 1324 1437 1351 secundum
1461 1324 1568 1361 pietatis
1592 1323 1719 1349 rationem
1743 1328 1769 1349 et
1793 1323 1871 1349 animi
1889 1324 1931 1350 sui
1950 1333 1994 1360 pa·

1148 1368 1280 1400 tientiam,
1305 1372 1384 1405 prout
1404 1368 1517 1404 quisque
1535 1365 1662 1398 voluerit,
1686 1365 1792 1402 lugendi
1811 1370 1879 1392 sunt.
1900 1365 1930 1393 fr.
1949 1367 1992 1393 23.

1149 1410 1165 1437 l.
1180 1413 1205 1438 3.
1224 1413 1249 1437 2.
1287 1410 1372 1437 Minor
1391 1411 1469 1437 trimo
1489 1419 1542 1436 non
1562 1409 1674 1446 lugetur,
1693 1409 1740 1436 sed
1760 1408 1928 1445 sublugetur3
1948 1409 1994 1435 mi-

1148 1464 1197 1480 nor
1215 1453 1337 1480 anniculo
1357 1463 1443 1490 neque
1467 1452 1583 1489 lugetur,
1608 1462 1694 1488 neque
1713 1451 1875 1488 sublugetur.
1906 1451 1992 1478 Vatic.

1148 1498 1170 1531 §.
1189 1499 1248 1524 321.
1271 1496 1303 1523 cf.
1328 1496 1401 1523 Paul.
1420 1495 1439 1522 Ι.
1459 1497 1501 1522 21.
1521 1495 1543 1529 §.
1565 1496 1604 1521 13.
1643 1494 1716 1521 Talis
1736 1495 1894 1528 (maritus,)
1915 1504 1993 1531 quem

1148 1550 1221 1567 more
1239 1541 1366 1566 maiorum
1385 1539 1468 1575 lugeri
1487 1547 1541 1564 non
1560 1542 1674 1575 oportet.
1694 1537 1724 1564 fr.
1740 1539 1779 1564 11.
1798 1537 1836 1571 §§.
1858 1539 1879 1564 l.
1898 1539 1923 1564 3.
1943 1537 1959 1564 l.
1975 1536 1992 1564 l.

1148 1585 1171 1609 3.
1191 1585 1216 1609 2.
1236 1582 1268 1609 cf.
1288 1582 1319 1609 fr.
1339 1584 1381 1609 35.
1402 1581 1435 1608 de
1453 1580 1526 1617 relig.
1548 1582 1588 1607 ll.
1609 1583 1632 1607 7.
1650 1597 1679 1601 -—
1701 1581 1732 1614 ξ.
1746 1581 1781 1607 2.
1802 1582 1992 1616 Deplorare.

1148 1626 1191 1652 III.
1204 1627 1269 1653 011.
1289 1625 1337 1652 Sui
1356 1624 1404 1652 filii
1424 1634 1476 1650 nou
1495 1628 1594 1660 gratam
1612 1623 1784 1650 hereditatem
1803 1623 1929 1655 relictam,
1944 1622 1993 1650 sed

1149 1669 1226 1695 triste
1245 1668 1346 1695 lucrum
1366 1667 1418 1694 sibi
1441 1666 1528 1704 lugeat
1546 1666 1715 1703 adquisitum.
1741 1677 1762 1694 c.
1783 1668 1822 1693 ll.
1846 1676 1939 1693 comm.
1960 1665 1994 1692 de

1148 1721 1218 1738 succ.
1239 1713 1262 1737 6.
1283 1713 1324 1737 59.
1345 1721 1366 1737 c.
1386 1712 1410 1736 6.
1430 1720 1469 1747 pr.
1492 1710 1524 1736 de
1543 1709 1604 1736 bou.
1626 1720 1668 1746 qu.
1690 1709 1734 1736 lib.
1754 1710 1777 1736 6.
1797 1711 1838 1736 61.

1183 1754 1383 1788 Lugubris.
1404 1753 1534 1787 (Adiect.)
1553 1754 1631 1787 §.10
1651 1754 1699 1779 Aa
1715 1755 1824 1779 luctus
1841 1753 1993 1788 insignia

1149 1803 1313 1831 spectans.
1347 1796 1390 1823 III.
1411 1798 1477 1824 Gn.
1501 1794 1583 1822 Veste
1602 1795 1706 1832 lugubri
1725 1796 1776 1827 uti,
1801 1800 1845 1822 aut
1863 1794 1992 1832 squalida,

1149 1844 1192 1866 aut
1215 1839 1322 1866 barbam
1346 1839 1492 1866 demittere.
1519 1838 1548 1865 sr.
1570 1841 1610 1865 15.
1634 1839 1656 1872 ξ.
1675 1841 1717 1865 27.
1741 1838 1774 1865 de
1793 1839 1869 1865 iniur.
1888 1839 1930 1864 47.
1952 1838 1991 1863 10.

1148 1882 1208 1920 Ipsa
1228 1882 1270 1909 die
1290 1888 1316 1909 et
1334 1892 1438 1909 sumere
1457 1881 1590 1918 lugubria,
1610 1887 1636 1908 et
1655 1881 1795 1919 deponere.
1820 1881 1851 1908 fr.
1870 1882 1894 1907 8.
1915 1880 1947 1907 de
1965 1879 1990 1906 h.

1149 1936 1191 1963 qu.
1211 1930 1265 1952 not.
1286 1926 1372 1952 iusam.
1386 1927 1411 1952 3.
1426 1928 1450 1952 2.
1467 1941 1498 1945 —
1517 1926 1548 1959 §.
1568 1925 1604 1951 ἓ.
1627 1926 1758 1951 Tristis.
1796 1923 1839 1950 Ill.
1859 1925 1925 1952 οη.
1945 1922 1991 1949 Sa-

1149 1970 1182 1995 tis
1203 1974 1243 1995 est
1261 1968 1380 2005 lugubre,
1400 1968 1490 1995 videre
1504 1973 1552 1994 etc.
1573 1977 1594 1993 e.
1608 1969 1650 1994 22.
1670 1967 1703 1994 de
1722 1967 1816 1994 admin.
1836 1971 1883 1993 tut.
1894 1968 1918 1992 5.
1928 1967 1972 1992 37.

1184 2012 1323 2039 munio.
1343 2013 1375 2046 §.
1390 2013 1425 2038 1.
1445 2012 1638 2043 Exsolntio,
1656 2011 1845 2041 Liberatio‚
1865 2010 1991 2036 Redem-

1148 2057 1206 2082 tz'o.
1242 2054 1285 2081 111.
1304 2056 1370 2082 Gn.
1399 2054 1476 2080 Patre
1499 2053 1630 2084 redemto,
1655 2057 1681 2079 et
1704 2057 1764 2079 ante
1787 2051 1923 2078 luitionem
1947 2050 1991 2077 de-

1148 2098 1246 2124 functo.
1267 2097 1297 2124 fr.
1319 2099 1359 2124 15.
1379 2097 1411 2124 de
1431 2097 1525 2134 captiv.
1540 2097 1581 2121 49.
1597 2097 1635 2121 15.
1656 2095 1688 2122 cs.
1709 2095 1739 2121 fr.
1754 2096 1776 2120 1.
1796 2094 1817 2128 §.
1837 2095 1861 2120 4.
1881 2093 1914 2120 de
1933 2093 1990 2120 suis

1149 2146 1174 2167 et
1193 2140 1263 2177 legit.
1283 2142 1325 2166 38.
1347 2142 1386 2166 16.
1424 2139 1453 2165 Si
1477 2147 1518 2165 res
1542 2137 1654 2173 obligata
1675 2153 1707 2157 —
1732 2147 1780 2174 per
1798 2136 1990 2163 damnationem

1148 2184 1231 2221 legata
1251 2185 1293 2215 sit,
1314 2183 1388 2210 luitio
1403 2181 1435 2208 ad
1449 2181 1554 2208 heredis
1568 2180 1773 2207 sollicitudinem
1787 2184 1896 2217 spectat.
1917 2178 1989 2206 Paul.

1148 2227 1190 2253 111.
1211 2228 1234 2253 6.
1254 2227 1276 2261 §.
1296 2228 1312 2253 8
1339 2240 1373 2245 --
1392 2226 1423 2259 §.
1439 2226 1474 2251 2.
1494 2225 1700 2255 Praestatio,
1721 2224 1845 2249 Pensio.
1864 2221 1907 2249 Ill.
1922 2223 1989 2250 Gn·

1148 2269 1314 2297 Excusandis
1333 2277 1381 2307 pro
1400 2267 1495 2294 denum
1508 2266 1618 2294 millium
1631 2265 1779 2292 modiorum
1793 2264 1902 2292 luitione
1915 2265 1990 2302 quin-

1149 2313 1274 2350 quagenis
1293 2321 1401 2339 numero
1426 2311 1500 2347 iugis,
1532 2309 1582 2336 Th.
1601 2308 1632 2335 C.
1652 2307 1721 2335 XIII.
1740 2310 1764 2334 5.
1789 2318 1811 2334 c.
1831 2309 1872 2335 14.
1896 2318 1935 2346 pr.
1955 2307 1989 2335 de

1149 2354 1261 2382 uavicul.

1183 2399 1343 2425 Lumen.
1379 2397 1410 2430 ξ.
1426 2397 1461 2422 l.
1481 2395 1560 2422 Dies
1578 2396 1745 2427 adparens.
1772 2394 1851 2420 Lux.
1875 2392 1906 2419 11.
1919 2394 1987 2427 01).

1148 2440 1317 2477 prospectus.
1338 2439 1368 2466 fr.
1387 2441 1411 2465 2.
1432 2447 1471 2474 sq.
1491 2437 1521 2464 fr.
1543 2438 1582 2463 12.
1602 2435 1631 2462 fr.
1654 2438 1692 2462 15.
1713 2445 1752 2472 sq.
1773 2435 1806 2462 de
1825 2435 1853 2462 S.
1873 2435 1900 2462 P.
1920 2435 1987 2462 V.8.

1147 2486 1172 2510 2.
1208 2483 1250 2510 111.
1272 2483 1338 2511 On.
1357 2481 1471 2513 Lumen,
1490 2480 1506 2506 i.
1528 2490 1548 2506 e.
1568 2484 1597 2505 ut
1615 2478 1715 2505 caelum
1733 2478 1875 2505 videretur.
1895 2477 1926 2505 sr.
1947 2478 1986 2504 16.

1149 2527 1165 2554 l.
1184 2526 1201 2553 l.
1223 2528 1263 2553 18.
1282 2528 1306 2552 2.
1344 2524 1372 2551 Si
1392 2529 1476 2550 tamen
1497 2522 1531 2555 id,
1552 2521 1622 2559 quod
1642 2523 1756 2559 ponitur,
1775 2521 1863 2548 lumen
1882 2520 1987 2558 quidem

1149 2569 1214 2596 nihil
1234 2568 1366 2606 impediat,
1385 2566 1469 2593 solem
1488 2570 1572 2592 autem
1592 2565 1698 2592 auferat.
1718 2564 1747 2591 fr.
1763 2566 1802 2590 17.
1817 2573 1856 2601 pr.
1875 2563 1910 2590 ib.
1924 2564 1947 2590 8.
1961 2564 1985 2589 2.

1149 2613 1192 2645 Si,
1219 2613 1306 2639 vicino
1330 2610 1497 2640 aedificante,
1526 2608 1701 2635 obscurentur
1722 2607 1819 2634 lumina
1843 2605 1984 2634 coenaculi.

1149 2655 1179 2682 fr.
1203 2657 1244 2681 25.
1271 2655 1292 2688 §.
1311 2656 1335 2680 2.
1361 2653 1437 2679 locat.
1464 2654 1502 2678 19.
1521 2654 1545 2678 2.
1571 2651 1603 2678 cf.
1628 2651 1658 2677 i'r.
1680 2653 1719 2677 13.
1743 2651 1765 2685 §.
1790 2651 1814 2677 7.
1839 2650 1869 2676 fr.
1888 2651 1928 2676 30.
1952 2648 1985 2674 de

1149 2697 1229 2725 ususr.
1254 2699 1277 2723 7.
1303 2698 1325 2722 1.
1368 2695 1435 2722 Cum
1464 2695 1578 2721 servitus
1605 2694 1760 2731 imponitur,
1788 2703 1821 2719 ne
1843 2690 1984 2719 luminibus

1148 2741 1290 2771 officiatur,
1315 2738 1365 2765 hoc
1390 2739 1499 2764 maxim·-
1524 2737 1610 2774 adepti
1629 2736 1761 2769 videmur,
1786 2746 1818 2762 ne
1836 2736 1876 2761 ius
1895 2734 1930 2760 sit
1948 2734 1984 2760 vi-

1149 2784 1222 2815 cino,
1246 2783 1335 2808 invitis
1355 2781 1432 2807 nobis
1452 2781 1529 2807 altius
1549 2780 1699 2811 aedificare,
1719 2784 1797 2816 atque
1815 2779 1849 2804 ita
1867 2778 1984 2803 minuere

1148 2826 1243 2852 lumina
1267 2819 1417 2851 nostrorum
1442 2824 1627 2851 aedificiorum.
1659 2822 1690 2849 fr.
1714 2824 1737 2849 4.
1762 2821 1793 2848 cf.
1821 2820 1850 2847 fr.
1877 2821 1916 2846 10.
1942 2830 1982 2856 sq.
