2197 3121
252 180 314 212 708

253 262 394 289 laboriosis
413 259 602 287 effossionibus
621 257 754 294 persequi.
774 255 825 282 Th.
846 253 877 281 C.
897 253 930 281 X.
952 254 992 280 19.
1013 262 1033 278 c.
1054 253 1095 278 10.

253 305 286 332 dc
305 304 402 332 metali.
418 319 449 323 —
469 304 499 336 ξ.
514 303 598 329 LA.
621 302 792 327 ἱππείαν-ι’.
831 297 873 325 Ill.
889 298 954 324 Gn.
974 295 1041 322 Eum
1061 298 1097 320 te-

253 354 337 375 stator
362 346 504 374 inimicitiis
529 344 692 378 gravissimis
711 346 881 380 persecutus,
901 355 932 359 —-
953 338 1097 376 praeteriit.

254 391 284 418 fr.
305 394 346 417 22.
367 390 398 417 de
419 388 494 415 adim.
515 387 592 423 legat.
611 388 653 412 34.
674 387 697 412 4.
719 401 750 404 —
775 385 805 418 ξ.
826 385 861 410 2.
882 383 1030 416 Eoesequi
1049 382 1098 413 (in

249 434 354 471 soro.)
383 432 546 465 Experiri
565 428 733 463 (iudicio.)
770 427 789 454 l.
809 428 871 461 Sy.
891 425 1008 461 Exsequi
1027 424 1099 456 (sen-

255 476 387 507 tentiam.)
416 473 458 501 Cf.
478 473 502 500 11.
522 483 546 499 v.
575 473 597 507 3.
617 474 642 498 2.
678 471 817 509 Experiri,
841 468 988 496 Intendere.
1013 466 1054 494 Cf.
1074 476 1098 493 v.

254 519 384 555 Experiri.
409 518 431 551 3.
450 518 474 543 3.
499 526 524 542 v.
548 515 695 542 Intendere.
721 515 743 548 3.
763 516 787 540 2.
828 513 915 549 Agere
939 512 985 545 (ut
1009 519 1100 537 conse-

255 572 376 599 quamur.
401 570 438 587 sc.
457 561 538 591 rem.)
562 558 619 585 Gai.
639 557 683 584 IV.
708 559 732 584 7.
752 566 811 593 sqq.
847 556 916 582 Esse
938 554 1101 592 persecutio-

255 615 322 631 nem.
360 603 488 640 Persequi
513 602 661 639 (permitti.
686 610 707 626 s.
733 598 869 630 concedi.)
895 598 926 624 fr.
948 598 987 623 14.
1007 607 1047 634 pr.
1069 595 1101 622 de

256 649 357 685 pigner.
376 649 418 673 20.
441 648 462 672 l.
489 645 518 672 fr.
538 647 580 671 32.
605 645 669 678 3.1.
695 642 727 669 de
747 642 832 668 lideic.
854 640 917 667 libb.
937 642 978 667 40.
998 641 1022 665 5.
1043 638 1100 665 Gai.
1122 643 1123 654 ¹

256 690 285 717 ll.
305 692 364 716 278.
402 689 444 716 III.
466 690 532 717 Gn.
557 688 624 719 Res,
648 696 713 723 quas
738 686 796 722 quis
821 684 931 716 habere,
955 682 998 709 vel
1017 682 1102 720 possi-

256 733 331 762 dere.
356 733 399 759 vel
423 733 547 770 persequi
567 735 664 768 potest.
688 729 719 755 fr.
737 730 779 755 34.
800 728 821 762 3.
843 729 865 754 1.
885 726 918 753 de
938 731 1021 752 contr.
1042 729 1101 751 emt.

257 777 297 803 18.
320 778 340 802 l.
379 775 423 802 Ius
442 773 618 813 persequendi
637 770 822 807 retinendique
845 770 1004 807 patrimonii.
1029 767 1059 794 fr.
1078 768 1102 794 3.

256 819 279 852 5.
298 821 322 845 2.
347 818 380 845 de
404 819 435 845 B.
462 818 489 845 P.
509 820 552 844 37.
574 819 595 843 l.
637 815 688 842 Yel
712 813 817 852 capitali
841 814 950 839 crimine
972 821 1045 838 reum
1069 810 1104 837 sa-

257 872 325 893 cere,
347 878 376 882 -
397 861 440 888 vel
459 861 506 887 hac
526 860 582 896 Iege
602 859 725 885 damnum
744 857 877 895 persequi.
904 855 961 882 Gai.
981 854 1023 881 111.
1043 855 1103 880 213.

257 904 358 931 Locati.
377 915 401 931 v.
416 903 539 935 Mandzsti,
559 902 656 929 iudicio
674 911 749 927 suum
763 900 888 938 persequi
902 908 989 936 posse.
1010 897 1047 924 Id.
1060 896 1103 924 III.

257 950 317 975 205.
338 948 368 974 fr.
390 948 429 973 16.
456 946 540 973 mand.
562 947 601 972 17.
623 947 645 972 1.
684 944 713 971 Si
742 944 903 980 argentarius
927 941 1042 979 pretium
1065 941 1104 966 rei
1126 972 1127 976 Ἰ

258 1007 291 1010 -
310 995 492 1028 persequatur.
513 989 569 1016 Gai.
589 986 634 1014 IV.
655 989 712 1014 126.
751 986 884 1013 Fiduciam
904 990 931 1011 et.
949 985 1058 1022 pignora
1072 998 1104 1003 -
1127 998 1128 1003 =

258 1035 390 1071 persequi.
411 1032 483 1059 Paul.
504 1032 535 1059 V.
553 1033 595 1058 26.
615 1032 637 1065 3.
657 1035 682 1057 4.
720 1030 834 1056 Dabitur
852 1028 939 1059 nobis,
960 1037 1048 1054 earum
1067 1037 1105 1053 re·
1127 1039 1129 1042 ·

258 1087 316 1103 rum
335 1075 577 1113 persequendarum
597 1075 693 1111 gratia,
716 1073 781 1099 haec
799 1073 875 1099 actio.
901 1071 932 1098 fr.
955 1072 994 1096 13.
1014 1080 1053 1107 pr.
1073 1069 1106 1095 de
1128 1092 1129 1098 ,

259 1119 335 1146 Publ.
354 1121 381 1146 in
400 1119 430 1146 R.
450 1119 482 1145 A.
503 1120 527 1145 6.
546 1121 570 1145 2.
591 1118 623 1144 cf.
648 1117 677 1144 fr.
700 1118 739 1142 14.
763 1116 786 1150 3.
808 1117 830 1141 l.
851 1114 883 1141 de
902 1113 934 1140 V.
954 1113 982 1140 S.
1002 1115 1045 1139 50.
1065 1113 1105 1138 16.

259 1162 341 1189 Suum
365 1163 504 1200 persequi,
530 1166 556 1187 et
580 1161 709 1187 obtinere.
738 1158 768 1185 fr.
788 1160 830 1185 30.
855 1158 877 1191 3.
898 1159 921 1183 l.
941 1156 974 1183 de
994 1166 1049 1183 exc.
1069 1156 1107 1182 rei

259 1205 312 1232 iud.
337 1207 378 1232 44.
397 1208 422 1232 2.
463 1204 547 1231 Reum
571 1204 670 1235 facere,
696 1207 721 1228 et
745 1217 778 1222 —
803 1201 936 1238 persequi.
960 1200 991 1226 fr.
1012 1201 1052 1225 17.
1075 1197 1107 1224 ad

260 1248 327 1275 S.C.
342 1248 424 1286 Turp.
439 1249 480 1274 48.
496 1249 536 1274 16.
565 1247 699 1274 Vltionem
719 1250 744 1271 et
762 1250 873 1271 mortem
892 1243 941 1270 filii
959 1252 1029 1280 perS.
1049 1251 1071 1268 c.
1082 1243 1107 1268 9.

261 1291 293 1318 de
312 1291 336 1318 h.
362 1302 404 1328 qu.
430 1302 516 1318 aecus.
541 1292 564 1317 9.
586 1292 608 1316 1.
651 1289 773 1315 Iniuriam
799 1297 872 1314 suam
897 1286 1040 1323 persequi,
1064 1283 1108 1310 vel

261 1335 366 1361 furtum.
392 1335 422 1361 fr.
442 1337 467 1361 2.
488 1335 509 1368 3.
530 1336 554 1360 5.
579 1333 612 1360 de
633 1331 711 1358 indic.
732 1333 755 1357 5.
777 1332 799 1357 1.
819 1346 852 1350 —
877 1329 908 1362 ἓ.
928 1330 966 1355 3.
991 1330 1108 1355 Conse·
1130 1340 1131 1364 ;

261 1379 322 1412 qui.
360 1377 378 1404 l.
398 1379 461 1412 Sy.
493 1377 649 1413 Adquirere.
675 1375 695 1408 3.
716 1376 739 1400 4.
761 1373 778 1400 I.
806 1383 853 1410 per
879 1381 921 1408 qu.
945 1381 1017 1409 pers.
1039 1373 1064 1397 2.
1084 1372 1108 1397 9.
1130 1399 1131 1410 ἵ

262 1420 385 1448 111οη.
405 1420 434 1447 Si
454 1431 506 1447 non
527 1420 604 1446 fuerit
623 1417 733 1455 duplum
753 1418 802 1443 iam
816 1419 972 1453 persecutus
990 1413 1033 1448 [al.
1047 1423 1109 1452 pro-
1131 1430 1132 1442 1

262 1469 378 1496 secutus.
398 1474 421 1490 v.
443 1462 622 1495 consecutus]
643 1462 665 1495 3.
685 1462 728 1487 29.
747 1459 766 1486 Ι.
786 1459 819 1485 de
838 1458 868 1485 R.
888 1458 921 1485 D.
941 1460 966 1484 2.
987 1459 1009 1484 1.

300 1518 612 1546 Perseverantia.
652 1516 861 1543 Constantia.
898 1512 942 1539 111.
963 1513 1030 1540 cn.
1057 1511 1110 1538 Vo—

263 1561 370 1588 luntatis
385 1571 454 1599 pers.
475 1560 559 1587 Vatic.
574 1561 595 1594 5
609 1560 669 1586 294.
702 1558 731 1584 Si
751 1567 820 1594 pers
835 1556 965 1594 adparuit,
984 1555 1110 1582 iudicium

264 1605 340 1631 animi
361 1605 450 1631 fuisse.
471 1604 501 1630 fr.
520 1606 545 1630 3.
566 1603 598 1630 de
618 1602 713 1629 divort.
725 1602 767 1626 24.
786 1602 810 1626 2.

302 1661 572 1687 Perseverate.
594 1659 662 1684 Non
675 1657 846 1686 desistere,
863 1655 1000 1680 Durare.
1020 1652 1038 1678 I.
1049 1653 1111 1686 Sy.
1133 1672 1135 1675 .

264 1702 375 1728 Durare.
397 1702 438 1729 Cf.
459 1702 482 1729 11.
503 1712 527 1728 v.
548 1702 569 1736 3.
583 1703 607 1727 2.
645 1699 677 1726 II.
693 1700 760 1732 Op.
780 1697 882 1724 Mutari.
901 1695 986 1722 Yatic.
1001 1696 1037 1729 33.
1051 1697 1111 1722 274.

264 1755 304 1781 sq.
343 1745 466 1772 Cessare.
486 1745 515 1771 sr.
535 1747 577 1771 32.
597 1743 630 1770 de
649 1743 742 1769 minor.
756 1743 780 1767 4.
800 1742 823 1766 4.
855 1739 940 1766 Solvi.
962 1739 1111 1775 Exstingui.

264 1787 349 1814 Vatie.
370 1789 390 1822 3.
410 1790 469 1815 333
496 1788 525 1814 fr.
545 1789 587 1814 30.
608 1787 673 1821 5,1.
694 1784 726 1811 de
747 1794 802 1810 exc.
822 1784 860 1809 rei
879 1782 932 1809 iud.
951 1784 992 1808 44.
1012 1784 1037 1808 2.
1073 1781 1113 1807 In-

266 1835 436 1868 terrumpere.
456 1831 497 1858 Cf.
518 1832 541 1857 h.
562 1841 586 1857 v.
606 1831 627 1864 3.
642 1831 666 1856 3.
696 1828 770 1854 Pers.
790 1827 825 1858 in⁷
840 1842 871 1845 —
890 1825 1027 1851 Decedcre
1040 1825 1114 1861 (pos-

266 1875 407 1907 sessione.)
427 1874 458 1901 fr.
480 1876 519 1900 15.
540 1874 561 1907 5.
582 1875 623 1900 35.
645 1872 677 1899 de
697 1871 782 1897 damn.
802 1868 847 1896 inf.
866 1870 908 1895 39.
928 1870 952 1895 2.
989 1867 1032 1894 III.
1046 1869 1113 1895 Cn.

266 1916 370 1949 Fuisse.
390 1923 413 1943 et
434 1927 503 1955 pers.
524 1926 583 1942 esse
602 1915 766 1949 (bonorum.)
787 1912 816 1939 fr.
833 1914 872 1938 12.
892 1912 913 1946 5.
929 1913 950 1937 l.
970 1911 1003 1938 de
1018 1911 1113 1948 captiv.

267 1961 307 1986 49.
330 1962 369 1986 15.
407 1960 435 1986 Si
455 1959 609 1985 satisdatum
630 1960 673 1991 sit,
693 1961 797 1983 cautum
817 1961 903 1982 tamen
924 1965 976 1981 nou
993 1964 1114 1991 perseve-

268 2008 315 2029 ret.
336 2003 365 2030 fr.
385 2005 427 2028 20.
448 2003 530 2036 3.14.
551 2002 583 2028 de
604 2001 637 2027 O.
658 2000 688 2026 N.
704 1999 735 2026 N.
750 2000 791 2026 39.
815 2001 835 2025 1.
874 1998 1014 2035 Coepisse‚
1033 2008 1057 2024 v.
1075 1997 1115 2023 In-

269 2047 388 2078 stituerv,
407 2060 441 2065 —
461 2049 553 2083 postea
572 2054 635 2070 vero
655 2053 707 2069 non
728 2052 796 2080 pers.
818 2041 848 2068 sr.
864 2043 886 2067 1.
906 2041 927 2074 5
947 2043 987 2066 14.
1008 2040 1059 2076 Qu.
1080 2039 1115 2066 Ie-

268 2094 350 2125 gator.
366 2091 405 2115 43.
419 2090 444 2115 3.
465 2088 496 2114 cf.
516 2087 546 2114 fr.
562 2089 601 2113 15.
622 2087 682 2120 5.1.
703 2085 735 2112 de
755 2084 827 2111 inoff.
848 2088 949 2110 testam.
964 2085 986 2110 5.
1001 2086 1025 2109 2.
1047 2082 1076 2109 fr.
1091 2085 1114 2109 7.

269 2134 291 2166 5,
314 2134 334 2158 1.
360 2132 392 2159 de
416 2141 502 2158 accus.
526 2133 568 2156 48.
590 2132 615 2156 2.
661 2129 701 2155 Ex
731 2127 826 2165 quibus
856 2126 961 2153 casibus
989 2125 1116 2152 naturalis

270 2175 396 2211 obligatio
416 2175 551 2206 consistit,
570 2174 666 2210 pignus
687 2180 857 2209 perseverare
877 2170 1003 2195 constitit.
1024 2168 1053 2195 fr.
1076 2170 1116 2194 14.

270 2218 292 2252 3.
315 2220 337 2244 l.
358 2218 386 2244 fr.
406 2221 447 2244 29.
469 2218 489 2251 3.
509 2220 533 2243 2.
559 2216 591 2243 de
611 2217 711 2253 pigrior.
731 2216 773 2240 20.
796 2215 817 2239 1.
854 2212 889 2238 Yt
915 2212 1051 2249 privilegia
1075 2211 1116 2238 his
1137 2220 1139 2235 τ

272 2277 303 2281 -
329 2266 392 2287 nutu
417 2261 500 2287 nostri
524 2260 638 2286 numinis
663 2261 842 2296 perseverent.
872 2254 921 2281 Th.
947 2255 977 2281 C.
997 2254 1068 2281 XYI.
1092 2256 1116 2280 8.

272 2315 293 2331 c.
315 2306 354 2331 153.
377 2303 409 2330 de
428 2303 482 2330 Iud.
520 2303 686 2330 Matrimonia
711 2304 897 2338 perseverante
922 2303 970 2324 etc.
1001 2308 1021 2323 c.
1041 2300 1064 2323 5.
1085 2297 1117 2323 de

273 2347 360 2374 collat.
385 2349 408 2373 (i.
428 2349 469 2372 20.
513 2345 624 2372 Vivente
648 2344 805 2374 venditore,
831 2347 857 2368 et
881 2345 1067 2379 perseverante
1091 2341 1117 2366 in

273 2390 363 2417 eadem
383 2389 526 2416 voluntate.
547 2389 576 2415 fr.
596 2390 619 2414 3.
645 2388 697 2423 Qu.
718 2387 775 2412 sine
795 2395 861 2411 man.
882 2386 922 2410 40.
943 2386 967 2411 8,
998 2383 1055 2409 Gai.
1075 2382 1117 2409 III.

275 2435 332 2460 151.
370 2432 397 2459 111
418 2433 509 2459 eodem
530 2432 677 2469 proposito.
697 2440 717 2455 s.
738 2429 765 2455 In
786 2428 875 2454 eadem
896 2428 1041 2453 temeritate
1060 2436 1119 2463 pro-

273 2477 368 2514 positi.
393 2487 463 2513 pers.
494 2475 578 2501 vatic.
603 2475 624 2508 3.
644 2475 703 2499 284.
729 2472 758 2498 1“1·.
778 2475 819 2498 28.
844 2472 865 2505 3.
885 2472 908 2497 3.
929 2470 961 2496 de
980 2480 1056 2507 poen.
1077 2472 1118 2495 48.

276 2522 315 2546 19.
344 2519 415 2545 I'aul.
437 2518 468 2545 V.
490 2520 532 2544 21.
556 2518 621 2552 5.1.
665 2516 733 2542 Cum
761 2514 854 2541 abesse
882 2513 1117 2550 perseveraverint.

276 2563 304 2589 fr.
327 2565 347 2589 1.
369 2573 407 2600 pr.
428 2563 448 2596 3.
471 2564 492 2588 1.
514 2561 546 2587 (le
566 2560 638 2587 feriis
656 2561 681 2585 2.
704 2560 743 2584 12.

315 2615 594 2644 Per-severant).
634 2614 857 2641 Coneumacia.
898 2611 940 2637 III.
967 2613 1032 2638 Cn.
1056 2610 1120 2636 Insi-

277 2664 347 2684 sim-1»
369 2664 441 2685 motu
465 2658 605 2695 pestiferae
629 2656 859 2694 perseverationis.
884 2654 934 2680 Th.
955 2654 986 2680 C.
1005 2653 1075 2680 XVI.
1095 2654 1118 2679 4.

279 2712 300 2727 c.
319 2705 342 2727 2.
364 2702 394 2727 de
416 2702 438 2727 11.
460 2712 502 2738 qu.
523 2711 580 2738 sup.
602 2700 674 2735 relig.

318 2745 592 2771 versit-tanum.
630 2742 671 2769 Cf.
693 2741 920 2768 v.I'ernicianuu1.

318 2795 505 2822 Persicus.
542 2794 671 2828 (Adiect.)
710 2795 756 2820 Ad
774 2793 937 2818 Persidem
959 2796 1118 2823 spectans.

280 2839 322 2866 III.
335 2840 402 2866 Cn.
421 2837 534 2863 Persicis
553 2835 737 2875 eruptionibus
756 2835 913 2872 expositum.
935 2832 1000 2859 Nov.
1022 2831 1071 2859 Th.
1088 2831 1118 2858 II.

1082 169 1176 200 PER.

1142 250 1175 277 de
1198 247 1373 288 patrimonial.
1399 248 1417 275 I.
1441 250 1465 275 3.
1496 259 1517 275 c.
1536 249 1560 274 3.
1589 248 1611 282 3.
1633 249 1655 274 l.
1703 246 1809 274 Persica
1837 247 1986 275 adversaria

1141 292 1219 319 nobis
1239 301 1311 328 gens.
1332 290 1402 317 Coll.
1422 290 1475 318 LL.
1496 290 1528 318 Μ.
1548 290 1608 317 XV.
1627 292 1652 317 3.

1180 335 1320 362 Persis.
1359 336 1503 369 Aegypti
1526 336 1628 369 regio.
1666 333 1709 360 III.
1730 334 1797 361 Gn·
1816 333 1987 371 Daphnensis

1143 378 1196 405 luci
1215 379 1241 404 in
1261 377 1352 413 Syria.
1378 377 1421 403 vel
1441 377 1545 404 Perseis
1570 378 1596 403 in
1615 377 1752 414 Aegyptm
1780 376 1897 403 arbores.
1921 386 1943 403 c.
1964 378 1986 402 l.

1145 421 1177 448 de
1200 430 1318 458 cupress.
1340 422 1379 446 11.
1400 421 1440 446 77.

1181 464 1408 491 Persistere.
1446 466 1669 490 Per-severare.
1706 462 1749 489 III.
1766 463 1832 490 Cn.
1850 461 1989 488 Intemera-

1144 512 1198 534 tum
1218 517 1287 544 pers.
1308 506 1357 533 Th.
1378 505 1409 532 C.
1429 505 1474 533 IX.
1494 508 1534 532 42.
1555 516 1576 532 c.
1598 507 1620 532 1.
1640 506 1662 540 3.
1682 506 1706 531 3.
1726 504 1758 532 de
1777 505 1838 531 bon.
1858 513 1961 542 proscr.

1182 551 1420 577 Per-solvere.
1458 550 1495 576 In
1519 555 1621 575 totum
1649 551 1788 580 solvere,
1816 550 1862 575 vel
1889 548 1990 574 satis-

1122 628 1123 632 Ἰ
1140 595 1263 630 faeere.
1299 592 1318 619 1.
1333 594 1395 627 Sy.
1415 591 1533 618 Solvere.
1554 590 1584 618 fr.
1597 593 1640 618 25.
1661 591 1693 618 de
1713 590 1789 618 cond.
1810 590 1896 617 indeb.
1912 591 1952 616 12.
1965 590 1990 616 6.

1146 636 1176 663 fr.
1195 637 1237 662 89.
1257 636 1279 670 3.
1293 638 1318 663 4.
1338 635 1370 662 de
1389 635 1466 671 legat.
1485 633 1516 661 11.
1531 635 1598 667 (31.)
1617 634 1648 661 fr.
1668 636 1725 661 186.
1746 634 1779 660 de
1798 633 1830 660 R.
1850 633 1867 660 I.
1887 635 1929 660 50.
1951 633 1991 658 17.

1123 678 1125 692 ‘¹
1146 678 1312 716 Dependere.
1332 678 1374 705 Cf.
1394 678 1418 705 h.
1438 688 1462 704 v.
1500 676 1664 704 Dissolvere.
1688 677 1730 704 Cf.
1749 677 1775 704 11.
1794 687 1819 703 v.
1839 677 1860 711 3.
1879 678 1905 703 3.
1940 675 1993 702 Ex-

1147 721 1260 749 solvere.
1281 721 1322 748 Cf.
1337 721 1362 748 h.
1376 732 1400 748 v.
1420 721 1442 755 3.
1457 723 1481 747 2.
1510 720 1552 747 III.
1569 721 1636 748 Cn.
1655 720 1787 751 Cui-iales,
1806 721 1850 756 qui
1870 720 1992 746 universa

1148 765 1337 803 persolverint.
1363 764 1483 800 nihilque
1508 765 1558 790 iam
1583 762 1625 789 vel
1645 773 1676 790 ex
1695 762 1842 790 honoribus
1862 761 1993 798 reliquum

1147 808 1269 835 habeant.
1289 807 1338 833 Th.
1360 807 1391 834 C.
1410 807 1468 834 XII.
1490 809 1513 833 1.
1534 817 1554 833 c.
1576 807 1633 833 109.
1654 806 1686 832 cf.
1706 808 1800 833 c.106.
1836 805 1995 832 Persolvere

1148 854 1197 884 (sc.
1217 850 1357 882 debitum.)
1380 849 1423 877 vel
1442 849 1493 876 alio
1513 849 1629 885 legitimo
1649 848 1727 876 modo
1747 848 1906 875 satisfacere.
1927 858 1947 875 c.
1968 848 1993 874 8.

1147 895 1170 929 3.
1187 896 1208 921 1.
1229 893 1261 920 de
1280 893 1352 920 inoff.
1371 898 1474 919 testam.
1488 894 1513 919 3.
1531 893 1573 919 28.
1609 892 1798 919 Anniversaria
1816 891 1995 929 pensitatione

1148 936 1275 975 persolvi.
1295 947 1316 963 c.
1339 938 1361 963 l.
1381 935 1414 962 de
1434 935 1520 962 collat.
1540 935 1627 962 donat.
1649 937 1689 962 10.
1708 937 1751 962 28.

1187 982 1371 1007 Persona.
1408 979 1439 1012 §-
1454 979 1489 1005 1.
1510 981 1742 1009 Simulacrum,
1763 977 1892 1010 (referens
1912 976 1995 1003 homi·

1151 1025 1191 1050 nis
1211 1027 1255 1049 aut
1274 1021 1393 1048 animalis
1412 1021 1547 1058 figuram.)
1584 1020 1627 1048 III.
1643 1022 1709 1049 Gn·
1729 1020 1830 1057 Sigilla,
1850 1020 1995 1052 columnae,

1153 1083 1183 1087 —
1203 1071 1229 1092 et
1254 1074 1397 1103 personae,
1426 1074 1459 1091 ex
1482 1074 1590 1100 quarum
1614 1065 1710 1090 rostris
1736 1074 1802 1100 aqua
1821 1063 1900 1090 salire
1919 1062 1996 1089 solet.

1128 1118 1129 1124 ¹
1151 1109 1182 1136 fr.
1203 1110 1244 1135 17.
1270 1109 1293 1142 3.
1312 1109 1336 1134 9.
1363 1107 1395 1134 de
1419 1108 1450 1134 Α.
1474 1106 1504 1133 E.
1524 1106 1557 1133 V.
1578 1107 1618 1133 19.
1639 1108 1661 1133 1.
1683 1123 1713 1127 —
1743 1107 1774 1140 ξ.
1798 1108 1834 1134 Β.
1865 1107 1996 1138 Munus,

1151 1154 1268 1179 Partes
1288 1151 1437 1185 (hominis.)
1457 1149 1476 1176 1.
1488 1150 1550 1184 Sy.
1566 1149 1607 1176 Ex
1625 1154 1708 1187 parte,
1728 1149 1840 1176 Nomine
1852 1148 1998 1182 (alicuius.)

1151 1195 1189 1227 In,
1209 1205 1233 1221 v.
1247 1194 1296 1226 Ex,
1316 1204 1429 1232 persona
1449 1194 1527 1226 (mea,
1546 1203 1571 1219 v.
1585 1192 1715 1225 alterius.)
1735 1192 1792 1218 Gai.
1806 1192 1836 1218 II.
1849 1194 1892 1219 39.
1912 1192 1942 1219 fr.
1955 1193 1997 1219 25.

1153 1238 1185 1265 de
1204 1247 1308 1275 procur.
1322 1239 1346 1264 3.
1365 1239 1390 1264 3.
1426 1236 1471 1263 111.
1486 1237 1552 1264 Cn..
1571 1235 1695 1262 Maiorem
1715 1235 1766 1261 sibi
1785 1236 1811 1261 in
1831 1235 1910 1261 rebus
1930 1234 1998 1261 filio-

1153 1291 1210 1308 rum
1228 1280 1363 1307 vindicare
1382 1289 1530 1317 personam.
1552 1278 1601 1305 Th.
1616 1278 1647 1305 C.
1661 1277 1730 1304 VIII.
1745 1279 1784 1305 18.
1805 1288 1826 1304 c.
1839 1280 1864 1304 3.
1885 1277 1917 1305 cf.
1937 1288 1958 1304 c.
1975 1279 1998 1303 l.

1153 1325 1175 1359 3.
1195 1326 1219 1350 3.
1240 1323 1273 1350 de
1294 1328 1403 1350 matern.
1424 1322 1486 1349 bon.
1524 1321 1585 1348 Non
1604 1322 1678 1359 prius
1697 1320 1823 1358 puberem
1843 1322 1937 1347 iustam
1956 1319 2000 1346 ha-

1153 1367 1216 1394 bere
1235 1376 1384 1404 personam.
1405 1367 1456 1392 nisi
1477 1370 1525 1392 etc.
1554 1364 1591 1391 lb.
1611 1364 1654 1391 III.
1676 1366 1716 1390 17.
1736 1374 1757 1390 c.
1780 1366 1801 1390 1.
1822 1363 1854 1390 de
1873 1368 1953 1390 tutor.
1973 1367 2000 1389 et

1155 1420 1208 1437 cur.
1230 1420 1265 1437 cr.
1303 1409 1442 1436 Sustinere
1461 1418 1601 1446 personam
1621 1407 1745 1440 (duorum
1765 1407 1827 1440 etc.)
1847 1406 1876 1433 fr.
1897 1408 1918 1433 l.
1939 1407 1960 1440 5.
1974 1407 1998 1433 4.

1131 1447 1133 1483 i
1155 1454 1187 1480 de
1211 1452 1302 1491 stipul.
1327 1463 1395 1479 serv.
1416 1455 1457 1478 45.
1476 1453 1500 1478 3.
1521 1451 1553 1478 cf.
1578 1451 1608 1478 fr.
1629 1452 1652 1477 7.
1677 1451 1699 1484 3.
1718 1452 1742 1476 5.
1767 1449 1800 1476 de
1824 1449 1925 1476 liberat.
1948 1448 1999 1485 leg.

1131 1489 1133 1538 ἴ
1153 1499 1196 1523 34.
1215 1498 1238 1523 3.
1278 1495 1363 1523 Cuius
1383 1499 1437 1529 (sc.
1456 1494 1580 1527 heredis,
1599 1504 1623 1521 v.
1643 1493 1785 1525 defuncti.)
1804 1502 1944 1530 personam
1962 1493 2001 1519 in-

1132 1552 1133 1566 1

1132 1598 1134 1613 t

1133 1627 1134 1642 1

1155 1541 1231 1566 terim
1250 1539 1383 1566 hereditas
1403 1539 1525 1565 sustinet.
1545 1538 1576 1564 fr.
1594 1539 1636 1564 34.
1657 1537 1689 1563 de
1708 1536 1740 1562 A.
1759 1535 1790 1562 R.
1810 1535 1844 1562 D.
1863 1537 1904 1562 41.
1926 1537 1948 1561 1.
1969 1534 2000 1562 fr.

1155 1585 1196 1609 24.
1217 1582 1249 1609 de
1264 1587 1350 1608 novat.
1365 1584 1406 1608 46.
1420 1584 1444 1608 2.
1472 1580 1623 1608 Defendere
1643 1579 1754 1606 alicuius
1773 1588 1920 1616 personam.
1947 1578 2001 1605 Ab·

1156 1626 1269 1652 sentium
1289 1626 1426 1662 suscipere
1444 1625 1471 1651 in
1490 1625 1547 1650 iure
1565 1633 1713 1661 personam.
1733 1622 1763 1648 fr.
1782 1624 1824 1648 22.
1843 1622 1903 1655 31.
1923 1621 1956 1648 de
1974 1622 2001 1648 in

1134 1699 1135 1702 Ἴ
1156 1670 1197 1695 ius
1216 1678 1274 1694 voc.
1293 1670 1318 1694 2.
1338 1671 1362 1694 4.
1383 1667 1432 1694 Th.
1454 1667 1484 1694 C.
1505 1666 1549 1693 lv.
1569 1669 1610 1693 22.
1631 1677 1652 1693 c.
1669 1668 1690 1692 l.
1712 1664 1781 1692 unde
1800 1665 1834 1691 vi.
1872 1665 2000 1691 Actiones

1134 1706 1135 1756 i
1157 1711 1306 1743 intendere.
1327 1721 1347 1737 s.
1367 1711 1470 1747 Agere.
1491 1720 1523 1737 ex
1542 1719 1611 1747 pers.
1631 1709 1747 1736 atterius.
1768 1707 1792 1734 fr
1817 1709 1841 1734 3.
1861 1707 1883 1741 5
1904 1709 1928 1733 4.
1949 1707 2002 1742 Qu.

1134 1759 1135 1762 ’
1158 1756 1244 1792 quisq.
1270 1755 1318 1781 iur.
1337 1756 1362 1780 2.
1382 1756 1406 1780 2.
1432 1753 1462 1780 fr.
1482 1755 1505 1780 9.
1532 1763 1572 1790 pr.
1597 1752 1629 1779 de
1652 1756 1775 1778 transact.
1795 1752 1819 1776 2.
1840 1752 1880 1777 15.
1910 1750 1940 1777 fr.
1959 1751 1994 1777 46

1135 1824 1136 1830 ¹
1158 1808 1196 1835 pr.
1217 1798 1250 1824 de
1269 1797 1301 1824 N.
1322 1796 1354 1823 G.
1373 1799 1397 1823 3.
1418 1799 1441 1823 5.
1467 1813 1499 1816 —
1524 1797 1555 1830 §.
1575 1797 1612 1822 3.
1645 1795 1851 1822 Vniversieas
1879 1795 2003 1820 ιἰινὶιιηι

1134 1836 1136 1874 i
1157 1843 1313 1872 hominis,
1332 1847 1361 1867 et
1380 1842 1535 1875 inprimis
1555 1841 1706 1866 bonorum
1725 1839 1872 1863 eiusdem.
1893 1835 1924 1862 II.
1935 1837 2002 1870 ⁰1)-

1135 1879 1136 1926 i
1158 1883 1303 1913 Personae.
1331 1893 1384 1909 non
1403 1884 1455 1912 rei,
1475 1882 1517 1909 vel
1537 1892 1644 1912 causae.
1665 1880 1742 1907 datur
1761 1882 1815 1913 (se.
1833 1884 1907 1905 tutor
1925 1883 2003 1905 testa-

1135 1929 1137 1961 ζ
1158 1928 1327 1958 mentariuS.)
1352 1926 1382 1953 fr.
1404 1928 1443 1952 14.
1461 1925 1495 1952 cf.
1520 1925 1550 1951 fr.
1570 1927 1594 1951 4.
1619 1924 1652 1950 de
1675 1928 1778 1950 testam.
1798 1927 1845 1948 tut.
1864 1923 1905 1948 26.
1925 1924 1949 1948 2.
1969 1936 2002 1941 —-

1135 1964 1137 2007 i
1159 1971 1190 2004 §0
1204 1972 1243 1996 4.
1264 1971 1370 1996 Homo.
1393 1971 1482 2002 Quod
1500 1971 1540 1995 ad
1557 1970 1712 1995 hominem
1730 1968 1885 2000 pertinet.
1908 1964 2001 1998 [Sy.

1136 2009 1137 2031 Ῑ
1158 2013 1251 2039 1101110.
1274 2012 1331 2039 Gai.
1351 2012 1369 2038 I.
1390 2017 1414 2039 8.
1434 2022 1493 2048 sqq.
1525 2010 1637 2047 Singuli.
1670 2009 1801 2036 Personae
1821 2006 2002 2043 (singulares.)

1136 2036 1137 2091 1
1160 2056 1196 2082 ld.
1217 2055 1259 2082 111.
1281 2057 1321 2082 16.
1341 2055 1372 2082 rr.
1394 2057 1452 2082 195.
1471 2055 1508 2089 ἐξ.
1530 2056 1551 2081 1.
1572 2064 1611 2091 sq.
1632 2053 1665 2080 de
1684 2052 1867 2079 V.S.50.16.
1891 2049 1921 2076 11.
1934 2051 2002 2083 op.

1160 2099 1356 2125 Patrimonium.
1377 2098 1407 2124 fr.
1430 2100 1451 2124 l.
1472 2108 1510 2135 pr.
1531 2097 1606 2131 331.
1621 2106 1681 2133 sqq.
1702 2095 1735 2122 de
1753 2104 1822 2120 mun.
1842 2097 1868 2119 et.
1886 2092 1946 2118 hon.
1961 2094 2002 2119 50.

1160 2144 1183 2168 4.
1210 2141 1260 2168 Th.
1281 2141 1312 2167 C.
1334 2140 1388 2167 Vll.
1411 2142 1450 2167 13.
1476 2151 1496 2167 c.
1518 2142 1541 2166 7.
1566 2150 1604 2177 pr.
1630 2139 1662 2165 de
1686 2140 1762 2165 tiron.
1798 2135 1859 2162 Res.
1884 2134 1940 2162 Gai.
1960 2134 2002 2161 III.

1137 2172 1139 2210 ἶ
1162 2187 1219 2212 128.
1240 2194 1299 2221 sqq.
1320 2184 1350 2210 fr.
1369 2186 1410 2210 27.
1431 2183 1464 2210 de
1483 2182 1535 2209 LL.
1558 2185 1579 2208 l.
1599 2184 1623 2208 3.
1644 2182 1674 2208 (ϊ.
1695 2183 1717 2207 1.
1736 2180 1766 2206 fr.
1782 2180 1821 2204 15.
1840 2188 1878 2215 pr.
1899 2178 1932 2204 de
1951 2187 2005 2204 ser.

1160 2230 1208 2255 vit.
1226 2230 1250 2254 8.
1272 2229 1294 2253 l.
1315 2227 1344 2253 fr.
1367 2228 1423 2253 188.
1443 2227 1464 2260 5.
1488 2229 1508 2252 1.
1529 2225 1559 2252 fr.
1580 2227 1636 2252 195.
1657 2225 1694 2258 33.
1716 2225 1738 2248 1.
1758 2232 1798 2258 sq.
1819 2221 1851 2247 de
1871 2220 1901 2247 V.
1916 2220 1943 2247 S.
1961 2223 2003 2247 50.

1138 2286 1139 2296 t
1162 2274 1202 2298 16.
1240 2270 1336 2297 Causa.
1363 2270 1394 2296 [Γ.
1415 2271 1472 2296 196.
1497 2269 1530 2295 de
1548 2268 1579 2295 R.
1602 2267 1619 2294 I.
1639 2269 1680 2292 5⁰.
1702 2267 1740 2291 17.
1778 2264 1806 2290 111
1831 2274 1898 2295 rem,
1917 2279 1951 2283 -—
1975 2263 2004 2290 In

1138 2298 1140 2353 i.
1162 2324 1301 2352 personam
1321 2314 1430 2349 (agere,
1453 2322 1477 2339 v.
1497 2311 1620 2349 pacisci.)
1645 2309 1703 2335 Gai.
1722 2307 1751 2334 II.
1771 2310 1830 2334 204.
1849 2308 1910 2333 213.
1929 2306 1960 2333 fr.
1980 2307 2003 2332 7.

1138 2354 1140 2375 ⁴
1163 2359 1184 2392 ς.
1205 2360 1228 2384 s.
1249 2357 1279 2383 fr.
1302 2358 1340 2383 17.
1361 2356 1382 2389 ξ.
1403 2357 1427 2382 5.
1445 2355 1475 2382 fr.
1493 2357 1536 2380 21.
1555 2363 1594 2391 pr.
1615 2353 1636 2386 ᾗ,
1652 2354 1673 2378 1,
1695 2351 1781 2377 f1·.27.
1801 2351 1823 2384 ξ.
1840 2352 1862 2376 1.
1882 2349 1915 2376 de
1934 2354 2003 2386 pact.

1138 2379 1140 2421 i
1161 2404 1186 2427 2.
1208 2403 1247 2427 14.
1285 2399 1327 2426 III.
1343 2400 1408 2427 Gn.
1428 2398 1601 2425 Personarum
1621 2396 1670 2426 ius,
1690 2404 1713 2420 v.
1732 2398 1825 2425 status,
1844 2403 1868 2419 v.
1883 2392 2004 2429 qualitas.

1139 2426 1141 2479 ξ
1164 2444 1220 2470 Gai.
1242 2443 1258 2470 I.
1279 2446 1321 2469 48.
1347 2452 1403 2478 sqq.
1428 2441 1458 2467 sr.
1477 2442 1501 2466 2.
1526 2439 1558 2465 de
1583 2443 1652 2464 statu
1677 2437 1744 2463 hom.
1767 2438 1788 2463 1.
1808 2438 1831 2462 5.
1856 2435 1885 2462 fr.
1907 2437 1947 2462 15.
1972 2435 2005 2462 de

1140 2485 1141 2515 i
1164 2487 1195 2513 N.
1216 2486 1247 2513 G.
1267 2487 1292 2512 3.
1312 2487 1336 2511 5.
1374 2484 1480 2510 Factum
1499 2492 1627 2519 personae
1648 2485 1795 2518 (praestare
1814 2480 1876 2511 etc.)
1896 2478 1926 2505 fr.
1946 2480 2003 2505 149.

1140 2521 1141 2564 Ῐ
1164 2529 1196 2556 de
1215 2529 1246 2555 R.
1267 2528 1284 2554 I.
1305 2530 1345 2553 50.
1368 2528 1407 2552 17.
1427 2525 1460 2552 cs.
1481 2525 1510 2551 fr.
1525 2527 1548 2551 9.
1569 2525 1590 2558 3.
1604 2528 1628 2550 8.
1649 2525 1700 2559 Qu.
1721 2527 1781 2549 met.
1802 2532 1822 2548 c.
1837 2523 1860 2548 4.
1874 2524 1898 2548 2.
1925 2520 2005 2556 Quod

1163 2583 1293 2610 personae
1313 2570 1441 2597 cohaeret.
1467 2567 1496 2594 fr.
1516 2569 1540 2593 3.
1566 2568 1587 2601 5.
1607 2569 1630 2594 3.
1660 2568 1712 2602 Qu.
1732 2565 1801 2592 mod.
1821 2564 1917 2591 usussr.
1938 2566 1960 2590 7.
1979 2565 2002 2589 4.

1165 2616 1194 2642 fr.
1215 2618 1237 2641 (5.
1258 2616 1279 2649 3.
1301 2616 1322 2640 7.
1343 2613 1375 2639 ‹le
1395 2610 1511 2637 statulib.
1531 2613 1571 2636 40.
1593 2612 1616 2636 7.
1654 2610 1758 2640 Omnia,
1780 2618 1846 2645 quae
1865 2615 2003 2644 personam

1165 2660 1220 2684 eius
1240 2662 1290 2691 (sc.
1309 2656 1392 2685 servi)
1412 2654 1555 2690 adtingunt.
1575 2653 1605 2679 fr.
1619 2654 1660 2679 86.
1681 2653 1702 2685 3.
1720 2654 1744 2678 2.
1765 2651 1798 2677 de
1817 2651 1891 2686 legat.
1905 2650 1923 2676 I.
1937 2648 2004 2682 (30.)

1164 2702 1262 2728 Eorum
1282 2699 1462 2737 professiones
1482 2702 1508 2723 et
1526 2706 1662 2734 personae.
1683 2694 1733 2720 Th.
1748 2693 1779 2720 C.
1800 2693 1856 2720 XII.
1879 2695 1900 2718 1.
1920 2701 1941 2718 c.
1961 2692 2002 2717 97.

1164 2745 1197 2771 de
1216 2744 1349 2771 decurion.
1381 2740 1426 2767 vet
1442 2750 1489 2777 per
1507 2750 1544 2771 se,
1563 2738 1607 2765 vel
1626 2748 1673 2775 per
1693 2737 1769 2763 aliam
1788 2744 1926 2774 personam
1945 2734 2003 2770 (pu—

1163 2787 1261 2813 blicare
1285 2785 1352 2817 etc.)
1379 2784 1414 2810 lb.
1434 2783 1502 2810 XIII.
1524 2784 1564 2808 11.
1590 2791 1611 2807 c.
1633 2783 1672 2806 15.
1697 2780 1730 2806 de
1755 2780 1877 2806 censitor.
1918 2776 2003 2807 Servi.

1164 2835 1189 2857 et
1213 2834 1329 2855 caeterae
1353 2836 1488 2865 personae.
1519 2825 1576 2852 Gai.
1596 2823 1640 2850 lv.
1663 2825 1720 2849 1:35.
1745 2822 1776 2849 ef.
1795 2823 1836 2848 80.
1863 2819 1882 2846 I.
1902 2820 1942 2846 48.
1963 2829 2002 2855 sq.
