<?xml version="1.0" encoding="UTF-8"?>
<!DOCTYPE html PUBLIC "-//W3C//DTD XHTML 1.0 Transitional//EN"
    "http://www.w3.org/TR/xhtml1/DTD/xhtml1-transitional.dtd">
<html xmlns="http://www.w3.org/1999/xhtml" xml:lang="en" lang="en">
 <head>
  <title>
</title>
<meta http-equiv="Content-Type" content="text/html;charset=utf-8" />
  <meta name='ocr-system' content='tesseract 3.04.00' />
  <meta name='ocr-capabilities' content='ocr_page ocr_carea ocr_par ocr_line ocrx_word'/>
</head>
<body>
  <div class='ocr_page' id='page_1' title='image "./manualelatinitat00dirk_0641.png"; bbox 0 0 2197 3121; ppageno 0'>
   <div class='ocr_carea' id='block_1_1' title="bbox 1002 160 1113 191">
    <p class='ocr_par' dir='ltr' id='par_1_1' title="bbox 1002 160 1113 191">
     <span class='ocr_line' id='line_1_1' title="bbox 1002 160 1113 191; baseline -0.009 0"><span class='ocrx_word' id='word_1_1' title='bbox 1002 160 1113 191; x_wconf 69' lang='grc' dir='ltr'>ΝΟΜ.</span> 
     </span>
    </p>
   </div>
   <div class='ocr_carea' id='block_1_2' title="bbox 184 241 1057 1991">
    <p class='ocr_par' dir='ltr' id='par_1_2' title="bbox 193 241 1057 365">
     <span class='ocr_line' id='line_1_2' title="bbox 194 241 1056 278; baseline 0.001 -11"><span class='ocrx_word' id='word_1_2' title='bbox 194 242 257 267; x_wconf 83' lang='lat' dir='ltr'>citra</span> <span class='ocrx_word' id='word_1_3' title='bbox 276 250 371 268; x_wconf 84' lang='lat' dir='ltr'>nomen</span> <span class='ocrx_word' id='word_1_4' title='bbox 391 246 416 268; x_wconf 85' lang='lat' dir='ltr'>et</span> <span class='ocrx_word' id='word_1_5' title='bbox 436 242 476 268; x_wconf 89' lang='lat' dir='ltr'>ius</span> <span class='ocrx_word' id='word_1_6' title='bbox 498 241 603 268; x_wconf 83' lang='lat' dir='ltr'>heredis</span> <span class='ocrx_word' id='word_1_7' title='bbox 627 241 763 278; x_wconf 85' lang='lat' dir='ltr'>(accipere</span> <span class='ocrx_word' id='word_1_8' title='bbox 781 251 834 267; x_wconf 87' lang='lat' dir='ltr'>non</span> <span class='ocrx_word' id='word_1_9' title='bbox 853 243 982 278; x_wconf 78' lang='lat' dir='ltr'>poterat.)</span> <span class='ocrx_word' id='word_1_10' title='bbox 1002 241 1033 268; x_wconf 85' lang='lat' dir='ltr'>fr.</span> <span class='ocrx_word' id='word_1_11' title='bbox 1055 242 1056 250; x_wconf 61' lang='lat'>³</span> 
     </span>
     <span class='ocr_line' id='line_1_3' title="bbox 193 273 1057 317; baseline 0.001 -7"><span class='ocrx_word' id='word_1_12' title='bbox 193 285 235 310; x_wconf 88' lang='lat'>20.</span> <span class='ocrx_word' id='word_1_13' title='bbox 260 284 282 317; x_wconf 65' lang='grc' dir='ltr'>ξ.</span> <span class='ocrx_word' id='word_1_14' title='bbox 302 286 326 310; x_wconf 90' lang='grc'>4.</span> <span class='ocrx_word' id='word_1_15' title='bbox 351 284 383 311; x_wconf 86' lang='lat' dir='ltr'>de</span> <span class='ocrx_word' id='word_1_16' title='bbox 403 285 434 311; x_wconf 88' lang='lat' dir='ltr'>A.</span> <span class='ocrx_word' id='word_1_17' title='bbox 457 295 481 311; x_wconf 88' lang='lat' dir='ltr'>v.</span> <span class='ocrx_word' id='word_1_18' title='bbox 503 284 535 311; x_wconf 94' lang='lat' dir='ltr'>O.</span> <span class='ocrx_word' id='word_1_19' title='bbox 556 284 586 311; x_wconf 87' lang='lat' dir='ltr'>H.</span> <span class='ocrx_word' id='word_1_20' title='bbox 608 285 649 310; x_wconf 93' lang='lat'>29.</span> <span class='ocrx_word' id='word_1_21' title='bbox 669 285 693 310; x_wconf 92' lang='grc'>2.</span> <span class='ocrx_word' id='word_1_22' title='bbox 730 283 895 311; x_wconf 80' lang='lat' dir='ltr'>Hereditario</span> <span class='ocrx_word' id='word_1_23' title='bbox 920 286 1033 316; x_wconf 81' lang='lat' dir='ltr'>nomine,</span> <span class='ocrx_word' id='word_1_24' title='bbox 1055 273 1057 286; x_wconf 58' lang='lat' dir='ltr'>J</span> 
     </span>
     <span class='ocr_line' id='line_1_4' title="bbox 193 326 1033 365; baseline 0.001 -12"><span class='ocrx_word' id='word_1_25' title='bbox 193 326 236 353; x_wconf 79' lang='lat' dir='ltr'>vel</span> <span class='ocrx_word' id='word_1_26' title='bbox 255 336 303 353; x_wconf 89' lang='lat' dir='ltr'>suo</span> <span class='ocrx_word' id='word_1_27' title='bbox 328 329 444 360; x_wconf 78' lang='lat' dir='ltr'>nomine⁷</span> <span class='ocrx_word' id='word_1_28' title='bbox 469 328 591 365; x_wconf 78' lang='lat' dir='ltr'>experiri.</span> <span class='ocrx_word' id='word_1_29' title='bbox 615 326 644 353; x_wconf 81' lang='lat' dir='ltr'>fr.</span> <span class='ocrx_word' id='word_1_30' title='bbox 665 328 706 354; x_wconf 82' lang='lat'>93.</span> <span class='ocrx_word' id='word_1_31' title='bbox 729 337 768 364; x_wconf 87' lang='lat' dir='ltr'>pr.</span> <span class='ocrx_word' id='word_1_32' title='bbox 794 326 827 353; x_wconf 89' lang='lat' dir='ltr'>de</span> <span class='ocrx_word' id='word_1_33' title='bbox 850 327 928 354; x_wconf 87' lang='lat' dir='ltr'>solut.</span> <span class='ocrx_word' id='word_1_34' title='bbox 948 329 989 354; x_wconf 85' lang='lat'>46.</span> <span class='ocrx_word' id='word_1_35' title='bbox 1009 329 1033 354; x_wconf 87' lang='grc'>3.</span> 
     </span>
    </p>

    <p class='ocr_par' dir='ltr' id='par_1_3' title="bbox 194 369 1033 408">
     <span class='ocr_line' id='line_1_5' title="bbox 194 369 1033 408; baseline 0.001 -12"><span class='ocrx_word' id='word_1_36' title='bbox 194 369 289 396; x_wconf 90' lang='lat' dir='ltr'>Omnis</span> <span class='ocrx_word' id='word_1_37' title='bbox 313 372 423 408; x_wconf 80' lang='lat' dir='ltr'>pecunia</span> <span class='ocrx_word' id='word_1_38' title='bbox 449 370 582 402; x_wconf 77' lang='lat' dir='ltr'>exsoluta,</span> <span class='ocrx_word' id='word_1_39' title='bbox 611 375 654 396; x_wconf 87' lang='lat' dir='ltr'>aut</span> <span class='ocrx_word' id='word_1_40' title='bbox 679 380 710 396; x_wconf 88' lang='lat' dir='ltr'>eo</span> <span class='ocrx_word' id='word_1_41' title='bbox 734 371 839 396; x_wconf 89' lang='lat' dir='ltr'>nomine</span> <span class='ocrx_word' id='word_1_42' title='bbox 863 370 1033 397; x_wconf 77' lang='lat' dir='ltr'>satisfactum.</span> 
     </span>
    </p>

    <p class='ocr_par' dir='ltr' id='par_1_4' title="bbox 192 412 1057 579">
     <span class='ocr_line' id='line_1_6' title="bbox 193 412 1057 453; baseline 0.001 -15"><span class='ocrx_word' id='word_1_43' title='bbox 193 412 224 438; x_wconf 77' lang='lat' dir='ltr'>fr.</span> <span class='ocrx_word' id='word_1_44' title='bbox 244 414 267 439; x_wconf 88' lang='lat'>9.</span> <span class='ocrx_word' id='word_1_45' title='bbox 288 413 309 447; x_wconf 83' lang='lat'>§.</span> <span class='ocrx_word' id='word_1_46' title='bbox 328 415 352 440; x_wconf 85' lang='lat'>3.</span> <span class='ocrx_word' id='word_1_47' title='bbox 373 413 405 440; x_wconf 88' lang='lat' dir='ltr'>de</span> <span class='ocrx_word' id='word_1_48' title='bbox 424 415 493 451; x_wconf 74' lang='lat' dir='ltr'>pign.</span> <span class='ocrx_word' id='word_1_49' title='bbox 514 418 562 440; x_wconf 89' lang='lat' dir='ltr'>act.</span> <span class='ocrx_word' id='word_1_50' title='bbox 584 415 623 440; x_wconf 88' lang='lat'>13.</span> <span class='ocrx_word' id='word_1_51' title='bbox 645 415 667 440; x_wconf 85' lang='lat'>7.</span> <span class='ocrx_word' id='word_1_52' title='bbox 692 413 722 439; x_wconf 81' lang='lat' dir='ltr'>fr.</span> <span class='ocrx_word' id='word_1_53' title='bbox 742 415 766 439; x_wconf 86' lang='lat'>4.</span> <span class='ocrx_word' id='word_1_54' title='bbox 791 413 813 447; x_wconf 83' lang='lat'>§.</span> <span class='ocrx_word' id='word_1_55' title='bbox 832 415 856 440; x_wconf 90' lang='lat'>3.</span> <span class='ocrx_word' id='word_1_56' title='bbox 882 413 915 439; x_wconf 84' lang='lat' dir='ltr'>de</span> <span class='ocrx_word' id='word_1_57' title='bbox 933 423 960 439; x_wconf 92' lang='lat' dir='ltr'>re</span> <span class='ocrx_word' id='word_1_58' title='bbox 980 412 1033 439; x_wconf 87' lang='lat' dir='ltr'>iud.</span> <span class='ocrx_word' id='word_1_59' title='bbox 1055 443 1057 453; x_wconf 48' lang='lat' dir='ltr'>J</span> 
     </span>
     <span class='ocr_line' id='line_1_7' title="bbox 192 455 1056 493; baseline 0.002 -12"><span class='ocrx_word' id='word_1_60' title='bbox 192 456 233 481; x_wconf 79' lang='lat'>42.</span> <span class='ocrx_word' id='word_1_61' title='bbox 255 457 278 482; x_wconf 93' lang='lat' dir='ltr'>l.</span> <span class='ocrx_word' id='word_1_62' title='bbox 313 455 391 482; x_wconf 88' lang='lat' dir='ltr'>Pater</span> <span class='ocrx_word' id='word_1_63' title='bbox 409 456 517 483; x_wconf 86' lang='lat' dir='ltr'>tutelam</span> <span class='ocrx_word' id='word_1_64' title='bbox 536 472 569 476; x_wconf 94' lang='lat'>—-</span> <span class='ocrx_word' id='word_1_65' title='bbox 589 457 642 493; x_wconf 76' lang='lat' dir='ltr'>geri</span> <span class='ocrx_word' id='word_1_66' title='bbox 661 456 807 488; x_wconf 82' lang='lat' dir='ltr'>mandavit,</span> <span class='ocrx_word' id='word_1_67' title='bbox 835 460 860 482; x_wconf 88' lang='lat' dir='ltr'>et</span> <span class='ocrx_word' id='word_1_68' title='bbox 879 465 909 482; x_wconf 86' lang='lat' dir='ltr'>eo</span> <span class='ocrx_word' id='word_1_69' title='bbox 929 457 1034 483; x_wconf 85' lang='lat' dir='ltr'>nomine</span> <span class='ocrx_word' id='word_1_70' title='bbox 1055 457 1056 460; x_wconf 69' lang='grc'>’</span> 
     </span>
     <span class='ocr_line' id='line_1_8' title="bbox 192 498 1056 540; baseline 0.001 -16"><span class='ocrx_word' id='word_1_71' title='bbox 192 503 294 525; x_wconf 77' lang='lat' dir='ltr'>tutores</span> <span class='ocrx_word' id='word_1_72' title='bbox 318 498 447 526; x_wconf 84' lang='lat' dir='ltr'>liberavit.</span> <span class='ocrx_word' id='word_1_73' title='bbox 473 499 503 526; x_wconf 83' lang='lat' dir='ltr'>fr.</span> <span class='ocrx_word' id='word_1_74' title='bbox 523 501 547 526; x_wconf 86' lang='lat'>5.</span> <span class='ocrx_word' id='word_1_75' title='bbox 573 500 593 533; x_wconf 55' lang='grc' dir='ltr'>ᾗ.</span> <span class='ocrx_word' id='word_1_76' title='bbox 614 500 637 525; x_wconf 78' lang='lat' dir='ltr'>S.</span> <span class='ocrx_word' id='word_1_77' title='bbox 663 499 695 526; x_wconf 87' lang='lat' dir='ltr'>de</span> <span class='ocrx_word' id='word_1_78' title='bbox 718 499 783 525; x_wconf 81' lang='lat' dir='ltr'>adm.</span> <span class='ocrx_word' id='word_1_79' title='bbox 804 503 830 525; x_wconf 84' lang='lat' dir='ltr'>et</span> <span class='ocrx_word' id='word_1_80' title='bbox 848 499 928 536; x_wconf 88' lang='lat' dir='ltr'>peric.</span> <span class='ocrx_word' id='word_1_81' title='bbox 948 500 989 525; x_wconf 86' lang='lat'>26.</span> <span class='ocrx_word' id='word_1_82' title='bbox 1010 501 1033 525; x_wconf 87' lang='lat'>7.</span> <span class='ocrx_word' id='word_1_83' title='bbox 1055 511 1056 540; x_wconf 41' lang='lat' dir='ltr'>J</span> 
     </span>
     <span class='ocr_line' id='line_1_9' title="bbox 193 540 1032 579; baseline 0 -11"><span class='ocrx_word' id='word_1_84' title='bbox 193 540 361 573; x_wconf 74' lang='lat' dir='ltr'>Consentire,</span> <span class='ocrx_word' id='word_1_85' title='bbox 382 552 413 568; x_wconf 85' lang='lat' dir='ltr'>ne</span> <span class='ocrx_word' id='word_1_86' title='bbox 432 542 495 578; x_wconf 89' lang='lat' dir='ltr'>quid</span> <span class='ocrx_word' id='word_1_87' title='bbox 515 547 543 568; x_wconf 89' lang='lat' dir='ltr'>tu</span> <span class='ocrx_word' id='word_1_88' title='bbox 562 542 624 568; x_wconf 89' lang='lat' dir='ltr'>mihi</span> <span class='ocrx_word' id='word_1_89' title='bbox 639 552 669 568; x_wconf 83' lang='lat' dir='ltr'>eo</span> <span class='ocrx_word' id='word_1_90' title='bbox 683 542 787 568; x_wconf 88' lang='lat' dir='ltr'>nomine</span> <span class='ocrx_word' id='word_1_91' title='bbox 800 546 927 579; x_wconf 70' lang='lat' dir='ltr'>praestes</span> <span class='ocrx_word' id='word_1_92' title='bbox 948 541 978 568; x_wconf 87' lang='lat' dir='ltr'>fr.</span> <span class='ocrx_word' id='word_1_93' title='bbox 991 543 1032 568; x_wconf 81' lang='lat'>58.</span> 
     </span>
    </p>

    <p class='ocr_par' dir='ltr' id='par_1_5' title="bbox 188 583 1056 1309">
     <span class='ocr_line' id='line_1_10' title="bbox 193 583 1056 622; baseline 0.002 -12"><span class='ocrx_word' id='word_1_94' title='bbox 193 583 226 610; x_wconf 92' lang='lat' dir='ltr'>de</span> <span class='ocrx_word' id='word_1_95' title='bbox 244 589 312 621; x_wconf 84' lang='lat' dir='ltr'>pact.</span> <span class='ocrx_word' id='word_1_96' title='bbox 331 586 354 612; x_wconf 89' lang='lat'>2.</span> <span class='ocrx_word' id='word_1_97' title='bbox 376 587 416 611; x_wconf 88' lang='lat'>14.</span> <span class='ocrx_word' id='word_1_98' title='bbox 453 585 507 620; x_wconf 82' lang='lat' dir='ltr'>Qui</span> <span class='ocrx_word' id='word_1_99' title='bbox 532 584 595 622; x_wconf 87' lang='lat' dir='ltr'>quid</span> <span class='ocrx_word' id='word_1_100' title='bbox 618 584 793 611; x_wconf 86' lang='lat' dir='ltr'>nundinarum</span> <span class='ocrx_word' id='word_1_101' title='bbox 817 586 922 611; x_wconf 86' lang='lat' dir='ltr'>nomine</span> <span class='ocrx_word' id='word_1_102' title='bbox 941 601 973 605; x_wconf 89' lang='lat'>—-</span> <span class='ocrx_word' id='word_1_103' title='bbox 994 596 1033 612; x_wconf 84' lang='lat' dir='ltr'>ae·</span> <span class='ocrx_word' id='word_1_104' title='bbox 1055 592 1056 605; x_wconf 63' lang='lat'>¹</span> 
     </span>
     <span class='ocr_line' id='line_1_11' title="bbox 194 627 1056 664; baseline 0.003 -12"><span class='ocrx_word' id='word_1_105' title='bbox 194 628 300 664; x_wconf 76' lang='lat' dir='ltr'>ceperit.</span> <span class='ocrx_word' id='word_1_106' title='bbox 326 627 355 654; x_wconf 76' lang='lat' dir='ltr'>fr.</span> <span class='ocrx_word' id='word_1_107' title='bbox 375 630 399 654; x_wconf 84' lang='lat'>3.</span> <span class='ocrx_word' id='word_1_108' title='bbox 424 628 445 662; x_wconf 62' lang='grc' dir='ltr'>ξ.</span> <span class='ocrx_word' id='word_1_109' title='bbox 465 631 490 654; x_wconf 83' lang='grc'>2.</span> <span class='ocrx_word' id='word_1_110' title='bbox 515 628 547 655; x_wconf 84' lang='lat' dir='ltr'>de</span> <span class='ocrx_word' id='word_1_111' title='bbox 572 628 652 654; x_wconf 77' lang='lat' dir='ltr'>feriis.</span> <span class='ocrx_word' id='word_1_112' title='bbox 672 630 696 654; x_wconf 84' lang='lat'>2.</span> <span class='ocrx_word' id='word_1_113' title='bbox 717 629 756 653; x_wconf 88' lang='lat'>12.</span> <span class='ocrx_word' id='word_1_114' title='bbox 795 627 824 654; x_wconf 88' lang='lat' dir='ltr'>Si</span> <span class='ocrx_word' id='word_1_115' title='bbox 849 627 911 664; x_wconf 85' lang='lat' dir='ltr'>quid</span> <span class='ocrx_word' id='word_1_116' title='bbox 935 638 965 655; x_wconf 86' lang='lat' dir='ltr'>eo</span> <span class='ocrx_word' id='word_1_117' title='bbox 989 639 1034 655; x_wconf 89' lang='lat' dir='ltr'>no·</span> <span class='ocrx_word' id='word_1_118' title='bbox 1055 637 1056 642; x_wconf 65' lang='lat'>¹</span> 
     </span>
     <span class='ocr_line' id='line_1_12' title="bbox 192 667 1056 710; baseline 0.002 -14"><span class='ocrx_word' id='word_1_119' title='bbox 192 671 262 697; x_wconf 85' lang='lat' dir='ltr'>mine</span> <span class='ocrx_word' id='word_1_120' title='bbox 285 670 423 699; x_wconf 80' lang='lat' dir='ltr'>debeatur.</span> <span class='ocrx_word' id='word_1_121' title='bbox 449 671 519 708; x_wconf 88' lang='lat' dir='ltr'>quod</span> <span class='ocrx_word' id='word_1_122' title='bbox 543 681 590 708; x_wconf 89' lang='lat' dir='ltr'>per</span> <span class='ocrx_word' id='word_1_123' title='bbox 615 681 658 697; x_wconf 83' lang='lat' dir='ltr'>aes</span> <span class='ocrx_word' id='word_1_124' title='bbox 687 675 712 697; x_wconf 83' lang='lat' dir='ltr'>et</span> <span class='ocrx_word' id='word_1_125' title='bbox 739 670 831 697; x_wconf 83' lang='lat' dir='ltr'>libram</span> <span class='ocrx_word' id='word_1_126' title='bbox 857 676 960 707; x_wconf 74' lang='lat' dir='ltr'>gestum</span> <span class='ocrx_word' id='word_1_127' title='bbox 984 676 1031 698; x_wconf 82' lang='lat' dir='ltr'>est.</span> <span class='ocrx_word' id='word_1_128' title='bbox 1054 667 1056 710; x_wconf 77' lang='lat' dir='ltr'>J</span> 
     </span>
     <span class='ocr_line' id='line_1_13' title="bbox 193 712 1055 750; baseline 0.001 -11"><span class='ocrx_word' id='word_1_129' title='bbox 193 712 250 739; x_wconf 86' lang='lat' dir='ltr'>Gai.</span> <span class='ocrx_word' id='word_1_130' title='bbox 268 712 310 739; x_wconf 94' lang='lat' dir='ltr'>III.</span> <span class='ocrx_word' id='word_1_131' title='bbox 332 715 390 740; x_wconf 75' lang='lat'>173.</span> <span class='ocrx_word' id='word_1_132' title='bbox 410 723 449 750; x_wconf 78' lang='lat' dir='ltr'>sq.</span> <span class='ocrx_word' id='word_1_133' title='bbox 488 713 594 745; x_wconf 66' lang='lat' dir='ltr'>Tenen,</span> <span class='ocrx_word' id='word_1_134' title='bbox 614 723 634 740; x_wconf 86' lang='lat' dir='ltr'>s.</span> <span class='ocrx_word' id='word_1_135' title='bbox 655 712 788 749; x_wconf 74' lang='lat' dir='ltr'>Obligati,</span> <span class='ocrx_word' id='word_1_136' title='bbox 807 715 912 740; x_wconf 83' lang='lat' dir='ltr'>nomine</span> <span class='ocrx_word' id='word_1_137' title='bbox 931 716 1033 746; x_wconf 85' lang='lat' dir='ltr'>(cessa-</span> <span class='ocrx_word' id='word_1_138' title='bbox 1054 715 1055 730; x_wconf 63' lang='lat'>¹</span> 
     </span>
     <span class='ocr_line' id='line_1_14' title="bbox 193 755 1055 793; baseline 0.002 -11"><span class='ocrx_word' id='word_1_139' title='bbox 193 756 281 787; x_wconf 77' lang='lat' dir='ltr'>tionis.</span> <span class='ocrx_word' id='word_1_140' title='bbox 300 766 323 782; x_wconf 87' lang='lat' dir='ltr'>v.</span> <span class='ocrx_word' id='word_1_141' title='bbox 345 756 459 793; x_wconf 86' lang='lat' dir='ltr'>culpae.)</span> <span class='ocrx_word' id='word_1_142' title='bbox 481 756 511 783; x_wconf 76' lang='lat' dir='ltr'>l&#39;r.</span> <span class='ocrx_word' id='word_1_143' title='bbox 524 759 566 783; x_wconf 86' lang='lat'>25.</span> <span class='ocrx_word' id='word_1_144' title='bbox 586 757 608 791; x_wconf 84' lang='lat'>§.</span> <span class='ocrx_word' id='word_1_145' title='bbox 623 757 662 782; x_wconf 84' lang='lat'>18.</span> <span class='ocrx_word' id='word_1_146' title='bbox 682 755 740 782; x_wconf 86' lang='lat' dir='ltr'>fam.</span> <span class='ocrx_word' id='word_1_147' title='bbox 760 757 851 783; x_wconf 85' lang='lat' dir='ltr'>ercisc.</span> <span class='ocrx_word' id='word_1_148' title='bbox 867 759 906 783; x_wconf 87' lang='grc'>10.</span> <span class='ocrx_word' id='word_1_149' title='bbox 920 759 944 783; x_wconf 87' lang='grc'>2.</span> <span class='ocrx_word' id='word_1_150' title='bbox 964 757 994 784; x_wconf 86' lang='lat' dir='ltr'>fr.</span> <span class='ocrx_word' id='word_1_151' title='bbox 1010 759 1032 784; x_wconf 93' lang='lat' dir='ltr'>l.</span> <span class='ocrx_word' id='word_1_152' title='bbox 1054 783 1055 788; x_wconf 67' lang='grc'>,</span> 
     </span>
     <span class='ocr_line' id='line_1_15' title="bbox 191 798 1055 837; baseline 0.001 -12"><span class='ocrx_word' id='word_1_153' title='bbox 191 808 230 835; x_wconf 88' lang='lat' dir='ltr'>pr.</span> <span class='ocrx_word' id='word_1_154' title='bbox 252 798 284 825; x_wconf 86' lang='lat' dir='ltr'>de</span> <span class='ocrx_word' id='word_1_155' title='bbox 304 809 364 836; x_wconf 90' lang='lat' dir='ltr'>opp.</span> <span class='ocrx_word' id='word_1_156' title='bbox 385 799 447 836; x_wconf 91' lang='lat' dir='ltr'>pub.</span> <span class='ocrx_word' id='word_1_157' title='bbox 469 802 509 826; x_wconf 82' lang='lat'>50.</span> <span class='ocrx_word' id='word_1_158' title='bbox 531 802 570 826; x_wconf 88' lang='lat'>10.</span> <span class='ocrx_word' id='word_1_159' title='bbox 607 798 663 826; x_wconf 81' lang='lat' dir='ltr'>Lex</span> <span class='ocrx_word' id='word_1_160' title='bbox 682 808 712 825; x_wconf 87' lang='lat' dir='ltr'>eo</span> <span class='ocrx_word' id='word_1_161' title='bbox 732 800 837 825; x_wconf 90' lang='lat' dir='ltr'>nomine</span> <span class='ocrx_word' id='word_1_162' title='bbox 855 800 952 826; x_wconf 91' lang='lat' dir='ltr'>nullam</span> <span class='ocrx_word' id='word_1_163' title='bbox 972 810 1032 837; x_wconf 90' lang='lat' dir='ltr'>poe-</span> <span class='ocrx_word' id='word_1_164' title='bbox 1053 799 1055 831; x_wconf 64' lang='grc'>,’</span> 
     </span>
     <span class='ocr_line' id='line_1_16' title="bbox 191 842 1055 883; baseline 0.002 -16"><span class='ocrx_word' id='word_1_165' title='bbox 191 851 249 867; x_wconf 79' lang='lat' dir='ltr'>nam</span> <span class='ocrx_word' id='word_1_166' title='bbox 270 843 414 868; x_wconf 83' lang='lat' dir='ltr'>constituit.</span> <span class='ocrx_word' id='word_1_167' title='bbox 435 858 467 862; x_wconf 78' lang='lat'>—</span> <span class='ocrx_word' id='word_1_168' title='bbox 494 842 628 880; x_wconf 77' lang='lat' dir='ltr'>Propriam</span> <span class='ocrx_word' id='word_1_169' title='bbox 652 843 781 868; x_wconf 77' lang='lat' dir='ltr'>actionem</span> <span class='ocrx_word' id='word_1_170' title='bbox 804 843 859 869; x_wconf 86' lang='lat' dir='ltr'>eius</span> <span class='ocrx_word' id='word_1_171' title='bbox 879 842 968 869; x_wconf 86' lang='lat' dir='ltr'>delicti</span> <span class='ocrx_word' id='word_1_172' title='bbox 988 853 1033 869; x_wconf 91' lang='lat' dir='ltr'>no-</span> <span class='ocrx_word' id='word_1_173' title='bbox 1053 877 1055 883; x_wconf 62' lang='lat'><em>,</em></span> 
     </span>
     <span class='ocr_line' id='line_1_17' title="bbox 191 884 1054 917; baseline 0.002 -7"><span class='ocrx_word' id='word_1_174' title='bbox 191 885 261 910; x_wconf 89' lang='lat' dir='ltr'>mine</span> <span class='ocrx_word' id='word_1_175' title='bbox 273 884 383 911; x_wconf 78' lang='lat' dir='ltr'>Praetor</span> <span class='ocrx_word' id='word_1_176' title='bbox 402 885 555 912; x_wconf 71' lang='lat' dir='ltr'>introduxit.</span> <span class='ocrx_word' id='word_1_177' title='bbox 575 884 631 911; x_wconf 82' lang='lat' dir='ltr'>Gai.</span> <span class='ocrx_word' id='word_1_178' title='bbox 647 884 690 911; x_wconf 83' lang='lat' dir='ltr'>[H.</span> <span class='ocrx_word' id='word_1_179' title='bbox 705 886 761 911; x_wconf 86' lang='grc'>192.</span> <span class='ocrx_word' id='word_1_180' title='bbox 775 887 833 912; x_wconf 86' lang='grc'>209.</span> <span class='ocrx_word' id='word_1_181' title='bbox 862 885 1032 917; x_wconf 74' lang='lat' dir='ltr'>Hereditatis,</span> <span class='ocrx_word' id='word_1_182' title='bbox 1053 890 1054 893; x_wconf 79' lang='grc'>’</span> 
     </span>
     <span class='ocr_line' id='line_1_18' title="bbox 190 926 1031 966; baseline 0.002 -13"><span class='ocrx_word' id='word_1_183' title='bbox 190 926 370 963; x_wconf 76' lang='lat' dir='ltr'>legatorumve</span> <span class='ocrx_word' id='word_1_184' title='bbox 389 929 493 954; x_wconf 90' lang='lat' dir='ltr'>nomine</span> <span class='ocrx_word' id='word_1_185' title='bbox 513 929 618 964; x_wconf 82' lang='lat' dir='ltr'>(capere</span> <span class='ocrx_word' id='word_1_186' title='bbox 632 928 733 965; x_wconf 79' lang='lat' dir='ltr'>posse.)</span> <span class='ocrx_word' id='word_1_187' title='bbox 753 927 789 954; x_wconf 90' lang='lat' dir='ltr'>lh.</span> <span class='ocrx_word' id='word_1_188' title='bbox 807 928 824 955; x_wconf 94' lang='grc' dir='ltr'>Ι.</span> <span class='ocrx_word' id='word_1_189' title='bbox 844 931 886 955; x_wconf 85' lang='lat'>24.</span> <span class='ocrx_word' id='word_1_190' title='bbox 924 929 953 955; x_wconf 87' lang='lat' dir='ltr'>Si</span> <span class='ocrx_word' id='word_1_191' title='bbox 973 930 1031 966; x_wconf 89' lang='lat' dir='ltr'>quis</span> 
     </span>
     <span class='ocr_line' id='line_1_19' title="bbox 191 970 1031 1008; baseline 0.002 -12"><span class='ocrx_word' id='word_1_192' title='bbox 191 980 222 996; x_wconf 84' lang='lat' dir='ltr'>eo</span> <span class='ocrx_word' id='word_1_193' title='bbox 242 971 347 996; x_wconf 88' lang='lat' dir='ltr'>nomine</span> <span class='ocrx_word' id='word_1_194' title='bbox 366 976 437 1007; x_wconf 75' lang='lat' dir='ltr'>agat,</span> <span class='ocrx_word' id='word_1_195' title='bbox 456 971 526 1008; x_wconf 86' lang='lat' dir='ltr'>quod</span> <span class='ocrx_word' id='word_1_196' title='bbox 546 970 616 997; x_wconf 85' lang='lat' dir='ltr'>dicat</span> <span class='ocrx_word' id='word_1_197' title='bbox 635 975 683 997; x_wconf 87' lang='lat' dir='ltr'>etc.</span> <span class='ocrx_word' id='word_1_198' title='bbox 712 970 749 997; x_wconf 88' lang='lat' dir='ltr'>lb.</span> <span class='ocrx_word' id='word_1_199' title='bbox 769 971 812 998; x_wconf 85' lang='lat' dir='ltr'>IV.</span> <span class='ocrx_word' id='word_1_200' title='bbox 834 974 891 999; x_wconf 87' lang='lat'>177.</span> <span class='ocrx_word' id='word_1_201' title='bbox 928 972 967 998; x_wconf 89' lang='lat' dir='ltr'>Eo</span> <span class='ocrx_word' id='word_1_202' title='bbox 987 982 1031 998; x_wconf 92' lang='lat' dir='ltr'>no-</span> 
     </span>
     <span class='ocr_line' id='line_1_20' title="bbox 190 1013 1030 1042; baseline 0.004 -3"><span class='ocrx_word' id='word_1_203' title='bbox 190 1014 260 1039; x_wconf 84' lang='lat' dir='ltr'>mine</span> <span class='ocrx_word' id='word_1_204' title='bbox 284 1013 448 1040; x_wconf 83' lang='lat' dir='ltr'>adversarius</span> <span class='ocrx_word' id='word_1_205' title='bbox 473 1013 533 1040; x_wconf 90' lang='lat' dir='ltr'>huic</span> <span class='ocrx_word' id='word_1_206' title='bbox 558 1013 753 1041; x_wconf 75' lang='lat' dir='ltr'>condemnetur.</span> <span class='ocrx_word' id='word_1_207' title='bbox 782 1014 818 1041; x_wconf 86' lang='lat' dir='ltr'>lb.</span> <span class='ocrx_word' id='word_1_208' title='bbox 838 1014 882 1042; x_wconf 83' lang='lat' dir='ltr'>IV.</span> <span class='ocrx_word' id='word_1_209' title='bbox 905 1017 947 1042; x_wconf 85' lang='lat'>35.</span> <span class='ocrx_word' id='word_1_210' title='bbox 973 1016 1030 1042; x_wconf 86' lang='grc'>116.</span> 
     </span>
     <span class='ocr_line' id='line_1_21' title="bbox 190 1055 1054 1096; baseline 0.005 -15"><span class='ocrx_word' id='word_1_211' title='bbox 190 1055 241 1088; x_wconf 81' lang='lat' dir='ltr'>Vt.</span> <span class='ocrx_word' id='word_1_212' title='bbox 266 1056 395 1092; x_wconf 84' lang='lat' dir='ltr'>quidquid</span> <span class='ocrx_word' id='word_1_213' title='bbox 420 1056 578 1083; x_wconf 80' lang='lat' dir='ltr'>hereditario</span> <span class='ocrx_word' id='word_1_214' title='bbox 597 1058 702 1083; x_wconf 89' lang='lat' dir='ltr'>nomine</span> <span class='ocrx_word' id='word_1_215' title='bbox 722 1057 910 1085; x_wconf 87' lang='lat' dir='ltr'>condemnatus</span> <span class='ocrx_word' id='word_1_216' title='bbox 929 1058 1031 1090; x_wconf 81' lang='lat' dir='ltr'>suisset.</span> <span class='ocrx_word' id='word_1_217' title='bbox 1052 1069 1054 1096; x_wconf 50' lang='grc' dir='ltr'><strong>ᾗ</strong></span> 
     </span>
     <span class='ocr_line' id='line_1_22' title="bbox 190 1098 1030 1134; baseline 0.005 -10"><span class='ocrx_word' id='word_1_218' title='bbox 190 1114 223 1117; x_wconf 91' lang='lat'>-—</span> <span class='ocrx_word' id='word_1_219' title='bbox 243 1108 273 1125; x_wconf 83' lang='lat' dir='ltr'>eo</span> <span class='ocrx_word' id='word_1_220' title='bbox 293 1101 397 1125; x_wconf 89' lang='lat' dir='ltr'>nomine</span> <span class='ocrx_word' id='word_1_221' title='bbox 416 1098 546 1126; x_wconf 87' lang='lat' dir='ltr'>indemnis</span> <span class='ocrx_word' id='word_1_222' title='bbox 566 1104 643 1126; x_wconf 82' lang='lat' dir='ltr'>esset.</span> <span class='ocrx_word' id='word_1_223' title='bbox 665 1100 702 1126; x_wconf 87' lang='lat' dir='ltr'>lb.</span> <span class='ocrx_word' id='word_1_224' title='bbox 722 1100 753 1127; x_wconf 90' lang='lat'>11.</span> <span class='ocrx_word' id='word_1_225' title='bbox 771 1102 831 1127; x_wconf 82' lang='lat'>252.</span> <span class='ocrx_word' id='word_1_226' title='bbox 845 1117 878 1121; x_wconf 96' lang='lat'>—</span> <span class='ocrx_word' id='word_1_227' title='bbox 898 1102 928 1134; x_wconf 67' lang='grc' dir='ltr'>ξ.</span> <span class='ocrx_word' id='word_1_228' title='bbox 945 1103 1030 1128; x_wconf 72' lang='lat' dir='ltr'>2.A.</span> 
     </span>
     <span class='ocr_line' id='line_1_23' title="bbox 189 1142 1030 1182; baseline 0.005 -15"><span class='ocrx_word' id='word_1_229' title='bbox 189 1143 399 1173; x_wconf 70' lang='lat' dir='ltr'>Praetextus,</span> <span class='ocrx_word' id='word_1_230' title='bbox 423 1144 528 1169; x_wconf 84' lang='lat' dir='ltr'>Color.</span> <span class='ocrx_word' id='word_1_231' title='bbox 566 1142 584 1169; x_wconf 91' lang='lat' dir='ltr'>I.</span> <span class='ocrx_word' id='word_1_232' title='bbox 601 1144 662 1177; x_wconf 75' lang='lat' dir='ltr'>Sy.</span> <span class='ocrx_word' id='word_1_233' title='bbox 682 1142 846 1173; x_wconf 66' lang='lat' dir='ltr'>praetextus.</span> <span class='ocrx_word' id='word_1_234' title='bbox 863 1143 981 1182; x_wconf 87' lang='lat' dir='ltr'>Species.</span> <span class='ocrx_word' id='word_1_235' title='bbox 1001 1144 1030 1171; x_wconf 81' lang='lat' dir='ltr'>sr.</span> 
     </span>
     <span class='ocr_line' id='line_1_24' title="bbox 191 1184 1053 1223; baseline 0.005 -13"><span class='ocrx_word' id='word_1_236' title='bbox 191 1185 214 1210; x_wconf 88' lang='grc'>6.</span> <span class='ocrx_word' id='word_1_237' title='bbox 234 1184 271 1218; x_wconf 53' lang='grc' dir='ltr'>ἐξ.</span> <span class='ocrx_word' id='word_1_238' title='bbox 291 1186 314 1210; x_wconf 80' lang='lat'>3.</span> <span class='ocrx_word' id='word_1_239' title='bbox 335 1186 358 1210; x_wconf 95' lang='lat'>5.</span> <span class='ocrx_word' id='word_1_240' title='bbox 378 1195 418 1221; x_wconf 86' lang='lat' dir='ltr'>sq.</span> <span class='ocrx_word' id='word_1_241' title='bbox 439 1185 471 1212; x_wconf 88' lang='lat' dir='ltr'>de</span> <span class='ocrx_word' id='word_1_242' title='bbox 491 1186 534 1212; x_wconf 81' lang='lat' dir='ltr'>off.</span> <span class='ocrx_word' id='word_1_243' title='bbox 554 1185 642 1212; x_wconf 83' lang='lat' dir='ltr'>PraeS.</span> <span class='ocrx_word' id='word_1_244' title='bbox 663 1188 685 1212; x_wconf 94' lang='lat'>1.</span> <span class='ocrx_word' id='word_1_245' title='bbox 707 1187 746 1212; x_wconf 76' lang='lat'>18.</span> <span class='ocrx_word' id='word_1_246' title='bbox 782 1186 824 1212; x_wconf 91' lang='grc'>111.</span> <span class='ocrx_word' id='word_1_247' title='bbox 837 1188 903 1214; x_wconf 65' lang='grc' dir='ltr'>(7η.</span> <span class='ocrx_word' id='word_1_248' title='bbox 922 1187 1031 1214; x_wconf 70' lang='lat' dir='ltr'>Nullum</span> <span class='ocrx_word' id='word_1_249' title='bbox 1052 1195 1053 1223; x_wconf 54' lang='grc' dir='ltr'>ζ</span> 
     </span>
     <span class='ocr_line' id='line_1_25' title="bbox 189 1226 1053 1269; baseline 0.005 -16"><span class='ocrx_word' id='word_1_250' title='bbox 189 1226 329 1253; x_wconf 84' lang='lat' dir='ltr'>cuiuslibet</span> <span class='ocrx_word' id='word_1_251' title='bbox 353 1237 448 1254; x_wconf 80' lang='lat' dir='ltr'>nomen</span> <span class='ocrx_word' id='word_1_252' title='bbox 473 1228 582 1255; x_wconf 84' lang='lat' dir='ltr'>militiae</span> <span class='ocrx_word' id='word_1_253' title='bbox 602 1238 735 1266; x_wconf 85' lang='lat' dir='ltr'>usurpare.</span> <span class='ocrx_word' id='word_1_254' title='bbox 773 1229 848 1255; x_wconf 78' lang='lat' dir='ltr'>Adeo</span> <span class='ocrx_word' id='word_1_255' title='bbox 868 1229 917 1257; x_wconf 88' lang='lat' dir='ltr'>hoc</span> <span class='ocrx_word' id='word_1_256' title='bbox 937 1241 1030 1257; x_wconf 88' lang='lat' dir='ltr'>nomen</span> <span class='ocrx_word' id='word_1_257' title='bbox 1052 1266 1053 1269; x_wconf 19' lang='lat' dir='ltr'>J</span> 
     </span>
     <span class='ocr_line' id='line_1_26' title="bbox 188 1269 1029 1309; baseline 0.006 -14"><span class='ocrx_word' id='word_1_258' title='bbox 188 1269 313 1306; x_wconf 75' lang='lat' dir='ltr'>refugere.</span> <span class='ocrx_word' id='word_1_259' title='bbox 343 1269 392 1296; x_wconf 90' lang='lat' dir='ltr'>Th.</span> <span class='ocrx_word' id='word_1_260' title='bbox 413 1270 443 1297; x_wconf 84' lang='lat' dir='ltr'>C.</span> <span class='ocrx_word' id='word_1_261' title='bbox 466 1271 499 1297; x_wconf 80' lang='lat' dir='ltr'>X.</span> <span class='ocrx_word' id='word_1_262' title='bbox 522 1273 561 1298; x_wconf 89' lang='lat' dir='ltr'>lo.</span> <span class='ocrx_word' id='word_1_263' title='bbox 587 1282 607 1298; x_wconf 89' lang='lat' dir='ltr'>c.</span> <span class='ocrx_word' id='word_1_264' title='bbox 630 1273 669 1298; x_wconf 88' lang='grc'>16.</span> <span class='ocrx_word' id='word_1_265' title='bbox 694 1271 726 1298; x_wconf 84' lang='lat' dir='ltr'>de</span> <span class='ocrx_word' id='word_1_266' title='bbox 751 1273 824 1309; x_wconf 82' lang='lat' dir='ltr'>petit.</span> <span class='ocrx_word' id='word_1_267' title='bbox 845 1277 870 1299; x_wconf 90' lang='lat' dir='ltr'>et</span> <span class='ocrx_word' id='word_1_268' title='bbox 889 1273 958 1300; x_wconf 90' lang='lat' dir='ltr'>ultro</span> <span class='ocrx_word' id='word_1_269' title='bbox 979 1273 1029 1300; x_wconf 81' lang='lat' dir='ltr'>dat.</span> 
     </span>
    </p>

    <p class='ocr_par' dir='ltr' id='par_1_6' title="bbox 184 1312 1051 1611">
     <span class='ocr_line' id='line_1_27' title="bbox 186 1312 1029 1352; baseline 0.007 -14"><span class='ocrx_word' id='word_1_270' title='bbox 186 1312 220 1339; x_wconf 86' lang='lat' dir='ltr'>X.</span> <span class='ocrx_word' id='word_1_271' title='bbox 239 1314 280 1339; x_wconf 86' lang='lat'>26.</span> <span class='ocrx_word' id='word_1_272' title='bbox 306 1323 327 1339; x_wconf 91' lang='lat' dir='ltr'>c.</span> <span class='ocrx_word' id='word_1_273' title='bbox 349 1314 370 1339; x_wconf 93' lang='lat' dir='ltr'>l.</span> <span class='ocrx_word' id='word_1_274' title='bbox 396 1312 428 1339; x_wconf 89' lang='lat' dir='ltr'>de</span> <span class='ocrx_word' id='word_1_275' title='bbox 453 1314 529 1340; x_wconf 89' lang='lat' dir='ltr'>cond.</span> <span class='ocrx_word' id='word_1_276' title='bbox 554 1320 580 1341; x_wconf 85' lang='lat' dir='ltr'>et</span> <span class='ocrx_word' id='word_1_277' title='bbox 603 1314 671 1341; x_wconf 90' lang='lat' dir='ltr'>hom.</span> <span class='ocrx_word' id='word_1_278' title='bbox 692 1314 760 1341; x_wconf 89' lang='lat' dir='ltr'>dom.</span> <span class='ocrx_word' id='word_1_279' title='bbox 781 1315 847 1352; x_wconf 82' lang='lat' dir='ltr'>Aug.</span> <span class='ocrx_word' id='word_1_280' title='bbox 873 1331 906 1335; x_wconf 97' lang='lat'><strong>—</strong></span> <span class='ocrx_word' id='word_1_281' title='bbox 936 1317 972 1350; x_wconf 64' lang='lat'>§·.</span> <span class='ocrx_word' id='word_1_282' title='bbox 992 1319 1029 1344; x_wconf 81' lang='lat'>3.</span> 
     </span>
     <span class='ocr_line' id='line_1_28' title="bbox 188 1356 1029 1393; baseline 0.006 -12"><span class='ocrx_word' id='word_1_283' title='bbox 188 1356 317 1382; x_wconf 75' lang='lat' dir='ltr'>Crediti</span> <span class='ocrx_word' id='word_1_284' title='bbox 336 1357 399 1388; x_wconf 79' lang='lat' dir='ltr'>ius,</span> <span class='ocrx_word' id='word_1_285' title='bbox 421 1357 521 1384; x_wconf 76' lang='lat' dir='ltr'>Certa</span> <span class='ocrx_word' id='word_1_286' title='bbox 540 1367 591 1384; x_wconf 80' lang='lat' dir='ltr'>res</span> <span class='ocrx_word' id='word_1_287' title='bbox 610 1360 743 1385; x_wconf 77' lang='lat' dir='ltr'>credita.</span> <span class='ocrx_word' id='word_1_288' title='bbox 771 1358 862 1393; x_wconf 72' lang='lat' dir='ltr'>[Sy.</span> <span class='ocrx_word' id='word_1_289' title='bbox 883 1358 1029 1386; x_wconf 81' lang='lat' dir='ltr'>Creditum.</span> 
     </span>
     <span class='ocr_line' id='line_1_29' title="bbox 187 1396 1028 1437; baseline 0.007 -14"><span class='ocrx_word' id='word_1_290' title='bbox 187 1396 228 1424; x_wconf 78' lang='lat' dir='ltr'>Cf.</span> <span class='ocrx_word' id='word_1_291' title='bbox 248 1397 272 1424; x_wconf 94' lang='lat' dir='ltr'>h.</span> <span class='ocrx_word' id='word_1_292' title='bbox 293 1408 316 1424; x_wconf 91' lang='lat' dir='ltr'>v.</span> <span class='ocrx_word' id='word_1_293' title='bbox 337 1399 359 1432; x_wconf 61' lang='grc' dir='ltr'>ξ,</span> <span class='ocrx_word' id='word_1_294' title='bbox 379 1401 403 1425; x_wconf 89' lang='lat'>2.</span> <span class='ocrx_word' id='word_1_295' title='bbox 441 1399 471 1425; x_wconf 90' lang='lat' dir='ltr'>ll.</span> <span class='ocrx_word' id='word_1_296' title='bbox 495 1402 562 1434; x_wconf 79' lang='lat' dir='ltr'>Op.</span> <span class='ocrx_word' id='word_1_297' title='bbox 587 1400 753 1437; x_wconf 77' lang='lat' dir='ltr'>Singularum</span> <span class='ocrx_word' id='word_1_298' title='bbox 772 1412 859 1428; x_wconf 87' lang='lat' dir='ltr'>rerum</span> <span class='ocrx_word' id='word_1_299' title='bbox 878 1401 1028 1430; x_wconf 90' lang='lat' dir='ltr'>dominium.</span> 
     </span>
     <span class='ocr_line' id='line_1_30' title="bbox 187 1440 1028 1476; baseline 0.007 -10"><span class='ocrx_word' id='word_1_300' title='bbox 187 1456 218 1459; x_wconf 97' lang='lat'><strong>—</strong></span> <span class='ocrx_word' id='word_1_301' title='bbox 239 1440 314 1476; x_wconf 82' lang='lat' dir='ltr'>Quae</span> <span class='ocrx_word' id='word_1_302' title='bbox 334 1442 359 1468; x_wconf 90' lang='lat' dir='ltr'>in</span> <span class='ocrx_word' id='word_1_303' title='bbox 378 1442 529 1469; x_wconf 86' lang='lat' dir='ltr'>nominibus</span> <span class='ocrx_word' id='word_1_304' title='bbox 549 1448 617 1470; x_wconf 74' lang='lat' dir='ltr'>sunt.</span> <span class='ocrx_word' id='word_1_305' title='bbox 639 1443 669 1470; x_wconf 82' lang='lat' dir='ltr'>sr.</span> <span class='ocrx_word' id='word_1_306' title='bbox 689 1446 730 1471; x_wconf 88' lang='lat'>37.</span> <span class='ocrx_word' id='word_1_307' title='bbox 751 1444 783 1470; x_wconf 84' lang='lat' dir='ltr'>de</span> <span class='ocrx_word' id='word_1_308' title='bbox 802 1444 833 1471; x_wconf 89' lang='lat' dir='ltr'>A.</span> <span class='ocrx_word' id='word_1_309' title='bbox 852 1455 876 1471; x_wconf 84' lang='lat' dir='ltr'>v.</span> <span class='ocrx_word' id='word_1_310' title='bbox 894 1445 927 1472; x_wconf 95' lang='grc' dir='ltr'>Ο.</span> <span class='ocrx_word' id='word_1_311' title='bbox 942 1445 972 1472; x_wconf 90' lang='lat' dir='ltr'>H.</span> <span class='ocrx_word' id='word_1_312' title='bbox 986 1447 1028 1472; x_wconf 88' lang='lat'>29.</span> 
     </span>
     <span class='ocr_line' id='line_1_31' title="bbox 184 1482 1051 1528; baseline 0.007 -19"><span class='ocrx_word' id='word_1_313' title='bbox 184 1485 208 1509; x_wconf 80' lang='lat'>2.</span> <span class='ocrx_word' id='word_1_314' title='bbox 228 1482 258 1509; x_wconf 75' lang='lat' dir='ltr'>fr.</span> <span class='ocrx_word' id='word_1_315' title='bbox 279 1485 303 1510; x_wconf 87' lang='lat'>9.</span> <span class='ocrx_word' id='word_1_316' title='bbox 322 1494 377 1511; x_wconf 87' lang='lat' dir='ltr'>rem</span> <span class='ocrx_word' id='word_1_317' title='bbox 396 1495 459 1522; x_wconf 86' lang='lat' dir='ltr'>pup.</span> <span class='ocrx_word' id='word_1_318' title='bbox 480 1485 544 1512; x_wconf 86' lang='lat' dir='ltr'>salv.</span> <span class='ocrx_word' id='word_1_319' title='bbox 564 1488 604 1513; x_wconf 76' lang='lat'>46.</span> <span class='ocrx_word' id='word_1_320' title='bbox 625 1488 648 1513; x_wconf 89' lang='grc'>6.</span> <span class='ocrx_word' id='word_1_321' title='bbox 687 1486 716 1513; x_wconf 84' lang='lat' dir='ltr'>Si</span> <span class='ocrx_word' id='word_1_322' title='bbox 740 1488 766 1513; x_wconf 90' lang='lat' dir='ltr'>in</span> <span class='ocrx_word' id='word_1_323' title='bbox 786 1497 897 1524; x_wconf 83' lang='lat' dir='ltr'>corpore</span> <span class='ocrx_word' id='word_1_324' title='bbox 916 1494 1028 1515; x_wconf 89' lang='lat' dir='ltr'>constet.</span> <span class='ocrx_word' id='word_1_325' title='bbox 1049 1512 1051 1528; x_wconf 76' lang='lat'><strong><em>‚</em></strong></span> 
     </span>
     <span class='ocr_line' id='line_1_32' title="bbox 186 1525 1050 1566; baseline 0.007 -14"><span class='ocrx_word' id='word_1_326' title='bbox 186 1541 218 1545; x_wconf 89' lang='lat'>·—</span> <span class='ocrx_word' id='word_1_327' title='bbox 238 1525 267 1552; x_wconf 92' lang='lat' dir='ltr'>Si</span> <span class='ocrx_word' id='word_1_328' title='bbox 286 1527 327 1553; x_wconf 88' lang='lat' dir='ltr'>ius</span> <span class='ocrx_word' id='word_1_329' title='bbox 348 1526 461 1562; x_wconf 71' lang='lat' dir='ltr'>legatum</span> <span class='ocrx_word' id='word_1_330' title='bbox 481 1529 524 1560; x_wconf 82' lang='lat' dir='ltr'>sit,</span> <span class='ocrx_word' id='word_1_331' title='bbox 544 1534 586 1555; x_wconf 82' lang='lat' dir='ltr'>aut</span> <span class='ocrx_word' id='word_1_332' title='bbox 606 1529 677 1566; x_wconf 88' lang='lat' dir='ltr'>quod</span> <span class='ocrx_word' id='word_1_333' title='bbox 690 1531 716 1556; x_wconf 92' lang='lat' dir='ltr'>in</span> <span class='ocrx_word' id='word_1_334' title='bbox 730 1530 879 1557; x_wconf 89' lang='lat' dir='ltr'>nominibus</span> <span class='ocrx_word' id='word_1_335' title='bbox 894 1536 941 1558; x_wconf 87' lang='lat' dir='ltr'>est.</span> <span class='ocrx_word' id='word_1_336' title='bbox 962 1531 992 1558; x_wconf 89' lang='lat' dir='ltr'>sr.</span> <span class='ocrx_word' id='word_1_337' title='bbox 1006 1534 1027 1558; x_wconf 96' lang='lat'>1.</span> <span class='ocrx_word' id='word_1_338' title='bbox 1049 1539 1050 1542; x_wconf 79' lang='grc'>’</span> 
     </span>
     <span class='ocr_line' id='line_1_33' title="bbox 185 1569 1027 1611; baseline 0.007 -16"><span class='ocrx_word' id='word_1_339' title='bbox 185 1569 207 1602; x_wconf 81' lang='lat'>§.</span> <span class='ocrx_word' id='word_1_340' title='bbox 228 1570 251 1595; x_wconf 90' lang='lat'>7.</span> <span class='ocrx_word' id='word_1_341' title='bbox 277 1569 308 1596; x_wconf 88' lang='lat' dir='ltr'>ad</span> <span class='ocrx_word' id='word_1_342' title='bbox 327 1569 357 1596; x_wconf 91' lang='lat' dir='ltr'>L.</span> <span class='ocrx_word' id='word_1_343' title='bbox 378 1569 449 1597; x_wconf 77' lang='lat' dir='ltr'>Falc.</span> <span class='ocrx_word' id='word_1_344' title='bbox 468 1572 510 1597; x_wconf 89' lang='lat'>35.</span> <span class='ocrx_word' id='word_1_345' title='bbox 529 1573 553 1598; x_wconf 90' lang='lat'>2.</span> <span class='ocrx_word' id='word_1_346' title='bbox 579 1572 609 1598; x_wconf 85' lang='lat' dir='ltr'>cf.</span> <span class='ocrx_word' id='word_1_347' title='bbox 636 1572 666 1599; x_wconf 84' lang='lat' dir='ltr'>sr.</span> <span class='ocrx_word' id='word_1_348' title='bbox 688 1575 727 1599; x_wconf 74' lang='lat' dir='ltr'>ll.</span> <span class='ocrx_word' id='word_1_349' title='bbox 748 1573 780 1599; x_wconf 88' lang='lat' dir='ltr'>de</span> <span class='ocrx_word' id='word_1_350' title='bbox 801 1572 876 1599; x_wconf 84' lang='lat' dir='ltr'>distr.</span> <span class='ocrx_word' id='word_1_351' title='bbox 896 1575 966 1611; x_wconf 74' lang='lat' dir='ltr'>pign.</span> <span class='ocrx_word' id='word_1_352' title='bbox 986 1577 1027 1601; x_wconf 84' lang='lat'>20.</span> 
     </span>
    </p>

    <p class='ocr_par' dir='ltr' id='par_1_7' title="bbox 185 1611 1027 1654">
     <span class='ocr_line' id='line_1_34' title="bbox 185 1611 1027 1654; baseline 0.008 -17"><span class='ocrx_word' id='word_1_353' title='bbox 185 1613 209 1637; x_wconf 74' lang='grc' dir='ltr'>5Δ</span> <span class='ocrx_word' id='word_1_354' title='bbox 229 1611 259 1638; x_wconf 84' lang='lat' dir='ltr'>fr.</span> <span class='ocrx_word' id='word_1_355' title='bbox 273 1614 314 1639; x_wconf 84' lang='lat'>36.</span> <span class='ocrx_word' id='word_1_356' title='bbox 335 1612 367 1639; x_wconf 79' lang='lat' dir='ltr'>ad</span> <span class='ocrx_word' id='word_1_357' title='bbox 387 1612 414 1639; x_wconf 72' lang='lat' dir='ltr'>S.</span> <span class='ocrx_word' id='word_1_358' title='bbox 424 1613 454 1640; x_wconf 95' lang='lat' dir='ltr'>C.</span> <span class='ocrx_word' id='word_1_359' title='bbox 470 1613 549 1640; x_wconf 86' lang='lat' dir='ltr'>Treb.</span> <span class='ocrx_word' id='word_1_360' title='bbox 563 1616 604 1641; x_wconf 84' lang='lat'>36.</span> <span class='ocrx_word' id='word_1_361' title='bbox 627 1617 648 1641; x_wconf 79' lang='lat'>1.</span> <span class='ocrx_word' id='word_1_362' title='bbox 687 1615 729 1641; x_wconf 90' lang='lat' dir='ltr'>III.</span> <span class='ocrx_word' id='word_1_363' title='bbox 744 1617 810 1643; x_wconf 68' lang='lat'>011.</span> <span class='ocrx_word' id='word_1_364' title='bbox 830 1616 870 1642; x_wconf 82' lang='lat' dir='ltr'>An</span> <span class='ocrx_word' id='word_1_365' title='bbox 890 1619 1027 1654; x_wconf 87' lang='lat' dir='ltr'>pecuniam</span> 
     </span>
    </p>

    <p class='ocr_par' dir='ltr' id='par_1_8' title="bbox 184 1654 1049 1947">
     <span class='ocr_line' id='line_1_35' title="bbox 186 1654 1049 1697; baseline 0.008 -17"><span class='ocrx_word' id='word_1_366' title='bbox 186 1654 304 1691; x_wconf 88' lang='lat' dir='ltr'>pupillus</span> <span class='ocrx_word' id='word_1_367' title='bbox 328 1655 436 1687; x_wconf 75' lang='lat' dir='ltr'>habeat,</span> <span class='ocrx_word' id='word_1_368' title='bbox 460 1656 503 1683; x_wconf 84' lang='lat' dir='ltr'>vel</span> <span class='ocrx_word' id='word_1_369' title='bbox 526 1658 552 1683; x_wconf 91' lang='lat' dir='ltr'>in</span> <span class='ocrx_word' id='word_1_370' title='bbox 576 1663 724 1689; x_wconf 74' lang='lat' dir='ltr'>numerato.</span> <span class='ocrx_word' id='word_1_371' title='bbox 753 1658 795 1685; x_wconf 76' lang='lat' dir='ltr'>vel</span> <span class='ocrx_word' id='word_1_372' title='bbox 819 1659 845 1685; x_wconf 89' lang='lat' dir='ltr'>in</span> <span class='ocrx_word' id='word_1_373' title='bbox 868 1660 1027 1692; x_wconf 74' lang='lat' dir='ltr'>nominibus,</span> <span class='ocrx_word' id='word_1_374' title='bbox 1048 1670 1049 1697; x_wconf 52' lang='lat' dir='ltr'>J</span> 
     </span>
     <span class='ocr_line' id='line_1_36' title="bbox 186 1700 1026 1736; baseline 0.007 -13"><span class='ocrx_word' id='word_1_375' title='bbox 186 1706 252 1733; x_wconf 86' lang='lat' dir='ltr'>quae</span> <span class='ocrx_word' id='word_1_376' title='bbox 273 1700 407 1725; x_wconf 82' lang='lat' dir='ltr'>conveniri</span> <span class='ocrx_word' id='word_1_377' title='bbox 426 1704 554 1736; x_wconf 72' lang='lat' dir='ltr'>possunt,</span> <span class='ocrx_word' id='word_1_378' title='bbox 578 1700 620 1726; x_wconf 78' lang='lat' dir='ltr'>vel</span> <span class='ocrx_word' id='word_1_379' title='bbox 645 1701 670 1726; x_wconf 94' lang='lat' dir='ltr'>in</span> <span class='ocrx_word' id='word_1_380' title='bbox 695 1700 824 1728; x_wconf 83' lang='lat' dir='ltr'>fructibus</span> <span class='ocrx_word' id='word_1_381' title='bbox 844 1702 958 1729; x_wconf 89' lang='lat' dir='ltr'>conditis</span> <span class='ocrx_word' id='word_1_382' title='bbox 978 1708 1026 1730; x_wconf 84' lang='lat' dir='ltr'>etc.</span> 
     </span>
     <span class='ocr_line' id='line_1_37' title="bbox 186 1739 1049 1779; baseline 0.008 -14"><span class='ocrx_word' id='word_1_383' title='bbox 186 1739 216 1765; x_wconf 85' lang='lat' dir='ltr'>fr.</span> <span class='ocrx_word' id='word_1_384' title='bbox 237 1742 261 1766; x_wconf 85' lang='lat'>5.</span> <span class='ocrx_word' id='word_1_385' title='bbox 280 1741 302 1774; x_wconf 82' lang='lat'>§.</span> <span class='ocrx_word' id='word_1_386' title='bbox 322 1742 345 1767; x_wconf 86' lang='lat'>9.</span> <span class='ocrx_word' id='word_1_387' title='bbox 366 1741 399 1768; x_wconf 89' lang='lat' dir='ltr'>de</span> <span class='ocrx_word' id='word_1_388' title='bbox 418 1742 472 1768; x_wconf 84' lang='lat' dir='ltr'>reb.</span> <span class='ocrx_word' id='word_1_389' title='bbox 493 1752 546 1769; x_wconf 86' lang='lat' dir='ltr'>eor.</span> <span class='ocrx_word' id='word_1_390' title='bbox 567 1753 609 1779; x_wconf 89' lang='lat' dir='ltr'>qu.</span> <span class='ocrx_word' id='word_1_391' title='bbox 630 1753 650 1769; x_wconf 87' lang='lat' dir='ltr'>s.</span> <span class='ocrx_word' id='word_1_392' title='bbox 671 1748 719 1770; x_wconf 85' lang='lat' dir='ltr'>tut.</span> <span class='ocrx_word' id='word_1_393' title='bbox 732 1746 774 1770; x_wconf 85' lang='lat'>27.</span> <span class='ocrx_word' id='word_1_394' title='bbox 794 1746 816 1771; x_wconf 92' lang='lat'>9.</span> <span class='ocrx_word' id='word_1_395' title='bbox 854 1744 966 1772; x_wconf 83' lang='lat' dir='ltr'>Nomina</span> <span class='ocrx_word' id='word_1_396' title='bbox 986 1756 1027 1772; x_wconf 87' lang='lat' dir='ltr'>eo·</span> <span class='ocrx_word' id='word_1_397' title='bbox 1048 1750 1049 1772; x_wconf 69' lang='lat'>1</span> 
     </span>
     <span class='ocr_line' id='line_1_38' title="bbox 186 1784 1027 1819; baseline 0.008 -11"><span class='ocrx_word' id='word_1_398' title='bbox 186 1792 251 1813; x_wconf 77' lang='lat' dir='ltr'>rum.</span> <span class='ocrx_word' id='word_1_399' title='bbox 271 1784 314 1819; x_wconf 89' lang='lat' dir='ltr'>qui</span> <span class='ocrx_word' id='word_1_400' title='bbox 335 1784 383 1810; x_wconf 84' lang='lat' dir='ltr'>sub</span> <span class='ocrx_word' id='word_1_401' title='bbox 404 1784 555 1812; x_wconf 85' lang='lat' dir='ltr'>conditione</span> <span class='ocrx_word' id='word_1_402' title='bbox 574 1785 614 1812; x_wconf 81' lang='lat' dir='ltr'>vel</span> <span class='ocrx_word' id='word_1_403' title='bbox 634 1787 659 1812; x_wconf 90' lang='lat' dir='ltr'>in</span> <span class='ocrx_word' id='word_1_404' title='bbox 679 1786 747 1813; x_wconf 86' lang='lat' dir='ltr'>diem</span> <span class='ocrx_word' id='word_1_405' title='bbox 764 1786 869 1813; x_wconf 76' lang='lat' dir='ltr'>debent.</span> <span class='ocrx_word' id='word_1_406' title='bbox 890 1787 919 1814; x_wconf 87' lang='lat' dir='ltr'>fr.</span> <span class='ocrx_word' id='word_1_407' title='bbox 935 1791 974 1815; x_wconf 87' lang='lat'>17.</span> <span class='ocrx_word' id='word_1_408' title='bbox 995 1788 1027 1815; x_wconf 91' lang='lat' dir='ltr'>de</span> 
     </span>
     <span class='ocr_line' id='line_1_39' title="bbox 186 1825 1048 1867; baseline 0.008 -17"><span class='ocrx_word' id='word_1_409' title='bbox 186 1825 273 1851; x_wconf 83' lang='lat' dir='ltr'>hered.</span> <span class='ocrx_word' id='word_1_410' title='bbox 294 1835 318 1852; x_wconf 86' lang='lat' dir='ltr'>v.</span> <span class='ocrx_word' id='word_1_411' title='bbox 344 1831 391 1852; x_wconf 88' lang='lat' dir='ltr'>act.</span> <span class='ocrx_word' id='word_1_412' title='bbox 415 1827 490 1853; x_wconf 87' lang='lat' dir='ltr'>vend.</span> <span class='ocrx_word' id='word_1_413' title='bbox 513 1829 552 1854; x_wconf 86' lang='grc'>18.</span> <span class='ocrx_word' id='word_1_414' title='bbox 572 1830 595 1855; x_wconf 84' lang='lat'>4.</span> <span class='ocrx_word' id='word_1_415' title='bbox 634 1829 663 1855; x_wconf 91' lang='lat' dir='ltr'>Si</span> <span class='ocrx_word' id='word_1_416' title='bbox 686 1830 790 1855; x_wconf 84' lang='lat' dir='ltr'>nomina</span> <span class='ocrx_word' id='word_1_417' title='bbox 814 1831 848 1856; x_wconf 82' lang='lat' dir='ltr'>ita</span> <span class='ocrx_word' id='word_1_418' title='bbox 873 1830 963 1857; x_wconf 80' lang='lat' dir='ltr'>fecerit</span> <span class='ocrx_word' id='word_1_419' title='bbox 982 1831 1026 1857; x_wconf 88' lang='lat' dir='ltr'>do·</span> <span class='ocrx_word' id='word_1_420' title='bbox 1047 1856 1048 1867; x_wconf 40' lang='lat'>3</span> 
     </span>
     <span class='ocr_line' id='line_1_40' title="bbox 185 1868 1048 1908; baseline 0.008 -15"><span class='ocrx_word' id='word_1_421' title='bbox 185 1868 279 1894; x_wconf 88' lang='lat' dir='ltr'>minus.</span> <span class='ocrx_word' id='word_1_422' title='bbox 299 1873 328 1894; x_wconf 82' lang='lat' dir='ltr'>ut</span> <span class='ocrx_word' id='word_1_423' title='bbox 346 1870 420 1905; x_wconf 82' lang='lat' dir='ltr'>quasi</span> <span class='ocrx_word' id='word_1_424' title='bbox 440 1870 585 1897; x_wconf 76' lang='lat' dir='ltr'>debitorem</span> <span class='ocrx_word' id='word_1_425' title='bbox 606 1881 633 1898; x_wconf 86' lang='lat' dir='ltr'>se</span> <span class='ocrx_word' id='word_1_426' title='bbox 653 1881 730 1898; x_wconf 81' lang='lat' dir='ltr'>servo</span> <span class='ocrx_word' id='word_1_427' title='bbox 750 1872 853 1899; x_wconf 83' lang='lat' dir='ltr'>faceret.</span> <span class='ocrx_word' id='word_1_428' title='bbox 874 1872 903 1899; x_wconf 73' lang='lat' dir='ltr'>l&#39;r.</span> <span class='ocrx_word' id='word_1_429' title='bbox 922 1876 945 1900; x_wconf 78' lang='lat'>4.</span> <span class='ocrx_word' id='word_1_430' title='bbox 966 1875 987 1908; x_wconf 63' lang='grc' dir='ltr'>ξ.</span> <span class='ocrx_word' id='word_1_431' title='bbox 1003 1875 1025 1900; x_wconf 92' lang='lat' dir='ltr'>l.</span> <span class='ocrx_word' id='word_1_432' title='bbox 1047 1893 1048 1897; x_wconf 68' lang='lat'>.</span> 
     </span>
     <span class='ocr_line' id='line_1_41' title="bbox 184 1909 1025 1947; baseline 0.008 -11"><span class='ocrx_word' id='word_1_433' title='bbox 184 1909 217 1936; x_wconf 82' lang='lat' dir='ltr'>de</span> <span class='ocrx_word' id='word_1_434' title='bbox 236 1910 320 1947; x_wconf 82' lang='lat' dir='ltr'>pecul.</span> <span class='ocrx_word' id='word_1_435' title='bbox 343 1913 382 1937; x_wconf 92' lang='lat'>15.</span> <span class='ocrx_word' id='word_1_436' title='bbox 405 1913 426 1938; x_wconf 94' lang='lat' dir='ltr'>l.</span> <span class='ocrx_word' id='word_1_437' title='bbox 464 1912 522 1939; x_wconf 75' lang='lat' dir='ltr'>Nisi</span> <span class='ocrx_word' id='word_1_438' title='bbox 544 1929 573 1932; x_wconf 98' lang='lat'><strong>—</strong></span> <span class='ocrx_word' id='word_1_439' title='bbox 599 1913 640 1940; x_wconf 79' lang='lat' dir='ltr'>vel</span> <span class='ocrx_word' id='word_1_440' title='bbox 668 1924 699 1940; x_wconf 84' lang='lat' dir='ltr'>ex</span> <span class='ocrx_word' id='word_1_441' title='bbox 724 1915 826 1941; x_wconf 85' lang='lat' dir='ltr'>ratione</span> <span class='ocrx_word' id='word_1_442' title='bbox 845 1916 902 1942; x_wconf 77' lang='lat' dir='ltr'>fisci</span> <span class='ocrx_word' id='word_1_443' title='bbox 922 1918 1025 1943; x_wconf 88' lang='lat' dir='ltr'>nomina</span> 
     </span>
    </p>

    <p class='ocr_par' dir='ltr' id='par_1_9' title="bbox 185 1952 1048 1993">
     <span class='ocr_line' id='line_1_42' title="bbox 185 1952 1026 1991; baseline 0.008 -12"><span class='ocrx_word' id='word_1_444' title='bbox 185 1952 252 1979; x_wconf 79' lang='lat' dir='ltr'>sacta</span> <span class='ocrx_word' id='word_1_445' title='bbox 271 1953 373 1990; x_wconf 88' lang='lat' dir='ltr'>liquido</span> <span class='ocrx_word' id='word_1_446' title='bbox 392 1955 550 1991; x_wconf 74' lang='lat' dir='ltr'>probentur.</span> <span class='ocrx_word' id='word_1_447' title='bbox 576 1956 618 1982; x_wconf 79' lang='lat' dir='ltr'>vel</span> <span class='ocrx_word' id='word_1_448' title='bbox 643 1967 675 1983; x_wconf 83' lang='lat' dir='ltr'>ex</span> <span class='ocrx_word' id='word_1_449' title='bbox 695 1962 830 1984; x_wconf 82' lang='lat' dir='ltr'>contractu</span> <span class='ocrx_word' id='word_1_450' title='bbox 850 1958 934 1985; x_wconf 83' lang='lat' dir='ltr'>fiscali</span> <span class='ocrx_word' id='word_1_451' title='bbox 954 1959 1026 1985; x_wconf 87' lang='lat' dir='ltr'>debi-</span> 
     </span>
    </p>
   </div>
   <div class='ocr_carea' id='block_1_3' title="bbox 1049 252 1058 1852">
    <p class='ocr_par' dir='ltr' id='par_1_10' title="bbox 1049 252 1058 1852">
     <span class='ocr_line' id='line_1_43' title="bbox 1049 252 1058 1852; baseline 0 0"><span class='ocrx_word' id='word_1_452' title='bbox 1049 252 1058 1852; x_wconf 95' lang='lat' dir='ltr'> </span> 
     </span>
    </p>
   </div>
   <div class='ocr_carea' id='block_1_4' title="bbox 184 1998 1046 2851">
    <p class='ocr_par' dir='ltr' id='par_1_11' title="bbox 184 1998 1024 2032">
     <span class='ocr_line' id='line_1_44' title="bbox 184 1998 1024 2032; baseline 0.01 -11"><span class='ocrx_word' id='word_1_453' title='bbox 184 2000 255 2022; x_wconf 90' lang='lat' dir='ltr'>tores</span> <span class='ocrx_word' id='word_1_454' title='bbox 280 1998 477 2024; x_wconf 75' lang='lat' dir='ltr'>conveniantur.</span> <span class='ocrx_word' id='word_1_455' title='bbox 502 1998 531 2024; x_wconf 77' lang='lat' dir='ltr'>fr.</span> <span class='ocrx_word' id='word_1_456' title='bbox 551 2000 574 2024; x_wconf 83' lang='lat'>3.</span> <span class='ocrx_word' id='word_1_457' title='bbox 599 1999 621 2032; x_wconf 72' lang='grc' dir='ltr'><strong>ξ</strong></span> <span class='ocrx_word' id='word_1_458' title='bbox 641 2000 663 2025; x_wconf 81' lang='lat' dir='ltr'>S.</span> <span class='ocrx_word' id='word_1_459' title='bbox 689 1999 721 2025; x_wconf 86' lang='lat' dir='ltr'>de</span> <span class='ocrx_word' id='word_1_460' title='bbox 745 2001 801 2026; x_wconf 87' lang='lat' dir='ltr'>iure</span> <span class='ocrx_word' id='word_1_461' title='bbox 827 2001 892 2028; x_wconf 81' lang='lat' dir='ltr'>fisci.</span> <span class='ocrx_word' id='word_1_462' title='bbox 917 2003 957 2029; x_wconf 84' lang='lat'>49.</span> <span class='ocrx_word' id='word_1_463' title='bbox 985 2004 1024 2029; x_wconf 87' lang='lat'>14.</span> 
     </span>
    </p>

    <p class='ocr_par' dir='ltr' id='par_1_12' title="bbox 184 2037 1024 2081">
     <span class='ocr_line' id='line_1_45' title="bbox 184 2037 1024 2081; baseline 0.008 -16"><span class='ocrx_word' id='word_1_464' title='bbox 184 2037 255 2065; x_wconf 87' lang='lat' dir='ltr'>Titio</span> <span class='ocrx_word' id='word_1_465' title='bbox 275 2039 330 2066; x_wconf 79' lang='lat' dir='ltr'>silio</span> <span class='ocrx_word' id='word_1_466' title='bbox 350 2050 408 2067; x_wconf 88' lang='lat' dir='ltr'>meo</span> <span class='ocrx_word' id='word_1_467' title='bbox 428 2041 532 2067; x_wconf 84' lang='lat' dir='ltr'>nomina</span> <span class='ocrx_word' id='word_1_468' title='bbox 551 2051 583 2068; x_wconf 76' lang='lat' dir='ltr'>ex</span> <span class='ocrx_word' id='word_1_469' title='bbox 602 2041 759 2073; x_wconf 76' lang='lat' dir='ltr'>calendario.</span> <span class='ocrx_word' id='word_1_470' title='bbox 780 2053 845 2080; x_wconf 86' lang='lat' dir='ltr'>quae</span> <span class='ocrx_word' id='word_1_471' title='bbox 865 2044 1024 2081; x_wconf 71' lang='lat' dir='ltr'>elegerit.—</span> 
     </span>
    </p>

    <p class='ocr_par' dir='ltr' id='par_1_13' title="bbox 184 2080 1046 2210">
     <span class='ocr_line' id='line_1_46' title="bbox 184 2080 1046 2123; baseline 0.009 -16"><span class='ocrx_word' id='word_1_472' title='bbox 184 2080 235 2108; x_wconf 82' lang='grc' dir='ltr'>ΧΧ</span> <span class='ocrx_word' id='word_1_473' title='bbox 255 2081 316 2108; x_wconf 80' lang='lat' dir='ltr'>dare</span> <span class='ocrx_word' id='word_1_474' title='bbox 335 2082 442 2109; x_wconf 85' lang='lat' dir='ltr'>damnas</span> <span class='ocrx_word' id='word_1_475' title='bbox 463 2088 548 2110; x_wconf 78' lang='lat' dir='ltr'>sunto.</span> <span class='ocrx_word' id='word_1_476' title='bbox 569 2083 598 2110; x_wconf 85' lang='lat' dir='ltr'>fr.</span> <span class='ocrx_word' id='word_1_477' title='bbox 613 2086 654 2111; x_wconf 75' lang='lat'>34.</span> <span class='ocrx_word' id='word_1_478' title='bbox 675 2085 696 2119; x_wconf 84' lang='lat'>§.</span> <span class='ocrx_word' id='word_1_479' title='bbox 712 2087 733 2112; x_wconf 96' lang='lat'>1.</span> <span class='ocrx_word' id='word_1_480' title='bbox 755 2085 786 2112; x_wconf 88' lang='lat' dir='ltr'>de</span> <span class='ocrx_word' id='word_1_481' title='bbox 805 2086 880 2122; x_wconf 79' lang='lat' dir='ltr'>legat.</span> <span class='ocrx_word' id='word_1_482' title='bbox 900 2087 942 2114; x_wconf 92' lang='grc'>111.</span> <span class='ocrx_word' id='word_1_483' title='bbox 957 2089 1024 2120; x_wconf 81' lang='grc'>(32.)</span> <span class='ocrx_word' id='word_1_484' title='bbox 1045 2115 1046 2123; x_wconf 37' lang='lat' dir='ltr'>J</span> 
     </span>
     <span class='ocr_line' id='line_1_47' title="bbox 185 2121 1046 2165; baseline 0.009 -16"><span class='ocrx_word' id='word_1_485' title='bbox 185 2122 251 2150; x_wconf 91' lang='lat' dir='ltr'>Cum</span> <span class='ocrx_word' id='word_1_486' title='bbox 264 2124 359 2151; x_wconf 84' lang='lat' dir='ltr'>mando</span> <span class='ocrx_word' id='word_1_487' title='bbox 379 2121 438 2157; x_wconf 59' lang='lat' dir='ltr'>tibi.</span> <span class='ocrx_word' id='word_1_488' title='bbox 456 2131 484 2152; x_wconf 89' lang='lat' dir='ltr'>ut</span> <span class='ocrx_word' id='word_1_489' title='bbox 497 2126 628 2153; x_wconf 85' lang='lat' dir='ltr'>credendo</span> <span class='ocrx_word' id='word_1_490' title='bbox 643 2129 779 2165; x_wconf 86' lang='lat' dir='ltr'>pecuniam</span> <span class='ocrx_word' id='word_1_491' title='bbox 793 2131 925 2165; x_wconf 71' lang='lat' dir='ltr'>negotium</span> <span class='ocrx_word' id='word_1_492' title='bbox 938 2141 1023 2157; x_wconf 86' lang='lat' dir='ltr'>meum</span> <span class='ocrx_word' id='word_1_493' title='bbox 1045 2140 1046 2163; x_wconf 70' lang='lat'>1</span> 
     </span>
     <span class='ocr_line' id='line_1_48' title="bbox 185 2168 1021 2210; baseline 0.011 -19"><span class='ocrx_word' id='word_1_494' title='bbox 185 2174 272 2201; x_wconf 59' lang='lat' dir='ltr'>geram,</span> <span class='ocrx_word' id='word_1_495' title='bbox 299 2168 416 2204; x_wconf 84' lang='lat' dir='ltr'>mihique</span> <span class='ocrx_word' id='word_1_496' title='bbox 443 2168 469 2194; x_wconf 90' lang='lat' dir='ltr'>id</span> <span class='ocrx_word' id='word_1_497' title='bbox 493 2179 586 2195; x_wconf 87' lang='lat' dir='ltr'>nomen</span> <span class='ocrx_word' id='word_1_498' title='bbox 611 2176 737 2207; x_wconf 80' lang='lat' dir='ltr'>praestes.</span> <span class='ocrx_word' id='word_1_499' title='bbox 767 2172 796 2198; x_wconf 77' lang='lat' dir='ltr'>fr.</span> <span class='ocrx_word' id='word_1_500' title='bbox 816 2174 857 2199; x_wconf 83' lang='lat'>48.</span> <span class='ocrx_word' id='word_1_501' title='bbox 882 2173 919 2207; x_wconf 50' lang='grc' dir='ltr'>ἐξ</span> <span class='ocrx_word' id='word_1_502' title='bbox 943 2175 963 2200; x_wconf 93' lang='grc'>1.</span> <span class='ocrx_word' id='word_1_503' title='bbox 984 2184 1021 2210; x_wconf 87' lang='lat' dir='ltr'>sq.</span> 
     </span>
    </p>

    <p class='ocr_par' dir='ltr' id='par_1_14' title="bbox 185 2207 1045 2552">
     <span class='ocr_line' id='line_1_49' title="bbox 185 2207 1045 2252; baseline 0.013 -20"><span class='ocrx_word' id='word_1_504' title='bbox 185 2207 270 2233; x_wconf 82' lang='lat' dir='ltr'>mand.</span> <span class='ocrx_word' id='word_1_505' title='bbox 290 2210 329 2235; x_wconf 87' lang='lat'>17.</span> <span class='ocrx_word' id='word_1_506' title='bbox 350 2212 372 2237; x_wconf 95' lang='lat'>1.</span> <span class='ocrx_word' id='word_1_507' title='bbox 410 2211 513 2238; x_wconf 89' lang='lat' dir='ltr'>Bonum</span> <span class='ocrx_word' id='word_1_508' title='bbox 533 2222 627 2239; x_wconf 86' lang='lat' dir='ltr'>nomen</span> <span class='ocrx_word' id='word_1_509' title='bbox 646 2213 707 2240; x_wconf 75' lang='lat' dir='ltr'>facit</span> <span class='ocrx_word' id='word_1_510' title='bbox 726 2215 848 2243; x_wconf 76' lang='lat' dir='ltr'>creditor.</span> <span class='ocrx_word' id='word_1_511' title='bbox 870 2217 914 2252; x_wconf 90' lang='lat' dir='ltr'>qui</span> <span class='ocrx_word' id='word_1_512' title='bbox 934 2216 1024 2242; x_wconf 88' lang='lat' dir='ltr'>admit·</span> <span class='ocrx_word' id='word_1_513' title='bbox 1044 2229 1045 2234; x_wconf 57' lang='lat'>¹</span> 
     </span>
     <span class='ocr_line' id='line_1_50' title="bbox 187 2249 1022 2292; baseline 0.014 -18"><span class='ocrx_word' id='word_1_514' title='bbox 187 2250 217 2275; x_wconf 85' lang='lat' dir='ltr'>tit</span> <span class='ocrx_word' id='word_1_515' title='bbox 241 2249 384 2279; x_wconf 79' lang='lat' dir='ltr'>debitorem</span> <span class='ocrx_word' id='word_1_516' title='bbox 409 2254 563 2290; x_wconf 80' lang='lat' dir='ltr'>delegatum.</span> <span class='ocrx_word' id='word_1_517' title='bbox 589 2255 619 2282; x_wconf 81' lang='lat' dir='ltr'>fr.</span> <span class='ocrx_word' id='word_1_518' title='bbox 638 2258 679 2282; x_wconf 88' lang='lat'>26.</span> <span class='ocrx_word' id='word_1_519' title='bbox 705 2257 726 2291; x_wconf 64' lang='grc' dir='ltr'>ξ.</span> <span class='ocrx_word' id='word_1_520' title='bbox 746 2259 769 2284; x_wconf 90' lang='grc'>2.</span> <span class='ocrx_word' id='word_1_521' title='bbox 795 2258 826 2284; x_wconf 72' lang='lat' dir='ltr'>cl&#39;.</span> <span class='ocrx_word' id='word_1_522' title='bbox 847 2257 876 2284; x_wconf 84' lang='lat' dir='ltr'>fr.</span> <span class='ocrx_word' id='word_1_523' title='bbox 899 2260 920 2284; x_wconf 87' lang='lat'>1.</span> <span class='ocrx_word' id='word_1_524' title='bbox 941 2260 961 2292; x_wconf 65' lang='grc' dir='ltr'>ξ.</span> <span class='ocrx_word' id='word_1_525' title='bbox 984 2261 1022 2285; x_wconf 87' lang='grc'>12.</span> 
     </span>
     <span class='ocr_line' id='line_1_51' title="bbox 186 2292 1045 2342; baseline 0.013 -24"><span class='ocrx_word' id='word_1_526' title='bbox 186 2292 218 2318; x_wconf 81' lang='lat' dir='ltr'>de</span> <span class='ocrx_word' id='word_1_527' title='bbox 238 2292 323 2319; x_wconf 87' lang='lat' dir='ltr'>collat.</span> <span class='ocrx_word' id='word_1_528' title='bbox 342 2294 402 2322; x_wconf 87' lang='lat' dir='ltr'>bon.</span> <span class='ocrx_word' id='word_1_529' title='bbox 422 2298 463 2323; x_wconf 83' lang='lat'>37.</span> <span class='ocrx_word' id='word_1_530' title='bbox 483 2299 506 2324; x_wconf 90' lang='lat'>6.</span> <span class='ocrx_word' id='word_1_531' title='bbox 527 2297 610 2324; x_wconf 82' lang='lat' dir='ltr'>Vatie.</span> <span class='ocrx_word' id='word_1_532' title='bbox 631 2299 652 2332; x_wconf 61' lang='grc' dir='ltr'>ξ.</span> <span class='ocrx_word' id='word_1_533' title='bbox 672 2300 731 2326; x_wconf 81' lang='grc'>260.</span> <span class='ocrx_word' id='word_1_534' title='bbox 769 2299 872 2331; x_wconf 73' lang='lat' dir='ltr'>Idonea.</span> <span class='ocrx_word' id='word_1_535' title='bbox 892 2317 923 2320; x_wconf 86' lang='lat'>—</span> <span class='ocrx_word' id='word_1_536' title='bbox 944 2302 1023 2328; x_wconf 83' lang='lat' dir='ltr'>Dete·</span> <span class='ocrx_word' id='word_1_537' title='bbox 1043 2300 1045 2342; x_wconf 88' lang='lat' dir='ltr'>J</span> 
     </span>
     <span class='ocr_line' id='line_1_52' title="bbox 185 2335 1045 2375; baseline 0.015 -16"><span class='ocrx_word' id='word_1_538' title='bbox 185 2336 253 2361; x_wconf 80' lang='lat' dir='ltr'>riora</span> <span class='ocrx_word' id='word_1_539' title='bbox 273 2335 338 2361; x_wconf 80' lang='lat' dir='ltr'>sacta</span> <span class='ocrx_word' id='word_1_540' title='bbox 359 2339 495 2373; x_wconf 87' lang='lat' dir='ltr'>(nomina.)</span> <span class='ocrx_word' id='word_1_541' title='bbox 515 2340 544 2366; x_wconf 75' lang='lat' dir='ltr'>l‘r.</span> <span class='ocrx_word' id='word_1_542' title='bbox 564 2342 588 2366; x_wconf 87' lang='grc'>9.</span> <span class='ocrx_word' id='word_1_543' title='bbox 608 2342 629 2375; x_wconf 64' lang='grc' dir='ltr'>ξ.</span> <span class='ocrx_word' id='word_1_544' title='bbox 649 2343 672 2367; x_wconf 87' lang='grc'>9.</span> <span class='ocrx_word' id='word_1_545' title='bbox 693 2341 726 2368; x_wconf 82' lang='lat' dir='ltr'>de</span> <span class='ocrx_word' id='word_1_546' title='bbox 745 2342 811 2369; x_wconf 79' lang='lat' dir='ltr'>adm.</span> <span class='ocrx_word' id='word_1_547' title='bbox 831 2354 880 2370; x_wconf 85' lang='lat' dir='ltr'>rer.</span> <span class='ocrx_word' id='word_1_548' title='bbox 901 2344 932 2370; x_wconf 84' lang='lat' dir='ltr'>ad</span> <span class='ocrx_word' id='word_1_549' title='bbox 952 2346 1021 2371; x_wconf 80' lang='lat' dir='ltr'>civit.</span> <span class='ocrx_word' id='word_1_550' title='bbox 1044 2343 1045 2374; x_wconf 72' lang='lat' dir='ltr'>i</span> 
     </span>
     <span class='ocr_line' id='line_1_53' title="bbox 185 2378 1045 2423; baseline 0.015 -22"><span class='ocrx_word' id='word_1_551' title='bbox 185 2380 226 2403; x_wconf 80' lang='lat'>50.</span> <span class='ocrx_word' id='word_1_552' title='bbox 246 2381 269 2403; x_wconf 67' lang='lat' dir='ltr'>ts.</span> <span class='ocrx_word' id='word_1_553' title='bbox 295 2378 326 2404; x_wconf 82' lang='lat' dir='ltr'>cf.</span> <span class='ocrx_word' id='word_1_554' title='bbox 352 2379 381 2406; x_wconf 80' lang='lat' dir='ltr'>fr.</span> <span class='ocrx_word' id='word_1_555' title='bbox 400 2382 440 2407; x_wconf 85' lang='lat'>30.</span> <span class='ocrx_word' id='word_1_556' title='bbox 465 2393 502 2419; x_wconf 84' lang='lat' dir='ltr'>pr.</span> <span class='ocrx_word' id='word_1_557' title='bbox 527 2383 559 2409; x_wconf 88' lang='lat' dir='ltr'>ad</span> <span class='ocrx_word' id='word_1_558' title='bbox 583 2383 612 2410; x_wconf 92' lang='lat' dir='ltr'>L.</span> <span class='ocrx_word' id='word_1_559' title='bbox 633 2383 704 2410; x_wconf 77' lang='lat' dir='ltr'>Falc.</span> <span class='ocrx_word' id='word_1_560' title='bbox 728 2386 769 2412; x_wconf 88' lang='lat'>35.</span> <span class='ocrx_word' id='word_1_561' title='bbox 793 2388 817 2412; x_wconf 87' lang='grc'>2.</span> <span class='ocrx_word' id='word_1_562' title='bbox 854 2386 969 2423; x_wconf 71' lang='lat' dir='ltr'>Integra.</span> <span class='ocrx_word' id='word_1_563' title='bbox 990 2404 1021 2407; x_wconf 85' lang='lat'>——</span> <span class='ocrx_word' id='word_1_564' title='bbox 1044 2381 1045 2414; x_wconf 58' lang='lat' dir='ltr'>l</span> 
     </span>
     <span class='ocr_line' id='line_1_54' title="bbox 186 2419 1020 2460; baseline 0.014 -15"><span class='ocrx_word' id='word_1_565' title='bbox 186 2419 329 2457; x_wconf 81' lang='lat' dir='ltr'>Deperdita</span> <span class='ocrx_word' id='word_1_566' title='bbox 349 2426 375 2447; x_wconf 85' lang='lat' dir='ltr'>et</span> <span class='ocrx_word' id='word_1_567' title='bbox 394 2423 459 2449; x_wconf 78' lang='lat' dir='ltr'>male</span> <span class='ocrx_word' id='word_1_568' title='bbox 478 2431 609 2453; x_wconf 79' lang='lat' dir='ltr'>contracta</span> <span class='ocrx_word' id='word_1_569' title='bbox 629 2428 767 2460; x_wconf 81' lang='lat' dir='ltr'>(nomina.)</span> <span class='ocrx_word' id='word_1_570' title='bbox 792 2428 822 2455; x_wconf 84' lang='lat' dir='ltr'>sr.</span> <span class='ocrx_word' id='word_1_571' title='bbox 844 2430 882 2455; x_wconf 89' lang='grc'>16.</span> <span class='ocrx_word' id='word_1_572' title='bbox 904 2430 936 2456; x_wconf 85' lang='lat' dir='ltr'>de</span> <span class='ocrx_word' id='word_1_573' title='bbox 956 2430 1020 2457; x_wconf 88' lang='lat' dir='ltr'>adm.</span> 
     </span>
     <span class='ocr_line' id='line_1_55' title="bbox 186 2465 1022 2509; baseline 0.019 -23"><span class='ocrx_word' id='word_1_574' title='bbox 186 2468 208 2487; x_wconf 61' lang='lat' dir='ltr'>vt</span> <span class='ocrx_word' id='word_1_575' title='bbox 229 2465 309 2500; x_wconf 80' lang='lat' dir='ltr'>peric.</span> <span class='ocrx_word' id='word_1_576' title='bbox 328 2465 370 2490; x_wconf 83' lang='lat'>26.</span> <span class='ocrx_word' id='word_1_577' title='bbox 391 2466 413 2490; x_wconf 89' lang='lat'>7.</span> <span class='ocrx_word' id='word_1_578' title='bbox 450 2465 628 2496; x_wconf 78' lang='lat' dir='ltr'>l&#39;ecuniarium</span> <span class='ocrx_word' id='word_1_579' title='bbox 648 2481 750 2497; x_wconf 86' lang='lat' dir='ltr'>nomen.</span> <span class='ocrx_word' id='word_1_580' title='bbox 766 2488 796 2491; x_wconf 91' lang='lat'>——</span> <span class='ocrx_word' id='word_1_581' title='bbox 816 2471 935 2500; x_wconf 72' lang='lat' dir='ltr'>Nomina.</span> <span class='ocrx_word' id='word_1_582' title='bbox 956 2483 1022 2509; x_wconf 83' lang='lat' dir='ltr'>quae</span> 
     </span>
     <span class='ocr_line' id='line_1_56' title="bbox 186 2507 1020 2552; baseline 0.014 -22"><span class='ocrx_word' id='word_1_583' title='bbox 186 2511 259 2542; x_wconf 79' lang='lat' dir='ltr'>pater</span> <span class='ocrx_word' id='word_1_584' title='bbox 282 2507 369 2532; x_wconf 86' lang='lat' dir='ltr'>usuris</span> <span class='ocrx_word' id='word_1_585' title='bbox 393 2508 535 2535; x_wconf 88' lang='lat' dir='ltr'>maioribus</span> <span class='ocrx_word' id='word_1_586' title='bbox 558 2510 626 2539; x_wconf 83' lang='lat' dir='ltr'>fecit.</span> <span class='ocrx_word' id='word_1_587' title='bbox 652 2513 682 2540; x_wconf 84' lang='lat' dir='ltr'>fr.</span> <span class='ocrx_word' id='word_1_588' title='bbox 704 2515 743 2539; x_wconf 67' lang='grc' dir='ltr'>18Δ</span> <span class='ocrx_word' id='word_1_589' title='bbox 764 2524 802 2551; x_wconf 90' lang='lat' dir='ltr'>pr.</span> <span class='ocrx_word' id='word_1_590' title='bbox 828 2514 860 2541; x_wconf 84' lang='lat' dir='ltr'>dc</span> <span class='ocrx_word' id='word_1_591' title='bbox 882 2516 952 2552; x_wconf 70' lang='lat' dir='ltr'>pign.</span> <span class='ocrx_word' id='word_1_592' title='bbox 973 2521 1020 2542; x_wconf 87' lang='lat' dir='ltr'>act.</span> 
     </span>
    </p>

    <p class='ocr_par' dir='ltr' id='par_1_15' title="bbox 184 2548 1044 2851">
     <span class='ocr_line' id='line_1_57' title="bbox 189 2548 1044 2593; baseline 0.015 -20"><span class='ocrx_word' id='word_1_593' title='bbox 189 2550 224 2574; x_wconf 75' lang='lat'>153.</span> <span class='ocrx_word' id='word_1_594' title='bbox 247 2549 268 2574; x_wconf 80' lang='lat'>7.</span> <span class='ocrx_word' id='word_1_595' title='bbox 290 2548 318 2574; x_wconf 76' lang='lat' dir='ltr'>fr.</span> <span class='ocrx_word' id='word_1_596' title='bbox 333 2550 373 2575; x_wconf 83' lang='lat'>39.</span> <span class='ocrx_word' id='word_1_597' title='bbox 394 2550 414 2583; x_wconf 66' lang='grc' dir='ltr'>ξ.</span> <span class='ocrx_word' id='word_1_598' title='bbox 431 2552 469 2576; x_wconf 81' lang='grc'>14.</span> <span class='ocrx_word' id='word_1_599' title='bbox 490 2551 522 2577; x_wconf 85' lang='lat' dir='ltr'>de</span> <span class='ocrx_word' id='word_1_600' title='bbox 541 2552 605 2580; x_wconf 84' lang='lat' dir='ltr'>adm.</span> <span class='ocrx_word' id='word_1_601' title='bbox 625 2561 650 2581; x_wconf 66' lang='lat' dir='ltr'>et</span> <span class='ocrx_word' id='word_1_602' title='bbox 669 2558 748 2593; x_wconf 79' lang='lat' dir='ltr'>peric.</span> <span class='ocrx_word' id='word_1_603' title='bbox 762 2559 804 2583; x_wconf 74' lang='lat'>26.</span> <span class='ocrx_word' id='word_1_604' title='bbox 825 2559 848 2583; x_wconf 75' lang='lat'>7.</span> <span class='ocrx_word' id='word_1_605' title='bbox 887 2557 1022 2585; x_wconf 82' lang='lat' dir='ltr'>Transcri-</span> <span class='ocrx_word' id='word_1_606' title='bbox 1043 2553 1044 2556; x_wconf 14' lang='grc' dir='ltr'><strong>Ἴ</strong></span> 
     </span>
     <span class='ocr_line' id='line_1_58' title="bbox 185 2592 1043 2638; baseline 0.014 -23"><span class='ocrx_word' id='word_1_607' title='bbox 185 2592 278 2628; x_wconf 78' lang='lat' dir='ltr'>ptiria.</span> <span class='ocrx_word' id='word_1_608' title='bbox 302 2606 335 2610; x_wconf 96' lang='lat'>—</span> <span class='ocrx_word' id='word_1_609' title='bbox 361 2592 466 2618; x_wconf 84' lang='lat' dir='ltr'>Arcaria</span> <span class='ocrx_word' id='word_1_610' title='bbox 492 2595 636 2628; x_wconf 79' lang='lat' dir='ltr'>(nomina.)</span> <span class='ocrx_word' id='word_1_611' title='bbox 661 2598 717 2625; x_wconf 67' lang='lat' dir='ltr'>Gai,</span> <span class='ocrx_word' id='word_1_612' title='bbox 737 2599 778 2626; x_wconf 84' lang='grc' dir='ltr'>ΙΙΙ,</span> <span class='ocrx_word' id='word_1_613' title='bbox 801 2601 857 2626; x_wconf 86' lang='grc'>128,</span> <span class='ocrx_word' id='word_1_614' title='bbox 880 2602 934 2626; x_wconf 87' lang='grc'>131.</span> <span class='ocrx_word' id='word_1_615' title='bbox 961 2611 1020 2638; x_wconf 85' lang='lat' dir='ltr'>sqq.</span> <span class='ocrx_word' id='word_1_616' title='bbox 1042 2604 1043 2619; x_wconf 59' lang='lat'>³</span> 
     </span>
     <span class='ocr_line' id='line_1_59' title="bbox 186 2633 1043 2680; baseline 0.012 -22"><span class='ocrx_word' id='word_1_617' title='bbox 186 2633 251 2659; x_wconf 78' lang='lat' dir='ltr'>Cum</span> <span class='ocrx_word' id='word_1_618' title='bbox 274 2650 303 2653; x_wconf 82' lang='lat'><em>-</em></span> <span class='ocrx_word' id='word_1_619' title='bbox 325 2635 351 2659; x_wconf 89' lang='lat' dir='ltr'>in</span> <span class='ocrx_word' id='word_1_620' title='bbox 370 2635 520 2661; x_wconf 82' lang='lat' dir='ltr'>nominihus</span> <span class='ocrx_word' id='word_1_621' title='bbox 540 2636 605 2663; x_wconf 88' lang='lat' dir='ltr'>alius</span> <span class='ocrx_word' id='word_1_622' title='bbox 626 2649 768 2676; x_wconf 83' lang='lat' dir='ltr'>expensum</span> <span class='ocrx_word' id='word_1_623' title='bbox 787 2642 895 2669; x_wconf 80' lang='lat' dir='ltr'>serendo</span> <span class='ocrx_word' id='word_1_624' title='bbox 915 2643 1020 2680; x_wconf 78' lang='lat' dir='ltr'>obliget,</span> <span class='ocrx_word' id='word_1_625' title='bbox 1042 2654 1043 2668; x_wconf 63' lang='lat' dir='ltr'>i</span> 
     </span>
     <span class='ocr_line' id='line_1_60' title="bbox 184 2675 1019 2723; baseline 0.016 -23"><span class='ocrx_word' id='word_1_626' title='bbox 184 2675 250 2701; x_wconf 81' lang='lat' dir='ltr'>alius</span> <span class='ocrx_word' id='word_1_627' title='bbox 271 2675 407 2712; x_wconf 71' lang='lat' dir='ltr'>obligetur.</span> <span class='ocrx_word' id='word_1_628' title='bbox 436 2678 472 2704; x_wconf 89' lang='lat' dir='ltr'>lb.</span> <span class='ocrx_word' id='word_1_629' title='bbox 493 2678 534 2705; x_wconf 91' lang='grc'>111.</span> <span class='ocrx_word' id='word_1_630' title='bbox 557 2681 613 2706; x_wconf 84' lang='grc'>137.</span> <span class='ocrx_word' id='word_1_631' title='bbox 651 2682 679 2708; x_wconf 87' lang='lat' dir='ltr'>Si</span> <span class='ocrx_word' id='word_1_632' title='bbox 702 2686 839 2720; x_wconf 83' lang='lat' dir='ltr'>pecuniam</span> <span class='ocrx_word' id='word_1_633' title='bbox 864 2686 1019 2723; x_wconf 83' lang='lat' dir='ltr'>pupillarem</span> 
     </span>
     <span class='ocr_line' id='line_1_61' title="bbox 185 2717 1020 2759; baseline 0.017 -16"><span class='ocrx_word' id='word_1_634' title='bbox 185 2717 243 2744; x_wconf 88' lang='lat' dir='ltr'>ideo</span> <span class='ocrx_word' id='word_1_635' title='bbox 263 2729 315 2744; x_wconf 90' lang='lat' dir='ltr'>non</span> <span class='ocrx_word' id='word_1_636' title='bbox 335 2718 483 2752; x_wconf 76' lang='lat' dir='ltr'>collocavit,</span> <span class='ocrx_word' id='word_1_637' title='bbox 503 2721 573 2757; x_wconf 89' lang='lat' dir='ltr'>quod</span> <span class='ocrx_word' id='word_1_638' title='bbox 592 2722 684 2750; x_wconf 74' lang='lat' dir='ltr'>idonea</span> <span class='ocrx_word' id='word_1_639' title='bbox 703 2728 806 2754; x_wconf 84' lang='lat' dir='ltr'>nomina</span> <span class='ocrx_word' id='word_1_640' title='bbox 825 2739 877 2755; x_wconf 89' lang='lat' dir='ltr'>non</span> <span class='ocrx_word' id='word_1_641' title='bbox 900 2729 1020 2759; x_wconf 73' lang='lat' dir='ltr'>habebat.</span> 
     </span>
     <span class='ocr_line' id='line_1_62' title="bbox 186 2760 1020 2804; baseline 0.016 -18"><span class='ocrx_word' id='word_1_642' title='bbox 186 2760 281 2796; x_wconf 88' lang='lat' dir='ltr'>quihus</span> <span class='ocrx_word' id='word_1_643' title='bbox 300 2763 410 2798; x_wconf 85' lang='lat' dir='ltr'>pecunia</span> <span class='ocrx_word' id='word_1_644' title='bbox 430 2763 610 2791; x_wconf 71' lang='lat' dir='ltr'>collocaretur.</span> <span class='ocrx_word' id='word_1_645' title='bbox 631 2765 701 2793; x_wconf 84' lang='lat' dir='ltr'>Paul.</span> <span class='ocrx_word' id='word_1_646' title='bbox 720 2767 749 2794; x_wconf 94' lang='lat' dir='ltr'>II.</span> <span class='ocrx_word' id='word_1_647' title='bbox 766 2772 804 2796; x_wconf 82' lang='grc'>14.</span> <span class='ocrx_word' id='word_1_648' title='bbox 825 2772 846 2804; x_wconf 58' lang='grc' dir='ltr'>ξ.</span> <span class='ocrx_word' id='word_1_649' title='bbox 859 2773 882 2798; x_wconf 82' lang='grc'>6.</span> <span class='ocrx_word' id='word_1_650' title='bbox 908 2771 943 2798; x_wconf 65' lang='grc' dir='ltr'>Υ(</span> <span class='ocrx_word' id='word_1_651' title='bbox 963 2772 1020 2799; x_wconf 89' lang='lat' dir='ltr'>aliis</span> 
     </span>
     <span class='ocr_line' id='line_1_63' title="bbox 186 2803 1020 2851; baseline 0.017 -23"><span class='ocrx_word' id='word_1_652' title='bbox 186 2803 334 2830; x_wconf 78' lang='lat' dir='ltr'>nominibus</span> <span class='ocrx_word' id='word_1_653' title='bbox 355 2805 546 2833; x_wconf 70' lang='lat' dir='ltr'>collocarentur</span> <span class='ocrx_word' id='word_1_654' title='bbox 564 2809 659 2834; x_wconf 86' lang='lat' dir='ltr'>nummi</span> <span class='ocrx_word' id='word_1_655' title='bbox 677 2813 767 2837; x_wconf 81' lang='lat' dir='ltr'>exacti.</span> <span class='ocrx_word' id='word_1_656' title='bbox 788 2812 873 2839; x_wconf 52' lang='lat'>13:86.</span> <span class='ocrx_word' id='word_1_657' title='bbox 895 2814 926 2841; x_wconf 77' lang='lat' dir='ltr'>tle</span> <span class='ocrx_word' id='word_1_658' title='bbox 946 2814 1020 2851; x_wconf 72' lang='lat' dir='ltr'>legat.</span> 
     </span>
    </p>
   </div>
   <div class='ocr_carea' id='block_1_5' title="bbox 1859 167 1921 197">
    <p class='ocr_par' dir='ltr' id='par_1_16' title="bbox 1859 167 1921 197">
     <span class='ocr_line' id='line_1_64' title="bbox 1859 167 1921 197; baseline 0.016 -1"><span class='ocrx_word' id='word_1_659' title='bbox 1859 167 1921 197; x_wconf 87' lang='lat'>627</span> 
     </span>
    </p>
   </div>
   <div class='ocr_carea' id='block_1_6' title="bbox 1078 241 1922 495">
    <p class='ocr_par' dir='ltr' id='par_1_17' title="bbox 1078 241 1922 495">
     <span class='ocr_line' id='line_1_65' title="bbox 1079 241 1922 281; baseline 0.007 -13"><span class='ocrx_word' id='word_1_660' title='bbox 1079 241 1122 268; x_wconf 87' lang='lat'>111.</span> <span class='ocrx_word' id='word_1_661' title='bbox 1142 243 1209 277; x_wconf 86' lang='grc'>(32.)</span> <span class='ocrx_word' id='word_1_662' title='bbox 1247 242 1340 269; x_wconf 83' lang='lat' dir='ltr'>Vtrum</span> <span class='ocrx_word' id='word_1_663' title='bbox 1363 244 1416 281; x_wconf 87' lang='lat' dir='ltr'>ipsi</span> <span class='ocrx_word' id='word_1_664' title='bbox 1436 243 1536 271; x_wconf 86' lang='lat' dir='ltr'>iudices</span> <span class='ocrx_word' id='word_1_665' title='bbox 1556 246 1712 271; x_wconf 75' lang='lat' dir='ltr'>convenient</span> <span class='ocrx_word' id='word_1_666' title='bbox 1737 255 1845 274; x_wconf 84' lang='lat' dir='ltr'>nomen.</span> <span class='ocrx_word' id='word_1_667' title='bbox 1870 249 1922 274; x_wconf 81' lang='lat' dir='ltr'>exi-</span> 
     </span>
     <span class='ocr_line' id='line_1_66' title="bbox 1079 285 1921 322; baseline 0.006 -11"><span class='ocrx_word' id='word_1_668' title='bbox 1079 290 1192 322; x_wconf 77' lang='lat' dir='ltr'>gentque</span> <span class='ocrx_word' id='word_1_669' title='bbox 1214 286 1240 313; x_wconf 88' lang='lat' dir='ltr'>id</span> <span class='ocrx_word' id='word_1_670' title='bbox 1260 285 1331 322; x_wconf 89' lang='lat' dir='ltr'>quod</span> <span class='ocrx_word' id='word_1_671' title='bbox 1350 286 1470 319; x_wconf 79' lang='lat' dir='ltr'>debetur,</span> <span class='ocrx_word' id='word_1_672' title='bbox 1491 304 1520 308; x_wconf 92' lang='lat'><strong>—</strong></span> <span class='ocrx_word' id='word_1_673' title='bbox 1545 298 1577 314; x_wconf 82' lang='lat' dir='ltr'>an</span> <span class='ocrx_word' id='word_1_674' title='bbox 1595 298 1657 314; x_wconf 83' lang='lat' dir='ltr'>vero</span> <span class='ocrx_word' id='word_1_675' title='bbox 1677 288 1792 314; x_wconf 80' lang='lat' dir='ltr'>vendent</span> <span class='ocrx_word' id='word_1_676' title='bbox 1811 291 1921 316; x_wconf 74' lang='lat' dir='ltr'>nomen?</span> 
     </span>
     <span class='ocr_line' id='line_1_67' title="bbox 1079 327 1921 363; baseline 0.006 -9"><span class='ocrx_word' id='word_1_677' title='bbox 1079 327 1109 354; x_wconf 82' lang='lat' dir='ltr'>sr.</span> <span class='ocrx_word' id='word_1_678' title='bbox 1131 330 1169 355; x_wconf 89' lang='lat'>15.</span> <span class='ocrx_word' id='word_1_679' title='bbox 1200 329 1221 363; x_wconf 84' lang='lat'>§.</span> <span class='ocrx_word' id='word_1_680' title='bbox 1242 331 1282 355; x_wconf 91' lang='lat'>10.</span> <span class='ocrx_word' id='word_1_681' title='bbox 1302 328 1334 355; x_wconf 87' lang='lat' dir='ltr'>de</span> <span class='ocrx_word' id='word_1_682' title='bbox 1353 339 1380 355; x_wconf 91' lang='lat' dir='ltr'>re</span> <span class='ocrx_word' id='word_1_683' title='bbox 1400 330 1453 356; x_wconf 89' lang='lat' dir='ltr'>iud.</span> <span class='ocrx_word' id='word_1_684' title='bbox 1472 331 1513 356; x_wconf 88' lang='lat'>42.</span> <span class='ocrx_word' id='word_1_685' title='bbox 1536 332 1557 357; x_wconf 89' lang='lat' dir='ltr'>l.</span> <span class='ocrx_word' id='word_1_686' title='bbox 1596 330 1688 357; x_wconf 82' lang='lat' dir='ltr'>Vtrum</span> <span class='ocrx_word' id='word_1_687' title='bbox 1708 331 1858 359; x_wconf 82' lang='lat' dir='ltr'>confessum</span> <span class='ocrx_word' id='word_1_688' title='bbox 1877 343 1921 359; x_wconf 84' lang='lat' dir='ltr'>no-</span> 
     </span>
     <span class='ocr_line' id='line_1_68' title="bbox 1078 373 1921 410; baseline 0.006 -13"><span class='ocrx_word' id='word_1_689' title='bbox 1078 381 1137 397; x_wconf 84' lang='lat' dir='ltr'>men</span> <span class='ocrx_word' id='word_1_690' title='bbox 1158 377 1256 399; x_wconf 86' lang='lat' dir='ltr'>tantum</span> <span class='ocrx_word' id='word_1_691' title='bbox 1277 373 1334 409; x_wconf 86' lang='lat' dir='ltr'>capi</span> <span class='ocrx_word' id='word_1_692' title='bbox 1353 374 1448 409; x_wconf 83' lang='lat' dir='ltr'>possit,</span> <span class='ocrx_word' id='word_1_693' title='bbox 1468 383 1499 399; x_wconf 84' lang='lat' dir='ltr'>an</span> <span class='ocrx_word' id='word_1_694' title='bbox 1519 374 1596 400; x_wconf 84' lang='lat' dir='ltr'>etiam</span> <span class='ocrx_word' id='word_1_695' title='bbox 1617 375 1638 400; x_wconf 88' lang='lat' dir='ltr'>si</span> <span class='ocrx_word' id='word_1_696' title='bbox 1659 378 1734 409; x_wconf 82' lang='lat' dir='ltr'>neget</span> <span class='ocrx_word' id='word_1_697' title='bbox 1753 376 1812 410; x_wconf 87' lang='lat' dir='ltr'>quis</span> <span class='ocrx_word' id='word_1_698' title='bbox 1831 386 1860 402; x_wconf 86' lang='lat' dir='ltr'>se</span> <span class='ocrx_word' id='word_1_699' title='bbox 1879 376 1921 402; x_wconf 90' lang='lat' dir='ltr'>de-</span> 
     </span>
     <span class='ocr_line' id='line_1_69' title="bbox 1079 413 1920 456; baseline 0.006 -16"><span class='ocrx_word' id='word_1_700' title='bbox 1079 413 1157 441; x_wconf 80' lang='lat' dir='ltr'>bere?</span> <span class='ocrx_word' id='word_1_701' title='bbox 1184 415 1214 442; x_wconf 83' lang='lat' dir='ltr'>fr.</span> <span class='ocrx_word' id='word_1_702' title='bbox 1235 417 1275 441; x_wconf 88' lang='lat'>15.</span> <span class='ocrx_word' id='word_1_703' title='bbox 1300 415 1322 449; x_wconf 82' lang='lat'>§.</span> <span class='ocrx_word' id='word_1_704' title='bbox 1342 417 1365 441; x_wconf 83' lang='lat'>9.</span> <span class='ocrx_word' id='word_1_705' title='bbox 1391 415 1426 442; x_wconf 94' lang='lat' dir='ltr'>ib.</span> <span class='ocrx_word' id='word_1_706' title='bbox 1445 417 1487 442; x_wconf 85' lang='lat'>42.</span> <span class='ocrx_word' id='word_1_707' title='bbox 1508 418 1530 442; x_wconf 93' lang='lat'>1.</span> <span class='ocrx_word' id='word_1_708' title='bbox 1568 416 1670 443; x_wconf 63' lang='lat' dir='ltr'>Nomen</span> <span class='ocrx_word' id='word_1_709' title='bbox 1695 421 1721 443; x_wconf 89' lang='lat' dir='ltr'>et</span> <span class='ocrx_word' id='word_1_710' title='bbox 1744 418 1838 454; x_wconf 82' lang='lat' dir='ltr'>pignus</span> <span class='ocrx_word' id='word_1_711' title='bbox 1862 429 1920 456; x_wconf 93' lang='lat' dir='ltr'>pro-</span> 
     </span>
     <span class='ocr_line' id='line_1_70' title="bbox 1078 456 1920 495; baseline 0.005 -12"><span class='ocrx_word' id='word_1_712' title='bbox 1078 456 1148 484; x_wconf 86' lang='lat' dir='ltr'>bare.</span> <span class='ocrx_word' id='word_1_713' title='bbox 1170 474 1200 478; x_wconf 92' lang='lat'><strong>—</strong></span> <span class='ocrx_word' id='word_1_714' title='bbox 1220 457 1369 484; x_wconf 81' lang='lat' dir='ltr'>Periculum</span> <span class='ocrx_word' id='word_1_715' title='bbox 1388 460 1502 485; x_wconf 90' lang='lat' dir='ltr'>nominis</span> <span class='ocrx_word' id='word_1_716' title='bbox 1521 459 1689 495; x_wconf 80' lang='lat' dir='ltr'>adgnoscere.</span> <span class='ocrx_word' id='word_1_717' title='bbox 1711 459 1740 486; x_wconf 81' lang='lat' dir='ltr'>fr.</span> <span class='ocrx_word' id='word_1_718' title='bbox 1753 461 1795 487; x_wconf 84' lang='lat'>36.</span> <span class='ocrx_word' id='word_1_719' title='bbox 1815 461 1836 494; x_wconf 63' lang='grc' dir='ltr'>ξ.</span> <span class='ocrx_word' id='word_1_720' title='bbox 1852 463 1873 487; x_wconf 97' lang='lat'>1.</span> <span class='ocrx_word' id='word_1_721' title='bbox 1888 461 1920 488; x_wconf 85' lang='lat' dir='ltr'>ad</span> 
     </span>
    </p>
   </div>
   <div class='ocr_carea' id='block_1_7' title="bbox 1055 499 1919 539">
    <p class='ocr_par' dir='ltr' id='par_1_18' title="bbox 1055 499 1919 539">
     <span class='ocr_line' id='line_1_71' title="bbox 1055 499 1919 539; baseline 0.006 -13"><span class='ocrx_word' id='word_1_722' title='bbox 1055 499 1056 509; x_wconf 68' lang='lat'>³</span> <span class='ocrx_word' id='word_1_723' title='bbox 1079 501 1173 527; x_wconf 87' lang='lat' dir='ltr'>munic.</span> <span class='ocrx_word' id='word_1_724' title='bbox 1185 502 1226 526; x_wconf 85' lang='lat'>50.</span> <span class='ocrx_word' id='word_1_725' title='bbox 1239 502 1260 526; x_wconf 94' lang='lat'>1.</span> <span class='ocrx_word' id='word_1_726' title='bbox 1282 500 1313 526; x_wconf 73' lang='lat' dir='ltr'>cl&#39;.</span> <span class='ocrx_word' id='word_1_727' title='bbox 1334 500 1363 527; x_wconf 82' lang='lat' dir='ltr'>fr.</span> <span class='ocrx_word' id='word_1_728' title='bbox 1375 503 1414 527; x_wconf 88' lang='lat'>30.</span> <span class='ocrx_word' id='word_1_729' title='bbox 1437 501 1469 528; x_wconf 87' lang='lat' dir='ltr'>de</span> <span class='ocrx_word' id='word_1_730' title='bbox 1488 501 1576 528; x_wconf 76' lang='lat' dir='ltr'>hered.</span> <span class='ocrx_word' id='word_1_731' title='bbox 1597 507 1648 539; x_wconf 89' lang='lat' dir='ltr'>pet.</span> <span class='ocrx_word' id='word_1_732' title='bbox 1663 505 1686 528; x_wconf 90' lang='lat'>5.</span> <span class='ocrx_word' id='word_1_733' title='bbox 1700 504 1724 529; x_wconf 88' lang='lat'>3.</span> <span class='ocrx_word' id='word_1_734' title='bbox 1737 519 1769 522; x_wconf 98' lang='lat'><strong>—</strong></span> <span class='ocrx_word' id='word_1_735' title='bbox 1789 504 1820 536; x_wconf 63' lang='grc' dir='ltr'>ξ.</span> <span class='ocrx_word' id='word_1_736' title='bbox 1833 505 1919 531; x_wconf 75' lang='lat' dir='ltr'>3.A.</span> 
     </span>
    </p>
   </div>
   <div class='ocr_carea' id='block_1_8' title="bbox 1079 543 1919 584">
    <p class='ocr_par' dir='ltr' id='par_1_19' title="bbox 1079 543 1919 584">
     <span class='ocr_line' id='line_1_72' title="bbox 1079 543 1919 584; baseline 0.005 -15"><span class='ocrx_word' id='word_1_737' title='bbox 1079 544 1330 570; x_wconf 80' lang='lat' dir='ltr'>Patrimonium.</span> <span class='ocrx_word' id='word_1_738' title='bbox 1366 543 1458 579; x_wconf 68' lang='lat' dir='ltr'>[Sy.</span> <span class='ocrx_word' id='word_1_739' title='bbox 1478 544 1622 575; x_wconf 81' lang='lat' dir='ltr'>Aerarium,</span> <span class='ocrx_word' id='word_1_740' title='bbox 1642 545 1743 577; x_wconf 77' lang='lat' dir='ltr'>Fiscus.</span> <span class='ocrx_word' id='word_1_741' title='bbox 1757 545 1860 573; x_wconf 82' lang='lat' dir='ltr'>Nomen</span> <span class='ocrx_word' id='word_1_742' title='bbox 1874 557 1919 584; x_wconf 85' lang='lat' dir='ltr'>pu-</span> 
     </span>
    </p>
   </div>
   <div class='ocr_carea' id='block_1_9' title="bbox 1055 572 1917 616">
    <p class='ocr_par' dir='ltr' id='par_1_20' title="bbox 1055 572 1917 616">
     <span class='ocr_line' id='line_1_73' title="bbox 1055 572 1917 616; baseline 0.006 -5"><span class='ocrx_word' id='word_1_743' title='bbox 1055 572 1056 587; x_wconf 60' lang='lat' dir='ltr'>J</span> <span class='ocrx_word' id='word_1_744' title='bbox 1078 584 1183 612; x_wconf 86' lang='lat' dir='ltr'>blicum.</span> <span class='ocrx_word' id='word_1_745' title='bbox 1213 586 1262 613; x_wconf 90' lang='lat' dir='ltr'>Th.</span> <span class='ocrx_word' id='word_1_746' title='bbox 1284 586 1314 613; x_wconf 89' lang='lat' dir='ltr'>C.</span> <span class='ocrx_word' id='word_1_747' title='bbox 1338 586 1371 613; x_wconf 87' lang='lat' dir='ltr'>X.</span> <span class='ocrx_word' id='word_1_748' title='bbox 1397 588 1437 613; x_wconf 87' lang='lat'>16.</span> <span class='ocrx_word' id='word_1_749' title='bbox 1462 598 1482 614; x_wconf 91' lang='lat' dir='ltr'>c.</span> <span class='ocrx_word' id='word_1_750' title='bbox 1505 590 1526 614; x_wconf 82' lang='lat'>1.</span> <span class='ocrx_word' id='word_1_751' title='bbox 1552 587 1584 614; x_wconf 89' lang='lat' dir='ltr'>de</span> <span class='ocrx_word' id='word_1_752' title='bbox 1609 588 1667 613; x_wconf 81' lang='lat' dir='ltr'>fisci</span> <span class='ocrx_word' id='word_1_753' title='bbox 1693 588 1805 616; x_wconf 78' lang='lat' dir='ltr'>debitor.</span> <span class='ocrx_word' id='word_1_754' title='bbox 1825 590 1857 616; x_wconf 82' lang='lat' dir='ltr'>X.</span> <span class='ocrx_word' id='word_1_755' title='bbox 1878 592 1917 616; x_wconf 88' lang='lat'>17.</span> 
     </span>
    </p>
   </div>
   <div class='ocr_carea' id='block_1_10' title="bbox 1077 628 1919 923">
    <p class='ocr_par' dir='ltr' id='par_1_21' title="bbox 1078 628 1919 785">
     <span class='ocr_line' id='line_1_74' title="bbox 1079 628 1919 668; baseline 0.006 -14"><span class='ocrx_word' id='word_1_756' title='bbox 1079 638 1100 654; x_wconf 91' lang='lat' dir='ltr'>c.</span> <span class='ocrx_word' id='word_1_757' title='bbox 1115 629 1138 654; x_wconf 87' lang='lat'>3.</span> <span class='ocrx_word' id='word_1_758' title='bbox 1159 628 1258 656; x_wconf 76' lang='lat' dir='ltr'>deiide</span> <span class='ocrx_word' id='word_1_759' title='bbox 1278 634 1303 656; x_wconf 87' lang='lat' dir='ltr'>et</span> <span class='ocrx_word' id='word_1_760' title='bbox 1322 631 1377 656; x_wconf 88' lang='lat' dir='ltr'>iure</span> <span class='ocrx_word' id='word_1_761' title='bbox 1396 630 1462 657; x_wconf 84' lang='lat' dir='ltr'>hast.</span> <span class='ocrx_word' id='word_1_762' title='bbox 1499 629 1540 656; x_wconf 90' lang='lat'>111.</span> <span class='ocrx_word' id='word_1_763' title='bbox 1556 631 1622 658; x_wconf 76' lang='lat' dir='ltr'>Gn.</span> <span class='ocrx_word' id='word_1_764' title='bbox 1643 630 1734 662; x_wconf 73' lang='lat' dir='ltr'>Tituli.</span> <span class='ocrx_word' id='word_1_765' title='bbox 1754 642 1863 668; x_wconf 87' lang='lat' dir='ltr'>quorum</span> <span class='ocrx_word' id='word_1_766' title='bbox 1877 633 1919 659; x_wconf 88' lang='lat' dir='ltr'>ad-</span> 
     </span>
     <span class='ocr_line' id='line_1_75' title="bbox 1078 672 1919 709; baseline 0.006 -12"><span class='ocrx_word' id='word_1_767' title='bbox 1078 672 1192 697; x_wconf 82' lang='lat' dir='ltr'>iectione</span> <span class='ocrx_word' id='word_1_768' title='bbox 1215 672 1320 709; x_wconf 85' lang='lat' dir='ltr'>praedia</span> <span class='ocrx_word' id='word_1_769' title='bbox 1348 674 1447 699; x_wconf 87' lang='lat' dir='ltr'>nostris</span> <span class='ocrx_word' id='word_1_770' title='bbox 1475 678 1537 699; x_wconf 88' lang='lat' dir='ltr'>sunt</span> <span class='ocrx_word' id='word_1_771' title='bbox 1566 673 1741 699; x_wconf 80' lang='lat' dir='ltr'>consecranda</span> <span class='ocrx_word' id='word_1_772' title='bbox 1771 675 1919 702; x_wconf 87' lang='lat' dir='ltr'>nominibus</span> 
     </span>
     <span class='ocr_line' id='line_1_76' title="bbox 1078 713 1916 753; baseline 0.006 -13"><span class='ocrx_word' id='word_1_773' title='bbox 1078 713 1126 747; x_wconf 83' lang='lat' dir='ltr'>[al.</span> <span class='ocrx_word' id='word_1_774' title='bbox 1147 714 1329 749; x_wconf 84' lang='lat' dir='ltr'>substantiis.]</span> <span class='ocrx_word' id='word_1_775' title='bbox 1356 715 1392 742; x_wconf 88' lang='lat' dir='ltr'>lb.</span> <span class='ocrx_word' id='word_1_776' title='bbox 1412 716 1445 742; x_wconf 88' lang='lat' dir='ltr'>X.</span> <span class='ocrx_word' id='word_1_777' title='bbox 1465 717 1488 742; x_wconf 82' lang='lat'>9.</span> <span class='ocrx_word' id='word_1_778' title='bbox 1514 726 1535 742; x_wconf 91' lang='lat' dir='ltr'>c.</span> <span class='ocrx_word' id='word_1_779' title='bbox 1557 717 1578 742; x_wconf 93' lang='lat'>1.</span> <span class='ocrx_word' id='word_1_780' title='bbox 1600 716 1632 742; x_wconf 89' lang='lat' dir='ltr'>de</span> <span class='ocrx_word' id='word_1_781' title='bbox 1652 717 1782 753; x_wconf 86' lang='lat' dir='ltr'>incorpor.</span> <span class='ocrx_word' id='word_1_782' title='bbox 1804 718 1834 744; x_wconf 65' lang='lat' dir='ltr'>cl&#39;.</span> <span class='ocrx_word' id='word_1_783' title='bbox 1855 718 1916 745; x_wconf 85' lang='lat' dir='ltr'>lust.</span> 
     </span>
     <span class='ocr_line' id='line_1_77' title="bbox 1078 756 1524 785; baseline 0.002 -2"><span class='ocrx_word' id='word_1_784' title='bbox 1078 756 1108 783; x_wconf 89' lang='lat' dir='ltr'>C.</span> <span class='ocrx_word' id='word_1_785' title='bbox 1129 767 1150 783; x_wconf 89' lang='lat' dir='ltr'>c.</span> <span class='ocrx_word' id='word_1_786' title='bbox 1169 759 1193 784; x_wconf 87' lang='lat'>3.</span> <span class='ocrx_word' id='word_1_787' title='bbox 1214 758 1246 784; x_wconf 85' lang='lat' dir='ltr'>de</span> <span class='ocrx_word' id='word_1_788' title='bbox 1265 759 1326 785; x_wconf 82' lang='lat' dir='ltr'>bon.</span> <span class='ocrx_word' id='word_1_789' title='bbox 1346 769 1400 785; x_wconf 86' lang='lat' dir='ltr'>vac.</span> <span class='ocrx_word' id='word_1_790' title='bbox 1423 760 1461 784; x_wconf 87' lang='lat'>10.</span> <span class='ocrx_word' id='word_1_791' title='bbox 1483 760 1524 784; x_wconf 88' lang='lat'>10.</span> 
     </span>
    </p>

    <p class='ocr_par' dir='ltr' id='par_1_22' title="bbox 1077 802 1918 923">
     <span class='ocr_line' id='line_1_78' title="bbox 1111 802 1917 837; baseline 0.005 -11"><span class='ocrx_word' id='word_1_792' title='bbox 1111 802 1418 828; x_wconf 80' lang='lat' dir='ltr'>Nomenculator.</span> <span class='ocrx_word' id='word_1_793' title='bbox 1458 803 1520 834; x_wconf 83' lang='lat' dir='ltr'>Qui</span> <span class='ocrx_word' id='word_1_794' title='bbox 1547 811 1656 828; x_wconf 76' lang='lat' dir='ltr'>nomen</span> <span class='ocrx_word' id='word_1_795' title='bbox 1682 804 1836 837; x_wconf 79' lang='lat' dir='ltr'>cuiusque</span> <span class='ocrx_word' id='word_1_796' title='bbox 1860 814 1917 830; x_wconf 82' lang='lat' dir='ltr'>me-</span> 
     </span>
     <span class='ocr_line' id='line_1_79' title="bbox 1077 843 1918 883; baseline 0.006 -15"><span class='ocrx_word' id='word_1_797' title='bbox 1077 846 1212 870; x_wconf 80' lang='lat' dir='ltr'>moriter</span> <span class='ocrx_word' id='word_1_798' title='bbox 1230 854 1345 871; x_wconf 79' lang='lat' dir='ltr'>vocare</span> <span class='ocrx_word' id='word_1_799' title='bbox 1363 846 1492 871; x_wconf 79' lang='lat' dir='ltr'>dedicit.</span> <span class='ocrx_word' id='word_1_800' title='bbox 1530 844 1572 870; x_wconf 85' lang='lat' dir='ltr'>Ill.</span> <span class='ocrx_word' id='word_1_801' title='bbox 1593 845 1659 872; x_wconf 72' lang='lat' dir='ltr'>Gn.</span> <span class='ocrx_word' id='word_1_802' title='bbox 1682 843 1773 871; x_wconf 85' lang='lat' dir='ltr'>Potest</span> <span class='ocrx_word' id='word_1_803' title='bbox 1793 851 1817 871; x_wconf 81' lang='lat' dir='ltr'>et</span> <span class='ocrx_word' id='word_1_804' title='bbox 1837 847 1918 883; x_wconf 87' lang='lat' dir='ltr'>impu-</span> 
     </span>
     <span class='ocr_line' id='line_1_80' title="bbox 1077 885 1918 923; baseline 0.006 -12"><span class='ocrx_word' id='word_1_805' title='bbox 1077 885 1124 911; x_wconf 90' lang='lat' dir='ltr'>bes</span> <span class='ocrx_word' id='word_1_806' title='bbox 1144 896 1239 923; x_wconf 85' lang='lat' dir='ltr'>operas</span> <span class='ocrx_word' id='word_1_807' title='bbox 1259 886 1333 917; x_wconf 80' lang='lat' dir='ltr'>dare.</span> <span class='ocrx_word' id='word_1_808' title='bbox 1354 886 1426 912; x_wconf 86' lang='lat' dir='ltr'>velut</span> <span class='ocrx_word' id='word_1_809' title='bbox 1446 887 1468 912; x_wconf 86' lang='lat' dir='ltr'>si</span> <span class='ocrx_word' id='word_1_810' title='bbox 1488 887 1686 913; x_wconf 85' lang='lat' dir='ltr'>nomenculator</span> <span class='ocrx_word' id='word_1_811' title='bbox 1705 887 1752 921; x_wconf 86' lang='lat' dir='ltr'>[al.</span> <span class='ocrx_word' id='word_1_812' title='bbox 1773 889 1918 916; x_wconf 86' lang='lat' dir='ltr'>nomencla-</span> 
     </span>
    </p>
   </div>
   <div class='ocr_carea' id='block_1_11' title="bbox 1053 929 1918 965">
    <p class='ocr_par' dir='ltr' id='par_1_23' title="bbox 1053 929 1918 965">
     <span class='ocr_line' id='line_1_81' title="bbox 1053 929 1918 965; baseline 0.006 -11"><span class='ocrx_word' id='word_1_813' title='bbox 1053 929 1054 940; x_wconf 66' lang='lat'>¹</span> <span class='ocrx_word' id='word_1_814' title='bbox 1077 933 1132 960; x_wconf 76' lang='lat' dir='ltr'>tor,</span> <span class='ocrx_word' id='word_1_815' title='bbox 1152 938 1176 955; x_wconf 92' lang='lat' dir='ltr'>v.</span> <span class='ocrx_word' id='word_1_816' title='bbox 1196 929 1393 963; x_wconf 86' lang='lat' dir='ltr'>miniculat0r.]</span> <span class='ocrx_word' id='word_1_817' title='bbox 1419 930 1470 961; x_wconf 84' lang='lat' dir='ltr'>sit,</span> <span class='ocrx_word' id='word_1_818' title='bbox 1494 929 1537 955; x_wconf 78' lang='lat' dir='ltr'>vel</span> <span class='ocrx_word' id='word_1_819' title='bbox 1556 929 1659 956; x_wconf 88' lang='lat' dir='ltr'>histrio.</span> <span class='ocrx_word' id='word_1_820' title='bbox 1685 930 1714 957; x_wconf 86' lang='lat' dir='ltr'>sr.</span> <span class='ocrx_word' id='word_1_821' title='bbox 1735 933 1775 957; x_wconf 89' lang='lat'>44.</span> <span class='ocrx_word' id='word_1_822' title='bbox 1801 932 1822 965; x_wconf 62' lang='grc' dir='ltr'>ξ.</span> <span class='ocrx_word' id='word_1_823' title='bbox 1842 934 1865 958; x_wconf 82' lang='grc'>2.</span> <span class='ocrx_word' id='word_1_824' title='bbox 1886 932 1918 959; x_wconf 86' lang='lat' dir='ltr'>de</span> 
     </span>
    </p>
   </div>
   <div class='ocr_carea' id='block_1_12' title="bbox 1076 970 1917 1091">
    <p class='ocr_par' dir='ltr' id='par_1_24' title="bbox 1076 970 1917 1091">
     <span class='ocr_line' id='line_1_82' title="bbox 1076 970 1916 1010; baseline 0.006 -13"><span class='ocrx_word' id='word_1_825' title='bbox 1076 970 1179 998; x_wconf 83' lang='lat' dir='ltr'>liberali</span> <span class='ocrx_word' id='word_1_826' title='bbox 1199 981 1220 998; x_wconf 89' lang='lat' dir='ltr'>c.</span> <span class='ocrx_word' id='word_1_827' title='bbox 1240 973 1281 997; x_wconf 90' lang='lat'>40.</span> <span class='ocrx_word' id='word_1_828' title='bbox 1303 973 1342 998; x_wconf 87' lang='lat'>12.</span> <span class='ocrx_word' id='word_1_829' title='bbox 1363 972 1394 998; x_wconf 85' lang='lat' dir='ltr'>cf.</span> <span class='ocrx_word' id='word_1_830' title='bbox 1415 972 1444 998; x_wconf 78' lang='lat' dir='ltr'>fr.</span> <span class='ocrx_word' id='word_1_831' title='bbox 1466 974 1489 998; x_wconf 87' lang='lat'>7.</span> <span class='ocrx_word' id='word_1_832' title='bbox 1509 973 1531 1006; x_wconf 62' lang='grc' dir='ltr'>ς’.</span> <span class='ocrx_word' id='word_1_833' title='bbox 1546 975 1569 998; x_wconf 74' lang='grc'>5,</span> <span class='ocrx_word' id='word_1_834' title='bbox 1590 972 1622 998; x_wconf 83' lang='lat' dir='ltr'>de</span> <span class='ocrx_word' id='word_1_835' title='bbox 1642 983 1713 1010; x_wconf 86' lang='lat' dir='ltr'>oper.</span> <span class='ocrx_word' id='word_1_836' title='bbox 1735 973 1820 1000; x_wconf 84' lang='lat' dir='ltr'>libert.</span> <span class='ocrx_word' id='word_1_837' title='bbox 1839 976 1916 1002; x_wconf 64' lang='lat'>381.</span> 
     </span>
     <span class='ocr_line' id='line_1_83' title="bbox 1077 1013 1917 1044; baseline 0.006 -5"><span class='ocrx_word' id='word_1_838' title='bbox 1077 1013 1174 1040; x_wconf 75' lang='lat' dir='ltr'>Schola</span> <span class='ocrx_word' id='word_1_839' title='bbox 1193 1014 1427 1041; x_wconf 84' lang='lat' dir='ltr'>mittendariorum.</span> <span class='ocrx_word' id='word_1_840' title='bbox 1442 1031 1473 1034; x_wconf 98' lang='lat'><strong>—</strong></span> <span class='ocrx_word' id='word_1_841' title='bbox 1493 1014 1589 1042; x_wconf 86' lang='lat' dir='ltr'>Schola</span> <span class='ocrx_word' id='word_1_842' title='bbox 1610 1026 1754 1043; x_wconf 86' lang='lat' dir='ltr'>cursorum.</span> <span class='ocrx_word' id='word_1_843' title='bbox 1770 1032 1800 1035; x_wconf 98' lang='lat'><strong>—</strong></span> <span class='ocrx_word' id='word_1_844' title='bbox 1820 1017 1917 1044; x_wconf 89' lang='lat' dir='ltr'>Schola</span> 
     </span>
     <span class='ocr_line' id='line_1_84' title="bbox 1076 1056 1914 1091; baseline 0.005 -9"><span class='ocrx_word' id='word_1_845' title='bbox 1076 1056 1325 1084; x_wconf 83' lang='lat' dir='ltr'>nomenculatorum.</span> <span class='ocrx_word' id='word_1_846' title='bbox 1347 1067 1367 1083; x_wconf 84' lang='lat' dir='ltr'>c.</span> <span class='ocrx_word' id='word_1_847' title='bbox 1391 1060 1411 1083; x_wconf 90' lang='lat'>1.</span> <span class='ocrx_word' id='word_1_848' title='bbox 1431 1058 1452 1091; x_wconf 55' lang='grc' dir='ltr'>ᾗ.</span> <span class='ocrx_word' id='word_1_849' title='bbox 1473 1059 1495 1084; x_wconf 77' lang='grc'>3.</span> <span class='ocrx_word' id='word_1_850' title='bbox 1516 1057 1548 1084; x_wconf 83' lang='lat' dir='ltr'>de</span> <span class='ocrx_word' id='word_1_851' title='bbox 1568 1058 1611 1085; x_wconf 74' lang='lat' dir='ltr'>off.</span> <span class='ocrx_word' id='word_1_852' title='bbox 1632 1058 1684 1085; x_wconf 85' lang='lat' dir='ltr'>Prf.</span> <span class='ocrx_word' id='word_1_853' title='bbox 1706 1059 1747 1085; x_wconf 81' lang='lat' dir='ltr'>Pr.</span> <span class='ocrx_word' id='word_1_854' title='bbox 1767 1060 1823 1086; x_wconf 80' lang='lat' dir='ltr'>Afr.</span> <span class='ocrx_word' id='word_1_855' title='bbox 1840 1062 1860 1086; x_wconf 92' lang='lat'>1.</span> <span class='ocrx_word' id='word_1_856' title='bbox 1874 1062 1914 1086; x_wconf 91' lang='lat'>27.</span> 
     </span>
    </p>
   </div>
   <div class='ocr_carea' id='block_1_13' title="bbox 1052 1099 1611 1135">
    <p class='ocr_par' dir='ltr' id='par_1_25' title="bbox 1052 1099 1611 1135">
     <span class='ocr_line' id='line_1_85' title="bbox 1052 1099 1611 1135; baseline 0.002 -9"><span class='ocrx_word' id='word_1_857' title='bbox 1052 1099 1053 1103; x_wconf 45' lang='lat'>¹</span> <span class='ocrx_word' id='word_1_858' title='bbox 1076 1099 1117 1126; x_wconf 80' lang='lat' dir='ltr'>Cf.</span> <span class='ocrx_word' id='word_1_859' title='bbox 1137 1099 1172 1126; x_wconf 85' lang='lat' dir='ltr'>Io.</span> <span class='ocrx_word' id='word_1_860' title='bbox 1191 1099 1283 1135; x_wconf 75' lang='lat' dir='ltr'>Lydus</span> <span class='ocrx_word' id='word_1_861' title='bbox 1303 1100 1335 1126; x_wconf 88' lang='lat' dir='ltr'>de</span> <span class='ocrx_word' id='word_1_862' title='bbox 1354 1101 1507 1135; x_wconf 78' lang='lat' dir='ltr'>magistratt.</span> <span class='ocrx_word' id='word_1_863' title='bbox 1527 1100 1568 1126; x_wconf 92' lang='grc'>111.</span> <span class='ocrx_word' id='word_1_864' title='bbox 1589 1102 1611 1127; x_wconf 79' lang='lat'>8.</span> 
     </span>
    </p>
   </div>
   <div class='ocr_carea' id='block_1_14' title="bbox 1074 1143 1916 1303">
    <p class='ocr_par' dir='ltr' id='par_1_26' title="bbox 1074 1143 1916 1303">
     <span class='ocr_line' id='line_1_86' title="bbox 1110 1143 1915 1179; baseline 0.004 -10"><span class='ocrx_word' id='word_1_865' title='bbox 1110 1143 1329 1170; x_wconf 74' lang='lat' dir='ltr'>Nominare.</span> <span class='ocrx_word' id='word_1_866' title='bbox 1366 1143 1396 1175; x_wconf 83' lang='lat'>§.</span> <span class='ocrx_word' id='word_1_867' title='bbox 1421 1145 1455 1170; x_wconf 85' lang='lat'>1.</span> <span class='ocrx_word' id='word_1_868' title='bbox 1488 1145 1671 1177; x_wconf 67' lang='lat' dir='ltr'>Adpellare.</span> <span class='ocrx_word' id='word_1_869' title='bbox 1710 1144 1727 1170; x_wconf 94' lang='lat' dir='ltr'>l.</span> <span class='ocrx_word' id='word_1_870' title='bbox 1754 1146 1815 1179; x_wconf 72' lang='lat' dir='ltr'>Sy.</span> <span class='ocrx_word' id='word_1_871' title='bbox 1846 1145 1915 1175; x_wconf 84' lang='lat' dir='ltr'>Diei.</span> 
     </span>
     <span class='ocr_line' id='line_1_87' title="bbox 1076 1184 1914 1223; baseline 0.005 -12"><span class='ocrx_word' id='word_1_872' title='bbox 1076 1184 1219 1212; x_wconf 69' lang='lat' dir='ltr'>Nominat-i.</span> <span class='ocrx_word' id='word_1_873' title='bbox 1239 1185 1295 1212; x_wconf 77' lang='lat' dir='ltr'>Gai.</span> <span class='ocrx_word' id='word_1_874' title='bbox 1316 1185 1334 1211; x_wconf 93' lang='grc' dir='ltr'>Ι.</span> <span class='ocrx_word' id='word_1_875' title='bbox 1353 1187 1394 1211; x_wconf 87' lang='grc'>22.</span> <span class='ocrx_word' id='word_1_876' title='bbox 1416 1185 1476 1223; x_wconf 67' lang='lat' dir='ltr'>le.</span> <span class='ocrx_word' id='word_1_877' title='bbox 1496 1185 1514 1211; x_wconf 90' lang='grc'>1.</span> <span class='ocrx_word' id='word_1_878' title='bbox 1536 1188 1576 1212; x_wconf 79' lang='lat'>10.</span> <span class='ocrx_word' id='word_1_879' title='bbox 1596 1186 1625 1212; x_wconf 85' lang='lat' dir='ltr'>fr.</span> <span class='ocrx_word' id='word_1_880' title='bbox 1647 1189 1668 1213; x_wconf 77' lang='lat' dir='ltr'>T.</span> <span class='ocrx_word' id='word_1_881' title='bbox 1689 1188 1710 1221; x_wconf 64' lang='grc' dir='ltr'>ξ.</span> <span class='ocrx_word' id='word_1_882' title='bbox 1728 1189 1748 1214; x_wconf 92' lang='grc'>1.</span> <span class='ocrx_word' id='word_1_883' title='bbox 1769 1188 1801 1214; x_wconf 87' lang='lat' dir='ltr'>de</span> <span class='ocrx_word' id='word_1_884' title='bbox 1820 1188 1837 1214; x_wconf 76' lang='grc'>1,</span> <span class='ocrx_word' id='word_1_885' title='bbox 1858 1194 1884 1215; x_wconf 87' lang='lat' dir='ltr'>et</span> <span class='ocrx_word' id='word_1_886' title='bbox 1897 1189 1914 1215; x_wconf 70' lang='grc'>1,</span> 
     </span>
     <span class='ocr_line' id='line_1_88' title="bbox 1076 1228 1916 1262; baseline 0.005 -8"><span class='ocrx_word' id='word_1_887' title='bbox 1076 1230 1098 1254; x_wconf 96' lang='lat'>1.</span> <span class='ocrx_word' id='word_1_888' title='bbox 1120 1230 1141 1254; x_wconf 95' lang='lat'>1.</span> <span class='ocrx_word' id='word_1_889' title='bbox 1162 1228 1192 1255; x_wconf 79' lang='lat' dir='ltr'>fr.</span> <span class='ocrx_word' id='word_1_890' title='bbox 1213 1230 1236 1255; x_wconf 85' lang='lat'>2.</span> <span class='ocrx_word' id='word_1_891' title='bbox 1256 1230 1277 1262; x_wconf 67' lang='grc' dir='ltr'>ξ.</span> <span class='ocrx_word' id='word_1_892' title='bbox 1294 1231 1333 1255; x_wconf 87' lang='grc'>10.</span> <span class='ocrx_word' id='word_1_893' title='bbox 1354 1228 1386 1255; x_wconf 85' lang='lat' dir='ltr'>de</span> <span class='ocrx_word' id='word_1_894' title='bbox 1401 1228 1434 1255; x_wconf 89' lang='grc' dir='ltr'>Ο.</span> <span class='ocrx_word' id='word_1_895' title='bbox 1448 1229 1467 1255; x_wconf 95' lang='lat' dir='ltr'>I.</span> <span class='ocrx_word' id='word_1_896' title='bbox 1483 1231 1504 1255; x_wconf 84' lang='grc'>1.</span> <span class='ocrx_word' id='word_1_897' title='bbox 1524 1230 1548 1255; x_wconf 86' lang='grc'>2.</span> <span class='ocrx_word' id='word_1_898' title='bbox 1586 1229 1627 1255; x_wconf 90' lang='lat' dir='ltr'>Ill.</span> <span class='ocrx_word' id='word_1_899' title='bbox 1645 1231 1710 1257; x_wconf 68' lang='lat' dir='ltr'>Cn.</span> <span class='ocrx_word' id='word_1_900' title='bbox 1731 1230 1759 1256; x_wconf 88' lang='lat' dir='ltr'>Si</span> <span class='ocrx_word' id='word_1_901' title='bbox 1779 1241 1836 1257; x_wconf 87' lang='lat' dir='ltr'>cum</span> <span class='ocrx_word' id='word_1_902' title='bbox 1856 1241 1916 1258; x_wconf 89' lang='lat' dir='ltr'>con-</span> 
     </span>
     <span class='ocr_line' id='line_1_89' title="bbox 1074 1271 1915 1303; baseline 0.005 -6"><span class='ocrx_word' id='word_1_903' title='bbox 1074 1272 1142 1297; x_wconf 82' lang='lat' dir='ltr'>vicio</span> <span class='ocrx_word' id='word_1_904' title='bbox 1169 1271 1277 1298; x_wconf 81' lang='lat' dir='ltr'>dixerit:</span> <span class='ocrx_word' id='word_1_905' title='bbox 1305 1271 1390 1303; x_wconf 62' lang='lat' dir='ltr'>„Non</span> <span class='ocrx_word' id='word_1_906' title='bbox 1414 1271 1624 1303; x_wconf 81' lang='lat' dir='ltr'>nominandus‚“</span> <span class='ocrx_word' id='word_1_907' title='bbox 1654 1273 1709 1299; x_wconf 80' lang='lat' dir='ltr'>vel:</span> <span class='ocrx_word' id='word_1_908' title='bbox 1738 1273 1820 1301; x_wconf 76' lang='lat' dir='ltr'>..Non</span> <span class='ocrx_word' id='word_1_909' title='bbox 1844 1274 1915 1301; x_wconf 86' lang='lat' dir='ltr'>filius</span> 
     </span>
    </p>
   </div>
   <div class='ocr_carea' id='block_1_15' title="bbox 1051 1314 1916 1353">
    <p class='ocr_par' dir='ltr' id='par_1_27' title="bbox 1051 1314 1916 1353">
     <span class='ocr_line' id='line_1_90' title="bbox 1051 1314 1916 1353; baseline 0.005 -13"><span class='ocrx_word' id='word_1_910' title='bbox 1051 1324 1052 1328; x_wconf 60' lang='lat'>¹</span> <span class='ocrx_word' id='word_1_911' title='bbox 1074 1316 1177 1340; x_wconf 74' lang='lat' dir='ltr'>meus.“</span> <span class='ocrx_word' id='word_1_912' title='bbox 1197 1314 1227 1340; x_wconf 87' lang='lat' dir='ltr'>fr.</span> <span class='ocrx_word' id='word_1_913' title='bbox 1239 1316 1262 1341; x_wconf 83' lang='lat'>3.</span> <span class='ocrx_word' id='word_1_914' title='bbox 1282 1325 1320 1352; x_wconf 88' lang='lat' dir='ltr'>pr.</span> <span class='ocrx_word' id='word_1_915' title='bbox 1341 1314 1374 1341; x_wconf 87' lang='lat' dir='ltr'>de</span> <span class='ocrx_word' id='word_1_916' title='bbox 1393 1314 1437 1341; x_wconf 92' lang='lat' dir='ltr'>lib.</span> <span class='ocrx_word' id='word_1_917' title='bbox 1458 1320 1484 1341; x_wconf 87' lang='lat' dir='ltr'>et</span> <span class='ocrx_word' id='word_1_918' title='bbox 1502 1315 1590 1352; x_wconf 71' lang='lat' dir='ltr'>posth.</span> <span class='ocrx_word' id='word_1_919' title='bbox 1605 1316 1644 1342; x_wconf 86' lang='lat'>28.</span> <span class='ocrx_word' id='word_1_920' title='bbox 1659 1317 1683 1341; x_wconf 89' lang='lat'>2.</span> <span class='ocrx_word' id='word_1_921' title='bbox 1711 1315 1818 1348; x_wconf 73' lang='lat' dir='ltr'>Servus.</span> <span class='ocrx_word' id='word_1_922' title='bbox 1840 1327 1916 1353; x_wconf 88' lang='lat' dir='ltr'>quem</span> 
     </span>
    </p>
   </div>
   <div class='ocr_carea' id='block_1_16' title="bbox 1067 1357 1916 1481">
    <p class='ocr_par' dir='ltr' id='par_1_28' title="bbox 1067 1357 1916 1481">
     <span class='ocr_line' id='line_1_91' title="bbox 1073 1357 1914 1386; baseline 0.004 -3"><span class='ocrx_word' id='word_1_923' title='bbox 1073 1357 1195 1384; x_wconf 86' lang='lat' dir='ltr'>dominus</span> <span class='ocrx_word' id='word_1_924' title='bbox 1215 1358 1279 1384; x_wconf 84' lang='lat' dir='ltr'>actis</span> <span class='ocrx_word' id='word_1_925' title='bbox 1299 1358 1535 1385; x_wconf 85' lang='lat' dir='ltr'>intervenientibus</span> <span class='ocrx_word' id='word_1_926' title='bbox 1550 1358 1632 1385; x_wconf 87' lang='lat' dir='ltr'>filium</span> <span class='ocrx_word' id='word_1_927' title='bbox 1647 1368 1721 1384; x_wconf 89' lang='lat' dir='ltr'>sunm</span> <span class='ocrx_word' id='word_1_928' title='bbox 1735 1360 1914 1386; x_wconf 86' lang='lat' dir='ltr'>nominaverit.</span> 
     </span>
     <span class='ocr_line' id='line_1_92' title="bbox 1074 1400 1914 1437; baseline 0.002 -10"><span class='ocrx_word' id='word_1_929' title='bbox 1074 1401 1095 1434; x_wconf 66' lang='grc' dir='ltr'>ξ.</span> <span class='ocrx_word' id='word_1_930' title='bbox 1117 1403 1156 1427; x_wconf 88' lang='grc'>12.</span> <span class='ocrx_word' id='word_1_931' title='bbox 1177 1400 1195 1427; x_wconf 88' lang='grc'>1.</span> <span class='ocrx_word' id='word_1_932' title='bbox 1216 1400 1248 1427; x_wconf 82' lang='lat' dir='ltr'>de</span> <span class='ocrx_word' id='word_1_933' title='bbox 1268 1400 1356 1437; x_wconf 85' lang='lat' dir='ltr'>adopt.</span> <span class='ocrx_word' id='word_1_934' title='bbox 1378 1403 1400 1427; x_wconf 93' lang='lat'>1.</span> <span class='ocrx_word' id='word_1_935' title='bbox 1423 1403 1462 1427; x_wconf 97' lang='lat' dir='ltr'>ll.</span> <span class='ocrx_word' id='word_1_936' title='bbox 1488 1417 1519 1421; x_wconf 81' lang='lat'>—-</span> <span class='ocrx_word' id='word_1_937' title='bbox 1543 1401 1574 1435; x_wconf 61' lang='grc' dir='ltr'>ἓ.</span> <span class='ocrx_word' id='word_1_938' title='bbox 1594 1402 1629 1428; x_wconf 71' lang='grc'>2.</span> <span class='ocrx_word' id='word_1_939' title='bbox 1650 1403 1813 1435; x_wconf 80' lang='lat' dir='ltr'>Laudare,</span> <span class='ocrx_word' id='word_1_940' title='bbox 1840 1405 1914 1430; x_wconf 80' lang='lat' dir='ltr'>Pro-</span> 
     </span>
     <span class='ocr_line' id='line_1_93' title="bbox 1067 1443 1916 1481; baseline 0.004 -12"><span class='ocrx_word' id='word_1_941' title='bbox 1067 1445 1190 1479; x_wconf 84' lang='lat' dir='ltr'>fiteri,</span> <span class='ocrx_word' id='word_1_942' title='bbox 1216 1445 1365 1480; x_wconf 79' lang='lat' dir='ltr'>Deferre.</span> <span class='ocrx_word' id='word_1_943' title='bbox 1401 1443 1420 1470; x_wconf 89' lang='lat' dir='ltr'>I.</span> <span class='ocrx_word' id='word_1_944' title='bbox 1440 1444 1501 1478; x_wconf 75' lang='lat' dir='ltr'>Sy.</span> <span class='ocrx_word' id='word_1_945' title='bbox 1529 1443 1695 1481; x_wconf 67' lang='lat' dir='ltr'>Nuncupare.</span> <span class='ocrx_word' id='word_1_946' title='bbox 1725 1444 1811 1471; x_wconf 83' lang='lat' dir='ltr'>Palam</span> <span class='ocrx_word' id='word_1_947' title='bbox 1835 1447 1916 1472; x_wconf 87' lang='lat' dir='ltr'>nomi-</span> 
     </span>
    </p>
   </div>
   <div class='ocr_carea' id='block_1_17' title="bbox 1050 1486 1915 1523">
    <p class='ocr_par' dir='ltr' id='par_1_29' title="bbox 1050 1486 1915 1523">
     <span class='ocr_line' id='line_1_94' title="bbox 1050 1486 1915 1523; baseline 0.003 -11"><span class='ocrx_word' id='word_1_948' title='bbox 1050 1489 1051 1497; x_wconf 65' lang='lat'><em>*</em></span> <span class='ocrx_word' id='word_1_949' title='bbox 1074 1496 1142 1512; x_wconf 87' lang='lat' dir='ltr'>nare.</span> <span class='ocrx_word' id='word_1_950' title='bbox 1163 1486 1219 1513; x_wconf 90' lang='lat' dir='ltr'>Gai.</span> <span class='ocrx_word' id='word_1_951' title='bbox 1240 1486 1270 1512; x_wconf 89' lang='lat' dir='ltr'>ll.</span> <span class='ocrx_word' id='word_1_952' title='bbox 1292 1488 1348 1512; x_wconf 73' lang='lat'>104.</span> <span class='ocrx_word' id='word_1_953' title='bbox 1369 1486 1400 1512; x_wconf 86' lang='lat' dir='ltr'>fr.</span> <span class='ocrx_word' id='word_1_954' title='bbox 1422 1488 1460 1512; x_wconf 90' lang='lat'>12.</span> <span class='ocrx_word' id='word_1_955' title='bbox 1482 1486 1514 1512; x_wconf 88' lang='lat' dir='ltr'>de</span> <span class='ocrx_word' id='word_1_956' title='bbox 1533 1487 1589 1512; x_wconf 86' lang='lat' dir='ltr'>iure</span> <span class='ocrx_word' id='word_1_957' title='bbox 1608 1492 1709 1523; x_wconf 82' lang='lat' dir='ltr'>patron.</span> <span class='ocrx_word' id='word_1_958' title='bbox 1730 1490 1771 1514; x_wconf 86' lang='lat'>37.</span> <span class='ocrx_word' id='word_1_959' title='bbox 1794 1490 1831 1514; x_wconf 81' lang='grc'>14.</span> <span class='ocrx_word' id='word_1_960' title='bbox 1864 1488 1915 1515; x_wconf 82' lang='grc' dir='ltr'>Νο-</span> 
     </span>
    </p>
   </div>
   <div class='ocr_carea' id='block_1_18' title="bbox 1072 1528 1914 1695">
    <p class='ocr_par' dir='ltr' id='par_1_30' title="bbox 1072 1528 1914 1695">
     <span class='ocr_line' id='line_1_95' title="bbox 1073 1528 1914 1565; baseline 0.001 -10"><span class='ocrx_word' id='word_1_961' title='bbox 1073 1530 1189 1555; x_wconf 83' lang='lat' dir='ltr'>minatim</span> <span class='ocrx_word' id='word_1_962' title='bbox 1208 1539 1367 1555; x_wconf 83' lang='lat' dir='ltr'>enumerare.</span> <span class='ocrx_word' id='word_1_963' title='bbox 1388 1529 1418 1555; x_wconf 87' lang='lat' dir='ltr'>l&#39;r.</span> <span class='ocrx_word' id='word_1_964' title='bbox 1434 1530 1491 1555; x_wconf 87' lang='lat'>124.</span> <span class='ocrx_word' id='word_1_965' title='bbox 1511 1528 1543 1555; x_wconf 86' lang='lat' dir='ltr'>de</span> <span class='ocrx_word' id='word_1_966' title='bbox 1563 1529 1638 1565; x_wconf 79' lang='lat' dir='ltr'>legat.</span> <span class='ocrx_word' id='word_1_967' title='bbox 1658 1530 1676 1556; x_wconf 91' lang='lat'>1.</span> <span class='ocrx_word' id='word_1_968' title='bbox 1696 1532 1764 1563; x_wconf 76' lang='lat'>(30.)</span> <span class='ocrx_word' id='word_1_969' title='bbox 1795 1530 1914 1559; x_wconf 72' lang='grc' dir='ltr'>111οη.</span> 
     </span>
     <span class='ocr_line' id='line_1_96' title="bbox 1073 1571 1914 1600; baseline 0.002 -2"><span class='ocrx_word' id='word_1_970' title='bbox 1073 1571 1196 1598; x_wconf 80' lang='lat' dir='ltr'>Generali</span> <span class='ocrx_word' id='word_1_971' title='bbox 1221 1582 1341 1598; x_wconf 83' lang='lat' dir='ltr'>sermone</span> <span class='ocrx_word' id='word_1_972' title='bbox 1365 1573 1506 1598; x_wconf 84' lang='lat' dir='ltr'>nominare.</span> <span class='ocrx_word' id='word_1_973' title='bbox 1533 1571 1589 1598; x_wconf 83' lang='lat' dir='ltr'>Gai.</span> <span class='ocrx_word' id='word_1_974' title='bbox 1610 1571 1638 1598; x_wconf 90' lang='lat' dir='ltr'>ll.</span> <span class='ocrx_word' id='word_1_975' title='bbox 1666 1575 1721 1598; x_wconf 74' lang='lat'>104.</span> <span class='ocrx_word' id='word_1_976' title='bbox 1765 1573 1841 1600; x_wconf 86' lang='lat' dir='ltr'>Initio</span> <span class='ocrx_word' id='word_1_977' title='bbox 1864 1574 1914 1600; x_wconf 83' lang='lat' dir='ltr'>for-</span> 
     </span>
     <span class='ocr_line' id='line_1_97' title="bbox 1072 1614 1912 1651; baseline 0.002 -10"><span class='ocrx_word' id='word_1_978' title='bbox 1072 1614 1157 1641; x_wconf 81' lang='lat' dir='ltr'>mulae</span> <span class='ocrx_word' id='word_1_979' title='bbox 1175 1616 1309 1641; x_wconf 80' lang='lat' dir='ltr'>nominato</span> <span class='ocrx_word' id='word_1_980' title='bbox 1326 1624 1370 1642; x_wconf 76' lang='lat' dir='ltr'>eo,</span> <span class='ocrx_word' id='word_1_981' title='bbox 1395 1614 1466 1651; x_wconf 89' lang='lat' dir='ltr'>quod</span> <span class='ocrx_word' id='word_1_982' title='bbox 1490 1614 1585 1641; x_wconf 81' lang='lat' dir='ltr'>sactum</span> <span class='ocrx_word' id='word_1_983' title='bbox 1605 1620 1657 1645; x_wconf 79' lang='lat' dir='ltr'>est.</span> <span class='ocrx_word' id='word_1_984' title='bbox 1686 1615 1844 1643; x_wconf 88' lang='lat' dir='ltr'>adiiciuntur</span> <span class='ocrx_word' id='word_1_985' title='bbox 1864 1622 1912 1643; x_wconf 87' lang='lat' dir='ltr'>etc.</span> 
     </span>
     <span class='ocr_line' id='line_1_98' title="bbox 1072 1657 1912 1695; baseline 0.004 -12"><span class='ocrx_word' id='word_1_986' title='bbox 1072 1657 1108 1684; x_wconf 91' lang='lat' dir='ltr'>lb.</span> <span class='ocrx_word' id='word_1_987' title='bbox 1127 1657 1171 1684; x_wconf 85' lang='lat' dir='ltr'>lv.</span> <span class='ocrx_word' id='word_1_988' title='bbox 1186 1659 1227 1684; x_wconf 85' lang='lat'>46.</span> <span class='ocrx_word' id='word_1_989' title='bbox 1248 1658 1280 1684; x_wconf 79' lang='lat' dir='ltr'>ef.</span> <span class='ocrx_word' id='word_1_990' title='bbox 1302 1660 1340 1684; x_wconf 94' lang='grc'>11.</span> <span class='ocrx_word' id='word_1_991' title='bbox 1379 1657 1436 1684; x_wconf 70' lang='lat' dir='ltr'>Nisi</span> <span class='ocrx_word' id='word_1_992' title='bbox 1457 1668 1469 1684; x_wconf 88' lang='lat' dir='ltr'>a</span> <span class='ocrx_word' id='word_1_993' title='bbox 1489 1663 1563 1695; x_wconf 84' lang='lat' dir='ltr'>patre</span> <span class='ocrx_word' id='word_1_994' title='bbox 1582 1657 1722 1694; x_wconf 85' lang='lat' dir='ltr'>desponsa.</span> <span class='ocrx_word' id='word_1_995' title='bbox 1742 1658 1912 1686; x_wconf 79' lang='lat' dir='ltr'>destinatave.</span> 
     </span>
    </p>
   </div>
   <div class='ocr_carea' id='block_1_19' title="bbox 1048 1699 1910 1728">
    <p class='ocr_par' dir='ltr' id='par_1_31' title="bbox 1048 1699 1910 1728">
     <span class='ocr_line' id='line_1_99' title="bbox 1048 1699 1910 1728; baseline 0.001 -1"><span class='ocrx_word' id='word_1_996' title='bbox 1048 1699 1049 1711; x_wconf 69' lang='lat'>³</span> <span class='ocrx_word' id='word_1_997' title='bbox 1071 1705 1229 1727; x_wconf 82' lang='lat' dir='ltr'>testamento</span> <span class='ocrx_word' id='word_1_998' title='bbox 1253 1701 1384 1727; x_wconf 81' lang='lat' dir='ltr'>nominata</span> <span class='ocrx_word' id='word_1_999' title='bbox 1408 1700 1561 1727; x_wconf 86' lang='lat' dir='ltr'>conditione</span> <span class='ocrx_word' id='word_1_1000' title='bbox 1586 1705 1633 1726; x_wconf 87' lang='lat' dir='ltr'>etc.</span> <span class='ocrx_word' id='word_1_1001' title='bbox 1660 1700 1689 1727; x_wconf 89' lang='lat' dir='ltr'>sr.</span> <span class='ocrx_word' id='word_1_1002' title='bbox 1711 1703 1751 1727; x_wconf 77' lang='lat'>36.</span> <span class='ocrx_word' id='word_1_1003' title='bbox 1777 1701 1809 1728; x_wconf 88' lang='lat' dir='ltr'>de</span> <span class='ocrx_word' id='word_1_1004' title='bbox 1827 1701 1858 1728; x_wconf 87' lang='lat' dir='ltr'>R.</span> <span class='ocrx_word' id='word_1_1005' title='bbox 1880 1702 1910 1728; x_wconf 74' lang='lat' dir='ltr'>N</span> 
     </span>
    </p>
   </div>
   <div class='ocr_carea' id='block_1_20' title="bbox 1069 1742 1913 2038">
    <p class='ocr_par' dir='ltr' id='par_1_32' title="bbox 1069 1742 1913 2038">
     <span class='ocr_line' id='line_1_100' title="bbox 1070 1742 1912 1774; baseline 0.002 -4"><span class='ocrx_word' id='word_1_1006' title='bbox 1070 1745 1111 1770; x_wconf 83' lang='lat'>23.</span> <span class='ocrx_word' id='word_1_1007' title='bbox 1131 1746 1155 1770; x_wconf 85' lang='lat'>2.</span> <span class='ocrx_word' id='word_1_1008' title='bbox 1194 1744 1427 1770; x_wconf 80' lang='lat' dir='ltr'>Demonstratione</span> <span class='ocrx_word' id='word_1_1009' title='bbox 1446 1742 1519 1769; x_wconf 83' lang='lat' dir='ltr'>fundi</span> <span class='ocrx_word' id='word_1_1010' title='bbox 1539 1743 1618 1774; x_wconf 73' lang='lat' dir='ltr'>facta,</span> <span class='ocrx_word' id='word_1_1011' title='bbox 1639 1743 1705 1769; x_wconf 87' lang='lat' dir='ltr'>fines</span> <span class='ocrx_word' id='word_1_1012' title='bbox 1725 1745 1852 1771; x_wconf 88' lang='lat' dir='ltr'>nominari</span> <span class='ocrx_word' id='word_1_1013' title='bbox 1871 1755 1912 1772; x_wconf 89' lang='lat' dir='ltr'>su-</span> 
     </span>
     <span class='ocr_line' id='line_1_101' title="bbox 1070 1785 1913 1823; baseline 0.004 -11"><span class='ocrx_word' id='word_1_1014' title='bbox 1070 1795 1229 1823; x_wconf 85' lang='lat' dir='ltr'>pervacuum</span> <span class='ocrx_word' id='word_1_1015' title='bbox 1248 1790 1295 1812; x_wconf 86' lang='lat' dir='ltr'>est.</span> <span class='ocrx_word' id='word_1_1016' title='bbox 1316 1785 1346 1812; x_wconf 84' lang='lat' dir='ltr'>sr.</span> <span class='ocrx_word' id='word_1_1017' title='bbox 1366 1787 1406 1812; x_wconf 85' lang='lat'>63.</span> <span class='ocrx_word' id='word_1_1018' title='bbox 1427 1786 1448 1819; x_wconf 85' lang='lat'>§.</span> <span class='ocrx_word' id='word_1_1019' title='bbox 1470 1788 1491 1812; x_wconf 90' lang='lat'>1.</span> <span class='ocrx_word' id='word_1_1020' title='bbox 1512 1785 1544 1812; x_wconf 88' lang='lat' dir='ltr'>de</span> <span class='ocrx_word' id='word_1_1021' title='bbox 1564 1790 1646 1812; x_wconf 87' lang='lat' dir='ltr'>contr.</span> <span class='ocrx_word' id='word_1_1022' title='bbox 1667 1791 1726 1812; x_wconf 83' lang='lat' dir='ltr'>emt.</span> <span class='ocrx_word' id='word_1_1023' title='bbox 1748 1788 1787 1813; x_wconf 88' lang='lat'>18.</span> <span class='ocrx_word' id='word_1_1024' title='bbox 1809 1790 1830 1814; x_wconf 96' lang='lat'>1.</span> <span class='ocrx_word' id='word_1_1025' title='bbox 1856 1787 1913 1815; x_wconf 83' lang='lat' dir='ltr'>Ple-</span> 
     </span>
     <span class='ocr_line' id='line_1_102' title="bbox 1070 1828 1911 1865; baseline 0.004 -10"><span class='ocrx_word' id='word_1_1026' title='bbox 1070 1829 1145 1865; x_wconf 83' lang='lat' dir='ltr'>rique</span> <span class='ocrx_word' id='word_1_1027' title='bbox 1164 1828 1225 1855; x_wconf 87' lang='lat' dir='ltr'>dum</span> <span class='ocrx_word' id='word_1_1028' title='bbox 1244 1833 1371 1860; x_wconf 73' lang='lat' dir='ltr'>metuunt,</span> <span class='ocrx_word' id='word_1_1029' title='bbox 1392 1839 1423 1855; x_wconf 87' lang='lat' dir='ltr'>ne</span> <span class='ocrx_word' id='word_1_1030' title='bbox 1443 1828 1510 1855; x_wconf 84' lang='lat' dir='ltr'>forte</span> <span class='ocrx_word' id='word_1_1031' title='bbox 1529 1828 1687 1865; x_wconf 86' lang='lat' dir='ltr'>adprehensi</span> <span class='ocrx_word' id='word_1_1032' title='bbox 1707 1839 1752 1855; x_wconf 90' lang='lat' dir='ltr'>eos</span> <span class='ocrx_word' id='word_1_1033' title='bbox 1769 1832 1911 1863; x_wconf 78' lang='lat' dir='ltr'>nominent.</span> 
     </span>
     <span class='ocr_line' id='line_1_103' title="bbox 1070 1870 1910 1908; baseline 0.004 -11"><span class='ocrx_word' id='word_1_1034' title='bbox 1070 1871 1183 1908; x_wconf 86' lang='lat' dir='ltr'>prodere</span> <span class='ocrx_word' id='word_1_1035' title='bbox 1201 1881 1247 1898; x_wconf 88' lang='lat' dir='ltr'>eos</span> <span class='ocrx_word' id='word_1_1036' title='bbox 1267 1871 1361 1898; x_wconf 83' lang='lat' dir='ltr'>solent.</span> <span class='ocrx_word' id='word_1_1037' title='bbox 1389 1870 1418 1898; x_wconf 78' lang='lat' dir='ltr'>fr.</span> <span class='ocrx_word' id='word_1_1038' title='bbox 1441 1873 1462 1898; x_wconf 95' lang='lat'>1.</span> <span class='ocrx_word' id='word_1_1039' title='bbox 1488 1872 1510 1905; x_wconf 64' lang='grc' dir='ltr'>ς</span> <span class='ocrx_word' id='word_1_1040' title='bbox 1529 1873 1570 1898; x_wconf 89' lang='grc'>26.</span> <span class='ocrx_word' id='word_1_1041' title='bbox 1592 1871 1624 1898; x_wconf 83' lang='lat' dir='ltr'>de</span> <span class='ocrx_word' id='word_1_1042' title='bbox 1643 1873 1788 1908; x_wconf 83' lang='lat' dir='ltr'>quaestion.</span> <span class='ocrx_word' id='word_1_1043' title='bbox 1808 1875 1849 1899; x_wconf 80' lang='lat'>48.</span> <span class='ocrx_word' id='word_1_1044' title='bbox 1872 1875 1910 1900; x_wconf 79' lang='grc'>18.</span> 
     </span>
     <span class='ocr_line' id='line_1_104' title="bbox 1071 1913 1911 1953; baseline 0.004 -13"><span class='ocrx_word' id='word_1_1045' title='bbox 1071 1913 1102 1940; x_wconf 77' lang='lat' dir='ltr'>cf.</span> <span class='ocrx_word' id='word_1_1046' title='bbox 1123 1913 1151 1940; x_wconf 87' lang='lat' dir='ltr'>sr.</span> <span class='ocrx_word' id='word_1_1047' title='bbox 1165 1916 1189 1940; x_wconf 90' lang='grc'>2.</span> <span class='ocrx_word' id='word_1_1048' title='bbox 1210 1914 1242 1940; x_wconf 85' lang='lat' dir='ltr'>de</span> <span class='ocrx_word' id='word_1_1049' title='bbox 1261 1914 1322 1941; x_wconf 88' lang='lat' dir='ltr'>bon.</span> <span class='ocrx_word' id='word_1_1050' title='bbox 1343 1924 1395 1940; x_wconf 92' lang='lat' dir='ltr'>eor.</span> <span class='ocrx_word' id='word_1_1051' title='bbox 1416 1924 1458 1950; x_wconf 75' lang='lat' dir='ltr'>qu.</span> <span class='ocrx_word' id='word_1_1052' title='bbox 1479 1925 1500 1940; x_wconf 84' lang='lat' dir='ltr'>a.</span> <span class='ocrx_word' id='word_1_1053' title='bbox 1520 1919 1586 1941; x_wconf 85' lang='lat' dir='ltr'>sent.</span> <span class='ocrx_word' id='word_1_1054' title='bbox 1600 1916 1641 1941; x_wconf 81' lang='grc'>48.</span> <span class='ocrx_word' id='word_1_1055' title='bbox 1655 1917 1696 1941; x_wconf 88' lang='lat'>21.</span> <span class='ocrx_word' id='word_1_1056' title='bbox 1734 1915 1762 1941; x_wconf 95' lang='lat' dir='ltr'>ln</span> <span class='ocrx_word' id='word_1_1057' title='bbox 1782 1918 1911 1953; x_wconf 82' lang='lat' dir='ltr'>quaestio-</span> 
     </span>
     <span class='ocr_line' id='line_1_105' title="bbox 1069 1957 1909 1994; baseline 0.004 -11"><span class='ocrx_word' id='word_1_1058' title='bbox 1069 1957 1147 1983; x_wconf 85' lang='lat' dir='ltr'>nibus</span> <span class='ocrx_word' id='word_1_1059' title='bbox 1167 1958 1291 1983; x_wconf 86' lang='lat' dir='ltr'>nominati</span> <span class='ocrx_word' id='word_1_1060' title='bbox 1312 1957 1462 1994; x_wconf 85' lang='lat' dir='ltr'>capitalium</span> <span class='ocrx_word' id='word_1_1061' title='bbox 1488 1959 1633 1984; x_wconf 88' lang='lat' dir='ltr'>criminum.</span> <span class='ocrx_word' id='word_1_1062' title='bbox 1660 1957 1690 1984; x_wconf 86' lang='lat' dir='ltr'>fr.</span> <span class='ocrx_word' id='word_1_1063' title='bbox 1711 1960 1750 1984; x_wconf 84' lang='lat'>17.</span> <span class='ocrx_word' id='word_1_1064' title='bbox 1775 1960 1795 1993; x_wconf 64' lang='grc' dir='ltr'>ξ.</span> <span class='ocrx_word' id='word_1_1065' title='bbox 1819 1962 1856 1986; x_wconf 90' lang='grc'>12.</span> <span class='ocrx_word' id='word_1_1066' title='bbox 1877 1959 1909 1986; x_wconf 81' lang='lat' dir='ltr'>ad</span> 
     </span>
     <span class='ocr_line' id='line_1_106' title="bbox 1069 2000 1907 2038; baseline 0.002 -12"><span class='ocrx_word' id='word_1_1067' title='bbox 1069 2001 1163 2026; x_wconf 88' lang='lat' dir='ltr'>munic.</span> <span class='ocrx_word' id='word_1_1068' title='bbox 1184 2002 1225 2026; x_wconf 82' lang='lat'>50.</span> <span class='ocrx_word' id='word_1_1069' title='bbox 1248 2002 1269 2026; x_wconf 92' lang='lat'>1.</span> <span class='ocrx_word' id='word_1_1070' title='bbox 1295 2000 1327 2026; x_wconf 88' lang='lat' dir='ltr'>cf.</span> <span class='ocrx_word' id='word_1_1071' title='bbox 1352 2000 1381 2026; x_wconf 86' lang='lat' dir='ltr'>fr.</span> <span class='ocrx_word' id='word_1_1072' title='bbox 1401 2001 1424 2027; x_wconf 90' lang='lat'>6.</span> <span class='ocrx_word' id='word_1_1073' title='bbox 1449 2001 1471 2034; x_wconf 66' lang='grc' dir='ltr'>ξ.</span> <span class='ocrx_word' id='word_1_1074' title='bbox 1491 2002 1516 2026; x_wconf 87' lang='grc'>2.</span> <span class='ocrx_word' id='word_1_1075' title='bbox 1543 2000 1575 2027; x_wconf 86' lang='lat' dir='ltr'>de</span> <span class='ocrx_word' id='word_1_1076' title='bbox 1598 2001 1692 2027; x_wconf 87' lang='lat' dir='ltr'>interd.</span> <span class='ocrx_word' id='word_1_1077' title='bbox 1718 2006 1743 2027; x_wconf 84' lang='lat' dir='ltr'>et</span> <span class='ocrx_word' id='word_1_1078' title='bbox 1770 2001 1847 2038; x_wconf 72' lang='lat' dir='ltr'>releg.</span> <span class='ocrx_word' id='word_1_1079' title='bbox 1866 2005 1907 2028; x_wconf 66' lang='lat'>48.</span> 
     </span>
    </p>
   </div>
   <div class='ocr_carea' id='block_1_21' title="bbox 1046 2043 1908 2079">
    <p class='ocr_par' dir='ltr' id='par_1_33' title="bbox 1046 2043 1908 2079">
     <span class='ocr_line' id='line_1_107' title="bbox 1046 2043 1908 2079; baseline 0.002 -10"><span class='ocrx_word' id='word_1_1080' title='bbox 1046 2043 1047 2050; x_wconf 61' lang='lat'>¹</span> <span class='ocrx_word' id='word_1_1081' title='bbox 1068 2044 1110 2069; x_wconf 86' lang='lat'>22.</span> <span class='ocrx_word' id='word_1_1082' title='bbox 1131 2059 1163 2062; x_wconf 97' lang='lat'><strong>—</strong></span> <span class='ocrx_word' id='word_1_1083' title='bbox 1183 2043 1214 2076; x_wconf 66' lang='grc' dir='ltr'>ξ.</span> <span class='ocrx_word' id='word_1_1084' title='bbox 1231 2045 1268 2070; x_wconf 84' lang='grc'>3.</span> <span class='ocrx_word' id='word_1_1085' title='bbox 1294 2045 1522 2070; x_wconf 81' lang='lat' dir='ltr'>Commendare</span> <span class='ocrx_word' id='word_1_1086' title='bbox 1544 2046 1735 2079; x_wconf 78' lang='lat' dir='ltr'>eligendum.</span> <span class='ocrx_word' id='word_1_1087' title='bbox 1767 2046 1908 2079; x_wconf 73' lang='lat' dir='ltr'>Eligere.</span> 
     </span>
    </p>
   </div>
   <div class='ocr_carea' id='block_1_22' title="bbox 1067 2085 1907 2422">
    <p class='ocr_par' dir='ltr' id='par_1_34' title="bbox 1067 2085 1907 2422">
     <span class='ocr_line' id='line_1_108' title="bbox 1068 2085 1907 2120; baseline 0.002 -8"><span class='ocrx_word' id='word_1_1088' title='bbox 1068 2085 1087 2112; x_wconf 95' lang='lat' dir='ltr'>I.</span> <span class='ocrx_word' id='word_1_1089' title='bbox 1107 2087 1169 2120; x_wconf 75' lang='lat' dir='ltr'>Sy.</span> <span class='ocrx_word' id='word_1_1090' title='bbox 1194 2085 1424 2112; x_wconf 62' lang='lat' dir='ltr'>&#39;Nominationibus</span> <span class='ocrx_word' id='word_1_1091' title='bbox 1448 2085 1576 2113; x_wconf 79' lang='lat' dir='ltr'>devocare</span> <span class='ocrx_word' id='word_1_1092' title='bbox 1596 2088 1639 2119; x_wconf 90' lang='lat' dir='ltr'>(in</span> <span class='ocrx_word' id='word_1_1093' title='bbox 1659 2088 1780 2118; x_wconf 73' lang='lat' dir='ltr'>curiam.)</span> <span class='ocrx_word' id='word_1_1094' title='bbox 1807 2086 1856 2113; x_wconf 92' lang='lat' dir='ltr'>Th.</span> <span class='ocrx_word' id='word_1_1095' title='bbox 1877 2087 1907 2114; x_wconf 89' lang='lat' dir='ltr'>C.</span> 
     </span>
     <span class='ocr_line' id='line_1_109' title="bbox 1067 2128 1907 2166; baseline 0.002 -11"><span class='ocrx_word' id='word_1_1096' title='bbox 1067 2128 1123 2155; x_wconf 80' lang='lat' dir='ltr'>XII.</span> <span class='ocrx_word' id='word_1_1097' title='bbox 1152 2130 1173 2155; x_wconf 92' lang='lat'>1.</span> <span class='ocrx_word' id='word_1_1098' title='bbox 1199 2139 1219 2156; x_wconf 88' lang='lat' dir='ltr'>c.</span> <span class='ocrx_word' id='word_1_1099' title='bbox 1242 2131 1281 2156; x_wconf 84' lang='lat'>19.</span> <span class='ocrx_word' id='word_1_1100' title='bbox 1307 2129 1339 2156; x_wconf 90' lang='lat' dir='ltr'>de</span> <span class='ocrx_word' id='word_1_1101' title='bbox 1363 2129 1496 2155; x_wconf 86' lang='lat' dir='ltr'>decurion.</span> <span class='ocrx_word' id='word_1_1102' title='bbox 1538 2129 1688 2166; x_wconf 79' lang='lat' dir='ltr'>Iniungere.</span> <span class='ocrx_word' id='word_1_1103' title='bbox 1712 2129 1853 2156; x_wconf 62' lang='lat' dir='ltr'>Nominat-e</span> <span class='ocrx_word' id='word_1_1104' title='bbox 1876 2131 1907 2157; x_wconf 78' lang='lat' dir='ltr'>ad</span> 
     </span>
     <span class='ocr_line' id='line_1_110' title="bbox 1069 2171 1906 2209; baseline 0.002 -12"><span class='ocrx_word' id='word_1_1105' title='bbox 1069 2172 1206 2204; x_wconf 87' lang='lat' dir='ltr'>(munus.)</span> <span class='ocrx_word' id='word_1_1106' title='bbox 1235 2182 1256 2198; x_wconf 92' lang='lat' dir='ltr'>c.</span> <span class='ocrx_word' id='word_1_1107' title='bbox 1280 2175 1304 2198; x_wconf 82' lang='lat'>2.</span> <span class='ocrx_word' id='word_1_1108' title='bbox 1334 2172 1395 2208; x_wconf 83' lang='lat' dir='ltr'>Quo</span> <span class='ocrx_word' id='word_1_1109' title='bbox 1420 2173 1507 2208; x_wconf 88' lang='lat' dir='ltr'>quisq.</span> <span class='ocrx_word' id='word_1_1110' title='bbox 1534 2171 1588 2198; x_wconf 88' lang='lat' dir='ltr'>ord.</span> <span class='ocrx_word' id='word_1_1111' title='bbox 1616 2174 1654 2198; x_wconf 91' lang='lat' dir='ltr'>ll.</span> <span class='ocrx_word' id='word_1_1112' title='bbox 1679 2174 1718 2198; x_wconf 78' lang='lat'>35.</span> <span class='ocrx_word' id='word_1_1113' title='bbox 1762 2172 1906 2209; x_wconf 70' lang='lat' dir='ltr'>Designare</span> 
     </span>
     <span class='ocr_line' id='line_1_111' title="bbox 1068 2213 1904 2251; baseline 0.002 -11"><span class='ocrx_word' id='word_1_1114' title='bbox 1068 2213 1252 2248; x_wconf 79' lang='lat' dir='ltr'>(Praetorem.)</span> <span class='ocrx_word' id='word_1_1115' title='bbox 1277 2215 1326 2241; x_wconf 87' lang='lat' dir='ltr'>Th.</span> <span class='ocrx_word' id='word_1_1116' title='bbox 1347 2215 1378 2242; x_wconf 80' lang='lat' dir='ltr'>C.</span> <span class='ocrx_word' id='word_1_1117' title='bbox 1399 2214 1441 2241; x_wconf 87' lang='lat' dir='ltr'>Vl.</span> <span class='ocrx_word' id='word_1_1118' title='bbox 1462 2217 1486 2240; x_wconf 90' lang='lat'>4.</span> <span class='ocrx_word' id='word_1_1119' title='bbox 1507 2225 1526 2241; x_wconf 64' lang='lat' dir='ltr'>c.</span> <span class='ocrx_word' id='word_1_1120' title='bbox 1550 2217 1588 2240; x_wconf 68' lang='lat'>14.</span> <span class='ocrx_word' id='word_1_1121' title='bbox 1609 2224 1648 2251; x_wconf 83' lang='lat' dir='ltr'>Sq.</span> <span class='ocrx_word' id='word_1_1122' title='bbox 1669 2225 1689 2241; x_wconf 86' lang='lat' dir='ltr'>c.</span> <span class='ocrx_word' id='word_1_1123' title='bbox 1713 2217 1749 2241; x_wconf 83' lang='lat'>17.</span> <span class='ocrx_word' id='word_1_1124' title='bbox 1771 2215 1802 2242; x_wconf 86' lang='lat' dir='ltr'>de</span> <span class='ocrx_word' id='word_1_1125' title='bbox 1823 2215 1904 2242; x_wconf 71' lang='lat' dir='ltr'>Praet.</span> 
     </span>
     <span class='ocr_line' id='line_1_112' title="bbox 1068 2257 1907 2294; baseline 0.001 -11"><span class='ocrx_word' id='word_1_1126' title='bbox 1068 2262 1094 2283; x_wconf 88' lang='lat' dir='ltr'>et</span> <span class='ocrx_word' id='word_1_1127' title='bbox 1113 2257 1164 2293; x_wconf 83' lang='lat' dir='ltr'>Qu.</span> <span class='ocrx_word' id='word_1_1128' title='bbox 1203 2257 1242 2284; x_wconf 93' lang='grc'>111.</span> <span class='ocrx_word' id='word_1_1129' title='bbox 1269 2260 1334 2286; x_wconf 73' lang='lat' dir='ltr'>Gn.</span> <span class='ocrx_word' id='word_1_1130' title='bbox 1364 2257 1510 2284; x_wconf 88' lang='lat' dir='ltr'>Ordinibus</span> <span class='ocrx_word' id='word_1_1131' title='bbox 1534 2259 1662 2284; x_wconf 86' lang='lat' dir='ltr'>curiarum</span> <span class='ocrx_word' id='word_1_1132' title='bbox 1691 2274 1716 2277; x_wconf 74' lang='lat'>—</span> <span class='ocrx_word' id='word_1_1133' title='bbox 1743 2268 1794 2284; x_wconf 90' lang='lat' dir='ltr'>non</span> <span class='ocrx_word' id='word_1_1134' title='bbox 1819 2258 1907 2294; x_wconf 67' lang='lat' dir='ltr'>adgre—</span> 
     </span>
     <span class='ocr_line' id='line_1_113' title="bbox 1067 2300 1903 2336; baseline 0 -10"><span class='ocrx_word' id='word_1_1135' title='bbox 1067 2305 1167 2336; x_wconf 77' lang='lat' dir='ltr'>gentur,</span> <span class='ocrx_word' id='word_1_1136' title='bbox 1188 2302 1238 2327; x_wconf 90' lang='lat' dir='ltr'>nisi</span> <span class='ocrx_word' id='word_1_1137' title='bbox 1259 2302 1393 2331; x_wconf 75' lang='lat' dir='ltr'>nominati,</span> <span class='ocrx_word' id='word_1_1138' title='bbox 1414 2302 1463 2326; x_wconf 88' lang='lat' dir='ltr'>nisi</span> <span class='ocrx_word' id='word_1_1139' title='bbox 1483 2300 1558 2326; x_wconf 78' lang='lat' dir='ltr'>electi</span> <span class='ocrx_word' id='word_1_1140' title='bbox 1579 2305 1626 2327; x_wconf 85' lang='lat' dir='ltr'>etc.</span> <span class='ocrx_word' id='word_1_1141' title='bbox 1646 2300 1683 2326; x_wconf 93' lang='lat' dir='ltr'>lb.</span> <span class='ocrx_word' id='word_1_1142' title='bbox 1704 2300 1758 2326; x_wconf 82' lang='lat' dir='ltr'>XH.</span> <span class='ocrx_word' id='word_1_1143' title='bbox 1781 2303 1801 2327; x_wconf 93' lang='lat' dir='ltr'>l.</span> <span class='ocrx_word' id='word_1_1144' title='bbox 1824 2311 1844 2327; x_wconf 92' lang='lat' dir='ltr'>c.</span> <span class='ocrx_word' id='word_1_1145' title='bbox 1864 2302 1903 2326; x_wconf 85' lang='grc'>66.</span> 
     </span>
     <span class='ocr_line' id='line_1_114' title="bbox 1067 2343 1905 2379; baseline 0 -10"><span class='ocrx_word' id='word_1_1146' title='bbox 1067 2343 1109 2369; x_wconf 87' lang='lat' dir='ltr'>Ad</span> <span class='ocrx_word' id='word_1_1147' title='bbox 1133 2345 1230 2370; x_wconf 89' lang='lat' dir='ltr'>curiam</span> <span class='ocrx_word' id='word_1_1148' title='bbox 1255 2345 1391 2370; x_wconf 88' lang='lat' dir='ltr'>nominati.</span> <span class='ocrx_word' id='word_1_1149' title='bbox 1416 2343 1458 2369; x_wconf 87' lang='lat' dir='ltr'>vel</span> <span class='ocrx_word' id='word_1_1150' title='bbox 1483 2343 1514 2369; x_wconf 85' lang='lat' dir='ltr'>ad</span> <span class='ocrx_word' id='word_1_1151' title='bbox 1533 2343 1662 2370; x_wconf 85' lang='lat' dir='ltr'>Hviratus</span> <span class='ocrx_word' id='word_1_1152' title='bbox 1681 2343 1842 2379; x_wconf 84' lang='lat' dir='ltr'>aliorumque</span> <span class='ocrx_word' id='word_1_1153' title='bbox 1861 2343 1905 2369; x_wconf 89' lang='lat' dir='ltr'>ho-</span> 
     </span>
     <span class='ocr_line' id='line_1_115' title="bbox 1067 2385 1902 2422; baseline 0 -10"><span class='ocrx_word' id='word_1_1154' title='bbox 1067 2396 1159 2412; x_wconf 86' lang='lat' dir='ltr'>norum</span> <span class='ocrx_word' id='word_1_1155' title='bbox 1179 2386 1288 2418; x_wconf 72' lang='lat' dir='ltr'>insulas.</span> <span class='ocrx_word' id='word_1_1156' title='bbox 1308 2386 1350 2412; x_wconf 79' lang='lat' dir='ltr'>vel</span> <span class='ocrx_word' id='word_1_1157' title='bbox 1369 2396 1463 2412; x_wconf 87' lang='lat' dir='ltr'>munus</span> <span class='ocrx_word' id='word_1_1158' title='bbox 1483 2385 1589 2422; x_wconf 83' lang='lat' dir='ltr'>aliquod</span> <span class='ocrx_word' id='word_1_1159' title='bbox 1609 2387 1716 2413; x_wconf 77' lang='lat' dir='ltr'>evocati.</span> <span class='ocrx_word' id='word_1_1160' title='bbox 1743 2385 1778 2411; x_wconf 86' lang='lat' dir='ltr'>lb.</span> <span class='ocrx_word' id='word_1_1161' title='bbox 1798 2385 1842 2412; x_wconf 69' lang='lat' dir='ltr'>XI.</span> <span class='ocrx_word' id='word_1_1162' title='bbox 1861 2388 1902 2412; x_wconf 77' lang='lat'>30.</span> 
     </span>
    </p>
   </div>
   <div class='ocr_carea' id='block_1_23' title="bbox 1043 2427 1907 2465">
    <p class='ocr_par' dir='ltr' id='par_1_35' title="bbox 1043 2427 1907 2465">
     <span class='ocr_line' id='line_1_116' title="bbox 1043 2427 1907 2465; baseline 0 -10"><span class='ocrx_word' id='word_1_1163' title='bbox 1043 2427 1045 2437; x_wconf 66' lang='lat'><strong><em>¹</em></strong></span> <span class='ocrx_word' id='word_1_1164' title='bbox 1066 2439 1086 2455; x_wconf 88' lang='lat' dir='ltr'>c.</span> <span class='ocrx_word' id='word_1_1165' title='bbox 1110 2429 1148 2454; x_wconf 85' lang='lat'>19.</span> <span class='ocrx_word' id='word_1_1166' title='bbox 1169 2428 1201 2454; x_wconf 87' lang='lat' dir='ltr'>de</span> <span class='ocrx_word' id='word_1_1167' title='bbox 1221 2439 1278 2465; x_wconf 85' lang='lat' dir='ltr'>app.</span> <span class='ocrx_word' id='word_1_1168' title='bbox 1300 2434 1323 2454; x_wconf 84' lang='lat' dir='ltr'>et</span> <span class='ocrx_word' id='word_1_1169' title='bbox 1344 2439 1420 2465; x_wconf 81' lang='lat' dir='ltr'>poen.</span> <span class='ocrx_word' id='word_1_1170' title='bbox 1458 2429 1601 2455; x_wconf 80' lang='lat' dir='ltr'>Remittere</span> <span class='ocrx_word' id='word_1_1171' title='bbox 1625 2429 1656 2455; x_wconf 83' lang='lat' dir='ltr'>ad</span> <span class='ocrx_word' id='word_1_1172' title='bbox 1677 2428 1802 2454; x_wconf 82' lang='lat' dir='ltr'>Ordinem</span> <span class='ocrx_word' id='word_1_1173' title='bbox 1823 2431 1907 2455; x_wconf 68' lang='lat' dir='ltr'>nomi-=</span> 
     </span>
    </p>
   </div>
   <div class='ocr_carea' id='block_1_24' title="bbox 1065 2470 1903 2679">
    <p class='ocr_par' dir='ltr' id='par_1_36' title="bbox 1065 2470 1903 2679">
     <span class='ocr_line' id='line_1_117' title="bbox 1066 2470 1901 2507; baseline 0.001 -10"><span class='ocrx_word' id='word_1_1174' title='bbox 1066 2476 1171 2501; x_wconf 71' lang='lat' dir='ltr'>natum.</span> <span class='ocrx_word' id='word_1_1175' title='bbox 1197 2477 1223 2497; x_wconf 87' lang='lat' dir='ltr'>ut</span> <span class='ocrx_word' id='word_1_1176' title='bbox 1248 2471 1278 2497; x_wconf 79' lang='lat' dir='ltr'>C.</span> <span class='ocrx_word' id='word_1_1177' title='bbox 1304 2471 1394 2498; x_wconf 54' lang='lat' dir='ltr'>Seium</span> <span class='ocrx_word' id='word_1_1178' title='bbox 1418 2478 1506 2498; x_wconf 83' lang='lat' dir='ltr'>creent</span> <span class='ocrx_word' id='word_1_1179' title='bbox 1531 2473 1715 2507; x_wconf 69' lang='lat' dir='ltr'>magistratum.</span> <span class='ocrx_word' id='word_1_1180' title='bbox 1741 2470 1770 2497; x_wconf 83' lang='lat' dir='ltr'>fr.</span> <span class='ocrx_word' id='word_1_1181' title='bbox 1793 2473 1814 2497; x_wconf 92' lang='lat' dir='ltr'>l.</span> <span class='ocrx_word' id='word_1_1182' title='bbox 1838 2473 1859 2506; x_wconf 63' lang='grc' dir='ltr'>ξ.</span> <span class='ocrx_word' id='word_1_1183' title='bbox 1879 2474 1901 2498; x_wconf 87' lang='lat'>3.</span> 
     </span>
     <span class='ocr_line' id='line_1_118' title="bbox 1066 2514 1903 2552; baseline 0 -12"><span class='ocrx_word' id='word_1_1184' title='bbox 1066 2515 1118 2549; x_wconf 79' lang='lat' dir='ltr'>Qu.</span> <span class='ocrx_word' id='word_1_1185' title='bbox 1139 2514 1286 2551; x_wconf 81' lang='lat' dir='ltr'>appelland.</span> <span class='ocrx_word' id='word_1_1186' title='bbox 1300 2516 1340 2541; x_wconf 66' lang='lat'>49.</span> <span class='ocrx_word' id='word_1_1187' title='bbox 1358 2516 1381 2540; x_wconf 83' lang='lat'>4.</span> <span class='ocrx_word' id='word_1_1188' title='bbox 1420 2515 1473 2550; x_wconf 80' lang='lat' dir='ltr'>Qui</span> <span class='ocrx_word' id='word_1_1189' title='bbox 1493 2514 1609 2552; x_wconf 80' lang='lat' dir='ltr'>periculo</span> <span class='ocrx_word' id='word_1_1190' title='bbox 1630 2523 1677 2539; x_wconf 73' lang='lat' dir='ltr'>suo</span> <span class='ocrx_word' id='word_1_1191' title='bbox 1697 2514 1840 2540; x_wconf 86' lang='lat' dir='ltr'>nominavit</span> <span class='ocrx_word' id='word_1_1192' title='bbox 1853 2524 1903 2540; x_wconf 74' lang='lat' dir='ltr'>ma-</span> 
     </span>
     <span class='ocr_line' id='line_1_119' title="bbox 1065 2556 1902 2593; baseline 0.001 -11"><span class='ocrx_word' id='word_1_1193' title='bbox 1065 2559 1209 2593; x_wconf 79' lang='lat' dir='ltr'>gistratum.</span> <span class='ocrx_word' id='word_1_1194' title='bbox 1235 2557 1264 2583; x_wconf 77' lang='lat' dir='ltr'>fr.</span> <span class='ocrx_word' id='word_1_1195' title='bbox 1287 2559 1325 2583; x_wconf 94' lang='lat' dir='ltr'>ll.</span> <span class='ocrx_word' id='word_1_1196' title='bbox 1352 2557 1373 2590; x_wconf 65' lang='grc' dir='ltr'>ξ.</span> <span class='ocrx_word' id='word_1_1197' title='bbox 1396 2559 1417 2583; x_wconf 95' lang='lat'>1.</span> <span class='ocrx_word' id='word_1_1198' title='bbox 1442 2558 1471 2584; x_wconf 64' lang='lat' dir='ltr'>fr.</span> <span class='ocrx_word' id='word_1_1199' title='bbox 1494 2559 1531 2583; x_wconf 72' lang='lat'>13.</span> <span class='ocrx_word' id='word_1_1200' title='bbox 1557 2557 1586 2583; x_wconf 74' lang='lat' dir='ltr'>fr.</span> <span class='ocrx_word' id='word_1_1201' title='bbox 1609 2558 1647 2582; x_wconf 82' lang='lat'>17.</span> <span class='ocrx_word' id='word_1_1202' title='bbox 1667 2556 1703 2589; x_wconf 48' lang='grc' dir='ltr'>ἐξ.</span> <span class='ocrx_word' id='word_1_1203' title='bbox 1726 2557 1747 2582; x_wconf 96' lang='lat' dir='ltr'>l.</span> <span class='ocrx_word' id='word_1_1204' title='bbox 1768 2558 1791 2583; x_wconf 83' lang='lat'>4.</span> <span class='ocrx_word' id='word_1_1205' title='bbox 1811 2566 1850 2593; x_wconf 86' lang='lat' dir='ltr'>sq.</span> <span class='ocrx_word' id='word_1_1206' title='bbox 1870 2557 1902 2583; x_wconf 83' lang='lat' dir='ltr'>ad</span> 
     </span>
     <span class='ocr_line' id='line_1_120' title="bbox 1065 2598 1901 2634; baseline 0 -8"><span class='ocrx_word' id='word_1_1207' title='bbox 1065 2601 1158 2627; x_wconf 89' lang='lat' dir='ltr'>munic.</span> <span class='ocrx_word' id='word_1_1208' title='bbox 1173 2601 1213 2625; x_wconf 80' lang='lat'>50.</span> <span class='ocrx_word' id='word_1_1209' title='bbox 1230 2602 1251 2626; x_wconf 92' lang='lat' dir='ltr'>l.</span> <span class='ocrx_word' id='word_1_1210' title='bbox 1272 2599 1301 2626; x_wconf 85' lang='lat' dir='ltr'>fr.</span> <span class='ocrx_word' id='word_1_1211' title='bbox 1318 2602 1356 2626; x_wconf 81' lang='lat'>14.</span> <span class='ocrx_word' id='word_1_1212' title='bbox 1376 2601 1397 2634; x_wconf 60' lang='grc' dir='ltr'>ς.</span> <span class='ocrx_word' id='word_1_1213' title='bbox 1413 2603 1434 2627; x_wconf 65' lang='grc'>44</span> <span class='ocrx_word' id='word_1_1214' title='bbox 1457 2600 1489 2626; x_wconf 76' lang='lat' dir='ltr'>de</span> <span class='ocrx_word' id='word_1_1215' title='bbox 1508 2609 1576 2625; x_wconf 89' lang='lat' dir='ltr'>mun.</span> <span class='ocrx_word' id='word_1_1216' title='bbox 1597 2603 1622 2624; x_wconf 85' lang='lat' dir='ltr'>et</span> <span class='ocrx_word' id='word_1_1217' title='bbox 1642 2598 1701 2624; x_wconf 90' lang='lat' dir='ltr'>hon.</span> <span class='ocrx_word' id='word_1_1218' title='bbox 1715 2600 1756 2625; x_wconf 84' lang='lat'>50.</span> <span class='ocrx_word' id='word_1_1219' title='bbox 1771 2600 1794 2625; x_wconf 84' lang='lat'>4.</span> <span class='ocrx_word' id='word_1_1220' title='bbox 1825 2599 1901 2626; x_wconf 85' lang='lat' dir='ltr'>Parvi</span> 
     </span>
     <span class='ocr_line' id='line_1_121' title="bbox 1065 2642 1901 2679; baseline 0.001 -11"><span class='ocrx_word' id='word_1_1221' title='bbox 1065 2642 1153 2673; x_wconf 78' lang='lat' dir='ltr'>refert,</span> <span class='ocrx_word' id='word_1_1222' title='bbox 1174 2643 1372 2673; x_wconf 77' lang='lat' dir='ltr'>nominaverint,</span> <span class='ocrx_word' id='word_1_1223' title='bbox 1392 2643 1433 2669; x_wconf 85' lang='lat' dir='ltr'>vel</span> <span class='ocrx_word' id='word_1_1224' title='bbox 1451 2642 1638 2672; x_wconf 81' lang='lat' dir='ltr'>tideiusserint,</span> <span class='ocrx_word' id='word_1_1225' title='bbox 1658 2651 1690 2667; x_wconf 85' lang='lat' dir='ltr'>an</span> <span class='ocrx_word' id='word_1_1226' title='bbox 1709 2642 1735 2667; x_wconf 90' lang='lat' dir='ltr'>in</span> <span class='ocrx_word' id='word_1_1227' title='bbox 1754 2651 1783 2668; x_wconf 84' lang='lat' dir='ltr'>se</span> <span class='ocrx_word' id='word_1_1228' title='bbox 1801 2643 1901 2679; x_wconf 88' lang='lat' dir='ltr'>pericu-</span> 
     </span>
    </p>
   </div>
   <div class='ocr_carea' id='block_1_25' title="bbox 1042 2685 1898 2722">
    <p class='ocr_par' dir='ltr' id='par_1_37' title="bbox 1042 2685 1898 2722">
     <span class='ocr_line' id='line_1_122' title="bbox 1042 2685 1898 2722; baseline 0 -11"><span class='ocrx_word' id='word_1_1229' title='bbox 1042 2698 1043 2702; x_wconf 52' lang='lat'><em>*</em></span> <span class='ocrx_word' id='word_1_1230' title='bbox 1065 2685 1118 2712; x_wconf 88' lang='lat' dir='ltr'>lum</span> <span class='ocrx_word' id='word_1_1231' title='bbox 1141 2686 1297 2722; x_wconf 83' lang='lat' dir='ltr'>receperint.</span> <span class='ocrx_word' id='word_1_1232' title='bbox 1321 2685 1351 2712; x_wconf 76' lang='lat' dir='ltr'>l&#39;r.</span> <span class='ocrx_word' id='word_1_1233' title='bbox 1374 2688 1395 2711; x_wconf 94' lang='lat'>1.</span> <span class='ocrx_word' id='word_1_1234' title='bbox 1420 2696 1458 2722; x_wconf 87' lang='lat' dir='ltr'>pr.</span> <span class='ocrx_word' id='word_1_1235' title='bbox 1483 2685 1515 2711; x_wconf 88' lang='lat' dir='ltr'>de</span> <span class='ocrx_word' id='word_1_1236' title='bbox 1538 2694 1602 2719; x_wconf 77' lang='lat' dir='ltr'>mag.</span> <span class='ocrx_word' id='word_1_1237' title='bbox 1627 2693 1735 2710; x_wconf 89' lang='lat' dir='ltr'>conven.</span> <span class='ocrx_word' id='word_1_1238' title='bbox 1759 2686 1800 2711; x_wconf 90' lang='lat'>27.</span> <span class='ocrx_word' id='word_1_1239' title='bbox 1820 2687 1843 2711; x_wconf 74' lang='grc' dir='ltr'>ὅ.</span> <span class='ocrx_word' id='word_1_1240' title='bbox 1869 2685 1898 2711; x_wconf 82' lang='lat' dir='ltr'>cs.</span> 
     </span>
    </p>
   </div>
   <div class='ocr_carea' id='block_1_26' title="bbox 1066 2726 1898 2798">
    <p class='ocr_par' dir='ltr' id='par_1_38' title="bbox 1066 2726 1898 2798">
     <span class='ocr_line' id='line_1_123' title="bbox 1066 2726 1898 2757; baseline -0.001 -3"><span class='ocrx_word' id='word_1_1241' title='bbox 1066 2729 1095 2754; x_wconf 84' lang='lat' dir='ltr'>l&#39;r.</span> <span class='ocrx_word' id='word_1_1242' title='bbox 1114 2730 1155 2754; x_wconf 71' lang='lat'>28.</span> <span class='ocrx_word' id='word_1_1243' title='bbox 1182 2727 1214 2754; x_wconf 86' lang='lat' dir='ltr'>de</span> <span class='ocrx_word' id='word_1_1244' title='bbox 1237 2733 1284 2755; x_wconf 89' lang='lat' dir='ltr'>tut.</span> <span class='ocrx_word' id='word_1_1245' title='bbox 1311 2734 1334 2754; x_wconf 82' lang='lat' dir='ltr'>et</span> <span class='ocrx_word' id='word_1_1246' title='bbox 1355 2738 1407 2754; x_wconf 85' lang='lat' dir='ltr'>eur.</span> <span class='ocrx_word' id='word_1_1247' title='bbox 1427 2728 1478 2753; x_wconf 80' lang='lat' dir='ltr'>dat.</span> <span class='ocrx_word' id='word_1_1248' title='bbox 1497 2729 1539 2753; x_wconf 84' lang='lat'>26.</span> <span class='ocrx_word' id='word_1_1249' title='bbox 1559 2729 1582 2752; x_wconf 81' lang='lat'>5.</span> <span class='ocrx_word' id='word_1_1250' title='bbox 1619 2726 1757 2753; x_wconf 82' lang='lat' dir='ltr'>Postulare</span> <span class='ocrx_word' id='word_1_1251' title='bbox 1779 2732 1898 2757; x_wconf 81' lang='lat' dir='ltr'>tutorem,</span> 
     </span>
     <span class='ocr_line' id='line_1_124' title="bbox 1066 2769 1889 2798; baseline -0.001 -1"><span class='ocrx_word' id='word_1_1252' title='bbox 1066 2787 1097 2791; x_wconf 87' lang='lat'>—</span> <span class='ocrx_word' id='word_1_1253' title='bbox 1117 2772 1178 2797; x_wconf 86' lang='lat' dir='ltr'>item</span> <span class='ocrx_word' id='word_1_1254' title='bbox 1203 2773 1343 2798; x_wconf 77' lang='lat' dir='ltr'>nominare.</span> <span class='ocrx_word' id='word_1_1255' title='bbox 1370 2770 1397 2796; x_wconf 65' lang='lat' dir='ltr'>l‘r.</span> <span class='ocrx_word' id='word_1_1256' title='bbox 1417 2773 1442 2796; x_wconf 87' lang='lat'>2.</span> <span class='ocrx_word' id='word_1_1257' title='bbox 1468 2769 1500 2795; x_wconf 84' lang='lat' dir='ltr'>de</span> <span class='ocrx_word' id='word_1_1258' title='bbox 1523 2770 1641 2796; x_wconf 82' lang='lat' dir='ltr'>fideiuss.</span> <span class='ocrx_word' id='word_1_1259' title='bbox 1667 2775 1692 2796; x_wconf 87' lang='lat' dir='ltr'>et</span> <span class='ocrx_word' id='word_1_1260' title='bbox 1712 2770 1796 2796; x_wconf 79' lang='lat' dir='ltr'>mand.</span> <span class='ocrx_word' id='word_1_1261' title='bbox 1815 2772 1847 2787; x_wconf 80' lang='lat'>-›··</span> <span class='ocrx_word' id='word_1_1262' title='bbox 1877 2771 1889 2776; x_wconf 83' lang='lat'><strong><em>&#39;</em></strong></span> 
     </span>
    </p>
   </div>
   <div class='ocr_carea' id='block_1_27' title="bbox 1066 2782 1897 2850">
    <p class='ocr_par' dir='ltr' id='par_1_39' title="bbox 1066 2782 1897 2850">
     <span class='ocr_line' id='line_1_125' title="bbox 1817 2782 1897 2796; baseline -0.025 0"><span class='ocrx_word' id='word_1_1263' title='bbox 1817 2784 1855 2796; x_wconf 67' lang='lat' dir='ltr'>uA.</span> <span class='ocrx_word' id='word_1_1264' title='bbox 1880 2782 1897 2794; x_wconf 67' lang='lat' dir='ltr'>l.</span> 
     </span>
     <span class='ocr_line' id='line_1_126' title="bbox 1066 2813 1897 2850; baseline -0.006 -9"><span class='ocrx_word' id='word_1_1265' title='bbox 1066 2815 1106 2841; x_wconf 79' lang='lat' dir='ltr'>An</span> <span class='ocrx_word' id='word_1_1266' title='bbox 1131 2815 1166 2840; x_wconf 78' lang='lat' dir='ltr'>is.</span> <span class='ocrx_word' id='word_1_1267' title='bbox 1196 2816 1238 2850; x_wconf 88' lang='lat' dir='ltr'>qui</span> <span class='ocrx_word' id='word_1_1268' title='bbox 1264 2824 1292 2839; x_wconf 82' lang='lat' dir='ltr'>sc</span> <span class='ocrx_word' id='word_1_1269' title='bbox 1317 2813 1397 2839; x_wconf 78' lang='lat' dir='ltr'>voluit</span> <span class='ocrx_word' id='word_1_1270' title='bbox 1422 2823 1559 2840; x_wconf 78' lang='lat' dir='ltr'>excusare.</span> <span class='ocrx_word' id='word_1_1271' title='bbox 1588 2823 1636 2839; x_wconf 86' lang='lat' dir='ltr'>nec</span> <span class='ocrx_word' id='word_1_1272' title='bbox 1659 2814 1784 2839; x_wconf 82' lang='lat' dir='ltr'>obtinuit.</span> <span class='ocrx_word' id='word_1_1273' title='bbox 1809 2817 1897 2849; x_wconf 72' lang='lat' dir='ltr'>postea</span> 
     </span>
    </p>
   </div>
  </div>
 </body>
</html>
