2197 3121
1014 162 1106 193 PAT.

192 250 214 283 §.
227 251 268 276 31.
289 248 321 275 cl'.
341 249 362 282 ς’.
376 250 417 275 25.
456 248 509 284 Qui
529 258 541 274 a
561 246 712 273 beatissimo
732 244 879 283 patriarcha
900 249 1030 275 creantur,

191 293 248 319 sive
267 291 471 329 metropolitani,
491 292 547 317 sive
561 290 678 327 episcopi
697 288 800 319 suerint,
821 289 876 314 sive
890 287 1032 313 archiman-

192 335 283 366 dritae,
303 336 359 361 sive
378 332 585 372 orphanotrophi
605 337 653 358 etc⁴
673 331 710 358 lb.
731 342 752 358 c.
768 333 825 357 111.
845 331 866 364 §.
880 332 937 356 410.
962 330 1032 367 Papa

192 388 255 404 rom.
275 379 348 415 prior
366 377 486 404 omnibus
507 376 639 413 episcopis
660 379 685 401 et
704 373 859 412 patriarchis
875 372 973 399 sedeat.
994 372 1031 399 lb,

191 431 213 447 c.
237 422 292 447 119.
313 421 334 454 ς.
354 422 412 446 507.

228 464 472 491 Patria-iatum.
493 463 719 488 patriciorum
739 461 898 494 dignitas.
936 458 954 484 1.
967 460 1028 492 Sy.
1053 475 1054 494 3

191 506 282 533 Honor
304 507 427 544 patriciae
451 505 592 540 dignitatis.
618 513 638 529 c.
661 505 682 529 1.
707 503 739 529 de
759 502 836 529 Coss
864 503 902 527 12.
927 503 950 527 3.
988 501 1030 527 111.

191 551 258 577 οη.
277 549 381 576 Summa
401 548 553 586 patriciatus
573 546 692 583 dignitas.
713 546 734 579 ξ.
754 544 810 571 4.1.
831 544 882 579 Qu.
902 544 970 570 mod.
990 545 1030 570 ius
1052 553 1054 576 ς

192 597 248 629 pot.
270 594 291 618 l.
314 594 352 617 12.
372 590 418 617 Iul.
439 600 477 628 ep.
498 599 557 615 nov.
578 599 598 615 c.
616 591 655 615 75.
676 589 698 622 ξ
711 590 770 614 280.
807 587 964 613 Patriciatus
984 587 1029 613 ho-

190 645 239 661 nor
258 639 284 661 et
302 633 398 660 insulae
417 632 577 659 consulares.
597 631 663 658 Nov.
678 631 735 658 Val.
749 630 791 657 111.
811 630 844 656 de
863 629 982 656 honorat.
999 630 1029 656 II.

192 679 232 704 12.
253 687 274 703 c.
297 678 318 702 1.
338 686 377 713 pr.

227 719 429 746 Patricius.
467 718 592 750 (Subst.)
630 718 660 751 ξ.
681 718 715 744 1.
743 718 805 749 Qui
827 727 843 743 a
870 718 1030 744 Patribus

190 765 280 789 urbis
304 764 420 788 Romae
445 763 606 796 originem
630 761 757 793 repetit.
798 759 817 785 1.
843 760 903 793 Sy.
931 759 1030 789 Patres,
1052 763 1054 793 ἦ

189 804 303 831 Patricii.
323 804 365 831 Cf.
385 815 409 831 v.
429 804 513 830 Pater.
533 805 554 837 ξ.
575 806 598 830 5.
639 802 681 829 111,
704 803 770 830 Gn.
799 801 894 839 Populi
918 801 1031 839 adpella-

189 848 261 874 tione
283 848 398 874 universi
423 849 494 873 cives
519 846 711 883 significantur,
737 846 930 871 connumeratis
955 846 1031 871 etiam

189 891 321 928 patriciis;
345 890 431 927 plebis
445 895 530 916 autem
549 888 734 926 adpellatione,
753 889 810 914 sine
829 889 956 925 patriciis,
977 898 1032 914 cae-

189 935 239 960 teri
264 934 334 959 cives
359 933 548 968 significantur.
576 932 634 958 Gai.
659 931 675 957 I.
695 933 719 957 3.
758 930 954 961 Indifferenter,
979 935 1030 956 tam
1052 935 1054 965 l

1052 795 1054 811 l

1052 813 1054 833 1

1052 855 1054 869 ι

1052 872 1054 885 ‹

1052 912 1054 932 l

189 977 315 1013 patricios
330 986 406 1012 quam
420 975 547 1013 plebeiOS,
568 974 743 1010 (Quaestores
759 975 862 1006 creari.)
883 974 912 1000 fr.
928 975 950 999 l.
971 973 993 1006 §.
1006 974 1030 998 3.
1052 967 1053 971 ¹

189 1018 222 1045 de
246 1019 289 1045 off.
315 1020 456 1054 Quaestor.
477 1020 499 1044 1.
520 1019 560 1043 13.
602 1017 745 1049 Patricius,
770 1022 795 1043 et
818 1016 925 1043 nobilis.
955 1016 986 1042 fr.
1005 1018 1030 1042 2.
1052 1018 1054 1032 ³

188 1062 210 1095 ξ.
231 1063 271 1087 43.
292 1061 325 1088 de
345 1061 377 1087 Ο.
398 1061 416 1087 Ι.
437 1063 459 1086 1.
478 1062 502 1086 2.
540 1059 644 1086 Patricii
665 1065 690 1085 et
710 1060 787 1086 Coss.
808 1059 837 1085 fr.
860 1061 899 1086 12.
919 1060 941 1093 §.
957 1061 978 1085 l.
999 1058 1031 1085 de

188 1104 309 1130 Senator.
332 1106 352 1130 l.
372 1106 396 1130 9.
416 1119 448 1123 —
468 1104 499 1136 ξ.
518 1105 554 1130 2.
581 1104 642 1129 Cui
660 1104 793 1129 honoris
809 1104 928 1138 gratia
949 1104 1031 1128 titu-

188 1149 238 1173 Ins
256 1149 409 1181 parentis
430 1148 604 1180 Principis
623 1147 798 1179 impositus
817 1151 870 1172 est.
909 1144 951 1170 111.
964 1146 1030 1172 (7η.

187 1189 340 1225 Magnificus
365 1190 417 1219 vir,
443 1198 537 1225 parens
560 1189 739 1226 patriciusque
759 1193 856 1214 noster.
885 1187 952 1214 Nov.
973 1186 1030 1213 Val.

187 1232 229 1258 111.
250 1232 281 1258 de
300 1241 368 1257 suar.
388 1231 418 1257 11.
438 1233 479 1257 36.
499 1241 520 1257 c.
542 1233 564 1257 1.
584 1232 605 1265 ξ.
629 1233 650 1257 1.
688 1230 735 1257 Vir
759 1232 900 1268 patricius,
925 1230 967 1257 vel
988 1240 1031 1256 ex-

187 1275 321 1312 patricius.
343 1284 364 1300 c.
383 1276 406 1299 3.
427 1284 465 1310 pr.
489 1274 533 1300 ubi
553 1273 641 1300 Senat.
662 1284 686 1299 v.
707 1273 818 1300 Clariss.
839 1275 863 1299 3.
883 1276 924 1300 24.

225 1317 430 1343 Patricius.
450 1316 579 1349 (Adiect.)
609 1318 655 1342 Ad
671 1319 837 1350 patricios
855 1318 1028 1350 pertinens.
1050 1312 1052 1336 l

185 1360 230 1386 III.
251 1361 316 1387 Gn.
341 1359 447 1385 Patricii
467 1358 516 1385 sori
536 1358 682 1396 privilegia.
710 1358 759 1385 Th.
781 1359 811 1385 C.
831 1359 864 1385 X:
887 1361 925 1385 10.
946 1369 967 1385 c.
986 1360 1028 1384 33.
1050 1387 1052 1395 y

186 1403 220 1430 de
238 1404 313 1440 petit.
335 1407 360 1428 et
379 1402 449 1428 ultro
469 1402 520 1428 dat.
557 1402 678 1438 Dignitas
702 1403 818 1439 patricia.
844 1401 884 1428 Cf.
904 1412 928 1428 v.
949 1401 1030 1428 Patri·
1050 1398 1051 1412 ³

187 1446 277 1472 ciatus.

223 1487 524 1515 Patrimonialis.
557 1487 694 1520 (Adiect.)
726 1490 773 1514 Ad
788 1489 1028 1522 patrimonium

184 1533 370 1566 pertinens,
391 1533 473 1565 quod
493 1533 603 1557 usibus
619 1533 790 1565 Principis
809 1537 837 1557 et
857 1532 1029 1565 regiaedo-

186 1584 253 1600 mus
282 1575 421 1599 eiusdem
450 1575 598 1599 inservit.
644 1573 662 1599 I.
687 1574 748 1607 Sy.
778 1572 820 1599 Ad
845 1573 1028 1610 patrimonium

187 1621 307 1642 nostrum
326 1617 460 1653 pertinens
480 1615 620 1647 (fundus.)
641 1615 691 1641 Th.
712 1616 741 1642 C.
761 1615 806 1642 XI.
830 1617 868 1642 16.
890 1626 911 1642 c.
930 1618 972 1641 20.
994 1615 1026 1642 cs.

188 1669 209 1685 c.
230 1661 253 1685 l.
275 1669 314 1695 sq.
335 1669 356 1684 c.
371 1660 394 1684 9.
415 1669 435 1684 c.
453 1660 491 1684 17.
512 1658 544 1684 de
565 1663 630 1684 extr.
650 1668 670 1684 s.
691 1658 762 1684 sord.
798 1658 842 1685 111.
858 1660 923 1686 Gn.
944 1658 1029 1684 Fundi
1050 1650 1051 1690 l

188 1701 388 1738 emphyteutici.
414 1701 657 1738 patrImonialisque.
676 1702 748 1727 iuris.
774 1701 809 1727 lh.
830 1700 861 1727 V.
884 1703 923 1728 13.
947 1712 968 1727 c.
989 1704 1028 1727 19.
1050 1722 1051 1736 3

188 1744 301 1777 (Wek.)
320 1744 364 1770 XI.
387 1746 426 1769 16.
451 1754 472 1770 c.
491 1746 515 1769 2.
541 1754 561 1770 c.
581 1745 605 1770 9.
626 1754 648 1770 c.
672 1745 709 1770 17.
748 1743 963 1775 Patrimoniales,
983 1754 1029 1770 seu
1050 1765 1051 1773 .

188 1786 347 1823 limitrophi,
365 1786 407 1812 vel
426 1786 573 1812 saltuenses
593 1786 673 1813 fundi.
699 1786 765 1812 Nov.
786 1786 834 1812 Th.
852 1786 882 1812 II.
901 1786 934 1812 de
952 1787 1029 1823 patri·
1050 1794 1051 1801 ¹

187 1829 292 1855 monial.
312 1829 330 1854 1.
349 1830 372 1855 3.
393 1840 414 1855 c.
434 1831 458 1854 2.
483 1829 504 1862 §.
528 1831 547 1855 1.
585 1828 651 1855 luris
675 1829 879 1866 patrimonialis,
903 1829 945 1855 vel
965 1830 1028 1866 reip.

188 1871 300 1908 praedia.
322 1871 370 1897 Th.
392 1871 422 1897 C.
443 1870 474 1897 V.
497 1873 535 1897 13.
556 1882 576 1897 c.
596 1874 637 1897 33.
659 1871 762 1905 (wok.)
783 1871 814 1898 ef.
834 1872 867 1898 X.
889 1874 927 1898 10.
949 1882 969 1898 c.
986 1873 1027 1898 21.
1050 1868 1051 1880 ’

188 1915 221 1941 de
239 1915 313 1951 petit.
334 1919 359 1940 et
379 1914 447 1940 ultro
468 1914 519 1940 dat.

227 1957 518 1984 Patrimonium.
560 1957 590 1990 ξ.
613 1958 648 1983 1.
678 1958 767 1983 Bona
791 1967 807 1983 α
829 1959 1022 1991 parentibus

184 2003 346 2037 profecta.
384 2000 402 2026 1.
423 2001 485 2033 Sy.
506 1999 668 2026 Facultates.
688 1999 741 2025 Res
762 2002 926 2032 (maternae.)
946 2000 1027 2027 Patri-
1048 1996 1050 2027 ,¹

187 2045 303 2070 monium
323 2043 509 2075 (maternum.)
532 2041 580 2068 Th.
601 2041 631 2068 C.
653 2041 720 2068 Vlll.
743 2043 781 2068 18.
802 2052 822 2068 c.
845 2044 866 2069 1.
887 2053 926 2080 pr.
946 2043 983 2077 ἐξ.
1005 2046 1025 2069 1.

189 2095 247 2122 sqq.
267 2085 299 2112 de
317 2091 427 2112 matern.
445 2085 506 2111 bon.
544 2085 586 2111 III.
603 2086 666 2112 Cn.
687 2085 727 2111 Ex
747 2086 904 2122 patrimonio
918 2090 1026 2123 paterno

189 2128 299 2155 solvere.
320 2128 349 2154 fr.
369 2130 409 2154 61.
431 2127 462 2154 de
483 2127 557 2154 cond.
578 2127 664 2153 indeb.
686 2129 725 2154 12.
745 2129 769 2154 6.
790 2144 821 2147 -
842 2129 872 2161 §.
887 2130 922 2155 2.
943 2131 1027 2155 Fun·
1048 2153 1050 2159 ,

189 2173 245 2197 clus
263 2173 494 2198 hereditarius.
533 2170 563 2196 Il.
585 2172 652 2204 Op.
678 2169 706 2196 In
726 2170 817 2203 domo,
837 2172 1027 2208 patrimoniove

190 2223 248 2243 suo,
267 2213 308 2239 vel
328 2214 444 2250 qualibet
464 2230 496 2233 —
515 2214 693 2251 possessione.
715 2213 764 2239 Th.
785 2213 814 2240 C.
836 2213 891 2240 Vll.
910 2216 949 2241 18.
970 2225 990 2241 c.
1003 2217 1026 2241 9.

191 2266 229 2292 pr.
250 2255 282 2281 de
301 2255 426 2283 desertor.
441 2273 472 2276 —
493 2257 523 2290 ἓ.
539 2258 575 2283 3.
597 2258 789 2282 Substantia
808 2259 955 2283 bonorum
975 2268 1027 2284 ηο-

191 2305 339 2324 strorum.
374 2299 393 2325 I.
411 2301 472 2334 Sy.
492 2300 573 2326 Bona.
594 2298 635 2325 Cl'.
656 2299 678 2324 h.
699 2309 723 2325 v,
743 2299 764 2332 ξ
787 2301 808 2325 l.
847 2299 959 2326 Familia.
983 2299 1025 2326 Cf.
1048 2303 1050 2328 ι’

191 2341 215 2367 h.
235 2351 258 2366 v.
280 2340 434 2373 Facultates,
454 2342 592 2373 Fortunae,
613 2342 724 2368 Census
746 2342 775 2368 l'r.
792 2343 830 2368 16.
849 2352 888 2379 pr.
909 2342 940 2368 ad
960 2342 1026 2369 S.C.
1048 2339 1049 2369 Ῐ

191 2383 271 2409 Treh.
291 2384 332 2408 36.
351 2385 373 2409 l.
414 2383 467 2410 Res
485 2385 631 2417 (Italicae.)
658 2384 843 2411 Patrimonium
864 2384 1026 2417 (Italicum.)

191 2426 221 2452 fr.
241 2427 281 2451 35.
302 2426 323 2459 ξ.
343 2428 367 2451 3.
393 2425 425 2451 de
443 2426 530 2453 hered.
550 2429 610 2454 inst.
629 2429 671 2453 28.
691 2429 713 2453 5.
752 2426 876 2453 Nostrum
896 2437 962 2454 esse.
998 2428 1027 2454 In

191 2469 347 2506 patrimonio
362 2473 452 2494 nostro
467 2472 615 2506 computari.
637 2470 666 2496 fr.
678 2472 701 2496 8.
722 2471 758 2504 ἐξ.
775 2472 797 2496 l.
810 2480 849 2506 sq.
864 2470 921 2496 fam.
936 2472 1026 2497 ercisc.

194 2514 232 2538 lo.
251 2514 275 2537 2.
295 2511 324 2537 fr.
346 2512 384 2537 14.
405 2512 440 2544 §§.
459 2513 479 2536 l.
500 2521 539 2547 sq.
560 2511 591 2538 de
610 2522 686 2539 servo
707 2523 772 2539 corr.
789 2514 828 2539 ll.
847 2514 870 2539 3.
908 2513 938 2539 lI.
960 2515 1025 2547 ΟΡ.

192 2555 315 2584 Pcrsona,
335 2553 483 2580 Personale.
504 2553 534 2579 fr.
552 2556 594 2580 22.
614 2556 635 2588 §.
655 2557 678 2581 7.
698 2556 729 2582 ad
749 2557 841 2581 munic.
859 2557 938 2581 50.1.
958 2555 988 2582 fr.
1002 2558 1025 2582 2.

192 2599 213 2632 §.
233 2600 256 2623 4.
282 2596 313 2623 de
338 2607 392 2623 vac.
419 2601 444 2622 ct
467 2606 553 2622 excuS.
578 2598 619 2622 50.
644 2599 668 2623 5.
709 2598 830 2630 Praedia,
855 2609 920 2635 quae
942 2600 1026 2625 nostri

193 2641 344 2678 patrimonii
363 2644 438 2670 sunt3
458 2639 504 2665 sed
524 2644 549 2665 et
568 2640 711 2675 vectigalia,
729 2642 772 2668 vel
786 2642 963 2678 superficiaria
978 2646 1025 2668 etc.

193 2684 223 2710 fr.
244 2686 283 2710 10.
304 2682 361 2709 fam.
382 2684 471 2709 ercisc.
493 2684 532 2708 10.
552 2684 576 2707 2.
614 2682 688 2717 Quae
711 2684 736 2710 in
760 2686 916 2721 patrimonio
940 2684 1024 2711 habet.

193 2743 226 2746 —
246 2727 321 2762 Quae
341 2727 365 2751 in
384 2724 533 2751 nominibus
558 2729 625 2751 sunt.
650 2724 681 2751 sr.
700 2727 723 2752 9.
747 2737 800 2753 rem
819 2738 881 2765 pup.
901 2727 965 2754 salv.
985 2729 1024 2754 46.

193 2770 217 2795 6.
258 2769 300 2795 111.
322 2770 388 2796 (711.
412 2767 514 2799 Idonei,
538 2778 590 2794 non
614 2772 665 2793 tam
689 2769 842 2804 patrimonio
867 2781 942 2807 quam
966 2770 1025 2797 fide.

195 2812 224 2838 tr.
245 2814 302 2838 112.
322 2812 343 2846 §.
360 2813 380 2837 l.
402 2810 434 2837 de
447 2810 478 2837 V.
494 2810 526 2836 Ο.
540 2812 580 2837 45.
597 2812 619 2837 1.
655 2809 707 2836 Pro
725 2810 891 2839 facultatibus
910 2813 1025 2840 defuncti

1852 161 1914 192 687

1078 249 1103 271 et
1122 244 1287 281 depositione
1308 243 1351 277 [al.
1371 243 1517 281 positione]
1537 243 1687 280 patrimonii
1706 241 1830 274 (deberi.)
1849 241 1878 268 fr.
1890 244 1914 268 3.

1077 287 1113 321 ἐξ
1132 289 1155 313 2.
1176 297 1215 324 sq.
1241 286 1273 313 de
1296 297 1353 313 ann.
1378 287 1454 323 legat.
1473 289 1514 313 33.
1536 289 1557 313 1.
1600 286 1700 312 Omnes
1723 294 1780 315 reS,
1805 293 1869 320 quas
1889 285 1914 310 in

1077 331 1203 366 cuiusque
1220 330 1377 367 patrimonio
1397 340 1456 356 esse
1470 334 1610 356 constaret.
1630 329 1660 355 fr.
1676 330 1697 354 1.
1718 327 1750 354 de.
1764 326 1845 353 usufr.
1863 337 1914 354 ear.

1077 383 1124 399 rer.
1145 375 1167 399 7.
1187 374 1211 400 5.
1231 372 1263 399 cf.
1289 372 1345 399 Gai.
1366 372 1395 399 11.
1418 375 1439 399 1.
1476 372 1557 399 Velut
1575 373 1711 409 proprium
1730 370 1915 408 patrimonium

1077 415 1180 442 habere.
1200 415 1230 442 fr.
1249 416 1290 442 39.
1312 415 1343 441 cf.
1364 415 1394 441 l'r.
1413 417 1454 441 32.
1474 426 1512 453 pr.
1532 415 1562 441 fr.
1582 417 1623 442 47.
1644 415 1665 449 ξ.
1680 416 1703 441 6.
1723 413 1755 440 de
1774 412 1860 450 pecul.
1874 414 1913 439 15.

1079 461 1098 486 l.
1136 458 1164 485 In
1188 468 1284 495 corpus
1308 459 1458 495 patrimonii
1482 459 1654 495 (pervenire,
1679 467 1702 483 v.
1727 456 1826 487 redire,
1846 456 1913 488 etc.)

1053 500 1054 512 ¹
1075 501 1105 527 fr.
1124 503 1166 527 20.
1186 501 1237 536 Qu.
1257 506 1316 527 met.
1342 511 1363 527 c.
1383 503 1407 527 4.
1427 504 1449 527 2.
1474 501 1502 527 fr.
1523 503 1565 527 25.
1589 501 1610 534 ξ.
1633 502 1671 527 16.
1696 500 1728 526 dc
1751 498 1840 526 hered.
1860 502 1913 535 pet.

1075 547 1099 570 5.
1118 546 1142 570 3.
1179 544 1331 571 Patrimonii
1351 545 1401 570 mei
1425 544 1538 570 reditum
1562 543 1634 576 (dari
1653 542 1743 576 volo.)
1773 542 1802 568 fr.
1821 544 1863 567 22.
1881 540 1914 567 de

1076 597 1124 614 usu
1143 592 1169 614 et
1192 587 1273 614 usufr.
1298 586 1347 623 leg.
1366 588 1408 613 33.
1428 589 1452 613 2.
1490 586 1587 613 Totum
1611 587 1795 623 patrimonium
1820 584 1913 620 legatis

1077 647 1105 651 -—-
1128 640 1241 666 erogare.
1256 646 1287 649 —
1307 629 1366 656 Non
1386 629 1446 667 plus
1466 639 1541 666 quam
1561 629 1715 655 dodrantem
1734 630 1816 654 totius
1835 627 1913 665 patri-

1075 674 1155 699 monii
1174 673 1267 708 Iegare.
1293 672 1349 699 Gai.
1370 672 1400 699 lI.
1419 675 1477 699 224.
1497 682 1555 708 sqq.
1580 672 1640 709 le.
1660 671 1756 698 XXIV.
1775 673 1816 697 32.
1854 669 1912 696 Non

1075 718 1160 743 minus
1179 726 1254 753 quam
1274 721 1374 753 partem
1389 732 1420 735 —
1439 716 1589 754 patrimonii
1609 716 1648 741 sui
1668 714 1835 751 impendisse.
1856 712 1912 738 Gai.

1077 759 1094 786 l.
1114 761 1155 785 33
1181 776 1211 779 —
1237 760 1268 792 ᾗ.
1289 761 1327 785 4.
1354 761 1479 794 Corpus
1502 769 1605 785 rernm
1624 759 1815 794 fiscalium,
1838 758 1913 782 item

1075 812 1177 829 rerum
1191 804 1365 836 Principis
1383 808 1447 828 tam
1466 804 1676 836 privatarum
1696 810 1786 834 quarn
1804 800 1912 833 patri-

1076 847 1271 872 monialium⁴
1310 844 1328 870 I.
1345 845 1406 879 Sy.
1431 844 1547 871 Fiscales
1573 854 1622 870 res.
1660 843 1743 875 Loca,
1768 852 1833 878 quae
1852 845 1914 867 sunt

1053 891 1054 908 i
1077 889 1102 914 in
1122 888 1180 914 tisri
1198 888 1363 924 patrimonio.
1383 887 1413 913 t‘r.
1433 890 1456 913 2.
1476 888 1497 921 ξ.
1515 889 1538 914 4.
1559 897 1591 913 ne
1611 897 1653 923 qu.
1673 888 1699 913 in
1719 886 1777 912 loco
1796 884 1857 921 pub.
1872 884 1912 908 43.

1075 934 1098 957 8.
1136 930 1228 957 Fiscus
1248 935 1345 956 noster.
1383 930 1570 956 Patrimonium
1595 939 1705 956 sacrum.
1734 928 1783 955 Th.
1805 927 1835 954 C.
1856 925 1911 952 Vll.

1052 974 1054 982 ¹
1078 975 1117 1000 18.
1137 984 1158 1000 c.
1178 975 1201 1000 6.
1227 974 1248 1006 ᾖ.
1270 975 1291 998 l.
1317 983 1338 999 c.
1359 975 1381 999 7.
1406 984 1443 1010 pr.
1473 973 1504 999 de
1528 973 1655 999 desertor.
1698 972 1850 998 Domiuium
1875 979 1913 995 sa-

1076 1027 1155 1043 crum.
1192 1015 1245 1042 Res
1270 1020 1366 1041 nostra.
1392 1015 1429 1041 Ib.
1449 1016 1481 1042 X.
1504 1018 1525 1041 l.
1550 1026 1570 1042 c.
1591 1017 1614 1041 8.
1640 1025 1660 1041 c.
1681 1016 1720 1041 15.
1741 1024 1780 1050 sq.
1806 1013 1838 1039 de
1858 1013 1913 1038 iure

1075 1060 1141 1086 fisci.
1178 1058 1209 1085 II.
1229 1060 1295 1092 ΟΡ.
1319 1058 1347 1084 In
1368 1068 1417 1085 usu
1437 1058 1556 1095 publico,
1578 1075 1608 1079 —
1631 1058 1659 1084 In
1678 1057 1835 1095 patrimonio
1855 1055 1913 1081 fisci

1052 1095 1053 1106 l
1076 1104 1151 1134 (res.)
1171 1102 1200 1128 fr.
1223 1103 1262 1127 72.
1283 1102 1304 1135 ξ.
1326 1103 1348 1128 l.
1369 1101 1400 1127 de
1421 1107 1502 1127 contr.
1523 1106 1582 1127 emt.
1604 1102 1643 1127 18.
1664 1103 1685 1127 l.
1710 1100 1740 1126 fr.
1762 1102 1801 1126 14.
1821 1109 1860 1136 pr.
1880 1097 1913 1124 de

1075 1146 1106 1173 Α.
1120 1145 1150 1172 R.
1171 1145 1204 1171 D.
1223 1146 1264 1171 41.
1287 1146 1308 1171 l.
1346 1144 1389 1170 III.
1411 1145 1476 1171 Cn.
1501 1143 1609 1170 Praedia
1633 1143 1767 1175 Caesaris,
1796 1152 1862 1179 quae.
1886 1141 1912 1166 in

1075 1189 1182 1215 formam
1201 1188 1351 1225 patrimonii
1371 1186 1483 1218 redacta,
1504 1187 1553 1213 sub
1572 1187 1745 1213 Procuratore
1762 1184 1912 1222 patrimonii

1075 1237 1143 1258 sunt.
1168 1230 1197 1257 fr.
1217 1232 1258 1257 39.
1284 1231 1305 1264 ξ.
1327 1232 1366 1256 10,
1392 1229 1424 1256 de
1448 1230 1522 1266 legat.
1548 1230 1566 1256 Ι.
1592 1231 1665 1263 (30.)
1702 1230 1804 1256 Domus
1822 1226 1864 1253 vel
1884 1225 1911 1251 S.

1074 1275 1232 1312 patrimonii,
1252 1273 1294 1299 vel
1315 1272 1502 1310 emphyteutici
1522 1274 1595 1303 iuris,
1614 1272 1656 1298 vel
1676 1272 1808 1298 hominum
1828 1270 1912 1307 priva—

1073 1323 1166 1344 torum.
1187 1316 1236 1343 Th.
1255 1315 1286 1343 C.
1300 1315 1345 1342 XI.
1366 1318 1388 1342 5.
1410 1326 1430 1342 c.
1449 1318 1473 1342 2.
1494 1316 1526 1342 de
1546 1315 1680 1342 indiction.
1717 1314 1912 1343 Patrimonium,

1073 1360 1143 1397 quod
1162 1361 1291 1397 privatum
1311 1363 1430 1385 nostrum
1451 1364 1497 1385 est.
1529 1358 1598 1385 Patr.
1618 1359 1723 1396 pietatis
1742 1362 1855 1383 nostrae.
1874 1355 1911 1381 lb.

1074 1404 1106 1429 Χ.
1129 1405 1150 1429 1.
1179 1413 1200 1429 c.
1224 1404 1247 1429 8.
1276 1402 1309 1429 de
1336 1403 1393 1428 iure
1420 1402 1486 1428 fisci.
1511 1402 1556 1428 XI.
1583 1404 1604 1428 l.
1634 1412 1655 1428 c.
1679 1402 1720 1427 36.
1749 1400 1781 1427 de
1805 1409 1862 1426 ann.
1887 1403 1911 1424 et

1073 1446 1163 1472 trihut.

1111 1488 1381 1515 Patrimonium
1413 1486 1552 1519 (Adiect.)
1584 1487 1851 1514 patrimonialis.
1893 1484 1911 1510 Ι.

1050 1529 1052 1540 '
1074 1533 1135 1566 Sy.
1155 1531 1306 1557 Patrimonii
1326 1531 1398 1562 iuris,
1418 1529 1612 1556 Patrimonialis
1632 1530 1696 1556 iuris
1711 1529 1841 1562 (l'undus.)
1861 1527 1910 1554 Th.

1050 1608 1051 1613 1
1074 1575 1103 1601 C.
1125 1574 1156 1600 V.
1179 1576 1217 1600 13.
1238 1584 1258 1599 c.
1278 1575 1320 1599 31.
1340 1583 1398 1609 sqq.
1419 1572 1524 1606 (ch.)

1111 1617 1277 1644 Patrius.
1314 1615 1452 1648 (Adiect.)
1490 1616 1521 1648 §0
1541 1616 1575 1642 l.
1600 1617 1648 1642 ,4AE
1668 1621 1790 1649 patrem
1808 1615 1911 1648 perti-

1073 1671 1154 1687 nens.
1191 1659 1233 1686 111.
1249 1660 1314 1686 Cn.
1334 1658 1392 1685 Iure
1411 1659 1496 1696 patrio
1515 1659 1574 1691 (uti,
1594 1668 1617 1684 v.
1638 1658 1788 1694 corrigere.)
1808 1656 1838 1683 fr.
1854 1657 1910 1683 132.

1073 1713 1112 1740 pr.
1131 1702 1164 1728 (le
1182 1701 1213 1728 V.
1235 1701 1267 1728 Ο,
1287 1703 1328 1727 45.
1350 1703 1372 1727 l.
1398 1712 1417 1727 c.
1441 1703 1461 1727 1.
1487 1700 1519 1727 de
1543 1700 1641 1727 emend.
1666 1701 1806 1737 propinqu.
1825 1701 1849 1725 9.
1870 1700 1910 1725 15.

1074 1746 1131 1772 Iure
1150 1746 1248 1782 patriae
1267 1745 1407 1781 potestatis
1428 1744 1545 1775 (turbare
1565 1746 1627 1772 etc.)
1652 1743 1681 1769 sr.
1704 1745 1724 1770 Ι,
1745 1743 1766 1776 ξ.
1786 1745 1808 1769 5.
1830 1742 1861 1768 de
1881 1741 1910 1767 li-

1050 1776 1052 1788 *
1074 1788 1126 1814 ber.
1147 1787 1234 1814 exhib.
1254 1789 1293 1813 43.
1313 1788 1354 1812 30.
1392 1786 1555 1812 Constitutio
1574 1787 1664 1823 patria.
1686 1785 1735 1812 Th.
1755 1785 1785 1812 C.
1805 1785 1848 1811 XI.
1868 1786 1909 1810 30.

1074 1841 1094 1857 c.
1114 1832 1155 1856 24.
1176 1829 1208 1856 de
1227 1839 1285 1866 app.
1307 1834 1332 1855 et
1351 1839 1427 1866 poen.
1448 1846 1478 1849 —
1500 1830 1530 1863 §.
1547 1831 1581 1856 2.
1603 1830 1745 1856 Natalis.
1781 1827 1824 1854 111.
1844 1828 1909 1854 Gn.

1073 1873 1100 1899 In
1120 1873 1231 1910 patrium
1251 1871 1335 1898 solum
1354 1882 1485 1898 revocare.
1509 1872 1539 1898 fr.
1561 1874 1582 1898 l.
1603 1871 1635 1898 de
1655 1871 1787 1898 decurion.
1807 1873 1848 1896 50.
1867 1872 1892 1896 2.

1110 1915 1363 1942 Patrocinari.
1401 1917 1616 1952 Suffragari.
1653 1914 1672 1940 Ῑ.
1692 1916 1753 1948 Sy.
1778 1913 1910 1940 Prodesse

1073 1958 1288 1995 (exceptionem.)
1308 1957 1339 1984 fr.
1358 1960 1382 1984 2.
1402 1958 1423 1992 ξ.
1444 1961 1467 1984 ὃ.
1488 1959 1510 1984 si
1530 1968 1573 1995 qu.
1593 1962 1670 1984 cautt.
1689 1959 1767 1984 211.
1795 1956 1825 1983 II.
1842 1958 1908 1990 ⁰11·

1072 2001 1204 2028 Beneficio
1224 2001 1321 2027 aetatis.
1342 2017 1371 2020 —
1392 2000 1450 2027 Etsi
1469 2006 1539 2027 aetas
1558 2011 1611 2027 non
1629 2001 1814 2038 patrocinetur.
1836 1998 1865 2025 fr.
1884 2000 1908 2025 6.

1072 2044 1103 2070 de
1123 2043 1140 2070 I.
1161 2043 1179 2070 I.
1199 2043 1230 2069 R.
1251 2045 1274 2069 4.
1296 2045 1318 2070 l.
1354 2043 1397 2070 III.
1417 2045 1482 2071 οη.
1503 2043 1653 2070 Substituto
1672 2043 1859 2081 patrocinatur,
1881 2046 1909 2067 ut

1071 2088 1219 2113 institutum
1238 2086 1324 2122 aliqua
1343 2087 1444 2113 ratione
1463 2086 1592 2113 excludat.
1612 2086 1641 2113 fr.
1661 2088 1700 2112 12,
1721 2086 1752 2111 de
1772 2096 1803 2111 m.
1824 2095 1844 2110 c.
1865 2084 1909 2110 do-

1072 2135 1122 2156 nat.
1142 2132 1183 2156 39.
1203 2130 1227 2156 6.
1264 2128 1406 2156 voluntate
1429 2131 1610 2166 patrocinante
1635 2128 1751 2163 (tardius
1770 2127 1907 2165 produci.)

1073 2173 1102 2199 fr.
1124 2174 1164 2199 19.
1185 2182 1223 2209 pr.
1244 2172 1277 2199 de
1296 2172 1371 2198 cond.
1392 2177 1417 2199 et
1437 2172 1503 2199 dem.
1522 2175 1563 2199 35.
1586 2174 1606 2198 l.

1109 2215 1383 2242 Patrocinium·
1420 2216 1450 2249 ξ.
1471 2218 1505 2242 l·
1527 2217 1642 2242 Munus
1659 2216 1800 2248 patroni.
1830 2216 1906 2241 Pro-

1071 2260 1219 2294 curatio„
1251 2258 1268 2284 I.
1289 2260 1350 2292 Sy.
1378 2257 1516 2285 Clientela.
1547 2257 1586 2283 Cf.
1607 2257 1630 2283 h.
1651 2267 1674 2283 v.
1699 2257 1720 2290 ξ.
1746 2259 1766 2283 l.
1805 2256 1905 2282 Causas

1072 2312 1159 2332 orare,
1179 2301 1323 2328 Causarum
1341 2302 1515 2338 patrocinium
1534 2300 1660 2336 profiteri.
1681 2310 1700 2326 c.
1721 2302 1744 2326 9.
1764 2299 1796 2325 de.
1815 2298 1905 2324 advoc.

1072 2344 1123 2371 div.
1147 2344 1266 2370 iudicior.
1285 2346 1309 2369 2.
1331 2345 1353 2369 7.
1390 2343 1431 2369 IlI.
1452 2344 1518 2370 (7²1.
1545 2342 1625 2369 Vicos
1648 2344 1674 2369 in
1698 2352 1772 2368 suum
1795 2341 1905 2378 patroci-

1071 2388 1141 2413 nium
1160 2388 1303 2423 suscipere.
1339 2385 1456 2412 Rusticis
1479 2386 1623 2422 patrocinia
1646 2385 1778 2422 praehere.
1803 2383 1851 2409 Th.
1873 2382 1903 2410 C.

1070 2430 1115 2456 XI.
1128 2431 1170 2456 24.
1191 2440 1211 2455 c.
1225 2431 1249 2455 3.
1263 2438 1302 2465 sq.
1316 2428 1348 2454 de
1362 2433 1459 2465 patroc.
1479 2429 1560 2454 vicor.
1597 2427 1636 2454 Ne
1654 2428 1755 2464 patroni
1775 2427 1800 2452 in
1819 2436 1904 2458 causa,

1071 2474 1112 2499 eui
1125 2473 1297 2510 patrocinium
1311 2472 1506 2507 praestiterunt,
1520 2471 1696 2497 testimonium
1710 2469 1804 2495 dicant.
1822 2469 1851 2495 fr.
1862 2471 1903 2495 25.

1071 2515 1103 2542 de
1122 2515 1210 2541 testib.
1230 2517 1271 2540 22.
1291 2516 1314 2540 5.
1352 2513 1427 2548 Quae
1450 2515 1566 2550 propriis
1590 2513 1722 2539 advocatis
1748 2522 1795 2548 pro
1818 2517 1905 2549 patro—

1071 2559 1139 2585 cinio
1158 2561 1299 2594 praestent.
1322 2555 1368 2582 Iul.
1389 2566 1429 2593 ep.
1450 2566 1509 2582 nov.
1530 2566 1549 2582 c.
1571 2558 1627 2582 122.
1647 2556 1668 2589 §.
1688 2557 1746 2581 527.
1767 2572 1796 2574 —
1818 2555 1847 2588 ξ.
1868 2556 1903 2582 2.

1072 2601 1297 2637 Suffragatz'o.
1317 2598 1335 2625 I.
1346 2601 1407 2633 Sy.
1423 2599 1586 2634 Suffragium.
1607 2597 1766 2624 Th.C.X11.
1779 2599 1800 2623 1.
1813 2608 1833 2624 c.
1847 2599 1902 2623 171.

1070 2644 1091 2676 §.
1104 2645 1128 2669 2.
1149 2653 1170 2669 c.
1185 2644 1241 2668 172.
1262 2642 1283 2675 §
1300 2644 1321 2668 1.
1341 2641 1373 2668 de
1387 2641 1518 2668 decurion.
1555 2640 1598 2666 III.
1611 2641 1676 2667 011.
1695 2640 1745 2666 Per
1757 2640 1904 2677 subreptio-

1069 2695 1139 2716 nem,
1168 2684 1211 2711 vel
1238 2684 1357 2711 illicitum
1381 2685 1554 2721 patrocinium
1578 2684 1708 2715 (transire
1731 2683 1763 2709 ad
1785 2683 1902 2709 militiam

1069 2728 1217 2760 armatam.)
1242 2727 1278 2754 lb.
1299 2727 1366 2753 VIII.
1387 2728 1409 2752 4.
1430 2737 1451 2752 c.
1470 2728 1511 2752 28.
1532 2725 1564 2751 de
1583 2725 1708 2752 cohortal.
1744 2725 1902 2752 Patrocinio-

1069 2781 1124 2797 rum
1142 2769 1246 2802 fiducia,
1264 2770 1306 2796 vel
1326 2770 1430 2796 nomine
1449 2768 1590 2795 cuiuslibet
1608 2768 1749 2795 altissimae
1769 2769 1901 2804 dignitatis

1069 2813 1236 2846 (subtrahere
1254 2813 1304 2845 se.)
1329 2812 1364 2838 lb.
1385 2810 1453 2838 XIII.
1476 2813 1497 2837 1.
1518 2822 1538 2838 e.
1557 2813 1598 2838 21.
1619 2811 1651 2838 de
1669 2811 1743 2838 lustr.
1763 2811 1849 2838 collat.
