2197 3121
933 170 1014 202 ALP
1039 189 1077 196 -
1101 170 1196 203 ALT.

198 259 228 281 et
244 255 272 281 in
288 253 348 281 aliis
366 254 520 291 provinciis.
540 262 562 279 c.
581 253 605 279 7.
624 262 663 289 pr.
689 251 722 278 de
740 256 819 289 temp.
839 250 858 278 I.
878 250 897 278 1.
916 250 992 278 Rnis.
1014 254 1038 279 2.

198 299 242 324 53.
262 296 294 324 cf.
314 307 335 323 c.
356 298 395 324 13.
416 297 438 331 9.
459 298 481 323 l.
501 295 534 323 de
552 295 631 322 iudic.
650 296 674 321 3.
696 297 718 321 1.

235 341 360 374 Alpes.
399 341 507 366 Series
533 340 702 369 montium,
733 347 794 373 qua
817 338 924 365 Italia
948 347 1039 372 sepa-

199 389 296 410 ratur
330 393 346 409 a
379 384 492 409 Gallia
529 387 625 416 atque
661 382 844 408 Germania.
898 379 941 407 111.
973 382 1039 408 Gn.

196 425 293 452 >Edicta
312 425 363 452 duo
382 435 430 462 per
448 424 547 451 Italiam
567 428 593 450 et
611 423 703 461 Alpes.
732 422 782 450 Th.
796 422 828 449 C.
842 422 898 449 VII.
920 424 960 450 18.
979 433 1000 450 e.
1016 425 1039 450 l.

200 468 234 495 dc
252 468 379 495 desertor.

199 528 204 532 ·
234 512 378 538 Altam.
415 511 446 543 ξ.
465 511 500 537 1.
538 511 603 537 Ara
622 511 655 536 in
675 511 800 543 templo.
836 508 880 535 111.
902 509 967 535 Gn.
987 507 1040 534 Vbi

199 558 226 580 et
245 553 326 580 altare
345 553 502 580 collocatum
522 557 574 583 est,
595 557 621 579 et
639 562 712 578 sacra
730 552 810 578 missa
830 551 896 577 sacta
915 556 964 577 etc.
1001 550 1040 577 lu-

199 596 260 623 lian.
281 607 321 633 ep.
340 606 400 622 nov.
420 606 442 622 c.
457 597 479 622 7.
499 596 521 629 5.
535 597 577 621 42.
613 594 721 623 Altaria.
741 599 767 621 et
785 595 928 621 oratorium
948 593 1039 630 templi

195 640 403 666 circumiectum.
438 637 488 664 Th.
508 637 539 665 C.
559 637 603 664 ΙΧ.
623 639 710 664 45.‘c.
730 639 754 664 4.
773 647 812 674 pr.
838 637 871 664 de,
898 636 923 663 h.
944 647 986 673 qu.
1007 636 1039 662 ad

199 682 263 709 eccl.
300 681 393 718 Neque.
413 691 486 707 sacra
505 681 577 707 adire
594 681 734 716 mysteria,
754 691 839 717 neque
859 679 920 706 ullis
940 679 1040 717 suppli-

200 725 347 751 cationibus
366 724 514 750 veneranda
539 723 659 750 omuibus
683 723 772 749 altaria
796 723 970 759 frequentare.
1001 722 1038 748 Ib.

195 767 270 794 QYI.
288 769 313 794 2.
334 778 355 794 c.
374 769 416 793 27.
438 767 459 800 5
476 769 498 793 1.
519 766 550 793 de
569 767 685 803 episcop.
705 782 738 786 —
757 767 788 800 §0
803 767 838 792 2.
858 767 1040 799 Imperato-

197 813 269 838 riae
291 812 482 837 maiestatis
505 811 681 836 oraculum.
717 808 760 835 III.
780 810 845 836 Cn.
876 808 918 834 De
941 809 1039 834 nostris

196 895 263 922 libet
282 906 392 932 genere.
419 895 504 922 elicita
529 894 572 921 vel
597 894 765 921 emendicata.
799 893 848 920 Th.
869 893 900 921 C.
919 893 990 920 XIV.
1013 897 1038 920 4.

198 949 219 965 c.
239 940 263 965 8.
277 949 316 976 pr.
331 938 363 965 de
383 948 449 964 suar.
486 937 579 964 Petere
599 937 631 964 de
650 939 748 964 nostris
768 936 869 963 altarib.
898 936 966 964 Nov.
980 936 1038 964 Yal.
1061 967 1062 970 Ἴ

197 981 240 1008 111.
260 981 292 1008 de
312 986 412 1007 testam.
432 980 462 1006 11.
482 982 523 1007 21.
544 991 565 1007 c.
588 982 608 1006 1.
628 991 668 1018 pr.

232 1025 330 1051 Alte.
359 1023 482 1057 (Advb.)
520 1024 550 1056 §.
572 1024 606 1050 1.
636 1025 671 1050 Ιιι
694 1025 866 1053 excelsum,
895 1024 1039 1056 superne

194 1069 405 1093 adscendens.
442 1066 485 1093 111.
502 1068 568 1094 Gn.
592 1066 677 1093 Pedes
689 1065 748 1093 XV.
768 1077 781 1092 a
798 1071 868 1092 terra
887 1064 965 1091 altius
985 1066 1040 1098 (co-

198 1113 289 1135 &rcere
308 1109 454 1141 arborem).
484 1110 514 1136 fr.
536 1111 558 1135 1.
579 1110 600 1143 5.
621 1111 644 1136 7.
668 1109 701 1135 cf.
721 1110 743 1143 5.
763 1111 787 1136 8.
811 1109 844 1135 de
862 1108 946 1135 arbor.
967 1108 1037 1134 caed.
1060 1121 1061 1143 ;

196 1153 238 1178 43·
257 1153 299 1178 27·
336 1151 428 1188 VS‘lue
447 1151 479 1178 ad
497 1152 530 1178 Χ·
551 1152 632 1189 pedes
653 1152 731 1178 “llius
752 1151 859 1186 (ionem
878 1151 982 1184 aedes)
1007 1151 1038 1177 ss·
1084 1173 1174 1189 conun.
1196 1163 1228 1190 de
1247 1163 1322 1200 legat.
1342 1165 1365 1190 6.
1386 1166 1427 1191 43.
1465 1164 1506 1190 111.
1526 1165 1591 1192 οη.
1618 1165 1795 1203 Exc‹·1¹tio1n›s
1810 1183 1842 1186 —
1862 1177 1921 1193 con-

696 1195 798 1225 Altius,
818 1204 895 1231 quam
914 1195 951 1221 uti
970 1204 1038 1220 nunc
1059 1215 1061 1219 .

196 1196 239 1221 26.
257 1205 297 1232 pr.
318 1194 350 1221 de
369 1205 424 1221 exc.
444 1196 482 1221 rei
501 1194 554 1221 iud.
574 1197 616 1222 44.
635 1197 659 1222 2.

196 1241 266 1269 sunt.
287 1237 457 1271 (aedificatae
477 1237 576 1271 aedes).
595 1237 628 1264 fr.
649 1239 688 1264 19.
710 1248 749 1275 pr.
773 1237 804 1264 de
824 1237 891 1263 usuf.
912 1239 934 1264 7.
955 1239 978 1264 l.
1009 1236 1037 1263 Si

197 1279 276 1306 altius
296 1280 415 1306 tollendo
430 1285 488 1317 aget
506 1282 538 1312 is,
559 1282 603 1317 qui
621 1282 647 1307 in
661 1281 792 1307 inlinitum
806 1279 918 1307 tollendi
931 1281 971 1306 ius
985 1290 1037 1306 nou

196 1322 283 1349 habet.
319 1322 402 1350 Vatic.
423 1324 444 1357 5.
464 1325 504 1350 53.
542 1324 630 1350 Altius
656 1323 762 1355 tollere.
787 1322 972 1358 sublatumque
995 1322 1038 1348 ha-
1059 1329 1060 1334 ¹

196 1365 266 1392 bem.
297 1365 327 1392 fr.
349 1368 372 1392 7.
397 1367 419 1392 si
444 1367 533 1393 servit.
553 1366 624 1393 vind.
648 1368 672 1393 8.
692 1369 716 1393 5.
754 1365 843 1392 Altius
864 1365 987 1397 tollendi,
1013 1370 1038 1391 et

197 1408 331 1435 officiendi
350 1408 493 1436 luminibus
518 1410 597 1436 vicini
616 1410 773 1442 (servitus).
802 1409 834 1436 fr.
853 1410 877 1435 2.
903 1408 935 1434 de
954 1407 981 1434 S.
1007 1407 1035 1434 Ρ.

197 1450 230 1478 V.
250 1452 274 1478 8.
293 1454 317 1478 2.
346 1467 378 1471 ——
407 1453 438 1485 §-
459 1454 495 1479 2.
524 1454 706 1488 Profunde,
726 1454 874 1479 Pennus.
910 1451 953 1478 ΠΙ.
971 1453 1036 1479 Gn.

196 1493 227 1521 Si
245 1498 298 1520 tam
316 1493 368 1520 alte
392 1494 489 1522 fodiam
507 1496 534 1522 iu
557 1505 629 1527 meo,
656 1501 684 1522 ut
703 1500 751 1522 etc.
783 1494 813 1521 fr.
832 1496 874 1521 24.
898 1495 980 1529 9.12.
1005 1494 1038 1521 de

196 1536 281 1564 damn.
301 1537 346 1564 inf.
371 1538 413 1564 39.
432 1540 457 1564 2.
494 1537 551 1564 Nos
570 1543 656 1565 autem
674 1538 752 1564 altius
771 1543 797 1564 et
815 1539 903 1564 verius
927 1537 959 1564 ad
982 1548 1038 1564 eam

193 1581 369 1617 respicientes
389 1584 437 1606 ete.
459 1590 479 1608 c,
501 1582 543 1607 21.
564 1580 596 1607 de
616 1580 676 1608 furt.
696 1582 720 1608 6.
739 1583 763 1607 2.

192 1665 281 1692 Alius
311 1665 458 1692 Secundus.
488 1665 544 1693 Gai.
564 1666 606 1693 Ill.
628 1668 684 1693 137.
704 1667 734 1694 sr.
754 1669 796 1694 27.
815 1677 854 1704 pr.
875 1666 907 1693 de
925 1672 992 1704 pact.
1012 1670 1036 1693 2.

196 1710 238 1734 14.
257 1708 288 1735 fr.
309 1711 331 1735 1.
351 1709 389 1742 55.
409 1710 432 1736 6.
454 1710 494 1735 12.
515 1708 545 1736 sr.
564 1711 588 1735 2.
608 1719 648 1746 pr.
668 1710 733 1743 9.1.
758 1712 809 1745 Qu.
830 1710 926 1747 appell.
950 1712 992 1737 49.
1013 1712 1036 1736 4.

194 1750 319 1783 Inferior,
338 1751 429 1777 Altera
448 1751 549 1785 (tabula
568 1754 738 1786 testamenti).
759 1752 816 1779 Gai.
835 1753 866 1780 11.
886 1754 943 1780 181.
976 1752 1037 1780 Col-

197 1793 261 1830 lega.
298 1793 374 1820 Alter
394 1794 457 1820 Cos.
485 1795 515 1821 fr.
537 1797 558 1821 1.
580 1796 616 1829 99.
637 1797 660 1821 l.
680 1805 719 1831 sq.
746 1795 778 1821 de
797 1796 841 1822 off.
862 1795 925 1822 Cos.
951 1798 973 1822 1.
996 1798 1035 1822 10.

196 1836 240 1863 ΙΙΙ.
265 1837 331 1864 Cn.
358 1836 459 1863 Eodem
479 1837 534 1869 die.
553 1837 596 1864 vel
615 1837 706 1864 altero.
743 1837 793 1864 Vel
812 1838 906 1870 altera,
926 1838 968 1865 vel
986 1844 1036 1865 ter-

198 1881 233 1906 tia
258 1879 308 1906 die.
338 1890 359 1905 c.
384 1882 408 1906 6.
434 1880 455 1913 5.
479 1882 504 1906 5.
527 1879 560 1906 de
584 1890 643 1916 app.
666 1885 692 1906 et
711 1881 823 1907 consult.
849 1883 871 1907 7.
891 1882 932 1908 62.
961 1881 991 1907 fr.
1013 1883 1034 1907 1.

195 852 338 885 altaribus,
362 863 409 890 per
429 852 636 882 adnotationem,
661 851 703 878 vel
722 853 894 888 rescriptum,
914 850 957 877 vel
977 861 1040 887 quo·
1061 851 1062 889 ᾗ
1083 851 1142 878 XV.
1162 853 1186 878 8.
1207 862 1228 878 c.
1244 854 1267 879 1.
1287 852 1319 879 de
1338 852 1424 879 lenon.

1061 892 1062 934 ᾖ
1083 894 1128 921 IX.
1150 896 1174 921 7.
1198 906 1219 921 c.
1239 896 1263 921 3.
1289 895 1321 921 ad
1339 895 1368 922 L.
1388 895 1435 922 Iul.
1456 896 1488 922 de
1507 896 1546 922 ad.
1589 896 1706 922 Alterius
1730 898 1810 932 inagis
1828 898 1921 923 anima-

1883 175 1925 206 59

1084 253 1103 280 I.
1124 254 1182 280 163.
1202 252 1244 279 ΙΠ.
1265 254 1288 280 7.
1313 253 1374 291 le.
1394 252 1491 280 XXVI.
1510 255 1535 280 2.
1554 255 1578 280 4.
1608 253 1657 281 Th.
1677 253 1708 281 C.
1727 253 1799 281 XIV.
1820 257 1842 281 4.
1863 265 1884 281 c.
1901 258 1922 282 l.

1084 295 1117 322 de
1136 306 1204 322 suar.
1241 295 1361 323 Alterum
1381 297 1411 323 ab
1431 296 1513 323 altero
1534 296 1704 334 (possidere).
1733 297 1763 324 sr.
1786 299 1807 323 l.
1827 308 1865 334 pr.
1887 300 1923 324 uti

1083 338 1185 375 possid.
1204 340 1246 366 43.
1261 340 1301 365 17.
1338 339 1458 366 Alterum
1471 339 1546 367 alteri
1566 339 1696 376 (obligari,
1716 350 1740 367 v.
1756 342 1838 367 teneri
1852 342 1922 374 etc.).

1084 382 1140 408 Gai.
1160 381 1203 408 ΙΙΙ,
1229 383 1286 408 137.
1307 383 1364 408 155.
1410 382 1487 409 Alter
1511 387 1595 414 actor,
1620 382 1685 409 alter
1709 393 1777 409 reus.
1806 383 1843 409 lb.
1864 385 1921 410 157.

1084 423 1120 450 Vt
1139 429 1232 451 neuter
1251 424 1378 451 adversus
1398 424 1507 451 alterum
1526 425 1632 458 (habeat
1651 426 1804 459 actionem).
1830 426 1860 452 sr.
1882 429 1921 452 10.

1084 477 1124 504 pr.
1149 466 1181 493 de
1201 466 1233 493 N.
1254 467 1285 494 G.
1309 469 1333 493 3.
1354 469 1377 494 5.
1411 483 1443 487 —
1484 468 1514 500 §.
1535 470 1573 495 4.
1607 470 1778 501 Diversus,
1811 471 1922 501 Alius,

1084 511 1282 537 Extraneus.
1319 510 1337 536 I.
1352 512 1414 545 sy.
1442 510 1571 543 Alienum,
1592 511 1709 537 Alterius
1723 512 1815 545 (esse).
1837 511 1868 538 fr.
1879 514 1920 538 25.

1060 567 1062 587 ³,
1083 562 1122 589 pr.
1143 552 1209 586 5.1.
1230 552 1263 579 de
1280 552 1313 579 V.
1333 552 1360 579 S.
1379 555 1421 579 50.
1442 554 1482 579 16.
1518 553 1559 579 Ab
1580 553 1703 580 hostibus
1725 555 1789 591 capi.
1826 554 1868 581 Ad
1888 555 1922 581 al-

1061 602 1062 612 *
1084 600 1155 621 teros
1179 596 1324 632 pervenire.
1356 595 1386 622 fr.
1412 597 1451 621 12.
1476 606 1515 632 pr.
1545 597 1566 629 5.
1593 598 1615 622 1.
1637 596 1669 623 de
1693 598 1788 634 captiv.
1813 599 1855 624 49.
1882 599 1921 624 15.

1084 638 1126 664 III.
1142 640 1208 666 Cn.
1234 638 1344 675 Aliquid
1369 648 1460 670 unum,
1484 638 1525 665 vel
1552 639 1667 666 alterum.
1698 639 1726 666 fr.
1748 641 1788 666 13.
1813 640 1845 666 de
1868 639 1921 666 LL.

1086 683 1108 707 l.
1128 682 1152 707 3.
1174 680 1206 707 cf.
1233 692 1253 708 c.
1275 683 1299 707 5.
1324 681 1356 707 de
1375 682 1461 717 ingen.
1481 692 1546 708 inan.
1571 684 1594 708 7.
1615 684 1654 709 14.
1701 682 1818 709 Alterius
1844 688 1921 719 atque

1086 723 1195 750 alterius
1215 723 1289 750 fundi
1308 739 1340 743 —
1359 723 1470 750 heredes
1490 725 1634 751 instituere.
1665 724 1695 751 fr.
1716 727 1755 752 10,
1781 725 1813 752 de
1831 725 1921 752 hered.

1084 767 1144 792 inst.
1164 770 1205 793 25.
1225 769 1250 793 5.
1286 766 1371 793 Alteri
1391 776 1503 804 sponsa,
1528 767 1603 794 alteri
1626 773 1714 804 nupta.
1744 768 1774 794 sr.
1796 770 1836 795 13.
1855 769 1877 802 9.
1895 770 1920 795 3.

1084 809 1116 835 dc
1139 808 1165 835 h.
1191 819 1234 845 qu.
1259 814 1312 836 not.
1338 810 1424 836 insani.
1448 811 1471 836 3.
1491 812 1515 836 2.
1552 809 1635 836 Nemo
1655 810 1720 837 alter
1740 816 1788 837 etc.
1820 811 1869 838 Th.
1889 811 1920 838 C.

1456 852 1549 879 Mutari
1568 854 1594 879 in
1614 853 1720 880 alteram
1739 853 1853 880 formam.
1883 854 1920 881 Π).

1084 937 1130 969 lis,
1150 948 1227 974 quain
1246 938 1367 964 hominis.
1388 938 1418 964 fr.
1434 940 1490 965 135.
1511 939 1543 965 de
1562 938 1593 965 V.
1608 939 1635 966 S.
1655 942 1696 966 50.
1711 940 1751 966 16.
1786 939 1920 972 tenditur,

1083 980 1126 1007 vel
1145 980 1211 1007 alter
1230 980 1363 1007 alienator.
1384 991 1405 1007 c.
1426 982 1449 1008 9.
1469 981 1501 1008 de
1520 987 1586 1018 pact.
1607 983 1652 1009 int.
1673 988 1732 1009 emt.
1752 983 1776 1009 4.
1796 984 1837 1009 54.
1870 982 1921 1009 Tu-

1084 1023 1135 1049 tela
1164 1023 1271 1050 alterius
1295 1024 1356 1059 regi.
1390 1023 1446 1050 Gai.
1471 1023 1567 1051 [159.
1607 1024 1786 1052 Iurisdictioni
1813 1025 1921 1052 alterius

1084 1076 1112 1092 se.
1131 1066 1270 1093 subiicere.
1290 1066 1320 1092 fr.
1341 1069 1382 1093 14.
1402 1066 1434 1093 de
1453 1067 1544 1093 iurisd.
1563 1069 1587 1094 2.
1608 1070 1631 1094 1.

1117 1121 1319 1148 Alte-reati.
1357 1123 1520 1157 Litigare.
1549 1121 1567 1148 I.
1582 1123 1642 1156 Sy.
1672 1122 1788 1150 Cei-tare.
1809 1134 1830 1150 c.
1842 1125 1867 1150 3.
1881 1134 1919 1161 pr.

1084 1208 1232 1242 quiescere.
1252 1223 1285 1227 —
1303 1217 1349 1238 ne,
1374 1207 1435 1234 dum
1459 1207 1491 1233 dc
1510 1207 1551 1234 his
1571 1207 1710 1234 altercatur
1730 1208 1777 1242 [al.
1797 1210 1920 1236 altercan-

1084 1250 1145 1283 tur]‚
1165 1251 1249 1283 ipsius
1270 1251 1366 1287 negotii
1386 1250 1543 1287 disceptatio
1563 1250 1716 1287 proteletur.
1741 1252 1822 1285 5.11.
1849 1253 1867 1279 Ι.
1888 1253 1920 1279 de

1059 1305 1060 1328 ἶ
1084 1303 1156 1319 exce.
1182 1295 1206 1319 4.
1227 1295 1267 1319 13.
1309 1293 1506 1320 Altereantibus
1537 1294 1627 1329 iurgiis
1652 1299 1676 1320 et
1699 1296 1785 1321 noxiis
1809 1297 1920 1332 partium

1083 1336 1297 1363 contentionibus
1317 1336 1453 1373 (occupari
1472 1335 1540 1362 diem
1559 1336 1646 1370 solis).
1683 1336 1733 1364 Th.
1754 1337 1784 1364 C.
1804 1338 1834 1365 Π.
1854 1340 1878 1365 8.
1898 1349 1918 1365 c.

1084 1380 1106 1405 1.
1126 1379 1240 1413 (ch.)
1261 1379 1293 1406 de
1312 1379 1392 1406 feriis.

1116 1431 1339 1458 Altereatio.
1377 1431 1408 1464 §-
1428 1432 1463 1458 1.
1492 1432 1704 1465 Disputatio,
1725 1432 1920 1459 Controver-

1082 1474 1139 1499 sia.
1177 1473 1195 1499 I.
1212 1474 1273 1508 Sy.
1303 1473 1431 1500 Varietas.
1453 1484 1474 1500 c.
1494 1475 1518 1500 4.
1538 1484 1577 1511 pr.
1598 1472 1630 1499 de
1650 1473 1680 1500 V.
1700 1474 1727 1501 S.
1747 1476 1770 1501 6.
1790 1476 1831 1501 38.
1868 1475 1920 1502 Iur-

1083 1516 1152 1552 gium
1172 1516 1351 1549 (auctorum).
1377 1527 1398 1543 c.
1419 1518 1459 1543 13.
1479 1527 1518 1553 sq.
1539 1516 1571 1543 de
1591 1516 1672 1543 usufr.
1692 1522 1717 1543 et
1736 1517 1815 1544 habit.
1833 1519 1858 1544 3.
1877 1520 1919 1545 33.

1082 1559 1229 1586 Dubitatio.
1260 1570 1280 1586 c.
1300 1562 1342 1586 20.
1362 1560 1394 1586 de
1414 1559 1473 1586 furt.
1494 1561 1517 1586 6.
1537 1562 1561 1585 2.
1592 1570 1612 1586 c.
1634 1561 1673 1585 16.
1699 1559 1730 1586 de
1749 1560 1834 1587 fideic.
1854 1561 1918 1588 libb.

231 1624 338 1650 Alter
389 1623 407 1656 ὃ
440 1624 462 1649 l
513 1625 687 1651 Proximus
727 1626 892 1651 Secundus
936 1624 947 1650 Ι
975 1625 1025 1659 Sy
1059 1604 1105 1634 17.
1126 1604 1149 1628 4.
1188 1602 1229 1629 III.
1255 1604 1320 1630 (711.
1351 1601 1462 1629 Veteres
1486 1602 1679 1629 dubitaverunt.
1716 1602 1799 1629 Nobis
1822 1605 1918 1641 itaque,

192 1643 193 1647 ,
341 1641 350 1649 .
411 1641 419 1649 .
465 1641 475 1650 .
694 1645 701 1657 ,
895 1645 900 1650 .
951 1646 955 1650 .
1028 1642 1037 1651 .

1082 1656 1172 1672 eorum
1192 1646 1375 1672 altercationes
1395 1645 1585 1672 decidentibus.
1604 1644 1711 1682 placuit.
1731 1656 1752 1672 c.
1765 1648 1806 1672 20.
1826 1646 1842 1673 l.
1857 1648 1880 1673 6.
1893 1649 1918 1673 2.

1082 1698 1103 1714 c.
1123 1690 1146 1714 4.
1173 1688 1205 1715 de
1229 1699 1283 1715 nec.
1303 1688 1391 1715 hered.
1416 1689 1439 1714 6.
1458 1690 1499 1715 27.
1537 1688 1711 1715 stabilitatem
1731 1699 1825 1715 census
1845 1690 1918 1716 finita

1058 1744 1059 1751 ¹
1081 1731 1251 1758 altercatione
1271 1737 1434 1769 componant.
1461 1731 1510 1757 Th.
1525 1730 1555 1757 C.
1568 1731 1637 1758 XIII.
1653 1734 1692 1758 10.
1713 1742 1734 1758 c.
1749 1734 1771 1758 7.
1792 1732 1824 1758 de
1838 1743 1918 1759 ccnsu

192 1922 235 1956 99.
256 1923 279 1948 6.
301 1924 341 1948 12.
362 1921 467 1957 Quand.
488 1932 546 1959 app.
571 1924 613 1949 49.
632 1925 657 1949 4.
699 1923 780 1958 Quod
803 1925 853 1950 iam
878 1925 905 1950 in
929 1923 1036 1950 alteram
1057 1925 1058 1951 ἔ

192 1964 414 1992 consuetudinem
438 1964 591 1992 derivatum.
626 1965 675 1992 Th.
696 1966 727 1992 C.
747 1966 764 1992 I.
788 1967 812 1992 8.
837 1977 858 1993 c.
879 1968 902 1993 1.
922 1966 1034 2000 (ch.)

197 2007 230 2035 de
249 2008 293 2034 off.
315 2008 424 2043 Quaest.
456 2023 489 2026 —
522 2008 551 2040 §-
572 2010 607 2034 2.
637 2010 784 2035 Alterum
807 2015 950 2042 tantum,
973 2020 1035 2046 pro:

196 2052 300 2077 Aliud
322 2053 534 2077 tantumdem.
570 2049 587 2076 I.
608 2051 669 2085 Sy.
698 2050 823 2088 Duplum.
851 2051 882 2078 fr.
902 2053 925 2079 9.
945 2063 983 2089 pr.
1003 2053 1035 2079 de

195 2103 267 2120 usur.
286 2095 328 2119 22.
348 2095 371 2120 ].
400 2092 449 2119 Th.
471 2092 501 2119 C.
522 2092 551 2119 11.
571 2094 612 2120 29.
633 2104 654 2120 c.
670 2095 691 2120 l.
711 2095 734 2120 si
755 2099 816 2120 cert.
836 2099 889 2131 pet.
908 2095 941 2121 de
960 2095 1034 2122 suffr.

195 2135 277 2162 Aliud
295 2140 402 2162 tantum.
436 2136 473 2162 lb.
493 2136 537 2162 IX.
557 2137 598 2162 42.
619 2146 640 2163 c.
661 2138 683 2163 7.
705 2136 737 2163 de
755 2137 816 2164 bon.
836 2147 937 2174 proscr.
956 2139 990 2165 X.
1011 2141 1033 2165 l.
1056 2154 1058 2166 i
1152 2169 1158 2174 ι
1325 2170 1330 2174 -
1419 2170 1424 2174 ⁴
1440 2169 1454 2175 ..
1761 2170 1772 2175 ..

1056 2172 1058 2177 ¹
1079 2173 1174 2194 mentis
1194 2168 1347 2195 alternantis
1366 2168 1456 2195 aux1l11
1476 2174 1523 2195 etc.
1553 2168 1601 2195 Th.
1622 2168 1652 2196 C.
1672 2168 1740 2196 XIII.
1759 2178 1783 2195 ο.
1804 2180 1824 2195 c.
1839 2170 1862 2195 6.
1882 2169 1914 2195 de

197 2188 219 2205 c.
238 2180 262 2204 5.
286 2189 326 2216 pr.
351 2178 384 2205 de
408 2180 464 2205 iure
481 2179 548 2205 fisci.
591 2178 633 2207 ΙΙΙ.
653 2180 719 2207 Cn.
750 2179 847 2207 Totum
871 2191 929 2207 cum
953 2181 1034 2208 altero

197 2225 277 2247 tanto.
314 2220 374 2247 Nou
393 2221 479 2248 solum
498 2232 565 2252 reni,
585 2221 633 2248 sed
651 2222 760 2249 alterum
780 2228 887 2250 tantuin.
925 2223 1034 2251 Tantam

194 2265 348 2299 pecuniam.
377 2269 403 2291 et
430 2264 540 2291 alterum
568 2270 680 2295 tantum,
710 2265 800 2298 (darc,
824 2277 848 2293 v.
866 2268 1032 2301 restituere).

194 2305 227 2333 fr.
247 2306 271 2332 3.
290 2307 311 2339 5.
332 2309 371 2333 11.
396 2307 426 2334 fr.
446 2309 487 2334 46.
507 2309 572 2342 9.1.
599 2308 630 2334 de
649 2309 706 2334 iure
723 2309 790 2335 fisci.
814 2311 855 2336 49.
876 2311 916 2336 14.
941 2309 970 2336 fr.
991 2312 1032 2337 27.
1054 2315 1056 2325 ¹

196 2358 236 2385 pr.
257 2348 289 2374 :ul
307 2348 335 2375 L.
354 2349 401 2377 Iul.
422 2350 454 2377 de
473 2350 512 2377 ad.
532 2352 572 2377 48.
587 2353 611 2377 5.
650 2351 730 2386 Quod
749 2351 840 2378 illicite.
859 2357 986 2383 exactum.
1000 2369 1033 2372 —
1054 2353 1056 2383 ξ

194 2402 257 2418 «culn
275 2391 356 2418 altero
378 2398 463 2425 tanto,
488 2393 633 2427 (exsolvi).
661 2394 692 2420 fr.
711 2395 735 2420 9.
756 2395 777 2428 5.
797 2396 820 2421 5.
847 2395 879 2421 de
901 2396 1032 2432 publicau.
1054 2418 1055 2421 ,

197 2435 239 2461 39.
253 2437 277 2460 4.
307 2433 470 2472 Tantumque
484 2436 593 2463 alterum
606 2437 760 2463 interdictae
774 2438 811 2464 rei
825 2437 941 2471 (solvere
955 2441 1032 2475 cogi).
1053 2431 1057 2472 1

195 2476 228 2503 fr.
249 2479 288 2503 15.
308 2487 346 2514 pr.
371 2477 403 2503 ad
425 2480 519 2506 munic.
543 2482 584 2506 50.
606 2482 628 2506 1.

195 2521 310 2551 inventi,
330 2520 439 2546 alterum
456 2526 555 2549 tantum
574 2523 632 2549 fisci
650 2523 796 2550 rationibus
815 2524 907 2550 tradat.
937 2524 986 2552 Th.
1001 2525 1031 2552 C.

198 2563 231 2589 X.
253 2565 293 2588 18.
313 2573 335 2589 c.
355 2565 377 2589 l.
398 2562 430 2589 de
449 2563 561 2592 thesaur.
590 2582 622 2585 —
651 2567 681 2599 §-
701 2567 738 2592 3.
768 2568 872 2599 Alter,
896 2578 959 2604 pro:
979 2570 1033 2595 Al-

197 2612 332 2632 ter-uter.
368 2605 399 2633 II.
420 2607 486 2639 Op·
515 2606 638 2644 Vterque.
666 2608 739 2635 Paul.
759 2609 801 2635 111.
825 2611 848 2636 6.
870 2611 890 2644 9.
910 2612 934 2637 2.
958 2611 988 2637 sr.
1007 2614 1031 2638 2.

198 2648 220 2682 5.
240 2650 281 2675 37.
302 2648 334 2674 de
353 2648 386 2674 Ο.
405 2648 424 2675 I.
446 2650 466 2675 1.
486 2650 510 2674 2.
531 2648 561 2676 fr.
575 2652 615 2677 53.
635 2651 719 2678 mand.
740 2654 780 2678 17.
802 2654 824 2678 ].
854 2652 961 2680 Neuter.
975 2653 1031 2681 Gai.
1053 2647 1055 2657 .

196 2690 216 2718 I.
238 2692 295 2717 163.
332 2690 375 2717 111.
390 2693 456 2719 Gn.
484 2691 568 2724 Alter,
587 2694 703 2720 ambove.
724 2694 792 2721 1112.
812 2695 834 2728 9.
846 2698 871 2723 3.
890 2696 923 2723 de
942 2708 972 2724 eo
989 2708 1031 2734 qu.
1053 2693 1055 2713 'r

198 2744 220 2760 c.
239 2733 308 2760 loco.
329 2735 368 2760 13.
388 2735 412 2760 4.
449 2734 569 2761 Duorum
585 2734 708 2769 alterum,
728 2742 771 2764 aut
789 2754 822 2757 -
841 2743 885 2764 aut
903 2744 952 2766 etc.
972 2740 993 2773 5.
1007 2742 1031 2766 2.

199 2776 218 2803 Ι.
239 2776 272 2803 de
291 2776 309 2803 1.
330 2781 355 2802 et
373 2776 391 2803 I.
413 2778 435 2803 l.
456 2779 479 2804 1.
507 2777 598 2804 Iulian.
618 2779 678 2815 epit..
698 2789 757 2806 nov.
782 2791 803 2807 c.
822 2783 846 2807 5.
866 2782 887 2815 5.
905 2783 947 2808 23.
967 2792 988 2808 c.
1007 2783 1031 2808 6.

198 2819 220 2853 9.
239 2821 281 2846 30.
303 2829 324 2846 c.
338 2821 380 2846 40.
400 2820 494 2854 §.169.
528 2821 580 2853 Ex,
599 2831 624 2847 v.
642 2821 693 2854 De,
712 2822 815 2851 duobus
833 2824 950 2851 alterum.
970 2824 1030 2852 Gai.

669 2480 835 2507 Medietatem
856 2487 1034 2518 consequatur
1054 2510 1055 2518 ἵ

1057 2082 1058 2086 ’
1081 2083 1146 2110 Cn.

1081 1784 1102 1800 S.
1122 1774 1206 1800 adscr.
1232 1790 1261 1793 —-
1289 1775 1318 1807 §-
1340 1776 1374 1801 Ε.
1403 1776 1579 1806 Indicium,
1599 1776 1664 1801 Lis.
1701 1774 1744 1801 IH.
1765 1776 1831 1802 Gn.
1862 1774 1918 1802 Nec

1081 1816 1181 1852 aliquas
1202 1818 1377 1853 quaestiones.
1398 1827 1444 1843 seu
1462 1817 1654 1845 altercationes.
1675 1818 1814 1844 exercendi
1833 1834 1865 1838 ——-
1884 1818 1918 1845 fa-

1081 1859 1173 1885 cultas.
1194 1870 1214 1885 c.
1232 1861 1254 1886 6.
1275 1859 1307 1885 de
1327 1865 1410 1886 natur.
1430 1859 1504 1886 liber.
1524 1861 1547 1885 5.
1562 1861 1602 1886 27.
1639 1859 1694 1892 Lis,
1714 1871 1779 1897 quae
1798 1862 1824 1887 in
1843 1861 1917 1888 alter-

1057 1912 1059 1922 τ
1081 1903 1209 1928 cationem
1229 1902 1307 1929 suerit
1325 1902 1445 1929 deducta.
1479 1901 1528 1928 Th.
1548 1901 1578 1929 C.
1598 1902 1628 1929 II.
1649 1904 1672 1929 6.
1697 1914 1717 1929 c.
1736 1905 1760 1929 2.
1787 1903 1818 1930 de
1838 1909 1915 1942 temp.

1081 1955 1166 1971 cursu.
1203 1945 1233 1971 In
1252 1945 1356 1972 iudiciis
1371 1961 1403 1965 —
1416 1945 1481 1972 tales
1496 1945 1678 1972 altercationes
1692 1946 1837 1973 ventilatas.
1858 1958 1878 1974 c.
1891 1949 1915 1974 3

1081 1987 1112 2014 de
1132 1998 1189 2014 ann.
1212 1999 1266 2015 exc.
1287 1990 1309 2014 7.
1330 1990 1371 2015 40.

1114 2040 1331 2066 Alternare.
1372 2041 1526 2066 Vicissim
1549 2042 1689 2067 alterum.
1710 2050 1835 2075 ponere.
1872 2041 1914 2068 111.

1184 2082 1319 2108 Alternata
1344 2082 1507 2111 conditione.
1532 2087 1559 2109 ut
1583 2087 1626 2109 aut
1648 2088 1738 2119 pareat
1763 2083 1914 2116 conditioni,

1080 2130 1123 2151 aut
1151 2126 1226 2151 iuret.
1259 2125 1289 2152 fr.
1314 2126 1337 2152 8.
1363 2126 1384 2160 5
1409 2128 1432 2152 5.
1465 2125 1497 2152 de
1522 2125 1596 2152 cond.
1622 2127 1682 2152 inst.
1709 2127 1750 2152 28.
1776 2128 1797 2152 7.
1834 2125 1914 2153 Leva-

1079 2210 1190 2237 navicul.

1112 2262 1338 2289 Alternatio.
1363 2263 1566 2289 Enuuciatio
1585 2264 1796 2289 disiunctiva.
1821 2262 1838 2288 1.
1850 2263 1911 2296 Sy.

1078 2304 1237 2331 Disiunctio.
1267 2303 1336 2331 Cull.
1350 2303 1402 2330 LL.
1416 2304 1449 2330 M.
1468 2304 1498 2330 ΙΙ.
1518 2305 1542 2330 6.
1562 2304 1593 2331 cf.
1613 2305 1642 2331 fr.
1665 2307 1686 2331 7.
1707 2305 1727 2339 5
1748 2307 1770 2331 4.
1791 2305 1822 2330 de
1835 2306 1909 2331 iuiur.

1078 2350 1119 2374 47.
1142 2349 1181 2374 10,
1218 2347 1261 2373 ΙΙΙ.
1278 2349 1344 2374 (711.
1374 2347 1429 2373 Sub
1450 2346 1620 2374 alternatione
1639 2347 1738 2379 dicere,
1761 2353 1822 2384 puta
1845 2347 1911 2374 illud

1078 2395 1121 2416 aut
1139 2390 1213 2416 illud.
1238 2389 1267 2416 fr.
1289 2391 1312 2416 7.
1336 2390 1357 2423 5.
1378 2391 1401 2416 4.
1427 2389 1443 2416 1.
1463 2392 1504 2416 47.
1525 2392 1564 2417 10.
1600 2390 1696 2417 Rerum
1715 2390 1850 2417 alternatio
1873 2390 1910 2417 lo-

1078 2444 1167 2460 corum
1187 2433 1353 2459 alternationi
1370 2433 1459 2459 mixta.
1479 2433 1509 2460 fr.
1529 2435 1553 2460 2.
1573 2434 1609 2467 55.
1629 2435 1652 2460 2.
1672 2443 1710 2469 sq.
1731 2432 1763 2458 dc
1782 2442 1812 2458 eo
1832 2442 1874 2469 qu.
1888 2443 1908 2459 c.

1077 2476 1144 2503 loco.
1165 2478 1205 2502 13.
1220 2478 1243 2502 4.
1275 2475 1339 2502 Sine
1358 2475 1529 2503 alternatione
1548 2487 1629 2513 agere.
1649 2476 1679 2502 fr.
1692 2477 1716 2502 9.
1729 2485 1768 2512 pr.
1788 2475 1819 2502 de
1832 2485 1909 2502 servo

1054 2526 1055 2532 ¹
1078 2529 1144 2545 corr.
1165 2520 1204 2544 ll.
1223 2520 1247 2544 3.

1111 2571 1303 2597 Alternus.
1336 2569 1474 2603 (Adiect.)
1511 2570 1541 2603 §.
1562 2571 1595 2596 1.
1631 2570 1907 2597 lutei-missionem

1054 2622 1055 2644 ς
1076 2615 1199 2639 habens.
1241 2611 1271 2638 Π.
1293 2613 1359 2646 Op.
1393 2612 1532 2648 Quotidie,
1557 2622 1577 2637 s.
1601 2610 1630 2637 Iu
1649 2610 1705 2637 dies
1723 2612 1849 2648 singulos.
1875 2629 1907 2633 —

1076 2654 1194 2681 Alternis
1215 2654 1316 2681 diebus.
1339 2655 1371 2681 fr.
1387 2657 1408 2681 1.
1428 2665 1467 2692 pr.
1488 2655 1538 2690 Qu.
1559 2654 1614 2680 dies
1634 2653 1729 2682 ususfr.
1749 2656 1772 2681 7.
1790 2656 1813 2681 3
1833 2655 1863 2681 fr.
1883 2657 1905 2681 1.

1078 2699 1099 2732 5.
1119 2700 1161 2724 22.
1187 2698 1218 2724 de
1242 2708 1300 2734 aqu.
1325 2703 1397 2734 quot.
1425 2699 1466 2723 43.
1489 2700 1530 2723 20.
1572 2695 1712 2723 Continuis
1735 2714 1767 2717 —
1790 2697 1906 2724 Alternis

1077 2740 1185 2773 (anuis).
1205 2740 1235 2766 fr.
1254 2742 1278 2766 2.
1298 2751 1337 2777 pr.
1357 2740 1408 2775 Qu.
1428 2739 1496 2766 mod.
1516 2739 1597 2766 ususf.
1617 2741 1640 2766 7.
1659 2741 1683 2766 4.
1720 2740 1762 2767 HI.
1777 2742 1843 2768 Gn.
1862 2740 1905 2766 Al-

1076 2784 1158 2810 ternis
1176 2782 1248 2819 fungi
1267 2782 1369 2809 officiis.
1399 2782 1447 2808 Th.
1463 2781 1492 2808 C.
1505 2782 1577 2809 XIV.
1596 2784 1619 2809 4.
1640 2794 1661 2809 c.
1675 2785 1716 2809 10.
1735 2794 1773 2820 pr.
1794 2784 1825 2810 dc
1837 2793 1903 2810 suar.

1076 2842 1108 2846 —
1127 2826 1159 2860 §0
1173 2828 1208 2854 2.
1229 2827 1371 2853 Mutuus.
1399 2824 1442 2851 ΙΠ.
1454 2826 1519 2852 Gn.
1531 2825 1649 2853 Alternis
1662 2826 1802 2855 illecebris.
1815 2826 1904 2853 fraude

1423 2869 1463 2894 δὶ-
