2197 3121
247 183 310 213 572

242 266 376 301 fectum.
397 266 451 291 Res
470 265 658 298 corporalis
678 264 778 289 rudis.
815 262 833 289 1.
854 263 915 297 Sy.
936 261 1028 291 Massa.
1049 260 1090 288 Cf.
1113 273 1115 291 i

248 306 272 334 h.
292 317 316 333 v.
337 308 358 341 ξ.
381 309 402 333 1.
440 306 549 343 Species
570 305 666 337 (ferri.)
688 305 736 331 Th.
758 304 789 331 C.
806 305 838 331 Χ.
858 306 898 331 22.
921 315 940 330 c.
961 307 985 330 2.
1006 303 1038 330 de
1058 303 1091 330 sa-

248 350 360 376 brice-ns.
399 349 428 375 ΙΙ.
450 351 517 382 ⁰11.
538 348 648 385 Species
668 348 799 381 (rerum.)
819 347 849 374 Γπ.
870 349 893 374 7,
914 348 935 381 ξ.
958 349 978 373 1.
1000 346 1032 373 de
1051 356 1092 373 su-

248 392 310 430 pell.
331 392 378 428 leg.
399 394 440 418 33,
464 394 500 418 10.
523 391 553 417 ΓΡ.
574 393 596 417 T.
617 391 638 425 ξ.
660 392 682 417 7,
702 390 732 417 fr.
751 392 793 416 24.
813 390 845 417 dc
865 390 896 416 A.
917 389 947 415 li.
964 389 997 415 1).
1013 391 1052 415 41.
1069 391 1091 415 l.
1114 394 1115 403 ¹

249 436 361 471 Operae.
391 434 447 461 Gai.
467 433 509 460 111.
527 435 588 460 147.
626 432 669 459 111.
690 434 756 460 οη.
784 433 897 459 lnl'eetae
917 431 1023 468 quidem
1042 442 1093 458 ma—

249 479 328 504 teriae
354 477 473 515 pondus,
497 477 614 513 signatae
637 486 701 502 vero
725 485 872 507 numerum,
902 474 984 502 sactae
1008 481 1093 501 autem

248 521 364 557 speciem
389 519 441 546 diei
465 524 579 556 oportet.
606 519 635 545 fr.
655 520 679 545 6.
709 518 741 546 de
765 518 795 545 R.
819 518 847 544 V.
868 520 891 544 6.
914 520 936 544 1.
962 517 993 544 cl'.
1018 517 1048 544 fr.
1071 520 1092 544 1.

247 564 269 596 ς’.
289 564 330 589 40.
356 562 447 600 depos.
470 564 508 589 16.
528 564 552 589 3.
577 561 607 588 Γπ.
630 563 668 588 19.
694 562 715 595 §
738 563 758 588 1.
784 561 816 587 de
840 560 901 587 surt.
925 562 966 587 47.
986 562 1010 587 2.
1048 560 1093 591 Vt,

249 606 293 642 qui
313 607 435 631 materiae
448 605 570 632 dominus
587 604 674 636 suerit,
694 604 762 631 idem
775 605 830 630 eius
842 614 957 640 quoque,
974 603 1045 640 qnod
1061 613 1093 630 ex

248 648 339 675 eadem
358 649 464 674 materia
485 648 580 675 sactum
605 649 655 678 sit,
680 647 802 673 dominus
826 652 904 673 esset.
928 646 958 673 fr.
980 649 1003 673 7.
1027 646 1048 680 §.
1069 647 1092 672 7.

248 691 282 718 de
300 692 332 717 A.
351 690 382 718 R.
403 691 436 717 D.
456 692 497 717 41.
520 693 540 717 1.
562 690 593 717 ci'.
619 691 674 716 Gai.
695 690 724 716 ΙΙ.
747 691 786 716 79.
825 689 929 718 Vestis.
950 694 975 716 et
994 690 1093 725 argenti

247 735 362 761 materia.
383 733 453 760 Coll.
468 732 520 760 LL.
535 733 568 760 M.
583 733 616 760 X.
636 735 659 759 4.
697 732 875 770 Lapidicinae‚
896 731 938 759 vel
958 742 1025 769 quae
1044 731 1093 758 alia

247 776 352 804 metalla
365 791 398 796 —
413 777 571 814 stypteriae,
592 775 633 801 vel
653 776 727 802 cuius
747 775 854 802 alterius
873 776 1004 801 materiae.
1024 774 1054 801 Γπ.
1068 775 1092 800 3.

247 821 270 854 §.
283 822 307 846 6.
327 819 361 846 de
380 819 434 846 reb.
454 820 507 845 e‘or.
529 829 570 855 qu.
591 828 613 844 s·
626 823 674 845 tut.
687 820 728 844 27.
743 820 767 845 9.
799 817 828 844 Si
843 828 956 844 marmor
971 817 1092 854 legatum,

248 862 315 890 nihil
340 867 445 900 praeter
469 862 559 888 rudem
585 862 718 888 materiam
744 860 968 887 demonstratum?
995 860 1025 886 fr.
1052 861 1092 887 78.

247 906 270 940 §.
289 908 314 932 4.
334 906 366 932 de
386 905 460 941 legat.
482 905 523 931 ΙΙΙ,
545 906 610 938 (32.)
649 903 729 938 Quod
749 905 775 930 in
795 903 868 935 albo,
887 903 930 930 vel
950 904 976 930 in
995 903 1092 935 charta,

247 948 290 975 vel
310 950 336 975 in
356 948 404 975 alia
424 948 545 979 materia,
565 947 776 984 (propositum.)
795 946 827 973 Γπ.
847 948 870 973 7.
890 956 929 984 pr.
949 946 981 973 de
1000 946 1092 973 iurisd.

246 993 271 1018 2.
294 993 316 1017 l.
336 991 366 1018 Γπ.
387 994 428 1017 52.
453 991 474 1024 §.
495 991 518 1016 4.
539 989 572 1016 de
595 990 671 1026 legat.
691 989 733 1016 111.
754 990 831 1022 (32.)
856 988 887 1015 Γπ.
909 991 930 1016 1.
951 999 990 1026 pr.
1011 989 1043 1016 de
1061 989 1092 1015 B.

247 1033 276 1060 P.
297 1044 318 1060 s.
339 1039 356 1060 t.
375 1035 417 1060 37.
439 1035 479 1060 11.
500 1047 532 1052 —
561 1033 592 1066 ᾖ.
613 1034 704 1060 LA.
730 1034 790 1060 Res
809 1034 849 1058 ad
866 1042 945 1066 opus
964 1025 1093 1059 exstru-

247 1079 372 1108 endum,
398 1078 446 1103 vel
469 1086 531 1102 rem
550 1078 799 1112 fabricandam,
824 1077 1035 1102 necessariae.
1072 1074 1090 1101 Ι.

248 1120 310 1154 Sy.
330 1119 484 1146 Substantia
504 1118 656 1146 fabricandi.
677 1117 727 1145 Th.
747 1117 779 1144 C.
798 1117 844 1144 IX.
865 1120 905 1144 17.
926 1128 947 1144 c.
961 1119 985 1144 3.
1006 1128 1045 1154 sq.
1060 1117 1092 1144 de

248 1162 348 1199 sepulc.
369 1162 431 1189 viol.
470 1162 556 1189 Omne
580 1171 661 1198 genus
686 1162 822 1191 materiae,
847 1171 879 1187 ex
904 1171 954 1197 qua
974 1160 1093 1187 aedificia

248 1210 377 1232 constant.
411 1205 532 1242 Tiguum.
564 1204 674 1232 Trabes.
704 1204 733 1230 Γπ.
756 1205 793 1229 14.
820 1204 841 1237 §.
863 1205 884 1229 1.
910 1203 942 1230 de
967 1203 1047 1241 peric.
1068 1207 1094 1229 et

248 1258 341 1275 comm.
368 1250 407 1275 18.
427 1250 450 1276 6.
475 1248 506 1275 Γπ.
527 1251 549 1275 7.
574 1248 596 1282 §.
620 1249 658 1274 10.
683 1247 715 1273 de
734 1247 765 1273 A.
784 1246 815 1273 R.
836 1246 869 1272 D.
890 1248 931 1273 41.
954 1248 975 1272 1.
1000 1245 1031 1272 Γπ.
1050 1247 1092 1272 62.

247 1291 277 1318 Γπ.
299 1293 356 1318 167.
381 1301 421 1328 sq.
447 1291 480 1318 de
504 1291 536 1318 V.
557 1290 585 1317 S.
604 1292 646 1316 50.
672 1292 711 1316 16.
750 1288 790 1315 ΙΙΙ.
813 1291 878 1317 Gn.
908 1288 1000 1326 Neque
1024 1290 1092 1316 enim

247 1336 328 1371 magiS
348 1334 381 1361 de
399 1335 507 1361 materia
527 1344 610 1366 caesa,
630 1338 674 1360 aut
688 1332 720 1359 de
734 1333 883 1363 caementis,
903 1337 946 1358 aut
966 1332 998 1359 de
1015 1342 1092 1358 arena

248 1377 392 1404 cavendum
416 1382 457 1403 est
480 1377 625 1409 venditori,
651 1386 728 1413 quam
749 1375 780 1402 de
800 1376 911 1402 caeteris
931 1380 980 1402 etc.
1000 1374 1031 1401 Γπ.
1052 1377 1091 1401 17.

247 1421 269 1455 §.
289 1422 312 1447 6.
333 1420 367 1447 de
385 1421 416 1447 Α.
437 1420 466 1446 Ε.
481 1419 512 1447 V.
529 1421 568 1446 19.
591 1421 612 1446 1.
650 1419 784 1446 Materiam
803 1418 947 1450 succidere,
967 1422 1091 1455 quantum

247 1463 280 1490 ad
298 1463 377 1490 villae
396 1463 574 1490 refectionem.
600 1462 630 1489 Γπ.
651 1464 690 1488 12.
711 1472 750 1499 pr.
775 1461 807 1488 de
831 1461 913 1488 usul'r.
933 1463 956 1488 7.
978 1463 999 1488 1.
1036 1460 1092 1494 Nec

247 1508 367 1544 cupressi
386 1507 518 1532 materiam
539 1505 667 1537 vendere,
686 1504 729 1531 vel
749 1504 847 1537 olivae,
867 1515 920 1531 non
939 1504 1092 1531 substitutis

247 1549 313 1576 aliis.
338 1549 368 1575 Γπ.
389 1551 430 1575 45.
455 1550 476 1583 §.
499 1550 538 1575 13.
563 1548 596 1575 de
615 1549 671 1574 iure
690 1548 756 1574 fisci.
776 1549 817 1574 49.
839 1549 879 1574 14.
916 1547 1023 1574 Materia
1042 1557 1090 1584 pro

247 1592 317 1628 ligno
342 1593 387 1618 uti.
412 1592 442 1618 Γπ.
464 1594 503 1618 12.
528 1601 566 1628 pr.
592 1591 624 1617 de
649 1590 730 1617 usufr.
755 1592 777 1617 7.
804 1593 826 1617 1.
851 1590 902 1624 (cs.
927 1600 951 1617 v.
970 1589 1090 1626 Lignum.

246 1636 268 1669 §.
290 1635 329 1668 1.)
367 1634 482 1661 Pretium
507 1635 631 1661 materiae
656 1638 681 1659 et
700 1633 834 1659 mercedes
854 1633 995 1659 fabrorum.
1015 1632 1045 1659 Γπ.
1066 1635 1089 1659 7.

247 1678 268 1711 ξ.
290 1680 329 1704 12.
350 1677 383 1704 dc
402 1678 433 1704 A.
447 1677 471 1704 R
493 1678 525 1704 D.
541 1679 583 1704 41.
606 1679 626 1703 1.
665 1676 719 1712 Qui
738 1676 863 1713 prohibet
882 1686 937 1702 eam
956 1676 1089 1702 materiam

247 1720 371 1752 convehi,
396 1731 462 1757 quae
486 1720 606 1747 aedilicio
631 1720 780 1745 necessaria
804 1720 847 1745 sit.
872 1719 902 1745 fr.
924 1721 947 1745 1.
971 1719 992 1752 §.
1013 1720 1036 1745 8.
1057 1718 1090 1745 de

246 1768 350 1790 mortuo
370 1764 444 1790 inl'er.
467 1765 505 1790 11.
526 1764 549 1789 8.
575 1762 605 1789 Γπ.
626 1764 649 1788 7.
674 1762 695 1795 ξ.
717 1764 756 1788 12.
782 1761 800 1788 l.
819 1764 860 1788 41.
882 1764 904 1788 1.
930 1762 960 1788 fr.
981 1764 1003 1788 1.
1023 1762 1045 1795 ξ.
1066 1764 1089 1789 l.

247 1806 279 1833 de
297 1807 369 1843 tigno
389 1808 468 1833 iunct.
481 1808 521 1833 47,
541 1808 566 1833 3.
603 1805 741 1837 Marmora,
761 1805 802 1831 vel
823 1805 871 1831 alia
884 1805 998 1831 materia.
1020 1804 1050 1831 Γπ.
1066 1807 1088 1831 1.

247 1849 268 1882 ᾗ.
290 1851 328 1875 12.
349 1849 382 1875 de
401 1860 486 1876 exerc.
507 1853 556 1875 act.
577 1850 616 1875 14.
637 1850 660 1875 l.
683 1848 732 1875 Th.
748 1847 779 1874 C.
793 1848 838 1874 Xl.
855 1850 893 1874 16.
915 1858 935 1874 c.
952 1849 991 1874 15.
1012 1849 1089 1874 c.18.-

247 1891 279 1918 de
299 1897 364 1918 extr.
385 1903 405 1918 s.
428 1892 499 1918 sord.
526 1908 556 1912 —
585 1892 616 1924 ὃ.
636 1892 670 1918 2.
692 1892 901 1921 Substantia,
923 1892 1087 1923 Qualitas,

247 1936 300 1961 rei.
325 1934 343 1960 1.
355 1936 416 1969 Sy.
437 1935 598 1961 Substantia.
619 1933 649 1960 Γπ.
663 1936 687 1961 9.
707 1935 729 1968 §.
743 1936 766 1960 2.
788 1934 817 1960 Γπ.
839 1935 878 1959 11.
899 1943 936 1970 pr.
958 1933 990 1960 de
1005 1938 1088 1960 contr.

247 1982 306 2004 emt.
328 1979 367 2004 18.
389 1980 411 2004 1.
448 1978 550 2008 Genus,
577 1977 706 2012 Qualitas.
734 1977 763 2003 l'r.
785 1978 843 2002 166.
862 1986 901 2013 pr.
926 1975 957 2002 fr.
979 1978 1035 2003 198.
1056 1976 1088 2003 de

246 2019 278 2047 V.
298 2020 326 2047 S.
346 2023 387 2047 50.
409 2022 448 2047 16.
474 2031 494 2047 c.
518 2022 555 2046 16.
580 2020 612 2046 de
635 2019 723 2056 praed.
750 2024 775 2045 et
794 2019 826 2046 al.
846 2019 900 2045 reb.
921 2020 982 2045 min.
1002 2021 1026 2046 5.
1048 2022 1088 2046 71.

247 2063 289 2089 111.
310 2064 376 2091 Cn.
395 2062 454 2090 Non
475 2062 559 2095 locus,
577 2062 625 2088 sed
644 2063 750 2088 materia
770 2062 849 2095 (sarit
868 2062 996 2088 urbanum
1014 2073 1089 2100 prae—

248 2106 344 2139 dium.)
373 2106 403 2133 Γπ.
426 2108 482 2132 198.
503 2105 520 2132 l.
541 2108 581 2132 50.
604 2107 643 2133 16.
681 2106 750 2141 Quia
769 2106 795 2131 in
815 2115 911 2142 corpus
931 2115 1089 2132 consensum

248 2154 297 2180 est,
317 2151 366 2176 etsi
386 2151 412 2176 in
431 2150 538 2176 materia
558 2150 593 2175 sit
612 2153 732 2175 erratum.
759 2148 788 2175 Γπ.
808 2150 832 2175 9.
858 2149 879 2182 §.
898 2151 924 2174 2.
946 2148 975 2175 Γπ.
997 2150 1036 2174 14.
1057 2148 1089 2175 de

248 2196 331 2218 contr.
353 2197 410 2218 etnt.
433 2195 472 2219 18.
494 2194 516 2219 l.
554 2192 635 2228 Quod
660 2191 775 2228 liquidae
799 2192 922 2218 materiae
945 2193 988 2218 sit.
1014 2191 1044 2218 Γπ.
1064 2194 1087 2218 4.

247 2245 286 2272 pr.
312 2233 344 2260 de
367 2245 435 2271 penu
459 2235 507 2271 leg.
531 2237 572 2261 33.
593 2238 616 2262 9.
654 2235 684 2261 Si
707 2244 804 2271 gemma
829 2250 861 2254 —
887 2234 966 2261 fracta
992 2236 1041 2267 sit,
1066 2236 1088 2261 si

248 2277 354 2314 quidem
373 2278 437 2303 vitio
457 2279 579 2304 materiae
599 2278 694 2305 sactum
708 2279 743 2304 sit
757 2283 805 2304 etc.
825 2277 854 2303 Γπ.
872 2279 911 2303 13.
931 2278 952 2311 §.
967 2280 990 2304 5.
1011 2278 1087 2304 locat.

248 2322 288 2347 19.
307 2322 332 2346 2.
354 2335 384 2339 -
405 2320 435 2353 ᾖ.
456 2322 493 2346 3.
514 2323 755 2355 Argumentum.
785 2323 858 2351 Res,
882 2323 916 2346 de
936 2331 997 2355 qua
1017 2323 1088 2356 agi-

247 2370 307 2390 tur.
344 2363 387 2389 111.
410 2364 476 2390 (In.
496 2364 571 2398 Quae
590 2374 651 2400 pars
675 2365 739 2391 iuris
759 2369 832 2390 extra
851 2364 1014 2400 propositam
1034 2364 1089 2399 qui-

248 2406 307 2433 dem
325 2407 457 2432 materiam
476 2405 588 2432 videtur.
609 2407 663 2433 Gai.
679 2407 708 2434 ll.
726 2408 782 2433 191.
811 2405 853 2432 Ad
870 2405 1010 2432 lectionem
1029 2416 1088 2443 pro-

247 2450 351 2486 positae
378 2449 501 2475 materiae
524 2448 676 2485 producere.
707 2450 736 2476 fr.
762 2451 783 2476 l.
809 2449 841 2476 de
863 2448 896 2475 Ο.
921 2448 938 2475 1.
965 2451 986 2475 1.
1010 2451 1034 2475 2.
1056 2466 1086 2470 -—

248 2493 279 2525 §.
301 2493 340 2518 l.
361 2493 468 2519 Ratio.
506 2491 548 2518 111.
569 2492 634 2519 Gn.
661 2492 779 2519 lmminui
798 2493 931 2518 materiam
951 2502 1088 2518 conversa-

248 2535 328 2561 tionis
348 2535 482 2561 humanae.
506 2534 572 2561 Nov.
586 2534 706 2561 Anthem.
722 2535 753 2561 de
773 2535 833 2562 mul.
855 2545 895 2572 qu.
916 2545 945 2561 se
964 2545 1031 2562 serv.
1044 2534 1086 2561 Vl.

251 2579 272 2602 1.
292 2588 312 2603 c.
335 2579 356 2604 1.
377 2588 416 2615 pr.
444 2593 476 2597 -
506 2578 537 2611 ξ.
558 2578 595 2604 5.
626 2579 751 2608 Causa,
777 2580 922 2605 Oceania.
960 2577 1002 2604 ΙΙΙ.
1021 2579 1086 2605 Cn·
1109 2592 1111 2606 ι

250 2619 317 2646 Cum
337 2637 366 2641 -—
392 2630 435 2647 aes
459 2620 573 2647 alienum
596 2620 774 2648 adhibuisset.
802 2626 826 2646 et
851 2631 930 2658 saepe
955 2622 1087 2647 materiam
1109 2611 1111 2659 l.

250 2663 374 2698 peccandi
397 2663 472 2689 malis
496 2663 614 2690 moribus
638 2667 790 2700 praestaret.
814 2663 842 2689 Γπ.
867 2666 886 2690 1.
907 2674 945 2701 pr.
969 2664 1001 2690 ad
1021 2663 1086 2690 S.C.

250 2704 314 2731 Mac.
336 2707 374 2731 1-1.
393 2708 416 2732 6.
441 2705 471 2732 Γπ.
489 2707 513 2732 3.
538 2707 560 2740 §.
580 2707 603 2733 6.
629 2706 661 2732 de
680 2707 707 2732 in
726 2716 780 2732 rem
799 2715 876 2735 versu
898 2709 935 2733 15.
955 2708 979 2733 3.
1018 2706 1087 2733 llaec

251 2748 319 2773 enim
342 2757 384 2773 res
410 2764 441 2768 -
469 2750 601 2776 materiam
625 2750 723 2786 gratiae
745 2748 787 2775 vel
811 2748 961 2775 ambitionis
986 2749 1085 2776 tribuit.

250 2789 279 2816 Γπ.
301 2791 340 2816 79.
366 2790 386 2823 §.
410 2792 430 2815 1.
456 2790 487 2817 de
507 2791 584 2819 iudic.
605 2794 627 2819 5.
650 2794 671 2819 1.
710 2791 769 2819 Nisi
792 2791 842 2818 hoc
862 2796 933 2817 esset
951 2797 1085 2824 statutum,

250 2833 355 2859 materia
374 2831 479 2859 daretur
497 2839 544 2861 etc.
567 2835 596 2862 Γπ.
618 2837 639 2862 l.
659 2836 681 2870 §.
702 2837 725 2862 1.
745 2839 814 2862 naut.
835 2844 908 2872 caup.
925 2835 948 2861 4.
969 2835 992 2860 9.
1012 2833 1041 2860 fr.
1061 2836 1087 2861 3.

1068 178 1172 209 ΜΑΤ.

1137 270 1176 298 pr.
1197 260 1229 287 de
1248 270 1309 297 opp.
1330 260 1391 297 pub.
1406 262 1446 287 50.
1469 262 1508 287 10.
1545 261 1582 287 Ea
1602 271 1644 287 res
1663 262 1796 288 materiam
1815 261 1870 289 litis
1890 276 1921 281 —
1941 263 1978 288 in-

1137 303 1293 330 staurandae
1312 312 1363 329 non
1383 303 1463 330 dabit.
1487 304 1518 330 l'r.
1537 306 1578 330 20.
1599 314 1639 341 pr.
1658 303 1691 330 de
1714 308 1762 330 tut.
1783 309 1809 330 et
1826 310 1873 331 rat.
1892 306 1933 331 27.
1953 306 1977 331 3.

1137 345 1169 372 ef.
1190 346 1239 373 Th.
1256 346 1286 373 C.
1301 345 1344 372 IV.
1365 347 1404 372 18.
1425 356 1446 372 c.
1465 348 1489 373 2.
1509 347 1541 373 de
1561 346 1636 373 sruct.
1657 351 1683 373 et
1701 346 1738 373 lit.
1759 356 1818 384 exp.
1855 347 1908 374 Sed
1927 357 1977 374 ma-

1137 389 1228 415 terIam
1252 388 1374 426 praebuit
1396 388 1489 416 Servio
1514 389 1629 416 notandi.
1658 389 1688 416 Γπ.
1710 390 1735 416 3.
1763 389 1784 423 §.
1804 391 1828 415 6.
1852 389 1884 416 de
1907 400 1978 427 penu

1137 432 1186 458 lev.
1205 433 1248 458 33.
1260 433 1284 458 9.

1164 454 1381 502 '‘maten-nus.
1400 474 1530 508 (Adieet.)
1550 477 1597 502 Ad
1614 481 1745 502 matrem
1762 481 1924 509 spectans,
1941 479 1977 503 ab

1115 542 1116 547 ,
1137 527 1213 544 eane
1229 519 1410 554 profectus.
1448 517 1466 544 1.
1487 518 1548 552 Sy.
1568 517 1673 549 Matris,
1698 517 1814 544 Materna
1834 518 1933 551 (bona,
1952 528 1976 544 v.

1139 559 1292 592 hereditas.)
1311 560 1342 587 Γπ.
1361 561 1402 586 87.
1422 570 1462 597 pr.
1482 559 1515 586 de
1534 560 1565 586 A.
1585 570 1609 587 v.
1630 561 1664 587 O.
1678 560 1709 587 H.
1729 562 1769 587 29.
1789 563 1813 587 2.
1834 560 1864 587 Γπ.
1883 562 1925 587 81.
1945 560 1977 588 ad

1138 602 1203 629 S.C.
1218 602 1296 629 Treb.
1310 604 1352 630 36.
1373 605 1395 630 1.
1433 602 1462 629 ll.
1484 604 1551 637 ⁰1).
1570 602 1655 630 Pater.
1671 620 1702 623 —
1722 603 1868 630 Maternum
1887 613 1976 640 genus.

1138 645 1188 672 Tb.
1209 645 1239 672 C.
1259 645 1316 672 ΧΠ.
1338 647 1360 673 1.
1381 656 1402 673 c.
1421 648 1462 672 51.
1482 645 1515 672 de
1533 643 1667 673 decurion.
1705 646 1833 673 Paternus
1853 648 1938 679 (avus,
1952 657 1976 674 v.

1138 688 1249 715 libertus
1273 689 1340 722 ete.)
1369 689 1424 716 Gai.
1444 689 1486 715 111.
1507 691 1547 715 71.
1573 689 1602 716 fr.
1628 691 1667 716 10.
1692 690 1713 724 §.
1736 692 1775 716 13.
1800 689 1832 717 de
1856 690 1927 727 grad.
1953 695 1979 717 et

1138 731 1187 758 ads.
1199 733 1241 758 38.
1263 733 1302 758 10.
1339 731 1382 758 111.
1397 733 1463 759 οη.
1482 732 1557 764 Avia,
1577 737 1628 759 tam
1643 738 1750 770 paterna
1764 743 1840 769 quam
1854 738 1978 761 materna.

1137 774 1209 801 Paul.
1230 773 1273 801 IV.
1295 776 1334 800 ll.
1354 775 1374 808 §.
1394 776 1418 800 4.
1456 774 1570 801 Materna
1595 780 1619 802 et
1645 777 1713 802 avita
1733 775 1809 802 bona.
1833 776 1864 803 fr.
1884 778 1925 803 81.
1946 775 1979 803 ad

1138 817 1198 844 S.C.
1219 817 1299 844 Treb.
1318 818 1360 843 36.
1381 818 1404 844 1.
1428 817 1605 844 Maternorum
1624 818 1754 845 bonorum
1773 828 1874 845 servus.
1894 818 1924 845 Γπ.
1935 820 1976 846 86.

1137 861 1159 895 ξ.
1179 863 1203 887 2.
1223 860 1256 887 de
1275 860 1305 887 A.
1326 870 1350 886 v.
1371 859 1404 886 Ο.
1423 859 1454 886 Η.
1473 862 1515 887 29.
1534 864 1558 887 2.
1596 860 1691 887 Omnia
1717 871 1827 899 corpora
1847 867 1978 889 maternae

1138 904 1299 930 hereditatis.
1320 902 1350 930 fr.
1365 904 1404 929 77.
1424 903 1445 937 ξ.
1459 905 1500 930 20.
1521 903 1553 930 de
1572 903 1647 939 legat.
1668 903 1698 930 ΙΙ.
1713 906 1780 937 (31.)
1813 904 1866 931 Res
1885 910 1978 932 mater-

1137 957 1184 973 nas
1208 948 1377 974 successione
1397 947 1528 982 quaesitas
1553 947 1694 984 (persequi
1713 948 1820 984 posse.)
1844 958 1865 974 c.
1886 950 1925 975 14.
1945 948 1978 975 de

1137 990 1253 1027 postlim.
1277 999 1331 1016 rev.
1355 990 1379 1015 8.
1399 990 1441 1015 51.
1467 988 1499 1015 cf.
1525 999 1545 1015 c.
1566 991 1589 1016 5.
1614 989 1646 1015 ad
1670 989 1736 1016 S.C.
1758 990 1863 1028 Orphit.
1887 992 1911 1018 6.
1935 993 1977 1018 57.

1136 1033 1280 1060 Maternam
1298 1032 1480 1063 hereditatem,
1499 1031 1660 1068 eandemque
1675 1032 1825 1069 legitimam,
1845 1033 1977 1067 (adeundo

1138 1076 1284 1113 quaerere.)
1304 1075 1376 1102 Paul.
1397 1074 1441 1101 IV.
1458 1076 1496 1100 10.
1516 1075 1539 1108 §.
1557 1076 1582 1101 4.
1619 1075 1702 1111 Quae,
1722 1077 1841 1112 exigente
1860 1081 1978 1104 materno

1137 1118 1249 1150 adfectu,
1270 1119 1296 1144 in
1315 1118 1395 1145 filiam
1415 1123 1484 1144 tuam
1504 1122 1638 1154 erogatura
1657 1128 1738 1144 esses.
1761 1119 1791 1145 fr.
1805 1121 1829 1146 5.
1849 1120 1870 1153 §.
1886 1121 1925 1146 14.
1945 1119 1978 1147 de

1137 1171 1241 1198 agnose.
1262 1166 1287 1187 et
1306 1160 1390 1188 alend.
1409 1162 1451 1187 25.
1471 1161 1495 1187 3.
1516 1160 1546 1187 Γπ.
1565 1162 1607 1187 31.
1626 1161 1648 1195 §.
1671 1163 1692 1187 1.
1712 1160 1744 1187 de
1763 1161 1850 1188 donat.
1869 1164 1911 1189 39.
1931 1165 1956 1189 5.

1171 1206 1394 1232 Matertera.
1421 1205 1546 1230 Matris
1565 1213 1648 1230 meae
1666 1214 1768 1231 soror.
1806 1204 1824 1231 1.
1844 1206 1907 1240 Sy.
1926 1205 1978 1233 Ma·

1136 1249 1185 1274 tris
1204 1257 1288 1274 soror.
1308 1246 1380 1274 Paul.
1400 1245 1443 1273 IV.
1465 1247 1504 1272 11.
1525 1247 1546 1280 ξ.
1566 1247 1590 1272 3.
1611 1245 1641 1273 Γπ.
1658 1248 1696 1273 10.
1716 1247 1737 1281 §.
1754 1249 1791 1274 14.
1812 1247 1845 1274 de
1863 1248 1933 1284 grad.
1952 1254 1977 1275 et

1136 1291 1215 1318 adfin.
1239 1292 1281 1317 38.
1307 1291 1346 1316 10.
1391 1288 1474 1315 Avine
1498 1299 1582 1316 soror.
1613 1288 1751 1316 Matertera
1774 1300 1872 1327 magna.
1904 1290 1976 1318 Paul.

1136 1335 1158 1368 §.
1178 1336 1201 1361 4.
1222 1333 1238 1360 l.
1259 1332 1275 1359 l.
1304 1332 1505 1359 Promatertera.
1524 1331 1584 1358 Mat.
1605 1333 1693 1359 maior.
1713 1332 1749 1360 ld.
1763 1333 1785 1367 ξ.
1798 1335 1821 1360 6.
1846 1333 1906 1361 Mat.
1926 1344 1977 1361 ma-

1135 1378 1211 1404 xima.
1241 1376 1431 1402 Ahmatertera.
1457 1374 1499 1401 Cf.
1519 1374 1543 1401 h.
1562 1385 1587 1402 v.
1622 1375 1654 1402 ΙΙ.
1676 1377 1743 1410 ΟΡ.
1767 1376 1861 1405 Amita.
1881 1376 1939 1403 Gai.
1958 1377 1976 1403 1.

1136 1421 1176 1446 62.
1198 1420 1254 1445 156.
1275 1418 1305 1445 fr.
1326 1420 1366 1445 17.
1386 1419 1407 1452 §.
1427 1419 1451 1444 2.
1472 1417 1505 1444 de
1523 1417 1554 1444 R.
1575 1417 1606 1444 N.
1623 1420 1664 1445 23.
1684 1421 1709 1445 2.
1814 1415 1829 1421 ..

1170 1461 1475 1490 Mathematicus.
1496 1460 1613 1495 (Subst.)
1640 1463 1809 1496 Inspector
1827 1464 1976 1495 siderum,

1136 1507 1193 1541 qui
1209 1507 1334 1542 sutura
1355 1505 1598 1539 praesagiebat.
1636 1504 1680 1531 111.
1701 1506 1767 1532 οη.
1791 1504 1820 1531 Si
1845 1506 1904 1542 quis
1925 1515 1977 1532 ma-

1135 1559 1191 1585 gus,
1206 1565 1238 1568 -
1252 1552 1296 1574 aut
1314 1547 1455 1584 haruspex,
1475 1551 1519 1573 aut
1537 1546 1664 1579 hariolus,
1683 1552 1728 1573 aut
1747 1553 1816 1575 certe
1831 1558 1920 1584 augur,
1934 1548 1976 1575 vel

1136 1597 1161 1618 et
1180 1591 1387 1618 mathematicus.
1408 1589 1456 1616 Th.
1478 1589 1509 1617 C.
1529 1589 1574 1616 IX.
1596 1591 1634 1616 16.
1655 1600 1675 1616 c.
1696 1591 1720 1616 6.
1741 1589 1772 1617 cf.
1792 1600 1813 1617 c.
1830 1592 1854 1617 4.
1874 1590 1907 1617 de
1926 1601 1976 1617 ma-

1134 1634 1201 1661 lefic.
1222 1633 1295 1660 Paul.
1310 1633 1341 1660 V.
1354 1635 1395 1660 21.
1416 1633 1438 1666 §.
1458 1634 1480 1659 3.
1518 1632 1703 1665 Mathematici,
1723 1632 1849 1660 Chaldaei
1865 1639 1914 1660 etc.
1935 1633 1976 1661 Cl'.

1134 1687 1158 1704 v.
1180 1676 1338 1704 Chaldaeus.
1381 1675 1624 1702 Mathematicorum
1650 1675 1744 1702 callida
1766 1677 1924 1714 impostura,
1951 1682 1977 1703 et

1111 1707 1113 1723 Ι
1135 1719 1265 1746 obstinata
1285 1720 1431 1756 persuasio.
1452 1718 1521 1745 Coll,
1537 1718 1590 1745 LL.
1611 1718 1644 1745 M.
1663 1718 1722 1745 XV.
1741 1721 1766 1745 2.
1785 1719 1817 1745 cf.
1838 1719 1887 1746 Th.
1908 1719 1938 1746 C.
1959 1720 1975 1746 l.

1134 1762 1149 1789 l.
1171 1773 1191 1789 c.
1211 1764 1235 1789 8.
1255 1772 1276 1788 c.
1292 1764 1330 1789 12.

1169 1805 1472 1832 Mathematicus.
1504 1804 1633 1838 (Adiect.)
1666 1806 1713 1831 Aa
1730 1806 1976 1832 mathematico-

1134 1858 1201 1875 rum
1221 1854 1387 1883 quaestum
1407 1854 1568 1882 spectans.
1607 1847 1648 1874 ΠΙ.
1670 1849 1735 1875 Gn.
1763 1848 1855 1875 Artem
1875 1858 1975 1884 geome-

1134 1893 1198 1918 triae
1222 1891 1324 1918 discere
1345 1908 1375 1911 -
1400 1890 1507 1928 publice
1530 1892 1657 1917 interest.⁴
1691 1891 1742 1917 Ars
1770 1896 1855 1918 autem
1879 1891 1975 1918 mathe-

1133 1936 1225 1961 matica
1250 1933 1406 1960 damnabilis
1430 1938 1482 1966 est,
1507 1939 1532 1960 et
1555 1933 1694 1960 interdicta
1714 1935 1826 1960 omnino.
1857 1944 1878 1960 c.
1898 1936 1921 1960 2.
1941 1933 1975 1959 de

1133 1977 1243 2004 malefic.
1263 1978 1286 2003 9.
1308 1978 1348 2003 18.

1168 2020 1423 2047 Matr-icarium
1453 2020 1650 2053 Operarius,
1667 2021 1722 2054 qui
1741 2021 1902 2046 incendiis
1921 2029 1974 2045 ex-

1133 2064 1344 2097 stinguendis
1364 2064 1545 2089 adhibetur.
1571 2061 1613 2087 111.
1628 2063 1694 2089 (T'u.
1713 2061 1760 2088 Sin
1774 2077 1806 2081 —
1825 2061 1974 2088 incendium

1133 2107 1159 2132 in
1180 2105 1243 2131 urbe.
1263 2105 1341 2131 fuerit
1360 2105 1464 2136 sactum,
1484 2105 1613 2130 iuteresse
1632 2104 1769 2131 Praetores
1789 2108 1902 2141 oportet.
1921 2105 1973 2131 XX

1133 2158 1222 2174 seeum
1241 2147 1367 2174 habentes
1387 2146 1497 2178 milites,
1523 2151 1549 2173 et
1567 2147 1645 2173 XXX
1663 2148 1833 2174 mab-icarios.
1865 2146 1911 2173 lul.
1932 2157 1972 2184 ep.

1133 2201 1192 2217 nov.
1214 2201 1234 2217 c.
1254 2192 1295 2216 23
1316 2190 1337 2223 ξ.
1357 2191 1397 2217 88.

1166 2234 1382 2261 Man-icum.
1429 2234 1628 2268 Caealogus‚
1664 2234 1763 2259 Index
1797 2235 1971 2265 (militum,

1132 2280 1182 2303 vel
1200 2278 1428 2313 officialium,
1447 2277 1521 2302 item
1539 2278 1813 2310 co'rporatorum.)
1842 2275 1884 2302 III.
1906 2277 1972 2303 Un-

1132 2319 1231 2346 Locum
1251 2320 1282 2351 iS,
1302 2320 1347 2356 qui
1365 2320 1436 2345 iuxta
1456 2318 1606 2345 matriculae
1624 2318 1759 2344 veritatem
1779 2319 1907 2354 sequitur,
1927 2318 1972 2345 ob·

1133 2364 1222 2389 tineat.
1242 2362 1292 2388 Th.
1313 2361 1343 2388 C.
1363 2361 1380 2389 1.
1401 2363 1424 2388 6.
1446 2372 1466 2388 c.
1488 2363 1526 2387 12.
1547 2360 1650 2394 (Wek.)
1671 2360 1703 2387 de
1723 2361 1766 2387 off.
1787 2360 1898 2387 1'rf.Vr.
1923 2360 1971 2388 Su-

1133 2406 1353 2442 pernumerariuS,
1373 2404 1479 2431 ultimus
1499 2404 1596 2430 formae
1616 2405 1707 2430 tertiae
1727 2405 1751 2429 in
1772 2403 1915 2430 matriculis
1930 2404 1972 2431 ha-

1133 2449 1231 2475 beatur.
1264 2448 1301 2474 lb.
1321 2447 1365 2474 VI.
1388 2449 1429 2473 32.
1455 2456 1475 2473 c.
1500 2448 1523 2472 2.
1548 2446 1581 2472 de
1605 2447 1773 2473 castrensian.
1810 2446 1970 2474 Matrieulam

1133 2491 1257 2523 (scholae
1276 2491 1406 2527 agentium
1429 2490 1455 2515 in
1478 2489 1575 2521 rebus)
1600 2494 1710 2516 tractare
1735 2494 1813 2525 atque
1834 2490 1970 2526 perficere..

1133 2534 1169 2561 lh.
1190 2534 1208 2560 1.
1228 2536 1251 2561 9.
1277 2544 1298 2560 c.
1317 2535 1341 2559 3.
1362 2531 1475 2565 (ch.)
1504 2531 1537 2558 de
1561 2532 1603 2558 off.
1627 2542 1691 2568 mag.
1716 2532 1785 2558 offic.
1810 2532 1841 2559 ct'.
1862 2532 1905 2559 V1.
1928 2535 1968 2560 30.

1133 2588 1153 2603 c.
1168 2579 1206 2603 16.
1227 2577 1259 2603 de
1277 2575 1354 2613 palat.
1374 2574 1401 2601 S.
1422 2574 1498 2610 largg.
1530 2574 1697 2601 Militantium
1709 2574 1853 2601 matriculis
1867 2575 1968 2602 auferri.

1132 2621 1168 2647 lb.
1188 2620 1244 2646 Vll.
1265 2621 1304 2645 12.
1325 2628 1346 2644 c.
1366 2620 1390 2644 2.
1410 2617 1441 2643 dc
1462 2623 1595 2644 commeat.
1633 2618 1752 2654 Quorum
1772 2619 1875 2644 nomina
1894 2627 1968 2653 nego-

1132 2665 1254 2690 tiatorum
1277 2660 1412 2687 matricula
1436 2660 1642 2698 comprehendit.
1674 2661 1710 2687 lb.
1735 2660 1804 2687 XV1.
1829 2663 1852 2687 2.
1881 2670 1901 2687 c.
1928 2661 1966 2686 15.

1131 2707 1152 2740 ξ.
1170 2708 1191 2732 l.
1211 2705 1244 2731 de
1263 2705 1343 2741 episc.
1358 2703 1420 2729 eccl.
1450 2703 1594 2730 lllatriculis
1613 2705 1702 2736 inseri,
1717 2719 1749 2723 -
1765 2708 1791 2729 et
1809 2712 1967 2730 annonarum

1131 2747 1257 2775 subsidiis
1282 2746 1444 2783 locupletari.
1476 2746 1512 2773 lb.
1532 2746 1575 2773 vl.
1594 2748 1636 2772 24.
1662 2757 1683 2773 c.
1702 2749 1726 2773 2.
1751 2746 1784 2773 de
1808 2746 1917 2773 domest.
1942 2750 1966 2771 et

1130 2795 1241 2828 protect.
1279 2789 1374 2816 Soluto
1394 2788 1506 2825 cingulo,
1525 2789 1659 2816 matricula
1679 2788 1786 2816 aboleri.
1805 2788 1841 2816 lb.
1861 2787 1904 2814 lx.
1924 2788 1965 2813 38.

1130 2844 1151 2860 c.
1173 2835 1212 2859 11.
1233 2831 1265 2859 de
1284 2832 1381 2869 indulg.
1402 2833 1472 2859 crim.
