2197 3121
264 163 326 193 466
1089 162 1171 194 INF.

265 244 296 271 cf.
316 244 345 271 fr.
363 245 387 270 3.
408 244 430 278 ξ,
451 244 490 270 18.
511 244 542 271 ‹ln-
561 246 592 271 Α.
614 254 636 270 v.
656 244 688 270 A.
708 243 736 270 P.
751 246 830 270 «112.
869 244 898 271 Si
918 243 1035 272 debitum
1049 254 1102 272 uon
1126 246 1128 286 1
1149 244 1178 271 ln
1196 244 1314 275 infinito,
1338 244 1463 273 videlicet
1487 256 1535 283 per
1561 247 1705 283 quamlibet
1729 250 1785 276 eius
1809 255 1921 286 partem,
1941 251 1992 283 (ire

263 288 419 314 inficiantur.
440 297 461 313 c.
480 288 504 314 3.
526 288 576 323 Qu.
597 287 654 313 fise.
674 297 697 313 v.
719 288 785 324 priv.
807 289 831 314 4.
853 289 892 314 15.
1150 297 1225 324 agere
1244 287 1361 320 licebit.)
1387 288 1417 314 fr.
1443 290 1466 316 9.
1487 289 1520 316 de
1543 291 1633 317 servit.
1657 292 1680 317 8.
1703 293 1724 318 l.
1761 291 1878 319 Infinitas
1897 303 1992 321 usuras

299 330 469 357 Inficias.
509 332 655 365 lusicius
680 332 739 361 ire,
765 340 824 367 pro:
851 332 1024 366 lusia-iuri.
1061 330 1104 357 111.
1126 320 1128 367 1
1151 331 1269 367 recipere
1287 340 1376 367 posse.
1397 330 1468 358 Paul.
1488 332 1519 359 11.
1541 334 1579 359 14.
1600 333 1621 366 §.
1635 335 1659 360 3.
1696 333 1725 360 In
1745 334 1874 362 infinitum
1893 335 1992 363 donare

264 374 330 401 Cn.
350 372 437 399 Iurare
457 372 567 403 debent,
588 389 620 393 —
641 378 666 400 et
686 384 738 399 non
758 373 901 400 calumniae
921 384 998 400 causa
1017 372 1049 400 ad
1069 374 1105 399 in·
1126 383 1127 388 ¹
1150 383 1202 400 non
1222 373 1373 410 prohibere,
1392 384 1416 400 v.
1437 384 1531 412 capere
1550 377 1674 413 permitti.
1694 376 1731 403 Ib.
1751 376 1782 403 V.
1804 379 1844 404 ll.
1862 378 1884 412 ξ,
1897 380 1922 405 6.
1942 378 1992 405 Va-

263 416 336 442 ficias
357 415 406 449 [al.
426 416 622 450 inficiationes]
647 418 693 444 ire.
713 416 742 443 fr.
763 418 804 443 44.
828 417 850 450 ξ.
870 418 894 442 4.
914 416 994 443 famil.
1014 417 1105 443 ercisc.
1126 406 1128 452 1
1150 417 1194 443 tic.
1215 417 1237 450 ᾖ.
1257 417 1316 444 304.
1336 416 1366 443 fr.
1387 418 1410 443 7.
1430 416 1452 450 ξ.
1474 419 1494 444 l.
1515 417 1546 445 ad
1565 418 1594 446 L.
1615 418 1661 445 lul.
1681 425 1764 456 repet.
1785 421 1827 446 48.
1847 422 1888 447 11.
1907 437 1939 441 -
1959 421 1991 455 5.

265 461 304 485 10.
324 460 349 485 2.
1126 460 1185 498 12.
1214 461 1283 487 Non
1310 461 1534 495 definiendae,
1562 463 1832 495 lunarum-abilis,
1861 464 1991 491 Immen-

298 501 505 528 lunc-intio.
526 503 684 537 Negatio,
705 504 897 537 Abnegatio.
916 501 1039 530 HLC'n.
1049 501 1105 528 Nec
1126 504 1127 535 1
1149 512 1210 529 sus.
1247 502 1289 529 111.
1305 504 1371 530 Cn.
1392 502 1474 537 Magis
1494 512 1573 530 unum
1591 513 1672 540 genus
1692 510 1733 531 est
1751 505 1914 542 possidendi,
1933 515 1992 543 spe—

263 543 384 570 adiicitur
403 544 496 581 culpae
515 546 622 576 mentio,
642 545 683 572 vel
703 546 881 577 inficiationis,
901 545 982 578 (utin
995 544 1105 582 duplum
1126 543 1127 548 ¹
1150 546 1203 571 cies
1223 545 1349 572 infinitae.
1374 545 1403 571 fr.
1422 546 1447 572 3.
1472 545 1493 579 ξ.
1512 547 1555 573 21.
1579 546 1612 573 de
1630 547 1662 574 A.
1682 557 1706 574 v.
1726 548 1758 574 A.
1784 547 1812 575 P.
1836 550 1877 576 41.
1901 550 1926 575 2.
1961 549 1992 576 1n

263 586 340 613 detur
358 587 447 620 aetio.)
466 587 496 613 fr.
518 589 540 614 1.
561 588 583 622 ς’.
602 590 626 614 -1,
647 587 679 615 (1(-
699 588 723 615 h.
744 599 786 625 qu.
807 588 888 614 deIec.
909 590 933 615 9.
952 590 977 615 3.
1008 588 1104 620 Causa,
1126 591 1127 604 1
1149 587 1218 614 idem
1236 598 1318 624 genus
1337 588 1498 624 rediguntur,
1518 599 1548 615 ac
1567 588 1692 627 deinceps
1712 592 1737 617 in
1751 591 1890 618 infinitum.
1905 591 1935 619 fr.
1950 592 1991 619 18.

263 640 329 666 quae
348 629 508 657 inficiatione
527 632 636 663 crescit,
655 631 698 657 vel
722 631 849 668 poenalis.
874 630 904 658 fr.
924 633 948 658 7.
973 630 1005 658 de
1024 630 1103 658 solut.
1149 631 1171 665 ξ.
1190 633 1215 658 3.
1235 631 1267 658 de
1286 632 1360 658 instr.
1386 631 1435 667 leg.
1459 632 1501 658 33.
1522 633 1545 658 7.
1583 631 1646 659 Sive
1665 635 1790 670 proximi,
1810 635 1867 661 sive
1885 634 1993 662 ulterio-

262 674 303 699 46.
323 674 347 699 3.
368 673 399 699 cf.
419 672 492 700 Paul.
512 673 530 700 l.
553 675 592 700 l9.
614 675 635 708 §.
655 676 678 700 2.
716 674 771 701 Nec
790 676 858 701 enim
872 674 969 701 furtum
988 679 1028 701 est
1047 675 1104 711 ipsa
1148 684 1190 700 res
1209 674 1314 711 gradu5‚
1335 684 1419 711 usque
1438 673 1470 700 ad
1489 674 1629 702 infinitum.
1648 675 1679 703 fr.
1699 678 1740 703 53.
1761 676 1793 703 de
1812 676 1844 704 R.
1863 676 1894 704 N.
1913 678 1955 704 23.
1965 679 1991 705 2.

262 716 402 748 inficiatio,
424 715 488 743 licet
512 726 597 754 prope
621 717 718 743 furtum
742 722 790 743 est.
815 717 845 744 fr.
866 719 907 744 67.
931 727 970 755 pr.
991 717 1024 744 de
1043 716 1103 743 furt.
1148 716 1179 743 fr.
1198 719 1222 743 2.
1243 717 1265 751 §.
1286 719 1309 744 l.
1329 717 1362 744 de
1381 718 1437 744 suis
1457 722 1483 743 et
1501 717 1572 753 legit.
1590 719 1633 744 38.
1655 720 1694 746 16.
1715 735 1748 739 -
1767 720 1798 753 §.
1819 721 1856 747 3.
1876 721 1992 747 Immo-

262 760 304 785 47.
327 760 352 785 2.
1125 791 1126 794 ¹
1148 762 1252 792 dicus,
1273 762 1437 787 Eum-mis.
1469 759 1486 786 1.
1506 761 1568 795 Sy.
1588 760 1671 788 Multo
1691 761 1784 799 pluriS‚
1804 773 1881 799 quam
1900 764 1992 799 quanti

298 802 471 829 Infictus.
509 801 629 835 (Partic.)
667 802 708 830 Cf.
728 813 752 829 v.
772 803 890 840 Infigere.
910 803 932 837 ξ.
954 805 976 829 l.
1148 808 1204 829 erat
1222 813 1273 835 res,
1293 802 1399 829 Infinito
1418 804 1505 840 pretio
1525 805 1645 837 (emere.)
1666 804 1696 832 fr.
1715 806 1757 832 61.
1776 805 1809 832 ad
1821 804 1850 832 L.
1864 804 1934 833 Falc.
1947 807 1990 833 35.

297 845 484 872 Infidelis.
521 844 650 878 (Adiect.)
688 848 866 881 lmprobus.
893 846 936 873 ΙΙΙ.
957 847 1023 874 Gn.
1043 845 1104 872 Ser-
1147 848 1173 873 2.
1209 846 1240 873 11.
1261 848 1329 880 01).
1348 845 1482 872 Infinitum
1501 847 1649 884 (pretium.)
1668 847 1785 879 Infinita,
1805 848 1847 875 vel
1866 848 1991 876 immode-

261 887 316 914 vuli
335 887 466 918 infideles,
486 887 528 914 vel
547 888 709 925 negligentes
723 891 866 927 propinqui
879 894 928 916 etc.
948 888 997 916 Th.
1014 888 1044 916 C.
1058 888 1103 915 IV.
1148 894 1212 921 rata,
1232 905 1264 909 —
1284 888 1366 921 Vera,
1385 889 1528 921 Moderata,
1548 889 1651 916 Modica
1671 892 1844 924 (aestimatim
1868 901 1892 918 v.
1912 901 1991 929 pecn-

260 932 303 957 22.
322 941 343 957 c.
365 933 386 957 l.
407 930 475 957 unde
494 932 528 957 vi.
1125 929 1126 952 ἶ
1149 932 1211 964 nia.)
1241 930 1271 958 fr.
1292 932 1334 958 61.
1353 931 1370 958 1.
1389 934 1431 959 35.
1451 934 1475 959 2.
1495 932 1527 959 cf.
1552 932 1582 959 fr.
1602 934 1643 960 40.
1663 943 1703 971 pr.
1727 933 1760 960 de
1779 933 1863 961 damn.
1883 933 1928 961 inf.
1946 936 1990 962 39.

297 974 456 1000 InfiduS.
477 974 606 1008 (Adiect)
627 977 763 1008 Fallax,
783 977 962 1010 [mprobus.
981 974 1024 1001 111.
1037 974 1103 1002 011.
1147 976 1171 1001 2.
1192 974 1222 1001 sr.
1243 976 1300 1001 192.
1320 973 1353 1000 de
1374 973 1404 1001 V.
1424 974 1451 1001 S.
1471 977 1512 1002 50.
1539 976 1578 1002 16.

261 1016 316 1043 Aut
334 1016 400 1042 sacta
419 1017 572 1053 puniuntur,
592 1033 624 1037 —-
644 1023 688 1044 aut
706 1018 786 1051 dicta,
805 1023 832 1045 ut
851 1019 983 1050 convicia,
1003 1022 1029 1044 et
1048 1017 1104 1044 infi·
1183 1017 1403 1045 Infirmare.
1449 1019 1580 1045 Viribus
1600 1020 1754 1053 privare,
1778 1020 1919 1047 Irritum
1941 1021 1990 1056 ef·

261 1059 309 1086 dae
329 1059 523 1086 advocationes.
548 1060 577 1087 fr.
603 1062 642 1088 16.
663 1071 702 1098 pr.
723 1060 755 1087 de
779 1072 855 1098 poen.
875 1063 916 1088 48.
938 1062 978 1088 19.
1015 1060 1104 1096 Vagus
1148 1062 1258 1094 ficere.
1296 1059 1314 1086 I.
1335 1061 1397 1094 Sy·
1417 1060 1591 1093 Evanescerffi
1610 1060 1745 1088 lufirmari.
1771 1061 1812 1089 Cf.
1832 1071 1857 1089 v.
1875 1062 1991 1090 Evanes·

261 1107 288 1128 et
307 1102 404 1129 infidus
425 1102 590 1137 (habitator.)
609 1102 676 1130 Νον-
696 1103 754 1131 Val.
774 1104 815 1131 111.
836 1104 869 1131 de
888 1103 974 1131 colon.
995 1113 1052 1139 vag.
1070 1102 1103 1129 11.
1147 1113 1214 1130 cere.
1250 1102 1355 1129 Irritum
1378 1103 1449 1136 fieri,
1478 1102 1584 1130 Nullius
1609 1105 1734 1130 momenti
1757 1114 1830 1136 esse,
1853 1104 1990 1132 lufirmari.

261 1146 303 1171 31,
326 1155 347 1171 c.
369 1147 392 1171 1.
413 1145 434 1179 §.
455 1147 478 1172 1.
641 1166 645 1170 ,
1148 1145 1205 1173 Gai.
1224 1146 1256 1173 II.
1277 1148 1334 1172 145.
1355 1156 1394 1183 sq.
1415 1145 1445 1173 fr.
1467 1147 1489 1173 l.
1509 1146 1531 1180 §.
1553 1148 1576 1173 1.
1596 1146 1629 1173 de
1648 1146 1728 1174 feriis.
1747 1150 1772 1173 2.
1787 1149 1828 1173 12.
1847 1147 1878 1174 fr.
1889 1149 1931 1175 23.
1950 1147 1990 1182 §§.

297 1189 479 1223 lnfigere.
503 1189 535 1222 δ.
554 1190 589 1215 1.
610 1190 785 1225 Adfigere,
804 1191 990 1224 Adplicare.
1010 1189 1103 1224 LSy.
1148 1191 1170 1216 l.
1190 1199 1230 1226 sq.
1250 1188 1283 1216 de
1302 1189 1379 1216 cond.
1398 1188 1486 1216 indeb.
1508 1191 1548 1216 12.
1567 1190 1592 1216 6.
1628 1189 1660 1216 11.
1681 1191 1748 1224 ⁰1).
1781 1189 1892 1223 Valere,
1911 1190 1991 1218 Vires

261 1229 391 1267 Defigere.
412 1230 454 1257 Cf.
474 1230 498 1258 h.
518 1241 542 1259 v.
562 1232 583 1266 ᾗ.
606 1234 628 1259 l.
665 1232 796 1259 Adfixam.
816 1233 936 1260 Infixum.
956 1232 997 1259 Cf.
1012 1242 1036 1259 v.
1050 1232 1103 1259 Ad·
1146 1232 1250 1259 habere.
1271 1248 1304 1252 —
1322 1232 1461 1259 lufirmari.
1493 1231 1550 1259 Gai.
1569 1231 1600 1258 11.
1620 1234 1679 1259 151.
1698 1232 1728 1260 fr.
1747 1234 1789 1260 23.
1809 1233 1846 1267 §§.
1868 1235 1890 1260 1.
1911 1243 1951 1270 sq.
1971 1233 1989 1261 1.

260 1274 338 1300 fixus.
358 1274 379 1307 §.
401 1275 424 1300 l.
461 1274 560 1305 EIecta,
579 1275 711 1313 Expulsu,
730 1275 812 1302 Iufixa
833 1275 877 1310 [al.
896 1275 999 1309 Inficta]
1020 1277 1101 1302 navis.
1148 1277 1188 1302 12.
1207 1276 1231 1302 6.
1252 1274 1283 1302 fr.
1301 1276 1342 1302 61.
1363 1285 1402 1313 pr.
1428 1274 1461 1302 de
1485 1276 1541 1302 iure
1565 1274 1619 1302 dot.
1643 1277 1684 1302 23.
1707 1276 1732 1302 3.
1769 1274 1812 1302 III.
1834 1277 1900 1304 Gn.
1921 1276 1990 1304 Cum

261 1315 290 1343 fr.
310 1318 334 1343 3.
355 1317 377 1350 §.
397 1318 421 1344 6.
445 1316 476 1344 fr.
495 1319 519 1344 5.
544 1317 575 1344 fr.
596 1320 619 1345 7.
644 1318 677 1345 de
700 1319 803 1345 inceud.
828 1320 910 1346 ruina.
936 1320 977 1346 47.
996 1320 1020 1346 9.
1057 1318 1101 1345 ΠΙ.
1146 1318 1255 1345 libertas
1279 1318 1378 1345 nullius
1403 1319 1528 1345 momenti
1552 1319 1600 1350 sit,
1624 1318 1767 1345 absurdum
1789 1328 1848 1346 esse
1866 1329 1914 1356 per
1933 1329 1990 1346 eam

260 1360 327 1387 (1η.
347 1359 527 1396 Quaecunque
549 1361 646 1388 infixae
668 1362 900 1399 inaedificataeque
919 1367 989 1389 sunt.
1009 1361 1039 1388 fr.
1058 1363 1101 1388 21.
1145 1361 1259 1398 legatum
1277 1361 1412 1393 infirmari,
1433 1361 1505 1398 quod
1524 1360 1641 1398 alioquin
1659 1361 1760 1388 valeret
1779 1366 1826 1388 etc.
1846 1361 1876 1389 fr.
1892 1363 1950 1389 108.
1965 1363 1988 1397 §.

261 1401 294 1428 de
313 1403 386 1429 instr.
412 1402 460 1439 leg.
484 1405 525 1430 33.
551 1406 573 1430 7.
611 1405 774 1432 Emblemata
798 1415 830 1432 ex
854 1415 916 1432 auro
940 1405 1022 1432 infixa
1046 1406 1099 1436 (sc.
1145 1406 1168 1431 9.
1188 1404 1220 1431 de
1239 1404 1315 1441 legat.
1340 1404 1360 1431 1.
1385 1405 1460 1438 (30.)
1498 1404 1598 1431 Servus
1619 1404 1720 1431 alienus
1741 1420 1774 1424 -
1793 1405 1989 1432 institutionem

260 1446 330 1472 vasis
349 1447 501 1482 argenteis.)
521 1446 593 1474 Paul.
617 1447 661 1474 ΠΙ.
686 1449 710 1474 6.
735 1449 823 1482 9189.
855 1464 887 1469 —
918 1449 949 1482 §0
970 1449 1005 1475 Β.
1037 1449 1101 1475 Ιηι-
1145 1458 1198 1474 non
1217 1447 1344 1479 infirmat,
1364 1447 1412 1474 sed
1429 1447 1539 1474 libertas
1558 1463 1586 1467 —
1610 1457 1773 1484 supervacue
1796 1447 1855 1474 data
1875 1447 1988 1476 videtur.

259 1490 358 1515 huet-e.
378 1488 421 1515 111.
436 1490 502 1516 Cn.
522 1490 589 1516 Cum
608 1492 690 1527 magis
711 1492 808 1518 veritas
828 1490 930 1517 oculata
943 1491 1003 1523 fide.
1024 1501 1101 1527 quam
1146 1490 1217 1517 Paul.
1237 1490 1278 1517 111.
1298 1492 1315 1516 4
1329 1490 1360 1517 Β.
1389 1490 1410 1524 §.
1431 1492 1454 1517 7.
1497 1490 1532 1517 Et
1550 1489 1634 1527 legata
1653 1489 1756 1522 deberi,
1784 1495 1810 1517 et
1829 1491 1989 1518 coheredum

260 1541 308 1568 per
326 1541 411 1563 aures,
431 1533 523 1559 animis
542 1532 676 1561 hominum
695 1535 820 1571 infigitur.
845 1535 867 1568 ξ.
887 1536 911 1561 9.
936 1533 954 1560 1.
978 1533 1011 1561 de
1029 1533 1100 1570 grad.
1145 1534 1338 1560 institutionem
1356 1543 1410 1560 non
1429 1543 1490 1560 esse
1508 1533 1698 1560 infirmandam.
1718 1533 1749 1560 fr.
1763 1535 1787 1560 2.
1807 1533 1840 1560 de
1858 1534 1883 1561 h.
1904 1544 1946 1571 qu.
1960 1535 1988 1562 in

260 1579 360 1610 cognat.
380 1577 404 1601 3.
424 1576 447 1600 6.
1145 1581 1247 1603 testam.
1267 1576 1318 1603 del.
1337 1578 1379 1603 28.
1399 1578 1423 1603 4.
1450 1576 1482 1603 cf.
1501 1576 1532 1603 fr.
1552 1577 1593 1603 66.
1618 1577 1640 1611 ᾗ.
1662 1579 1684 1604 l.
1709 1576 1742 1603 ad
1758 1575 1789 1603 L.
1809 1576 1879 1604 Falc.
1897 1579 1942 1604 35.
1961 1579 1987 1604 2.

296 1619 470 1645 Infimus.
507 1619 646 1654 (Adiect.)
688 1621 772 1647 Loco
795 1626 938 1646 extremo
963 1621 1100 1654 positus.
1146 1618 1239 1655 Neque
1259 1629 1292 1646 ex
1317 1618 1381 1646 falsa
1401 1619 1640 1652 demonstratione,
1665 1629 1751 1656 neque
1774 1629 1806 1646 ex
1825 1619 1889 1647 falsa
1909 1630 1987 1647 causa

261 1662 457 1688 Conditioui
479 1664 599 1690 humili
622 1665 783 1690 addictus.
825 1662 856 1689 II.
882 1664 949 1696 ΟΡ.
980 1661 1100 1693 Maxima,
1122 1669 1124 1676 '
1146 1661 1258 1698 legatum
1281 1662 1436 1689 infirmatur.
1460 1661 1520 1699 le.
1545 1661 1643 1689 XXIV.
1669 1664 1709 1689 19.
1751 1661 1827 1689 Nuda
1850 1662 1988 1690 voluntate

261 1719 292 1723 —
312 1704 403 1731 Infima
422 1704 578 1741 (dignitas.)
603 1705 652 1732 Th.
673 1705 704 1732 C.
724 1705 769 1732 XI.
796 1707 818 1732 l.
844 1715 865 1731 c.
887 1706 927 1731 18.
952 1704 984 1731 de
1005 1715 1100 1731 annon.
1122 1734 1123 1741 ἵ
1145 1704 1349 1731 fideicommissa
1368 1705 1501 1731 infirmari.
1522 1704 1552 1731 fr.
1574 1706 1614 1731 18.
1634 1704 1667 1731 de
1686 1704 1761 1741 legat.
1780 1704 1823 1732 III.
1843 1706 1912 1739 (32.)
1943 1706 1988 1733 Ci-

260 1751 286 1773 et
305 1747 394 1773 tribut.
432 1748 541 1780 Summi.
554 1764 583 1767 —
596 1748 687 1775 Infimi.
708 1748 745 1775 lb.
764 1748 809 1775 XI.
825 1750 865 1774 17.
884 1758 905 1774 c.
919 1749 943 1774 4.
963 1747 996 1774 de
1010 1757 1099 1784 equor.
1145 1752 1184 1774 tra
1203 1747 1408 1785 adpellationem
1426 1748 1552 1774 infirmari
1571 1748 1761 1781 (sententiam.)
1781 1748 1810 1775 fr.
1832 1750 1854 1775 l.
1874 1749 1895 1782 §.
1911 1750 1934 1776 1.
1954 1748 1988 1776 de

261 1789 347 1816 collat.
366 1790 424 1817 XV.
447 1793 468 1816 1.
493 1802 513 1817 (ς.
534 1794 575 1818 49.
601 1792 633 1818 de
657 1802 718 1829 opp.
744 1792 806 1828 pub.
844 1790 973 1818 Potiores.
997 1806 1029 1810 —-
1048 1790 1101 1817 Me·
1145 1790 1225 1817 seriis,
1252 1792 1276 1817 2.
1302 1793 1341 1817 12.
1385 1790 1437 1817 Per
1460 1791 1643 1828 exceptionem
1667 1791 1793 1818 infirmari
1812 1792 1987 1825 (actionem.)

261 1831 372 1859 diocres.
393 1849 425 1852 —
446 1833 537 1861 lnfimi.
557 1835 594 1861 lb.
613 1835 658 1861 XI.
680 1836 719 1861 16.
740 1844 762 1860 c.
781 1836 806 1860 4.
826 1834 859 1861 de
879 1838 944 1861 extr.
964 1843 985 1860 s.
1005 1833 1076 1860 sord.
1144 1833 1174 1860 fr.
1196 1835 1253 1861 112.
1272 1833 1305 1860 de
1316 1833 1348 1860 R.
1362 1833 1380 1860 1.
1395 1835 1491 1861 50.17.
1526 1833 1711 1871 Replicatione
1727 1833 1911 1861 infirmandam
1930 1836 1987 1869 (ex-

296 1877 505 1905 lnfindere.
543 1880 689 1905 Findere.
727 1877 767 1903 111.
781 1878 846 1905 Cn.
866 1877 920 1913 Qui
941 1876 1038 1903 calcem
1058 1887 1100 1903 co·
1145 1877 1314 1914 ceptionem.)
1333 1875 1364 1903 fr.
1383 1878 1407 1903 4.
1428 1876 1449 1910 §.
1469 1878 1493 1903 5.
1517 1877 1540 1903 si
1564 1887 1606 1913 qu.
1632 1882 1710 1903 cautt.
1729 1879 1754 1903 2.
1775 1879 1815 1904 11.
1851 1877 1986 1904 Infirmato

261 1922 358 1955 quunt.
379 1924 404 1945 et
424 1920 468 1955 qui
488 1920 581 1946 silvam
601 1920 744 1951 infindunt,
766 1921 810 1956 qui
830 1920 969 1946 carbonem
988 1919 1100 1946 caedunt
1144 1924 1282 1946 contractu
1300 1919 1464 1952 (vindicari.)
1483 1919 1512 1946 fr.
1527 1921 1568 1946 46.
1588 1920 1610 1953 §.
1624 1922 1648 1946 2.
1668 1920 1701 1946 de
1719 1920 1775 1946 iure
1793 1920 1859 1947 fisci.
1876 1921 1917 1947 49.
1932 1921 1973 1947 14.

261 1971 291 1988 ac
310 1965 419 1987 torrent.
439 1962 462 1988 fr
489 1964 512 1988 6.
534 1963 565 1989 de
585 1965 640 1990 iure
660 1965 765 1990 immun.
786 1965 827 1989 50.
847 1964 869 1989 6.
1179 1963 1404 1990 Infirmitas.
1441 1963 1472 1996 ξ.
1493 1964 1528 1989 1.
1552 1965 1788 1995 1mbecillitas,
1809 1964 1984 1990 Debitum.

298 2005 488 2031 Infinstns.
531 2007 692 2042 Defectus
717 2008 798 2032 modi
821 2012 849 2032 et
873 2007 1098 2041 definitionis.
1120 2007 1122 2017 ²
1143 2005 1160 2032 I.
1178 2007 1240 2040 Sy.
1260 2005 1438 2032 Imbecillitas.
1459 2004 1500 2032 Cf.
1520 2005 1546 2031 h.
1568 2015 1592 2031 v.
1611 2005 1752 2032 Infirmitas
1772 2006 1916 2032 memoriae.
1937 2005 1984 2032 Im-

262 2046 291 2073 II.
312 2048 379 2081 ΟΡ.
400 2047 529 2074 Confusio
549 2054 573 2074 et
594 2049 718 2075 infinitas.
734 2065 763 2068 —-
778 2048 922 2075 Moderatio
942 2053 968 2075 ct.
985 2048 1099 2084 legitima
1143 2049 1275 2075 memoria.
1296 2048 1337 2075 Cf.
1358 2047 1382 2075 h.
1402 2058 1427 2075 v.
1446 2048 1488 2075 III.
1504 2049 1569 2076 Gn-
1590 2047 1759 2079 valetudine,
1778 2052 1821 2074 aut
1840 2049 1933 2074 aetatis
1947 2049 1984 2075 in-

262 2091 366 2116 veritas.
387 2101 408 2117 c.
428 2093 451 2117 2.
472 2091 492 2124 ς’.
516 2093 554 2117 13.
575 2091 606 2118 (1(ἱ
626 2097 675 2118 vet.
695 2093 751 2118 iure
771 2091 854 2118 enucl.
875 2093 897 2117 1.
919 2093 959 2118 17.
1121 2108 1122 2116 l
1144 2092 1267 2118 firmitate
1286 2090 1399 2123 (inutilis
1420 2092 1494 2128 operi
1513 2089 1654 2123 faciendo.)
1680 2090 1711 2117 fr.
1730 2092 1772 2116 22.
1793 2089 1825 2116 de
1844 2100 1921 2127 poen.
1940 2092 1982 2118 48.

298 2133 467 2160 Infinite.
505 2134 618 2167 (Advb.)
656 2137 692 2161 111
713 2136 903 2161 immensum.
941 2134 958 2161 I.
979 2135 1041 2169 Sy.
1061 2134 1098 2167 In,
1146 2136 1185 2160 19.
1206 2134 1237 2160 cf.
1258 2133 1287 2160 fr.
1309 2135 1349 2159 17.
1369 2133 1402 2160 de
1421 2143 1492 2170 oper.
1513 2132 1598 2160 libert.
1619 2135 1660 2159 38.
1682 2134 1703 2159 1.
1746 2132 1796 2159 Vel
1816 2138 1926 2170 propter
1944 2143 1983 2161 se-

263 2184 286 2200 v.
307 2174 356 2206 Ad,
376 2176 514 2203 infinitum.
537 2176 596 2214 le.
620 2176 648 2204 V.
668 2178 691 2203 6.
712 2177 741 2203 fr.
763 2179 785 2203 4.
806 2177 828 2210 ξ.
846 2179 870 2203 2,
890 2176 922 2203 de
941 2177 1021 2203 iuius
1041 2187 1098 2208 voc,
1144 2187 1203 2208 xus,
1221 2175 1264 2203 vel
1283 2181 1392 2213 propter
1405 2177 1496 2203 aetatis
1510 2176 1686 2203 infirmitatem
1701 2175 1809 2207 (habilis
1829 2186 1881 2202 uon
1902 2177 1983 2209 esse.)

262 2220 287 2244 2.
308 2219 331 2243 4.
352 2217 381 2244 fr.
401 2220 442 2244 28.
463 2219 495 2245 (1(·
516 2220 616 2257 probat.
636 2222 677 2246 22.
696 2222 720 2246 3.
743 2220 771 2246 11.
790 2222 857 2254 ΟΡ.
872 2218 962 2256 Vsque
981 2219 1013 2246 ad
1033 2220 1099 2253 (cer-
1121 2229 1122 2254 ξ
1144 2219 1174 2246 fr.
1194 2221 1218 2246 9.
1238 2218 1270 2246 de
1290 2229 1342 2246 cur.
1362 2219 1453 2245 furios.
1477 2221 1519 2245 27.
1540 2221 1580 2245 10.
1617 2218 1728 2255 Propter
1751 2219 1920 2255 imperitiam,
1940 2219 1983 2246 vel

265 2265 317 2286 tum
337 2260 465 2296 gradum.)
486 2262 545 2299 ΗΡ.
566 2263 580 2289 l.
597 2263 612 2289 Ι.
1144 2263 1330 2294 infirmitatem,
1350 2263 1476 2295 (retinere
1495 2272 1548 2288 uon
1566 2271 1647 2298 posse
1666 2262 1791 2298 impetum
1811 2262 1893 2297 equi.)
1912 2260 1942 2288 fr.
1957 2263 1981 2288 8.

298 2304 489 2330 Infinitus.
511 2306 640 2339 (Adiect.)
660 2307 690 2339 ᾖ.
704 2307 738 2332 1.
760 2306 973 2341 Indefinitus.
993 2305 1099 2340 nvp.
1121 2297 1122 2334 1
1145 2306 1167 2340 ξ,
1188 2308 1210 2332 1.
1231 2305 1263 2332 ad
1281 2304 1310 2331 L.
1330 2305 1398 2341 Aqu.
1418 2306 1442 2331 9.
1461 2307 1485 2331 2.
1524 2304 1635 2340 Propter
1653 2314 1731 2330 sexus
1752 2304 1936 2336 infirmitatem,
1956 2309 1983 2331 et

264 2345 368 2372 Certus.
389 2346 430 2372 Cf.
452 2346 474 2372 1ι.
496 2357 518 2372 v.
539 2348 559 2379 ξ.
580 2351 602 2375 «1,
643 2349 700 2375 Non
720 2349 809 2386 plures
830 2358 914 2384 quam,
934 2358 957 2374 v.
971 2347 1032 2374 Non
1051 2359 1101 2375 am-
1120 2343 1122 2373 l
1144 2353 1253 2386 propter
1272 2348 1415 2375 forensium
1434 2358 1520 2374 rerum
1539 2348 1717 2383 ignorantiam.
1739 2346 1798 2383 le.
1817 2346 1862 2373 XI.
1884 2348 1904 2373 l.
1941 2347 1982 2374 In-

264 2388 333 2425 plius
353 2399 429 2424 quam
449 2395 496 2416 etc.
512 2405 543 2409 —
558 2390 585 2416 ln
604 2393 732 2418 infinitum
754 2391 888 2427 (relinqui,
908 2401 930 2417 v.
951 2393 1099 2428 praestari.)
1121 2392 1122 2430 1
1145 2392 1255 2418 firmitas
1278 2390 1443 2421 feminarum,
1470 2400 1521 2416 nou
1541 2389 1682 2421 calliditas,
1707 2389 1845 2420 (auxilium
1864 2391 1981 2424 meruit.)

266 2430 324 2468 le.
345 2431 387 2458 vl.
408 2433 431 2458 -1,
455 2434 492 2458 w.
514 2432 543 2458 fr.
565 2435 603 2459 ll.
623 2435 643 2467 ξ.
666 2437 703 2461 ΙΝ,
725 2435 756 2461 (le
775 2433 989 2470 legat.111.(32.)
1022 2434 1099 2461 Certa
1121 2441 1122 2446 ¹
1145 2434 1175 2460 fr.
1198 2436 1223 2460 2.
1247 2433 1269 2467 ξ.
1288 2436 1312 2460 3.
1339 2433 1370 2460 ad
1395 2432 1461 2459 S.C.
1482 2431 1549 2458 Vell.
1574 2433 1613 2458 16.
1640 2434 1662 2458 1.
1703 2431 1804 2458 Yitium
1823 2431 1936 2459 aedificii
1955 2437 1981 2459 et

264 2484 363 2500 summa
382 2474 584 2511 comprehensa,
601 2486 620 2502 s.
642 2477 736 2513 Aliqua
756 2478 913 2514 praefinitio,
933 2476 975 2503 vel
994 2478 1099 2503 taxatio.
1121 2452 1122 2504 1
1144 2477 1289 2503 infirmitas.
1314 2475 1344 2502 fr.
1364 2477 1404 2502 213.
1428 2484 1468 2512 pr.
1488 2474 1520 2501 (le
1544 2474 1627 2501 (laum.
1648 2475 1692 2501 inf.
1711 2476 1753 2502 39.
1773 2477 1797 2501 2.
1828 2490 1861 2494 —
1892 2475 1923 2509 ἓ.
1943 2476 1979 2502 8·

264 2533 295 2536 —
316 2517 433 2549 Infinita,
458 2528 481 2544 v.
507 2518 549 2544 Ad
572 2519 701 2545 infinitum
721 2525 829 2546 extensa
848 2518 1056 2553 (condemnatio,
1075 2530 1098 2546 v.
1121 2509 1122 2547 1
1148 2521 1304 2547 Valetudo
1323 2520 1471 2554 infirma.
1492 2516 1510 2543 Ι.
1524 2519 1586 2552 Sy.
1606 2516 1744 2544 valetudo.
1763 2517 1794 2544 fr.
1815 2519 1855 2543 15.
1876 2517 1908 2544 de
1926 2527 1978 2544 rec.

265 2561 435 2593 aestimatio.)
462 2561 519 2587 Gai.
539 2561 582 2587 lv.
608 2563 649 2587 51.
675 2561 705 2587 cf.
732 2562 773 2588 111.
802 2565 856 2589 124.
878 2572 917 2599 sq.
942 2562 971 2588 fr.
991 2564 1014 2588 8.
1034 2562 1055 2595 ξ.
1075 2564 1098 2588 2.
1120 2550 1122 2592 1
1144 2573 1186 2599 qu.
1207 2562 1261 2589 arb.
1280 2562 1304 2588 4.
1323 2562 1346 2587 8.
1366 2560 1395 2587 fr.
1417 2562 1456 2586 18.
1476 2569 1515 2597 pr.
1536 2559 1568 2586 de
1586 2560 1664 2587 iudic.
1683 2562 1708 2587 5.
1728 2561 1749 2586 1.
1786 2559 1828 2587 ΙΙΙ.
1853 2561 1919 2588 Gn.
1937 2559 1978 2586 In-

265 2607 310 2627 rat⁴
331 2613 385 2629 rein
405 2603 462 2629 hah.
483 2605 523 2630 46.
544 2606 567 2631 8.
605 2604 744 2631 Adiectum
769 2609 883 2642 tempus,
908 2604 981 2631 Finis
1001 2605 1099 2638 (custo-
1143 2606 1265 2632 firmitate
1283 2604 1486 2634 intervenient-¹,
1506 2603 1547 2629 vel
1567 2603 1616 2629 alia
1635 2612 1718 2630 causa.
1745 2602 1775 2629 fr.
1794 2604 1818 2629 6.
1838 2602 1871 2629 de
1889 2602 1913 2628 h.
1933 2611 1976 2638 qu.

266 2644 342 2676 diae.)
362 2661 393 2665 —
413 2646 515 2673 Infinita
536 2646 697 2680 (custodia.)
722 2646 751 2673 fr.
777 2648 799 2672 4.
825 2648 846 2680 ξ.
865 2650 889 2674 2.
915 2648 947 2674 dc
970 2649 1050 2684 peric.
1074 2653 1100 2674 et
1120 2668 1121 2676 ,
1144 2649 1192 2674 sui.
1215 2650 1235 2674 1.
1255 2648 1278 2673 6.
1298 2645 1328 2672 fr.
1350 2647 1371 2671 1.
1391 2645 1413 2678 §.
1435 2647 1456 2671 1.
1477 2645 1509 2672 de
1528 2646 1571 2672 oss.
1591 2645 1653 2672 Cos.
1675 2647 1696 2672 1.
1719 2647 1756 2672 10.
1778 2645 1808 2672 fr.
1828 2646 1868 2671 18.
1887 2654 1925 2682 pr·
1943 2643 1976 2670 (le

266 2696 356 2713 comm.
379 2691 416 2714 1⁸.
436 2691 459 2715 6.
497 2689 525 2715 In
545 2690 683 2722 infinitum,
702 2703 736 2708 —-
756 2689 783 2715 ln
806 2690 960 2717 immensum
978 2692 1097 2723 (iurare.)
1119 2687 1121 2716 l
1143 2690 1220 2717 iudic.
1240 2691 1263 2715 5.
1284 2690 1306 2714 l.
1344 2687 1457 2719 Servus,
1483 2699 1558 2725 quem
1582 2698 1631 2725 pro
1656 2687 1782 2714 derelicto
1802 2687 1922 2714 dominus
1941 2686 1974 2712 ob

267 2729 295 2755 l'r.
316 2731 339 2755 -1,
358 2731 379 2763 §.
398 2734 420 2755 2.
442 2732 474 2757 de
493 2734 518 2758 in
544 2732 580 2758 lit.
608 2734 654 2759 iur.
677 2734 715 2759 12.
738 2733 763 2759 3.
807 2731 850 2758 111.
872 2734 938 2760 011.
963 2733 1026 2760 Sine
1045 2733 1098 2760 ulla
1119 2721 1121 2743 1
1143 2742 1246 2769 gravem
1264 2730 1440 2757 Infirmitatem
1460 2730 1556 2758 habuit.
1576 2730 1606 2757 fr.
1619 2732 1643 2756 2.
1664 2730 1718 2766 Qui
1736 2731 1793 2757 sine
1811 2738 1919 2756 manum.
1932 2730 1973 2755 40.

268 2773 406 2799 taxatione.
427 2775 451 2799 in
472 2776 601 2801 infinitum
621 2775 748 2808 (iurare.)
768 2774 797 2801 fr.
817 2776 860 2801 68.
878 2774 910 2801 de
929 2775 959 2802 R.
979 2775 1011 2802 V.
1030 2778 1053 2803 6.
1075 2778 1097 2802 l.
1119 2771 1120 2802 l
1141 2777 1164 2801 8.
1202 2774 1231 2801 Si
1256 2773 1416 2800 decessisset
1440 2784 1472 2801 ex
1497 2785 1525 2801 ea
1549 2773 1706 2800 infirmitate.
1731 2772 1763 2800 sr.
1786 2773 1826 2799 30.
1850 2771 1870 2805 §.
1894 2773 1917 2798 4.
1942 2771 1974 2797 de

268 2815 298 2841 cf.
318 2815 347 2841 fr.
368 2817 390 2841 4.
411 2816 431 2849 ξ.
452 2818 475 2842 2.
497 2817 511 2842 Ι.
535 2820 572 2844 12.
591 2820 615 2844 3.
654 2818 680 2844 In
701 2818 812 2850 iufiuito,
833 2817 945 2845 civiliter
963 2818 1050 2845 modo.
1065 2835 1096 2838 —
1118 2839 1119 2854 ¹
1142 2816 1217 2844 adim.
1238 2816 1312 2852 legat.
1331 2818 1373 2843 3⁴.
1393 2818 1416 2842 4.
