2197 3121
261 183 324 213 952

299 266 506 291 Terrenus.
544 263 683 297 (Adiect.)
720 264 752 297 §.
773 264 807 289 l.
835 264 896 295 Qui
915 269 960 289 est
979 273 992 289 e
1010 268 1107 288 terra.

263 307 294 333 lt.
314 308 381 341 Op.
402 306 527 343 Signinus
547 307 655 339 (rivus.)
676 305 717 333 Cf.
738 305 762 332 h.
782 316 806 332 v.
844 305 944 343 Lapide
965 310 1054 336 strata,
1075 319 1108 323 —

265 350 382 377 Terrena
402 351 478 383 (via.)
499 349 529 375 fr.
552 351 573 375 1.
594 350 615 383 5.
630 351 654 376 2.
675 349 707 376 de
726 350 767 375 via
787 348 849 386 pub.
870 353 895 374 et
915 349 968 374 itin.
990 348 1052 385 pub.
1065 349 1108 374 43.
1130 383 1131 392 ἵ

267 394 306 419 11.
328 409 359 412 -
379 394 410 426 ξ.
431 394 466 419 2.
497 393 543 417 :ld
569 395 671 419 solum
700 398 858 426 spectans.
896 393 942 418 Ad
970 392 1131 425 praedia*

263 438 438 470 pertinens.
474 433 517 460 ill.
532 435 598 461 Cn.
618 434 744 465 Terrena.
765 435 822 461 sive
840 436 991 466 animarum,
1011 433 1109 460 deseri·
1130 425 1131 435 l

264 480 329 516 ptio.
350 478 398 505 Th.
417 477 448 503 C.
468 476 513 503 XI.
533 479 574 504 20.
595 488 616 504 c.
631 479 654 504 6.
675 488 713 515 pr.
734 477 767 504 de
786 477 873 504 collat.
893 476 979 503 donat.
1016 475 1110 502 Huma-
1131 483 1132 497 ἱ

265 531 312 548 nae
332 521 498 557 capitationis
519 530 622 547 census.
638 537 669 541 —
690 520 788 557 Iugatio
809 525 919 547 terrena.
940 530 961 546 c.
975 521 996 546 l.
1017 519 1049 545 de
1068 528 1109 545 eo-

264 564 317 592 lon.
337 563 430 590 Thrac.
452 565 491 590 II.
512 565 554 589 51.
574 579 606 583 —
626 565 658 597 ξ.
675 565 713 590 3.
735 565 935 594 Mnudanus,
956 564 1109 589 Saecula-

264 610 316 634 ris.
358 606 388 633 II.
414 608 481 640 Op.
514 606 655 633 Caelestis.
688 606 736 633 Th.
761 606 792 633 C.
819 605 885 632 VIII.
909 607 934 632 5.
964 615 986 632 c.
1009 606 1051 631 46.
1075 604 1108 631 de

267 659 345 675 cursu
365 649 427 687 pub.

299 691 477 719 ΤθιΊ-ἰἾ-Ε.
524 693 694 719 Terrorem
720 694 871 724 iniicere,
900 692 1109 727 Perterrefa-

263 746 338 763 εει-ε.
376 734 418 761 IlI.
435 736 501 762 Cn.
521 734 575 770 Qui
590 751 621 755 —
640 735 757 762 militiam
778 735 939 771 confingunt,
960 744 1012 770 quo
1032 743 1108 769 quem
1130 751 1131 772 ἢ

264 783 387 809 terreant,
407 777 449 804 vel
469 779 628 804 concutiant.
652 778 724 804 Paul.
745 777 776 804 Y.
796 780 838 804 25.
857 778 878 811 5.
901 779 939 803 12.
976 777 1110 813 Magistra-

264 827 307 848 tus
326 822 382 847 eius
402 820 453 847 loci
474 822 541 847 intra
562 830 608 847 eos
628 821 694 847 fines
714 820 839 852 terrendi,
859 821 875 846 i.
890 830 911 846 e.
925 819 1109 851 submovendi,

263 866 304 891 ius
325 864 410 890 habet.
431 863 461 890 fr.
481 865 540 890 239.
561 864 582 897 5.
602 865 626 889 8.
647 863 679 889 de
699 863 730 890 V.
750 863 777 890 S.
797 866 838 890 50.
860 865 900 890 16.
938 862 1108 894 comminari,

264 913 289 934 et
308 912 407 934 terrere
428 906 524 938 (filium
544 917 556 932 a
577 911 650 943 patre
670 906 809 939 oblatum.)
833 906 863 933 sr.
883 908 907 933 9.
927 907 948 940 5.
967 908 991 932 3.
1012 905 1045 932 de
1064 906 1106 932 off.

264 950 339 976 Proe.
361 955 385 976 et
400 949 460 984 Leg.
479 951 499 975 1.
516 951 554 976 16.
593 950 622 976 Si
642 951 702 986 quis
721 949 843 987 pulsatus
863 949 969 986 quidem
987 959 1040 976 non
1059 953 1107 980 est,

263 1003 353 1019 verum
373 1002 464 1019 manus
485 992 612 1018 adversus
633 1003 691 1019 eum
710 992 825 1024 levatae,
851 997 876 1019 et
900 1002 978 1029 saepe
999 992 1108 1018 territus

264 1037 340 1073 quasi
369 1035 549 1073 vapulaturus,
578 1035 607 1062 fr.
631 1037 669 1062 15.
698 1036 763 1070 51.
789 1035 822 1062 de
845 1036 922 1062 iniur.
945 1036 986 1061 47.
1013 1037 1051 1062 10.
1076 1034 1108 1061 cf.

263 1080 293 1105 l'r.
316 1081 338 1105 1.
360 1079 381 1112 5.
401 1080 442 1105 33
464 1078 496 1105 de
517 1078 582 1104 S.C.
602 1077 684 1105 Silau.
704 1080 746 1105 29.
766 1081 790 1105 5.
811 1078 882 1105 Paul.
898 1077 928 1105 V.
946 1080 969 1104 6.
989 1078 1026 1112 55.
1047 1079 1070 1103 4.
1085 1078 1108 1103 6.
1130 1086 1132 1092 ’

263 1121 372 1158 Aliquid
391 1122 484 1153 facere,
506 1132 557 1158 quo
578 1120 651 1147 leves
666 1121 800 1148 hominum
820 1122 898 1148 animi
918 1122 1109 1158 superstitione

263 1166 378 1192 numinis
399 1170 567 1191 terrerentur.
589 1164 616 1191 fr.
637 1167 679 1191 30.
700 1164 733 1191 «le
752 1174 828 1202 poen.
848 1167 890 1190 48.
911 1166 951 1190 19.
988 1162 1110 1189 'Necessi-

263 1208 362 1234 tatibus
386 1209 492 1239 terreri,
519 1212 596 1244 atque
621 1207 749 1234 adflictari
773 1208 883 1233 iniuriis.
912 1206 961 1234 Th.
981 1205 1012 1233 C.
1031 1206 1064 1232 X.
1084 1208 1108 1232 4.
1129 1201 1132 1243 Ξ

264 1262 284 1278 c.
304 1253 328 1277 2.
353 1250 385 1277 de
405 1256 485 1277 actor.
506 1260 611 1288 procur.

298 1294 523 1321 Terrestris.
551 1292 688 1326 (Adiect.)
721 1294 783 1325 Qui
809 1295 841 1319 in
865 1299 956 1319 terret
981 1299 1035 1319 est.
1077 1291 1107 1318 II.
1130 1298 1131 1312 l

264 1338 331 1371 01).
351 1336 478 1368 Marinus,
497 1336 650 1363 Maritimus
673 1335 712 1362 Cr.
734 1335 758 1361 h.
778 1345 820 1362 vv.
1130 1370 1131 1374 Ἰ

299 1379 512 1407 Terribilis.
542 1378 680 1412 (Adieet.)
715 1378 745 1411 ξ.
766 1379 801 1405 l.
831 1380 997 1406 Terrorem
1018 1375 1132 1405 ineu-'

263 1425 361 1454 tiens,
384 1424 631 1449 Formidubilis.
660 1420 703 1447 IlI.
720 1423 786 1449 Gn.
807 1421 884 1448 Circa
904 1423 1040 1448 ministros
1060 1426 1110 1448 ter-

263 1465 357 1492 ribilis.
387 1464 416 1491 fr.
437 1467 477 1491 22.
503 1465 525 1498 5.
547 1466 569 1490 7.
589 1463 639 1490 sol.
659 1465 771 1490 matrim.
792 1466 834 1490 24.
853 1466 876 1490 3.
916 1465 982 1499 Qui,
1006 1465 1056 1491 sul)
1076 1480 1108 1485 -

263 1513 401 1546 praetextu
420 1508 535 1534 muneris
555 1507 664 1544 publici,
683 1512 797 1544 possunt
816 1517 875 1534 esse
895 1507 1035 1534 terribiles.
1059 1507 1109 1534 Th.

264 1551 295 1577 C.
309 1550 353 1577 XI.
371 1553 409 1576 ll.
431 1561 452 1576 c.
469 1552 490 1577 l.
511 1561 543 1577 ne
563 1550 647 1577 damu.
663 1560 736 1588 prov.
758 1550 798 1577 Cf.
813 1550 855 1577 III.
869 1551 892 1576 6.
914 1560 934 1576 c.
951 1552 972 1577 1.
993 1552 1015 1577 si
1035 1561 1108 1588 prov.

264 1599 326 1620 rect.
347 1609 378 1613 -
399 1594 430 1627 §-
451 1595 486 1620 2.
507 1595 675 1620 Horrendi
693 1595 860 1620 carminis.
898 1593 940 1619 III.
962 1595 1028 1621 Gn.
1048 1594 1108 1620 Duo

264 1636 397 1663 terribiles
423 1636 498 1668 libri,
518 1652 550 1656 —
576 1638 619 1673 qui
645 1646 747 1663 omnem
773 1637 909 1662 continent
932 1638 1108 1667 severitatem,

263 1690 460 1717 poenarumque
480 1680 651 1707 atrocitatem.
672 1690 692 1706 c.
707 1682 730 1706 2.
751 1680 773 1713 5.
787 1682 811 1706 ὃ.
832 1678 864 1705 de
883 1684 933 1705 vet.
948 1680 1004 1705 iure
1024 1679 1107 1706 enucl.

266 1725 287 1749 1.
309 1725 347 1749 17.
369 1739 400 1742 —
421 1723 451 1756 §-
473 1724 510 1749 3.
539 1724 750 1749 Venerabilis.
789 1721 807 1748 I.
828 1723 890 1756 Sy.
910 1722 1107 1754 Saerosanctae,

262 1765 409 1792 Terribiles
430 1767 612 1803 (scripturae.)
634 1776 654 1791 c.
677 1768 698 1792 1.
720 1765 742 1799 5
764 1766 786 1791 1.
807 1775 828 1791 c.
847 1766 872 1791 2.
892 1775 931 1802 pr.
952 1765 983 1791 de
1003 1767 1107 1792 iureiur.

264 1819 303 1846 pr.
329 1808 376 1835 cal.
401 1810 426 1835 2.
446 1811 487 1835 59.
513 1819 534 1834 c.
556 1810 596 1835 13.
621 1809 642 1843 5.
662 1810 686 1834 4.
711 1818 731 1834 e.
753 1810 793 1834 14.
819 1818 858 1845 pr.
883 1808 904 1842 5.
927 1810 948 1834 l.
975 1808 1007 1835 de
1030 1808 1108 1835 iudic.

263 1853 287 1877 3.
309 1853 331 1877 1.

301 1895 480 1921 'ren-risso.
522 1896 677 1921 Terrendi
700 1896 795 1921 aetio.
832 1894 863 1920 II.
890 1895 958 1928 ΟΡ.
977 1893 1053 1920 Nuda
1073 1895 1109 1920 in-

265 1938 420 1972 terrogatio,
440 1937 482 1963 vel
503 1936 569 1963 levis
590 1939 700 1964 teri-itio.
722 1953 753 1956 —
775 1936 924 1963 Tormenta.
945 1942 971 1963 et
990 1938 1109 1974 corporis

265 1979 350 2006 dolor.
371 1979 400 2006 fr.
424 1981 462 2006 15.
486 1980 508 2013 5.
527 1983 568 2006 41.
590 1980 622 2006 de
643 1981 717 2006 iniur.
739 1982 779 2006 47.
802 1982 842 2006 10.

301 2022 568 2049 Territorium.
589 2024 620 2056 ξ.
635 2025 669 2049 1.
690 2025 837 2050 Ambitus
856 2029 1033 2054 terrarum,
1054 2025 1109 2056 (ex-

266 2070 303 2091 tra
323 2075 412 2091 muros
433 2066 556 2097 civitatis.
578 2067 619 2091 cui
639 2065 786 2092 adtributae
806 2071 875 2097 sunt,
896 2067 1061 2103 positarum.)
1090 2066 1108 2092 I.

266 2110 329 2143 Sy.
355 2107 521 2134 Vniversitas
542 2118 676 2143 agrorum,
703 2110 769 2134 intra
790 2110 856 2135 lines
877 2110 1003 2146 cuiusque
1023 2110 1110 2136 civita·
1131 2107 1132 2115 ¹

268 2152 309 2177 tis.
330 2151 359 2177 fr.
379 2152 438 2177 239.
459 2151 480 2184 5.
494 2154 519 2177 8.
541 2150 573 2177 de
593 2150 623 2176 V.
640 2151 667 2177 S.
684 2153 725 2177 50.
742 2153 780 2176 16.
814 2151 843 2178 II.
859 2154 926 2186 Op.
947 2152 1022 2183 Μηνὶ,
1041 2152 1111 2179 Moe-

267 2195 308 2220 nia
328 2195 476 2227 (civitatis.)
490 2210 518 2213 —
541 2193 611 2219 Intra
625 2195 784 2220 territorium
799 2196 931 2231 (patriae.)
952 2195 981 2221 l'r.
993 2197 1016 2222 7.
1036 2196 1109 2229 §.19.

267 2237 300 2263 de
320 2236 416 2263 interd.
436 2241 461 2262 et
481 2236 551 2273 releg
578 2239 620 2263 48.
639 2239 682 2263 22.
708 2235 756 2262 Th.
778 2237 808 2263 C.
828 2237 860 2263 X.
880 2239 904 2263 3.
925 2247 944 2263 e.
965 2240 988 2264 5.
1009 2237 1040 2264 de
1060 2238 1107 2264 loc,

266 2279 338 2306 t'uud.
364 2280 411 2306 iur.
432 2279 517 2316 emph.
554 2279 597 2306 III.
617 2280 683 2307 Gn.
709 2279 852 2311 Civitates,
878 2290 1018 2316 earumque
1037 2282 1112 2307 terri—

268 2323 341 2348 toria.
362 2322 429 2348 Nov.
450 2321 500 2348 Th.
521 2322 550 2348 II.
571 2322 602 2353 (I.
621 2325 663 2349 26.
684 2333 704 2349 c.
728 2324 749 2348 1.
769 2324 790 2357 5.
804 2324 840 2355 5.)
866 2323 927 2349 lust.
948 2322 978 2350 C.
1000 2334 1019 2349 c.
1041 2326 1054 2350 7

268 2375 310 2401 qu.
336 2376 355 2391 c.
381 2366 450 2402 pigo.
470 2368 493 2390 ὅ.
517 2367 555 2391 l5.
582 2365 627 2391 Iul.
654 2376 692 2401 ep.
718 2376 778 2392 nov.
803 2376 823 2392 e.
847 2368 903 2392 111.
923 2366 944 2399 5.
964 2367 1023 2392 409.
1061 2366 1111 2393 l'er

269 2409 399 2434 territoria
420 2408 576 2445 oppidorum
595 2408 771 2441 (transferre)
792 2409 820 2435 l'r.
835 2411 859 2435 3.
878 2409 900 2443 5.
915 2412 938 2435 4.
958 2409 989 2435 de
1009 2409 1110 2446 sepulc.

268 2450 329 2476 viol.
351 2452 392 2476 ⁴7.
415 2453 453 2476 12.
492 2451 608 2481 civitas.
633 2452 657 2477 in
683 2453 756 2477 cuius
777 2453 909 2478 territorio
930 2457 969 2478 est
990 2451 1110 2485 (domus,

269 2504 291 2519 v.
313 2493 430 2525 fundus.)
452 2493 480 2519 l'r.
501 2496 541 2520 41.
562 2494 582 2527 5.
603 2495 626 2520 5.
648 2493 680 2520 de
700 2493 889 2529 legat.1.(30.)
910 2495 939 2521 sr.
959 2496 982 2522 8.
1004 2494 1036 2521 de
1056 2495 1110 2533 pol·
1131 2490 1132 2507 1

270 2537 332 2562 licit.
352 2538 392 2562 50.
416 2538 454 2562 12.
480 2536 508 2562 l'r.
529 2539 552 2562 4.
577 2537 598 2570 5.
618 2539 642 2562 2.
668 2536 699 2563 (le
724 2537 822 2563 censiti.
842 2539 883 2564 50.
907 2540 945 2564 15.
965 2537 996 2564 cs.
1020 2538 1050 2564 fr.
1072 2540 1109 2565 IS.

270 2581 290 2612 5.
311 2581 351 2605 25.
377 2579 408 2605 de
433 2589 501 2605 mun.
528 2584 553 2605 et
577 2579 637 2605 hon.
657 2581 700 2606 50.
720 2581 744 2606 4.
782 2580 861 2606 Extra
886 2582 1045 2608 territorium
1070 2582 1110 2608 ius
1131 2579 1133 2631 l

270 2620 366 2648 dicenti
387 2623 491 2659 impune
512 2632 563 2648 non
584 2627 696 2659 paretur.
717 2622 746 2648 l'r.
767 2624 808 2648 20.
828 2622 860 2648 de
880 2623 971 2650 iurisd.
990 2627 1013 2650 2.
1038 2626 1056 2651 1.
1078 2640 1109 2644 —-

269 2664 302 2697 §0
323 2665 357 2689 2.
388 2668 503 2691 Solum.
533 2667 713 2691 Praedium.
750 2664 768 2692 I.
790 2666 851 2699 Sy.
872 2665 987 2693 Fundus.
1008 2666 1057 2693 Th.
1078 2667 1109 2694 C.

270 2705 339 2732 XIII.
362 2708 399 2732 II,
420 2718 440 2733 c.
460 2710 483 2734 3.
504 2707 536 2734 de
555 2709 678 2734 censitor.
705 2708 797 2734 Gleba.
818 2708 858 2734 Cf.
880 2708 904 2734 h.
924 2719 947 2735 ν.
968 2710 989 2743 5.
1009 2712 1033 2736 2.
1061 2709 1111 2737 Lo-

271 2759 326 2775 cuS.
356 2748 391 2775 lb.
413 2748 466 2775 tlt.
489 2752 526 2776 15.
553 2761 573 2776 e.
593 2754 615 2777 2.
642 2751 675 2777 de
698 2756 758 2778 terr.
779 2751 852 2778 limit.
891 2750 932 2777 III.
952 2753 1017 2779 Cn.
1042 2752 1110 2780 Scri·
1131 2760 1133 2770 ⁴

271 2791 366 2818 bantur
386 2807 415 2810 —
437 2794 566 2819 territoria
588 2795 690 2820 civium.
714 2794 750 2820 Ib.
773 2793 831 2820 XV.
854 2795 874 2820 I.
896 2804 916 2821 c.
935 2795 976 2821 34.
998 2795 1030 2822 de
1049 2805 1109 2833 opp.
1130 2775 1133 2858 l

273 2834 334 2871 pub.
1131 2859 1133 2903 Ι

1059 2318 1133 2355 .in;l

1083 179 1180 210 TER.

1188 263 1341 288 Terror.
1377 261 1409 295 §·
1424 262 1458 289 1·
1480 263 1619 298 Magnus
1638 265 1742 290 timor.
1775 263 1793 290 I.
1815 265 1876 298 Sy.
1895 263 1994 294 Timor.

1153 303 1286 330 Formido.
1306 303 1337 331 fr.
1356 306 1379 331 2.
1399 305 1422 339 5
1446 307 1467 331 1.
1486 304 1516 332 fr.
1535 307 1559 332 3.
1580 316 1612 333 ex
1631 316 1674 343 qu.
1695 317 1715 333 c.
1735 308 1793 334 mai.
1813 309 1837 333 4.
1857 308 1880 334 6.
1900 307 1949 335 Th.
1963 309 1995 336 C.

1152 347 1184 374 X.
1207 348 1246 373 18.
1271 357 1293 374 c.
1314 349 1335 373 l.
1355 356 1413 384 sqq.
1437 347 1470 374 de
1490 347 1605 375 thesaur.
1643 348 1686 375 III.
1706 351 1772 377 Un-
1796 349 1881 382 Metu,
1906 356 1931 377 et
1951 352 1995 378 im-

1153 390 1292 427 pressione
1311 389 1422 417 alicuius
1441 392 1560 422 terroris,
1575 407 1606 411 -
1627 393 1739 419 mentiri.
1759 392 1832 419 Paul.
1848 392 1878 419 V.
1893 394 1916 419 1.
1935 394 1957 427 5.
1971 396 1994 420 4.

1153 433 1218 465 Ictu,
1238 438 1281 460 aut
1300 438 1402 459 terrore
1422 433 1565 466 (turbatus,
1584 444 1620 461 sc.
1641 435 1748 465 mulus.)
1769 435 1799 462 fr.
1812 437 1854 462 27.
1874 436 1895 470 5.
1908 438 1951 463 34.
1964 436 1996 463 ad

1153 475 1182 502 L.
1202 476 1271 512 Aqu.
1285 477 1308 502 9.
1328 478 1353 502 2.

1390 475 1493 507 Mortis,
1513 482 1557 503 aut
1575 477 1714 504 verberum
1734 484 1828 505 terror.
1848 478 1878 505 fr.
1891 481 1916 506 3.
1936 480 1957 513 5
1974 481 1995 505 1.

1130 526 1132 543 a
1154 519 1205 554 Qu.
1225 524 1284 545 met.
1305 529 1326 546 c.
1347 521 1370 545 4.
1390 520 1414 545 2.
1429 535 1461 539 —
1481 519 1512 552 ξ.
1524 521 1560 547 2.
1583 522 1737 548 Territio.
1775 521 1817 548 III.
1833 523 1899 549 Gn.
1919 522 1992 549 Si—

1153 562 1294 588 concussio
1319 562 1471 593 intervenit,
1495 562 1609 589 ablatum
1634 563 1762 590 eiusmodi
1784 569 1885 591 terrore
1904 566 1997 598 (resti-

1154 605 1217 636 tui.)
1237 603 1267 630 sr.
1288 606 1311 631 1.
1330 604 1363 632 de
1383 614 1505 632 eoncuss.
1524 607 1566 632 47.
1588 607 1627 632 13.
1664 606 1786 633 militaris
1806 612 1899 635 terror.
1931 607 1998 635 Offi—

1153 648 1252 674 ciorum
1273 652 1364 675 terror.
1385 648 1434 675 Th.
1454 647 1485 674 C.
1500 647 1568 674 Y111.
1588 650 1611 674 8.
1633 658 1653 675 c.
1671 651 1694 675 6.
1714 649 1747 675 de
1766 655 1881 677 exsecat.
1895 651 1941 677 XI.
1957 652 1996 677 16.

1153 700 1174 717 c.
1198 692 1236 717 II.
1263 690 1296 717 de
1320 696 1386 718 extr.
1411 701 1432 718 s.
1457 690 1529 718 sord.
1567 690 1724 728 Chlamydis
1749 697 1850 720 terrore
1874 693 1997 732 deposito

1153 738 1202 760 etc.
1223 732 1259 760 Ib.
1278 734 1349 761 xlv.
1372 736 1411 761 10.
1432 745 1453 761 c.
1476 736 1496 760 1.
1517 743 1556 771 pr.
1576 733 1609 760 de.
1628 733 1687 760 hab.
1708 744 1758 771 quo
1779 737 1815 762 uti
1836 746 1878 774 op.

1188 778 1364 804 Terrula.
1385 779 1529 813 Agellum.
1566 776 1584 803 I.
1605 778 1667 811 Sy.
1687 777 1775 804 Terra.
1797 778 1837 805 Cl'.
1853 779 1876 806 h.
1891 789 1915 806 v.
1936 780 1958 813 5:
1972 780 1996 806 3.

1152 818 1248 847 Locus.
1272 819 1337 846 Rus.
1363 830 1384 847 c.
1407 822 1428 846 1.
1453 820 1486 846 de
1505 820 1619 847 thesaur.
1640 822 1680 847 10.
1703 822 1742 847 15.
1768 821 1818 848 Th.
1839 822 1870 850 C.
1889 822 1935 850 XI.
1954 824 1997 849 ⁶24.

1155 873 1177 890 c.
1197 863 1221 889 6.
1240 873 1279 900 pr.
1300 863 1337 897 55.
1357 865 1382 889 2.
1403 873 1442 900 sq.
1462 862 1495 890 de
1514 867 1613 900 patroc.
1633 864 1715 890 vicor.

1187 906 1331 933 Tertia.
1369 905 1410 933 Cf.
1431 916 1454 933 v.
1474 906 1590 933 Tertius.

1188 949 1406 976 Tertianus.
1435 948 1575 982 (Adiect.)
1607 950 1669 982 Qui
1687 951 1787 976 tertio
1807 960 1931 985 quoque
1949 952 1999 977 die

1152 993 1304 1018 recurrit.
1342 991 1385 1018 III.
1405 993 1471 1020 Gn.
1497 992 1550 1027 Qui
1569 993 1693 1023 tertiana,
1720 997 1764 1019 aut
1788 998 1913 1029 quartana
1932 993 1999 1020 febri

1154 1049 1185 1053 -—
1205 1039 1371 1060 vexarentur.
1397 1034 1426 1061 fr.
1446 1036 1487 1061 53.
1508 1034 1540 1061 de
1559 1034 1646 1061 Aedil.
1667 1035 1744 1062 edict.
1764 1038 1806 1062 21.
1828 1037 1851 1063 1.

1188 1077 1332 1104 Tertio.
1352 1076 1473 1109 (Advb.)
1502 1078 1615 1104 Tertia
1636 1080 1710 1105 vice.
1748 1078 1791 1105 111.
1807 1079 1875 1106 οη.
1892 1078 1999 1110 Iterum,

1153 1135 1185 1140 —
1205 1119 1297 1146 Tertio
1317 1120 1500 1157 (mancipare.)
1520 1119 1577 1146 Gai.
1591 1119 1609 1146 I.
1625 1122 1681 1147 132.
1711 1120 1835 1153 Primum,
1851 1138 1880 1142 —
1895 1121 1999 1149 deinde.

1155 1179 1185 1183 -
1206 1163 1292 1188 tertio.
1319 1162 1349 1188 fr.
1371 1164 1410 1189 17.
1436 1163 1457 1197 5.
1477 1164 1502 1189 2.
1526 1162 1559 1189 de
1581 1162 1669 1200 adopt.
1691 1165 1713 1190 1.
1735 1165 1757 1190 7.
1782 1164 1812 1191 [ι’.
1832 1166 1855 1191 8.
1881 1164 1903 1198 5.
1923 1166 1947 1191 8.
1967 1163 2000 1191 de.

1153 1210 1277 1232 transact.
1299 1206 1322 1231 2.
1345 1207 1386 1231 15.

1190 1248 1462 1275 Tertiocerius.
1511 1250 1579 1282 Qui
1607 1250 1639 1275 in
1670 1251 1795 1276 scrinio
1827 1251 2000 1284 Principis

1153 1293 1287 1318 tertium
1307 1293 1395 1317 inter
1412 1293 1626 1326 praepositos
1645 1294 1746 1319 Iocum
1766 1298 1858 1319 tenet.
1878 1292 1999 1320 III.Cn.

1155 1334 1217 1370 Qui,
1237 1344 1294 1360 cum
1315 1333 1422 1360 scholae
1442 1333 1526 1361 eidem
1546 1336 1693 1367 socientur,
1714 1336 1740 1361 in
1760 1334 1779 1361 S
1806 1336 1924 1368 scriniis,
1944 1336 1999 1372 qui-

1154 1377 1204 1403 bus
1224 1376 1254 1404 V.
1276 1376 1303 1403 S.
1324 1378 1499 1414 primicerius,
1521 1383 1548 1404 et
1566 1379 1733 1405 tertiocerius
1752 1383 1886 1415 praesunt,
1906 1395 1936 1400 —
1957 1389 2000 1405 oc-

1154 1425 1291 1457 cupantur.
1312 1430 1333 1446 c.
1355 1422 1377 1447 1.
1398 1419 1430 1446 de
1449 1430 1571 1458 praepos.
1592 1426 1676 1457 agent.
1696 1422 1723 1448 in
1743 1420 1798 1448 reb.
1819 1423 1859 1448 12.
1873 1423 1914 1448 21.
1934 1432 1956 1448 c.
1975 1423 1998 1448 7.

1154 1464 1175 1498 5.
1198 1465 1219 1490 1.
1240 1463 1272 1489 de
1292 1462 1369 1500 palat.
1391 1462 1417 1489 S.
1432 1462 1511 1500 largg.
1534 1466 1572 1490 12.
1591 1466 1634 1491 24.

1190 1507 1355 1533 Ten-tine.
1376 1505 1506 1539 (Adieet.)
1526 1507 1557 1541 §0
1572 1508 1607 1534 1.
1627 1508 1802 1534 Proximus
1821 1517 1837 1534 a
1857 1509 1998 1534 secundo.

1153 1549 1196 1576 Ill.
1218 1551 1284 1577 Cn.
1305 1548 1400 1580 Vnum,
1421 1565 1453 1568 —
1473 1548 1592 1581 alterum,
1612 1566 1644 1570 —
1665 1550 1770 1576 tertium
1790 1550 1915 1585 (genus.)
1938 1549 1998 1587 le.

1153 1593 1213 1619 XX.
1232 1596 1266 1619 2..
1294 1591 1396 1624 Semel,
1417 1593 1544 1619 iterumve
1564 1594 1735 1630 mancipatus.
1757 1608 1789 1612 ——
1813 1592 1878 1619 Post
1897 1593 1999 1619 tertiani

1153 1636 1380 1673 mancipationem.
1405 1634 1461 1661 Gai.
1481 1635 1498 1661 I.
1520 1637 1578 1662 135.
1614 1635 1657 1662 Ad
1681 1635 1828 1667 dimidiam,
1848 1651 1879 1655 -
1899 1635 1930 1662 ad
1950 1640 2000 1662 ter-

1154 1680 1214 1705 tiam
1235 1683 1284 1705 ete.
1305 1682 1404 1714 partem
1424 1678 1619 1711 (manumittere
1639 1679 1776 1716 permitti.)
1797 1677 1833 1704 Id.
1853 1677 1926 1704 143.
1942 1688 1999 1715 sqq.

1154 1721 1214 1759 le.
1235 1721 1252 1748 I.
1273 1723 1315 1748 ²24.
1352 1720 1442 1747 Liberi
1467 1726 1492 1748 et
1516 1727 1651 1759 parentes,
1678 1737 1709 1741 —
1734 1731 1817 1757 usque
1840 1721 1871 1748 ad
1895 1722 1999 1750 tertium

1154 1764 1269 1801 gradum.
1299 1764 1359 1801 le.
1379 1763 1474 1790 xvltl.
1496 1766 1518 1791 1.
1543 1780 1575 1784 --
1600 1764 1630 1797 θ’.
1654 1766 1689 1792 1.
1700 1766 1743 1791 A.
1775 1765 1882 1791 Tertii
1907 1768 1946 1799 (p.
1970 1774 2000 1791 se

1151 1812 1232 1842 pus.)
1254 1810 1271 1834 i.
1285 1818 1305 1834 e.
1322 1809 1451 1835 Milites
1470 1814 1628 1834 certorum
1649 1817 1857 1834 numerorum.
1877 1807 1999 1835 Iston-

1130 1848 1131 1851 ¹
1154 1851 1323 1883 Stationerii,
1348 1855 1373 1876 et
1393 1850 1485 1877 urbani
1504 1850 1614 1881 milites,
1635 1855 1661 1876 et
1680 1851 1751 1876 tertii
1770 1851 1923 1887 Augustani.
1948 1849 1999 1877 Th.

1155 1893 1184 1920 C.
1199 1892 1243 1919 IV.
1260 1895 1298 1919 12.
1320 1904 1341 1920 c.
1355 1895 1379 1919 3.
1394 1893 1499 1927 (ἵνά.)
1520 1893 1551 1919 de
1571 1895 1664 1929 vectig.
1679 1898 1704 1919 et
1719 1903 1810 1919 comm.
1823 1908 1853 1912 —
1869 1893 1998 1926 §.10130

1158 1938 1272 1963 Tertia
1294 1940 1335 1971 (p.
1356 1947 1385 1963 se
1402 1940 1482 1971 pos.)
1502 1938 1519 1963 i.
1539 1947 1561 1963 e.
1582 1939 1664 1963 Pars
1684 1938 1794 1963 tertia.
1820 1935 1941 1964 HLGn.
1956 1935 1999 1962 Yi-

1130 1974 1131 1982 l
1155 1981 1258 2011 cesima,
1278 1984 1303 2006 et
1323 1981 1408 2009 tertia,
1428 1984 1454 2005 et
1474 1984 1552 2016 prout
1571 1979 1684 2006 libuerit.
1706 1979 1736 2005 fr.
1760 1981 1815 2006 164.
1835 1979 1900 2013 5.1.
1920 1978 1952 2006 de
1966 1977 1996 2005 V.

1130 2035 1133 2053 1.
1154 2022 1181 2048 S.
1201 2024 1242 2049 50.
1264 2023 1304 2049 16.
1341 2022 1381 2049 Ex
1406 2022 1508 2059 reliquo
1533 2033 1640 2049 numero
1665 2022 1766 2048 duabus
1791 2022 1877 2048 tertiis
1900 2031 1997 2059 suppu-

1155 2065 1248 2092 tandis.
1278 2065 1328 2092 Th.
1349 2064 1379 2092 C.
1401 2065 1456 2092 XII.
1479 2067 1501 2092 l.
1526 2076 1546 2093 c.
1567 2068 1607 2092 84.
1633 2065 1665 2092 de
1690 2065 1823 2091 decurion.
1849 2079 1882 2084 —
1910 2064 1940 2097 ξ.
1960 2065 1995 2090 2-

1157 2110 1303 2139 Tertius,
1324 2110 1340 2134 i.
1355 2119 1373 2135 e.
1396 2111 1500 2141 Alter,
1522 2111 1681 2135 Alternus.
1711 2108 1755 2134 III.
1771 2109 1836 2136 Cn.
1855 2107 1921 2134 Tres
1940 2116 1997 2143 par-

1132 2177 1133 2189 *
1155 2156 1194 2177 tes
1214 2151 1286 2183 fient,
1307 2156 1335 2178 ut
1353 2162 1430 2179 unam
1450 2151 1562 2178 habeant
1576 2150 1694 2178 heredes,
1715 2152 1817 2178 tertiam
1830 2150 1927 2181 Attius⁹
1946 2154 1997 2176 ter—

1155 2195 1215 2220 tiam
1236 2194 1322 2220 Seius,
1343 2194 1371 2221 l'r.
1388 2197 1410 2221 7.
1431 2194 1463 2221 de
1484 2194 1564 2221 usut'r.
1585 2194 1655 2220 ader.
1671 2195 1695 2220 ἵ.
1714 2198 1738 2220 ‘.'.
1775 2192 1872 2220 Tertiis
1892 2192 1994 2219 diebus.

1156 2236 1183 2263 L.
1203 2236 1251 2263 XII
1272 2237 1355 2263 Tabb.
1376 2237 1405 2263 II.
1426 2239 1450 2264 3.
1487 2236 1578 2264 Tertio
1605 2247 1710 2274 quoque
1734 2236 1783 2262 die.
1806 2235 1837 2262 fr.
1859 2237 1880 2262 l.
1900 2246 1938 2272 pr.
1963 2235 1996 2263 (le

1132 2308 1133 2314 ἵ
1154 2279 1247 2316 glande
1267 2279 1315 2315 leg.
1336 2281 1377 2306 43.
1397 2282 1438 2307 28.
1465 2297 1494 2300 —
1525 2281 1556 2314 §-
1577 2281 1614 2307 3.
1635 2281 1829 2306 Extrnnens.
1866 2278 1909 2305 III.
1929 2280 1995 2306 (711.

1158 2322 1229 2349 Vnus
1250 2334 1281 2349 ex
1301 2322 1366 2355 illis.
1392 2323 1434 2350 vel
1460 2324 1535 2349 tertia
1555 2332 1676 2360 persona.
1701 2321 1731 2348 fr.
1753 2323 1774 2347 7.
1800 2321 1881 2354 510.
1902 2331 1993 2348 comm.

1131 2368 1133 2390 ἲ
1155 2366 1206 2392 div.
1229 2368 1268 2392 10.
1287 2369 1311 2393 3.

1190 2409 1484 2436 Tertullianum.
1533 2411 1649 2436 Nomen
1682 2408 1770 2433 SCIi
1799 2406 1849 2439 (de
1880 2406 1994 2443 legitima

1131 2478 1133 2487 J
1155 2453 1324 2479 successione
1343 2453 1369 2478 iu
1390 2452 1457 2478 bona
1476 2452 1617 2478 liberorum
1637 2451 1828 2482 intestatorum,
1848 2450 1923 2476 matri
1942 2459 1994 2476 non

1155 2495 1326 2530 deneganda.)
1364 2494 1407 2521 111.
1423 2497 1489 2523 Gn.
1508 2494 1598 2523 Mater,
1619 2503 1684 2529 quan·
1704 2503 1735 2519 ex
1750 2493 1815 2519 S.C.
1831 2492 1993 2519 Tertulliano

1155 2537 1203 2571 istd?
1224 2538 1414 2574 Tertyllianm]
1434 2539 1494 2563 item
1514 2537 1557 2572 qui
1577 2546 1608 2562 ex
1623 2535 1782 2572 Orphitiano
1802 2535 1834 2562 ad
1853 2535 1994 2571 legitimam

1154 2580 1325 2607 hereditatem
1346 2580 1523 2607 admittuntur.
1550 2578 1578 2605 l‘r.
1599 2581 1622 2605 2.
1643 2579 1664 2612 5.
1684 2580 1708 2604 4.
1729 2578 1797 2605 unde
1817 2578 1886 2615 legit.
1906 2580 1948 2606 38.
1970 2581 1991 2605 7.

1155 2623 1184 2650 fr.
1204 2626 1246 2650 34.
1267 2624 1299 2650 ad
1319 2623 1386 2650 S.C.
1407 2622 1483 2648 Treb.
1504 2624 1544 2648 36.
1567 2624 1587 2648 I.
1626 2622 1654 2648 Si
1678 2623 1718 2648 ius
1738 2621 1880 2648 liberorum
1900 2622 1993 2649 babeat

1153 2668 1207 2699 (sc.
1228 2667 1336 2699 mater,)
1357 2681 1388 2685 —-
1407 2664 1520 2701 legitima
1540 2665 1616 2692 heres
1635 2665 1665 2691 fit
1684 2675 1714 2691 ex
1734 2664 1800 2691 S.C.
1820 2664 1992 2692 Tertulliano.

1155 2708 1215 2746 le.
1235 2708 1331 2736 XXVI.
1351 2709 1374 2735 S.
1395 2718 1416 2734 c.
1431 2710 1455 2734 ⁴2.
1476 2708 1508 2734 de
1527 2709 1583 2734 iure
1601 2707 1675 2734 liber.
1695 2710 1719 2734 8.
1739 2708 1780 2741 59.
1818 2707 1991 2734 Commodum

1154 2750 1344 2778 Tertullianum
1364 2750 1466 2777 habere.
1487 2751 1516 2777 fr.
1536 2753 1560 2777 2.
1581 2761 1619 2788 pr.
1639 2750 1670 2777 cs.
1691 2751 1767 2784 515.
1787 2750 1819 2777 ad
1839 2750 1906 2778 S.C.
1920 2750 1990 2777 Tert.

1154 2796 1195 2822 38.
1217 2796 1256 2820 17.

1189 2837 1463 2864 Tertussianus.
1511 2838 1627 2864 Nomen
1657 2838 1748 2863 Leti
1775 2836 1872 2873 (Sept.
1899 2835 1991 2862 Severi

1931 2883 1992 2904 tent·
