2197 3121
274 161 337 193 436

264 235 270 242 ⁴
308 245 622 271 Immurmurare.
661 244 875 270 murmurare.
911 242 1113 280 111.Cn.No-

275 288 327 314 xiis
346 288 463 323 quaesita
482 286 656 322 graminibus.
681 291 707 313 et
730 286 794 313 diris
814 287 1008 313 immurmurata
1027 296 1113 313 secre-
1134 297 1136 317 ¹.

276 331 325 361 tis,
345 332 461 363 (venena
485 329 670 367 componere.)
691 328 740 356 Th.
761 328 791 357 C.
811 329 856 357 IX.
875 331 917 356 38.
937 340 960 356 c.
979 330 1004 356 6.
1024 328 1057 356 de
1076 330 1114 356 in·
1134 329 1135 335 ¹

276 372 344 402 dulz.
366 373 439 399 crim.

309 415 576 443 lmmutabssis.
608 415 738 448 (Adiect.)
779 416 1041 442 l'icissitudinia
1059 425 1114 442 ex—

274 469 359 493 pers,
380 460 550 485 Constam.
587 458 618 485 11.
637 460 704 493 Op.
727 457 870 489 mutabilia.
890 470 922 475 —
941 457 1114 485 Immutabilia

274 501 436 535 (vocabula.)
457 500 488 528 fr.
508 503 532 528 4.
550 512 590 539 pr.
610 501 643 529 de
662 501 738 538 legat.
758 501 776 527 I.
797 501 863 534 (30.)
900 500 943 527 Ill.
958 502 1025 528 Gn.
1045 500 1116 538 Ipsa-

274 554 331 570 rum
350 543 435 580 legum
453 544 543 571 verbis
563 544 775 572 accommodatae
790 548 864 570 erant
882 544 932 577 (sc.
951 543 1018 580 legis
1037 545 1116 570 actio-

274 587 344 618 nes.)
363 591 389 612 et
408 586 467 613 ideo
487 587 663 614 immutabiles
681 587 793 625 proinde
808 591 887 623 atque
905 586 977 623 leges
991 586 1115 614 observa-

273 629 375 656 bantur.
395 628 451 656 Gai.
471 629 515 657 IV.
536 632 576 656 11.
618 630 705 657 Causa
729 631 785 656 eius
805 630 859 663 (sc.
883 629 1050 664 statuliberi)
1069 631 1115 657 im-

273 677 336 699 mut.
358 676 406 699 est.
426 671 457 698 fr.
477 674 502 699 9.
521 673 543 707 §.
565 675 586 700 l.
608 673 641 700 de
659 673 776 700 statulib.
795 675 836 699 40.
858 674 881 699 7.

307 716 618 744 Inmutabititer.
637 715 750 749 (Advb.)
772 717 976 743 constanter.
996 715 1114 744 tucn.

272 758 302 785 Si
321 759 390 785 imm.
409 769 500 786 verum
520 759 581 791 fuit,
608 760 646 793 (te
666 758 829 797 Capitolium
847 769 900 786 non
919 759 1114 794 adscendisse.)

271 801 302 828 fr.
323 803 364 828 99.
385 801 407 835 §.
428 803 451 828 1.
472 802 504 829 de
524 802 555 829 v.
576 802 609 829 o.
629 804 671 828 45.
693 804 716 830 1.

307 846 532 872 Immutare.
558 846 704 878 Mutare,
723 846 925 882 Reformare.
944 844 964 872 I.
978 846 1041 880 Sy.
1059 844 1114 872 Mu-

271 892 333 914 tare.
354 887 385 914 fr.
405 889 444 914 13.
465 888 486 922 §.
507 889 530 914 7.
550 887 582 915 de
602 888 684 915 usul'r.
705 890 728 915 7.
750 890 772 915 l.
792 888 823 915 fr.
845 890 867 915 1.
887 889 908 923 §.
929 890 953 915 7.
973 898 1006 915 ne
1024 898 1067 925 qu.
1087 889 1113 915 in

270 930 341 957 ssum.
361 930 424 968 pub.
444 932 487 957 43.
508 932 549 957 13.
586 930 616 957 11.
638 933 706 965 Op.
726 930 813 964 Idem,
833 941 854 958 s.
873 930 902 958 In
922 931 1015 958 eodem
1034 936 1112 964 statu⁷

269 984 381 1001 manere.
402 990 434 994 —
453 973 594 1000 Immutari.
619 973 650 1000 i'r.
671 976 694 1001 7.
720 974 741 1008 §.
761 976 786 1001 2.
811 974 863 1011 Qu.
884 975 933 1001 cui.
953 975 1023 1001 univ.
1042 984 1112 1001 nom.

269 1019 294 1044 3.
313 1019 336 1044 4.
357 1017 387 1043 fr.
407 1018 448 1043 65.
469 1016 502 1044 de
522 1022 604 1044 contr.
624 1022 683 1044 emt.
704 1018 746 1051 18.
768 1018 791 1044 l.
828 1017 871 1044 III.
889 1019 955 1045 Gn.
975 1016 1049 1044 Nihil
1068 1019 1114 1044 im-

269 1065 369 1086 mutare
388 1059 451 1086 licet
469 1061 520 1093 (sc.
540 1061 681 1098 praetoriis
707 1059 946 1098 stipulationibus)
965 1071 1051 1098 neque
1071 1060 1114 1087 ad-

269 1103 339 1135 dere⁷
359 1113 444 1140 neque
463 1103 610 1130 detrahere.
630 1103 661 1130 fr.
680 1105 722 1130 52.
741 1113 780 1140 pr.
801 1103 834 1130 de
847 1102 879 1130 V.
894 1103 927 1130 Ο.
947 1105 1026 1130 45.1.
1062 1102 1113 1130 Ne-

268 1156 320 1183 que
332 1147 457 1177 minuere.
477 1157 563 1183 neque
577 1148 713 1173 immutare
726 1151 816 1184 potest
829 1145 1021 1180 (conditionem
1034 1147 1113 1184 primi

268 1190 474 1227 compromissi.)
493 1189 524 1216 fr.
543 1191 584 1216 25.
605 1190 627 1223 ξ.
648 1191 671 1216 l.
691 1189 723 1216 de
742 1199 793 1216 rec.
814 1200 857 1226 qu.
878 1189 932 1216 arb.
953 1191 978 1217 4.
998 1191 1023 1218 8.
1058 1189 1112 1226 Qui

267 1233 383 1259 tabulam
401 1242 503 1259 aeream
522 1232 588 1269 legis
605 1246 636 1250 -
651 1233 777 1265 refixerit,
797 1232 839 1259 vel
860 1232 924 1270 quid
942 1233 1004 1260 inde
1022 1228 1113 1260 immu-

267 1277 369 1302 taverit.
390 1275 420 1303 fr.
439 1278 463 1302 8.
483 1286 522 1313 pr.
547 1275 580 1302 ad
604 1275 633 1302 L.
654 1275 701 1303 Iul.
726 1275 811 1313 pecul.
831 1277 872 1303 48.
894 1277 934 1304 13.
972 1276 1111 1309 Excolere,

267 1319 339 1355 quod
357 1320 471 1351 invenit,
491 1323 593 1356 potest,
618 1318 744 1356 qualitate
767 1319 870 1345 aedium
895 1329 948 1345 non
967 1320 1110 1346 immutata.

266 1362 296 1388 fr.
319 1364 359 1389 13.
379 1362 401 1396 ξ.
421 1364 444 1389 7.
465 1362 497 1389 de
516 1362 600 1389 usul'r.
621 1364 644 1389 7.
664 1364 686 1388 l.
728 1362 824 1389 Alieno
853 1362 922 1389 facto
941 1363 982 1389 ius
1002 1362 1110 1389 alterius

266 1406 429 1432 immutatum
453 1406 492 1432 iri.
519 1405 548 1432 fr.
574 1406 598 1431 6.
624 1404 753 1441 Quemad.
778 1406 868 1432 servit.
888 1406 918 1432 8.
942 1407 966 1432 6.
1003 1405 1059 1432 Nec
1079 1416 1111 1433 ex

265 1449 409 1485 praetorio,
430 1458 478 1475 nec
497 1459 529 1475 ex
548 1448 660 1475 solemni
674 1449 741 1481 iure,
757 1449 921 1486 privatorum
934 1450 1110 1476 conventione

266 1491 408 1528 quidquam
436 1491 625 1518 immutandum
649 1496 697 1518 est.
722 1491 753 1518 fr.
777 1493 819 1518 27.
845 1491 878 1518 de
900 1491 932 1518 R.
959 1492 978 1519 1.
1002 1494 1043 1518 50.
1068 1494 1110 1519 17.

264 1533 338 1560 Nihil
358 1535 436 1571 igitur
455 1545 468 1560 a
487 1534 635 1572 privilegiis
654 1535 815 1561 immutetur.
836 1534 886 1562 Th.
907 1534 938 1562 C.
957 1535 1027 1562 XVI.
1041 1537 1065 1563 2.
1087 1545 1108 1562 c.

263 1578 305 1603 29.
328 1577 359 1603 de
379 1578 460 1614 episc.
481 1577 544 1604 eccl.

302 1621 535 1648 {minutatim
574 1621 729 1648 Mutatio.
766 1620 785 1647 I.
804 1622 866 1655 Sy.
889 1621 1028 1647 Immutato
1048 1621 1106 1648 hoc.

264 1663 446 1690 lmmutatione
471 1664 537 1690 facta
557 1664 622 1700 (per
646 1663 763 1700 singulas
782 1664 937 1701 personas.)
956 1663 987 1691 fr.
1009 1666 1049 1691 10.
1069 1665 1106 1699 §§.

265 1708 306 1733 16.
327 1716 367 1743 sq.
388 1706 420 1733 de
439 1707 510 1743 grad.
531 1711 557 1733 et
576 1706 626 1732 adf.
645 1708 751 1733 38.10.

299 1750 572 1776 Immutitatus.
601 1749 732 1782 (Adiect.)
757 1751 826 1777 Non
845 1752 1035 1782 mutilatus,
1056 1752 1108 1777 In-

263 1799 361 1828 teger.
398 1792 416 1819 1.
442 1794 504 1827 Sy.
528 1791 660 1819 illibatum
685 1797 762 1829 atque
788 1794 927 1829 integrum.
968 1793 1108 1820 immutila—

263 1840 327 1861 tum.
348 1846 369 1862 c.
389 1838 431 1863 20.
451 1846 490 1873 pr.
516 1836 537 1869 §
560 1837 582 1861 1.
603 1835 635 1862 (le
659 1835 720 1862 don.
745 1836 780 1862 A.
798 1835 830 1862 N.
850 1838 873 1862 5.
892 1837 917 1862 3.
942 1835 992 1863 Th.
1013 1836 1043 1863 C.
1063 1836 1107 1863 IV.

262 1880 304 1904 22.
329 1889 350 1905 c.
378 1881 398 1905 l.
423 1879 492 1905 unde
516 1880 550 1905 vi.
586 1878 616 1905 11.
644 1881 711 1913 Op.
739 1878 855 1916 Ruptum
879 1878 937 1905 fieri
956 1881 1107 1913 (testamen-

264 1922 340 1954 tum.)
365 1938 396 1940 —
421 1921 604 1948 lunnutilatam
627 1932 732 1948 manere
756 1921 964 1956 (voluntatem.)
990 1932 1011 1949 c.
1031 1924 1054 1948 4.
1074 1922 1107 1949 de

263 1964 352 2002 posth.
374 1964 462 1991 hored.
483 1966 544 1991 inst.
564 1966 587 1991 6.
607 1966 649 1991 29.

300 2008 508 2040 lut-paetus.
546 2007 668 2041 (l‘artic.)
706 2006 747 2034 Cf.
767 2018 791 2034 v.
812 2007 968 2044 impingere.
983 2008 1058 2041 —-§.
1070 2010 1104 2036 1.

264 2051 396 2082 lllisus,
417 2052 575 2077 Iniectns.
613 2049 654 2077 111.
681 2052 747 2078 Gn.
779 2050 808 2076 Si
829 2052 902 2077 navis
923 2055 974 2083 tua,
994 2052 1106 2088 impacta

263 2094 289 2119 in
307 2103 390 2119 meam
409 2093 541 2130 scapham,
561 2093 683 2119 damnum
703 2093 766 2119 mihi
785 2093 866 2120 dedit.
888 2093 917 2120 fr.
930 2096 972 2121 29.
992 2095 1014 2128 §.
1028 2097 1052 2121 2.
1073 2094 1105 2121 ad

263 2135 292 2162 L.
312 2136 380 2172 Aqu.
401 2138 423 2163 9.
443 2140 466 2163 2.
487 2152 519 2156 —
539 2137 570 2170 §.
589 2138 624 2163 2.
646 2138 832 2163 coniectus.
863 2135 905 2162 111.
922 2138 988 2164 (7η.
1009 2138 1106 2173 Quam-

263 2179 304 2204 vis
323 2180 477 2206 innocente-s
496 2180 663 2206 inveniantur
683 2189 713 2206 ex
727 2189 757 2205 eo
772 2180 888 2210 crimine,
908 2185 1018 2217 propter
1034 2180 1105 2217 quod

262 2222 369 2259 impacti
397 2228 459 2249 sunt
487 2223 512 2249 in
541 2233 652 2250 carcere.
682 2222 712 2249 fr.
742 2223 782 2248 13.
811 2221 844 2248 de
870 2227 936 2248 cust.
963 2227 989 2249 et
1017 2223 1104 2250 exhib.

264 2266 305 2291 48.
323 2266 348 2291 3.

299 2309 442 2341 Impar.
480 2308 609 2341 (Acliect.)
646 2309 676 2342 §.
695 2310 730 2335 1.
751 2310 954 2342 ΙιιιιοᾳιιιιΙίε.
975 2307 1018 2334 III.
1039 2310 1104 2337 οη.

262 2350 292 2376 In
310 2350 370 2377 loco
390 2351 481 2387 impari
500 2353 602 2387 positae
622 2355 688 2383 (tres
708 2352 808 2383 aedeS.)
829 2351 860 2378 fr.
880 2353 922 2377 25.
942 2352 964 2385 ᾗ.
987 2353 1008 2378 l.
1028 2351 1060 2378 de
1076 2352 1103 2378 S.

263 2393 290 2420 P.
311 2392 342 2420 V.
362 2394 386 2420 8.
405 2395 430 2420 2.
468 2393 507 2420 Ex
528 2394 568 2419 liis
592 2395 711 2430 quidam.
731 2411 764 2415 -—
784 2395 847 2421 licet
872 2395 963 2432 impari
987 2405 1103 2421 numero.

263 2436 293 2463 fr.
312 2437 383 2471 21.§
410 2438 434 2463 3.
455 2436 488 2463 de
507 2436 594 2462 testib.
614 2439 654 2463 22.
669 2440 692 2464 5.
713 2438 744 2464 cl'.
764 2437 836 2464 Paul.
851 2437 895 2464 lV.
910 2439 933 2464 8.
948 2438 969 2472 ς’.
984 2439 1007 2463 9.
1028 2438 1102 2464 Sum-

262 2489 329 2505 mam
349 2480 473 2517 imparom
497 2478 601 2506 habere.
626 2479 656 2505 fr.
683 2482 738 2507 104.
763 2481 795 2507 ile
814 2481 845 2507 li.
866 2481 884 2507 1.
905 2483 947 2507 50.
967 2482 1007 2506 17.
1044 2480 1104 2507 Non

264 2532 322 2548 esse
341 2522 407 2549 duos
427 2532 496 2554 reos,
516 2533 528 2548 a
549 2522 644 2559 quibus
665 2524 746 2559 impar
765 2529 888 2561 suscepta
911 2529 951 2550 est
970 2523 1102 2559 obligatio.

264 2564 292 2590 fr.
312 2567 334 2591 9.
355 2566 376 2599 §.
398 2567 420 2591 l.
440 2564 472 2591 (le
491 2565 570 2591 duob.
591 2566 650 2591 reis.
671 2567 710 2591 45.
731 2568 753 2591 2.
780 2583 810 2586 -
831 2568 861 2600 ς’.
887 2568 922 2593 2.
944 2568 1014 2593 Non
1033 2568 1103 2603 suf-

258 2608 397 2642 ficiens,
417 2610 590 2635 Inltahilis.
619 2607 661 2634 111.
683 2609 748 2635 (711.
769 2609 797 2634 Si
819 2610 977 2646 adparuerit,
997 2608 1039 2635 vel
1060 2610 1104 2635 im-

263 2659 351 2686 parem
375 2656 399 2677 te
423 2651 564 2688 impendiis
588 2662 656 2677 esse.
680 2650 749 2678 Coll.
776 2651 828 2677 LL.
854 2652 885 2678 Μ.
906 2652 951 2678 Ill.
969 2654 995 2679 3.
1019 2651 1051 2678 cs.
1071 2652 1102 2678 sr.

265 2693 304 2717 10.
328 2692 349 2724 ξ,
376 2695 397 2719 l.
421 2693 454 2720 (le
478 2693 509 2720 N.
534 2694 566 2720 G.
590 2696 613 2720 3.
639 2696 662 2720 5.
704 2693 862 2730 Paupertas,
887 2704 953 2730 quae
979 2695 1053 2731 operi
1077 2699 1104 2721 et

264 2735 336 2761 oneri
356 2735 451 2761 tutelae
471 2737 554 2773 impar
578 2741 625 2763 est.
652 2736 681 2763 l'r.
701 2738 742 2763 40.
766 2737 787 2771 §.
810 2738 832 2762 l.
857 2736 889 2762 cl'.
914 2737 944 2763 l'r.
966 2739 988 2762 7.
1009 2737 1042 2763 de
1061 2747 1103 2764 ex·

264 2782 357 2803 cusatt.
376 2779 417 2804 27.
439 2780 460 2805 1.
480 2779 563 2806 Vatic.
584 2780 621 2813 ςξ.
635 2782 693 2805 210.
709 2781 768 2806 243.
805 2778 891 2816 Impar
909 2780 1103 2806 matrimonium

265 2819 423 2857 adpellatur‚
448 2826 474 2847 et
493 2837 523 2841 —
545 2822 649 2850 iubetur
672 2832 725 2849 non
749 2822 880 2860 prolicere
904 2821 936 2849 ad
961 2822 1101 2859 capiendas

1011 160 1098 192 IMM
1120 178 1163 183 -
1186 161 1271 191 1311).

1156 242 1326 275 liereditateS‚
1346 248 1371 270 et
1389 243 1486 281 legata.
1507 250 1532 271 et
1558 244 1644 272 dotes.
1664 245 1725 284 le.
1745 246 1817 274 XVI.
1838 250 1862 274 4.
1883 248 1914 275 cs.
1934 250 1958 275 3.
1978 259 2000 275 c.

1157 287 1198 312 27.
1218 285 1251 312 de
1270 290 1343 323 nupt.
1363 289 1385 313 5.
1405 288 1429 314 4.
1457 287 1614 315 Huiusmodi
1635 291 1740 326 nuptias
1759 291 1935 327 permisimus.
1955 293 2000 318 im-

1157 338 1234 366 pares
1254 339 1297 356 eas
1317 329 1401 356 videri
1424 331 1528 357 minime
1553 331 1737 360 concedentes.
1763 344 1784 360 c.
1806 335 1844 361 12,
1869 333 1901 361 de
1927 334 1998 371 legit.

1158 371 1247 399 liered.
1268 374 1291 399 6.
1311 374 1352 399 58.

1194 416 1418 448 Impatiens.
1454 416 1584 450 (Adiect.)
1623 419 1687 451 Qui
1704 421 1850 446 tolerare
1868 422 2001 455 aliquid

1159 468 1220 485 non
1240 461 1315 485 vult.
1352 458 1394 485 111.
1409 460 1475 487 Cn.
1494 459 1549 486 Aut
1567 461 1707 497 impatiens
1721 460 1830 493 doloris.
1851 467 1895 488 aut
1913 462 1999 499 aliqua

1159 500 1255 527 suroris
1280 501 1352 528 rabie
1376 503 1546 535 constrictus,
1567 504 1608 537 (se
1627 505 1800 541 praecipitem
1820 504 1914 539 dedit.)
1933 515 1956 532 c.
1974 507 1998 532 2.

1160 544 1212 580 Qu.
1232 549 1332 571 testam.
1353 544 1400 571 fac.
1420 555 1445 582 p.
1465 546 1490 572 6.
1508 548 1550 573 22.

1194 587 1461 621 Impatienter.
1498 588 1610 622 (Advb)
1647 591 1877 624 Proper-anter.
1897 589 1916 617 I.
1937 591 1999 625 Sy.

1159 629 1346 668 Praepropere.
1384 630 1434 657 Th.
1459 630 1489 658 C.
1513 631 1561 659 XI.
1587 633 1629 659 36.
1659 642 1680 659 c.
1704 634 1728 659 2.
1753 642 1794 669 sq.
1831 634 1915 669 Quor.
1939 643 1998 671 app.

1159 683 1183 700 ιι.
1204 683 1256 700 rec.

1193 716 1415 750 Impartire.
1452 715 1493 743 Cf.
1513 727 1537 743 v.
1557 716 1701 755 Impertite.
1721 728 1746 745 v.
1765 718 1920 756 Impertitio.

1194 760 1457 792 Impatientia.
1495 760 1525 793 ξ.
1546 760 1581 787 1.
1612 762 1854 794 ΙιιΙυΙεναηιίιι,
1880 763 1999 789 Incon-

1157 804 1298 829 stantia.
1334 801 1353 828 1.
1377 803 1439 837 Sy.
1470 802 1572 840 Impetu
1595 807 1707 837 tractus,
1733 804 1898 842 impatientia
1923 805 1999 838 (iusti

1158 845 1282 877 doloris.)
1300 844 1372 872 Paul.
1392 845 1421 871 11.
1441 847 1482 872 26.
1507 846 1529 880 §.
1550 847 1573 872 5.
1597 845 1627 873 i'r.
1646 848 1688 874 38.
1713 847 1734 881 §.
1754 849 1778 874 8.
1799 847 1831 874 ad
1849 847 1878 874 L.
1898 847 1946 874 Iul.
1966 846 1999 874 de

1158 888 1238 915 adult.
1258 888 1300 914 48.
1320 890 1344 915 5.
1379 887 1410 914 II.
1430 889 1498 923 01).
1523 888 1660 922 Patientia,
1680 891 1737 917 sive
1756 890 1851 917 duritia
1871 892 1999 924 (tormen-

1158 931 1266 964 torum.)
1285 930 1317 957 fr.
1336 932 1360 957 1.
1379 931 1401 965 §.
1419 933 1460 958 23.
1481 931 1514 959 de
1533 934 1679 969 quaestion.
1699 934 1740 960 48.
1762 935 1802 960 18.
1827 933 1870 960 111.
1882 934 1948 961 Cn.
1968 932 1999 960 Si

1157 974 1319 1012 impatientia
1345 973 1458 1007 doloris,
1483 979 1527 1002 aut
1549 975 1636 1002 taedio
1660 977 1742 1008 vitae,
1766 982 1810 1003 aut
1827 976 1935 1008 morht),
1955 981 1999 1003 aut

1156 1017 1254 1050 furore,
1274 1021 1318 1044 aut
1335 1017 1438 1054 pudore
1455 1019 1522 1045 mori
1547 1018 1646 1045 maluit.
1672 1019 1702 1045 fr.
1721 1020 1745 1046 6.
1770 1019 1792 1053 §.
1814 1021 1836 1046 7.
1861 1019 1894 1046 de
1912 1018 1943 1046 R.
1963 1018 1998 1046 Μ.

1157 1062 1198 1088 49.
1219 1062 1258 1087 16.
1279 1060 1311 1086 cf.
1331 1059 1361 1087 fr.
1380 1061 1405 1087 6.
1424 1060 1447 1094 §.
1467 1062 1489 1088 7.
1510 1060 1542 1087 de
1560 1062 1650 1089 iniust.
1670 1067 1739 1099 rupt.
1759 1064 1801 1089 28.
1820 1064 1844 1090 3.
1865 1062 1895 1090 fr.
1914 1063 1956 1089 38.
1975 1062 1999 1096 §-

1158 1105 1198 1130 12.
1217 1103 1251 1130 de
1270 1113 1347 1140 poen.
1366 1104 1408 1130 48.
1430 1105 1470 1130 19.
1489 1102 1520 1130 fr.
1538 1105 1562 1131 3.
1583 1104 1604 1138 §.
1624 1106 1649 1131 6.
1669 1105 1701 1132 de
1720 1105 1781 1132 bon.
1802 1116 1855 1133 cor.
1875 1116 1918 1142 qu.
1938 1109 1999 1132 ante

1156 1151 1223 1173 seut.
1243 1148 1284 1172 48.
1303 1148 1345 1172 21.
1365 1146 1438 1173 Paul.
1458 1145 1491 1174 V.
1512 1148 1552 1173 12.
1572 1147 1594 1180 §.
1615 1149 1639 1174 l.
1666 1164 1699 1168 —
1728 1149 1760 1182 ξ.
1780 1150 1815 1175 2.
1841 1150 1999 1176 Festinu-

1156 1191 1211 1216 tio.
1239 1188 1282 1216 111.
1304 1191 1370 1218 Gn.
1390 1189 1458 1216 Cum
1478 1203 1508 1207 —
1528 1189 1592 1217 haec
1611 1191 1780 1228 impatientia,
1799 1190 1842 1218 vel
1861 1192 1999 1228 iniquitate

1156 1232 1271 1259 iudicum
1291 1232 1459 1269 denegantur.
1480 1232 1530 1259 Th.
1550 1232 1581 1259 C.
1601 1233 1646 1260 XI.
1665 1235 1707 1260 36.
1728 1244 1749 1261 c.
1769 1235 1809 1260 18.
1834 1234 1918 1270 Quor.
1938 1243 1997 1271 app.

1156 1286 1180 1303 n.
1205 1286 1257 1303 rec.
1295 1275 1325 1302 Si
1344 1292 1376 1297 —-
1395 1277 1559 1313 impatientia
1581 1275 1722 1313 litigatoris
1746 1278 1869 1315 eruperit.
1894 1276 1931 1303 lb.
1950 1276 1996 1304 Xl.

1154 1321 1196 1346 30.
1217 1329 1238 1346 c.
1258 1320 1299 1346 54.
1319 1319 1353 1346 de
1371 1330 1431 1357 app.
1452 1324 1478 1346 et
1496 1329 1576 1357 poen.

1191 1363 1526 1396 Impedimentum.
1563 1363 1595 1396 δ.
1615 1363 1649 1389 1.
1681 1364 1818 1396 Vitium,
1841 1364 1997 1391 Obstat-u-

1154 1408 1219 1433 Ιιιηι
1263 1405 1282 1432 I.
1297 1406 1359 1440 Sy.
1390 1404 1491 1432 Vitium
1510 1406 1666 1443 (corporis)
1691 1404 1722 1432 fr.
1743 1407 1801 1433 101.
1825 1406 1847 1440 §.
1866 1408 1890 1433 2.
1911 1405 1944 1433 de
1963 1405 1996 1433 V.

1154 1448 1182 1476 S.
1201 1451 1243 1475 50.
1265 1450 1306 1475 16.
1342 1448 1503 1481 Difficultas,
1521 1447 1729 1475 Incommodum.
1749 1448 1780 1475 sr.
1802 1450 1859 1476 137.
1877 1450 1900 1484 §.
1920 1451 1944 1476 4.
1963 1448 1997 1476 de

1154 1492 1185 1519 V.
1207 1491 1243 1519 Ο.
1265 1493 1307 1518 45.
1332 1493 1355 1518 1.
1397 1491 1607 1524 Iucommodare,
1632 1491 1809 1518 difficiliorem
1832 1491 1930 1525 facere,
1953 1491 1997 1519 vel

1153 1545 1264 1572 prorsus
1288 1534 1416 1572 impedire
1441 1535 1674 1571 (navigationem.)
1723 1534 1913 1572 Impedimento
1936 1545 1997 1562 esse

1153 1579 1347 1614 (navigationi.)
1366 1578 1398 1605 fr.
1420 1580 1442 1605 l.
1469 1579 1490 1613 §.
1512 1580 1552 1604 15.
1577 1577 1610 1604 de
1635 1577 1734 1604 flumin.
1757 1579 1798 1604 43.
1819 1580 1858 1604 12.
1879 1577 1908 1605 fr.
1930 1579 1952 1604 l.
1972 1578 1995 1612 §.

1152 1623 1176 1648 2.
1201 1620 1234 1647 de
1257 1622 1314 1658 ripa
1337 1631 1407 1648 mun.
1432 1623 1474 1648 43.
1500 1623 1540 1648 15.
1578 1619 1697 1653 Obesse,
1717 1620 1866 1652 Obsistere.
1885 1620 1996 1658 Impedi-

1152 1669 1240 1690 mento
1261 1674 1328 1690 esse.
1350 1664 1421 1691 Paul.
1442 1663 1486 1691 IV.
1506 1666 1530 1691 8.
1551 1664 1572 1697 §.
1593 1665 1618 1690 8.
1638 1663 1668 1690 fr.
1688 1665 1730 1690 43.
1750 1664 1772 1698 §.
1793 1665 1815 1690 1.
1835 1664 1868 1691 de
1886 1663 1962 1700 legat.
1976 1663 1995 1690 1.

1153 1708 1219 1741 (30.)
1257 1707 1301 1733 111.
1327 1708 1393 1735 οη.
1425 1707 1455 1734 Si
1480 1708 1538 1745 ipse
1561 1716 1654 1733 servus
1674 1707 1772 1739 scierit,
1792 1722 1825 1726 —
1843 1717 1893 1734 nec
1912 1706 1995 1733 ullum

1151 1749 1366 1787 impedimentum
1389 1751 1437 1783 sit,
1457 1751 1596 1786 quominus
1619 1751 1757 1776 certiorem
1777 1748 1910 1776 dominum
1928 1749 1994 1776 sace-

1152 1798 1199 1829 ret.
1225 1793 1282 1820 Gai.
1307 1793 1337 1819 Il.
1363 1795 1420 1820 190.
1469 1792 1554 1819 Posse
1581 1802 1613 1819 ex
1642 1797 1798 1819 testamento
1823 1792 1995 1819 hereditatem

1151 1836 1218 1863 adiri
1237 1840 1338 1874 putant,
1362 1835 1436 1862 nullo
1462 1836 1512 1861 iam
1535 1834 1591 1861 filio
1611 1835 1807 1872 impedimento.
1827 1835 1864 1862 lb.
1884 1835 1914 1863 ῙΙ.
1936 1836 1993 1862 123.

1152 1879 1248 1906 facere
1272 1879 1486 1916 impedimentum
1511 1877 1700 1912 (conditioni.)
1730 1878 1759 1906 sr.
1788 1880 1830 1905 33.
1858 1879 1881 1913 §.
1909 1880 1931 1905 l.
1960 1878 1994 1905 de

1150 1922 1237 1949 fideic.
1257 1922 1321 1949 libb.
1341 1924 1382 1949 40.
1403 1925 1427 1949 5.
1464 1921 1494 1948 Si
1518 1926 1544 1948 et
1569 1921 1640 1948 aliud
1659 1921 1875 1959 impedimentum
1893 1922 1929 1948 sit
1947 1920 1993 1954 (de

1150 1975 1203 1991 non
1221 1964 1340 1992 adeunda
1360 1965 1506 1992 hereditate
1525 1964 1592 1998 etc.)
1618 1964 1649 1991 fr.
1668 1966 1693 1991 3.
1714 1964 1734 1998 ξ.
1754 1966 1796 1991 32.
1816 1964 1849 1991 de
1867 1963 1932 1990 S.C.
1952 1963 1992 1990 Si-

1150 2008 1200 2035 lau.
1223 2010 1266 2035 29.
1290 2011 1314 2035 5.
1357 2008 1422 2040 Cui,
1448 2012 1558 2046 propter
1580 2007 1795 2044 impedimentum
1818 2007 1896 2038 iuris,
1920 2007 1992 2040 (non

1150 2052 1276 2089 competit
1295 2051 1425 2084 libertas.)
1444 2051 1475 2077 fr.
1490 2052 1529 2077 76.
1550 2051 1572 2084 §.
1586 2051 1610 2076 4.
1626 2049 1658 2076 de
1677 2049 1752 2086 legat.
1766 2049 1796 2076 II.
1812 2049 1879 2083 (31.)
1907 2048 1992 2076 Posse

1150 2104 1208 2120 eum
1228 2094 1304 2127 (haec
1324 2094 1484 2126 detrahere.)
1503 2103 1551 2119 nec
1565 2092 1597 2119 ad
1616 2092 1666 2119 hoc
1687 2094 1709 2119 ei
1729 2091 1802 2121 S.‚C.
1816 2091 1931 2118 futurum
1945 2093 1990 2119 im-

1149 2137 1309 2174 pedimento.
1330 2137 1360 2163 fr.
1380 2138 1421 2163 43.
1441 2137 1463 2170 §.
1484 2138 1506 2162 t.
1527 2135 1559 2162 de
1578 2135 1654 2171 legat.
1674 2135 1691 2161 Ι.
1713 2135 1780 2168 (30.)
1818 2134 1882 2161 Sine
1901 2135 1990 2171 aliquo

1150 2179 1337 2218 impedimento
1356 2179 1422 2215 legis
1442 2178 1522 2205 Iuliae
1541 2179 1670 2211 (coerceri
1690 2178 1790 2215 posse.)
1810 2177 1882 2204 Paul.
1898 2177 1929 2204 V.
1947 2179 1990 2205 26.

1149 2223 1170 2257 §.
1191 2225 1215 2249 2.
1236 2223 1268 2249 cf.
1288 2233 1310 2249 c.
1329 2225 1353 2248 2.
1373 2222 1405 2249 de
1425 2222 1499 2248 liber.
1520 2226 1632 2259 praeter.
1656 2223 1680 2248 6.
1703 2222 1745 2246 25.
1766 2236 1797 2240 —
1817 2221 1848 2255 §.
1871 2222 1906 2248 2.
1926 2222 1990 2248 Im-

1146 2268 1344 2300 pedimenta,
1365 2267 1382 2292 i.
1401 2275 1421 2291 e.
1441 2267 1598 2292 Homines
1617 2270 1647 2290 et
1666 2265 1822 2295 iumenta,
1845 2265 1990 2291 sarcinis

1148 2311 1313 2336 exercitus
1336 2310 1517 2335 adtributa.
1558 2306 1601 2333 lll.
1629 2307 1694 2334 (ἠ.
1726 2305 1761 2332 Vt
1785 2311 1836 2332 tam
1865 2307 1990 2339 numeris,

1149 2362 1227 2388 quam
1245 2351 1364 2381 familiis,
1384 2361 1432 2378 nec
1451 2361 1503 2377 non
1523 2355 1548 2377 et
1566 2348 1770 2386 impedimentis,
1791 2365 1824 2369 —
1842 2348 1870 2376 id
1889 2354 1989 2376 tantum

1149 2395 1175 2421 in
1194 2395 1284 2431 specie
1303 2394 1459 2431 praebeatur
1478 2398 1528 2420 etc.
1555 2392 1604 2419 Th.
1625 2391 1655 2419 C.
1677 2391 1731 2418 Vll.
1751 2394 1776 2419 4.
1796 2402 1817 2418 c.
1836 2392 1878 2418 28.
1897 2402 1937 2430 pr.
1957 2391 1990 2418 de

1149 2448 1218 2474 erog.
1239 2437 1292 2464 mil.
1312 2447 1370 2463 anu.

1184 2480 1391 2514 llnpedire.
1420 2479 1451 2512 ἓ.
1473 2479 1507 2505 l.
1530 2479 1697 2514 Obsicere,
1720 2479 1867 2505 Obstare.
1887 2478 1905 2504 I.
1923 2478 1985 2512 Sy·

1148 2523 1339 2560 lmpedimeuto
1359 2532 1425 2549 esse.
1446 2521 1487 2548 Cf.
1507 2531 1531 2547 v.
1551 2520 1775 2557 impedimentum.
1796 2520 1818 2553 §.
1838 2522 1861 2547 1.
1898 2519 1987 2547 Prohi-

1148 2566 1219 2593 bere.
1240 2565 1270 2592 sr.
1289 2568 1313 2592 2.
1333 2566 1354 2598 §.
1368 2566 1392 2590 3.
1412 2565 1435 2590 si
1454 2574 1496 2600 qu.
1518 2569 1596 2591 cautt.
1616 2566 1640 2590 2.
1658 2566 1696 2590 11.
1713 2563 1747 2594 fr.
1761 2565 1801 2590 40.
1822 2573 1862 2600 pr.
1882 2563 1914 2590 de
1928 2572 1986 2600 pro-

1148 2620 1201 2636 cur.
1220 2611 1244 2635 3.
1264 2610 1288 2635 3.
1326 2607 1367 2634 111.
1389 2608 1454 2635 Gn.
1480 2607 1638 2643 Ple-rumque
1661 2607 1759 2633 incerta
1779 2606 1842 2633 haec
1861 2611 1887 2633 et
1904 2605 1987 2641 inopi-

1148 2657 1206 2678 nata
1226 2651 1331 2678 turbant
1350 2650 1537 2688 provinciales³
1559 2655 1584 2675 et
1603 2654 1676 2676 actus
1697 2649 1849 2686 impediunt.
1870 2648 1899 2675 fr.
1918 2648 1942 2673 4.
1963 2647 1984 2680 ξ.

1147 2697 1170 2721 4.
1191 2695 1224 2721 de
1243 2694 1287 2721 off.
1308 2693 1382 2720 Proc.
1404 2698 1429 2719 et.
1448 2692 1509 2729 Leg.
1531 2695 1552 2719 1.
1569 2694 1608 2719 16.
1646 2691 1726 2727 Quod
1746 2692 1934 2727 navigationem
1948 2690 1984 2715 in·

1148 2736 1304 2768 commodet,
1323 2736 1500 2763 dilliciliorem
1519 2735 1603 2767 saciat,
1623 2734 1664 2761 vel
1684 2745 1794 2772 prorsus
1807 2731 1938 2770 impediat.
1954 2732 1982 2759 l‘r.

1148 2782 1170 2806 1.
1189 2780 1211 2813 §.
1233 2781 1272 2805 15.
1294 2778 1326 2805 dc
1345 2779 1442 2805 llumin.
1462 2780 1504 2805 43.
1525 2780 1565 2804 12.
1602 2776 1661 2803 Non
1681 2783 1732 2804 tam
1752 2776 1932 2804 manumittere
1952 2776 1983 2807 is,

1146 2832 1223 2860 quam
1248 2832 1300 2848 non
1324 2821 1451 2860 impedire
1474 2821 1698 2848 manumittentem
1723 2818 1884 2855 intelligitur.
1909 2817 1939 2845 sr.
1958 2819 1982 2844 11.
