2197 3121
943 161 1032 191 ΒΕΑ
1056 179 1094 185 -
1118 162 1216 192 ΗΕΒ.

224 247 260 271 17.
280 247 304 271 2.
340 245 457 281 Eiusque
477 246 513 271 rei
537 244 675 279 vestigium
698 253 832 269 remanere.
856 242 888 269 de
912 241 967 273 his,
993 252 1058 279 quae

221 293 268 314 etc.
300 287 329 314 fr.
351 290 373 314 1.
394 289 416 321 3.
437 290 460 315 1.
487 288 518 314 de
537 287 569 314 A.
588 296 612 312 v.
632 286 663 312 Α.
684 285 711 312 Ρ.
736 288 777 312 41.
797 288 821 312 2.
863 285 1011 317 Mandavit,
1030 290 1059 311 nt

219 341 277 357 enni
302 330 334 357 de
357 331 532 367 adpellatione
555 345 587 349 —-
612 328 775 355 defenderes.
816 328 846 354 fr.
872 330 895 355 l.
922 338 953 354 an
976 339 1001 365 p.
1026 328 1058 354 al.
1081 350 1082 357 .

220 383 288 400 caus.
310 384 368 410 app.
388 375 429 400 49.
449 375 472 400 9.
510 372 539 398 Id
559 371 752 398 observandum
772 371 804 397 de
824 381 882 397 acre
902 371 995 397 alieno.
1028 371 1058 396 sr.

221 418 259 443 14.
280 416 312 442 de
331 420 454 442 transact.
474 418 497 442 2.
514 417 553 441 15.
590 414 631 440 De
651 413 746 450 quibus
767 415 852 440 causis
872 415 979 450 scriptis
998 413 1060 449 legi-

219 460 268 486 bus
288 469 339 485 non
358 460 463 485 utimur.
500 458 531 484 fr.
550 459 592 484 32.
612 467 651 494 pr.
671 456 703 482 de
722 455 774 482 LL.
800 458 822 482 1.
842 458 866 482 3.
903 456 1008 482 Divisio
1027 456 1059 482 de

219 503 292 534 (iure
310 503 508 539 personarum).
539 501 596 527 Gai.
617 500 634 526 1.
654 502 678 526 9.
719 499 822 525 Abesse
847 498 879 524 (1(·
904 509 980 525 causa
1000 509 1059 536 pro·
1080 529 1081 537 ἵ

218 545 307 571 babili.
327 545 358 571 fr.
372 546 414 570 28.
433 554 473 581 pr.
493 554 525 569 ex
545 554 588 580 qu.
609 553 630 569 c.
648 544 706 569 mai.
726 544 749 569 4.
764 543 788 568 6.
825 540 987 568 Moderatum
1001 552 1057 579 spa-
1079 561 1080 585 ἶ

217 588 282 613 tium
301 587 333 613 de
352 587 402 612 hoc
421 597 433 613 a
453 586 539 612 iudice
557 585 731 612 statuendum.
751 585 781 611 fr.
795 588 819 610 S.
839 594 878 621 pr.
900 584 951 620 Qu.
966 584 1056 611 satisd.
1079 606 1080 611 .

218 640 272 666 cog.
292 631 316 655 2.
336 630 359 655 8.
384 646 416 649 —
446 630 476 662 ξ.
497 630 534 655 3.
564 631 748 656 Secundum.
785 627 828 654 Ill.
848 628 914 655 [711.
943 627 972 654 Si
992 627 1055 664 quid
1077 622 1079 661 1

217 673 251 698 ita
271 672 366 698 sactum
385 673 433 703 sit,
453 673 491 699 uti
510 671 542 698 de
562 671 619 708 lege.
639 672 695 697 lieri
714 670 796 697 licuit.
826 670 855 696 l'r.
878 672 900 696 l.
920 671 1003 704 3.16.
1024 670 1056 696 de
1077 678 1078 710 t

216 715 315 741 flumin.
334 716 375 740 43.
397 716 436 741 12.
1076 724 1077 727 ¹

249 759 454 785 Dealbare·
500 759 668 784 Altarinm
696 766 775 790 opus
803 757 962 783 inducere.
1011 755 1053 782 III.

215 801 281 828 (7η.
318 800 393 836 Quae
417 799 463 826 lita
487 810 539 826 non
564 804 640 826 erunt
659 798 730 825 calce
754 803 872 829 arcuato,
897 798 943 824 lita
962 798 1055 835 polita-

214 853 265 879 que
285 848 310 869 et
329 842 400 869 calce
419 842 469 869 uda
488 842 606 869 dealbata
625 846 696 868 recte
709 841 795 868 facito.
825 841 866 868 Fr.
881 841 946 877 legis
960 842 1053 878 parieti
1074 876 1075 879 Ἴ

214 884 261 912 fac.
281 896 306 923 p.
328 887 367 911 72.
389 885 553 922 Spangenbg.

247 929 467 954 Dealbator.
508 929 571 960 Qui
588 929 724 954 dealbat.
761 927 803 954 111.
826 928 892 954 Cn.
916 926 1051 958 Fullones,

213 971 377 1007 carpentarii.
397 970 558 1007 sculptores,
578 969 758 1002 dealbatores,
779 980 886 997 cusores
906 974 954 996 etc.
986 980 1007 996 c.
1028 972 1050 996 1.

211 1012 244 1039 de
264 1023 352 1039 excus.
373 1012 439 1039 artif.
459 1015 499 1039 10.
520 1014 560 1039 64.

246 1057 516 1083 Deambulare.
536 1057 725 1088 Ambulare,
746 1057 936 1082 Circumire.
959 1056 1051 1090 [Sy.
1073 1061 1074 1073 ³

210 1098 359 1125 Ambulare.
388 1097 480 1124 Iuliani
500 1100 562 1136 epit.
582 1109 642 1124 nov.
663 1108 684 1124 c.
706 1100 763 1125 115.
782 1099 819 1133 33.
834 1100 892 1125 481.
912 1100 970 1125 491.
1007 1098 1050 1125 111.
1072 1097 1074 1115 1

212 1142 278 1169 (hl.
314 1140 507 1167 Deambulandi
531 1146 556 1167 et
580 1141 699 1177 gestandi
723 1142 772 1168 ius.
807 1142 837 1168 fr.
859 1144 897 1167 12.
923 1142 988 1176 3.1.
1018 1141 1050 1168 tle
1071 1134 1073 1185 J

209 1194 259 1210 usu
278 1189 304 1210 et
322 1183 402 1210 habit.
424 1185 446 1210 7.
461 1185 484 1210 8.
506 1184 537 1210 cf.
557 1183 587 1210 fr.
604 1186 642 1211 13.
663 1185 684 1218 3.
698 1186 722 1211 4.
743 1184 776 1211 de
789 1184 873 1211 damn.
888 1184 932 1211 inf.
952 1186 993 1211 39.
1007 1187 1031 1211 2.

242 1228 524 1254 Deambulatio.
581 1229 684 1254 Locus
719 1229 912 1254 ambulando
943 1234 1047 1262 aptus.

207 1269 250 1295 IH.
270 1271 336 1297 Gn.
368 1269 511 1302 viridaria,
536 1269 579 1296 vel
597 1271 771 1306 gestationes,
796 1270 839 1296 vel
863 1270 1048 1297 deambulatio-
1070 1274 1071 1298 1

206 1322 253 1339 nes
277 1312 416 1339 arboribus
440 1312 612 1339 infructuosis
637 1323 732 1350 opacas
757 1318 834 1349 atque
860 1323 980 1339 amoenas
1005 1313 1047 1339 ha-
1068 1345 1069 1349 Ἰ

205 1354 271 1381 bens
291 1357 340 1388 (sc.
360 1355 517 1392 praedium).
538 1356 567 1382 fr.
589 1358 629 1382 13.
650 1357 671 1390 3.
691 1357 715 1382 4.
736 1355 768 1382 de
788 1355 854 1382 usul.
876 1358 898 1382 7.
920 1358 942 1382 1.

240 1399 452 1425 Beaurare.
490 1400 576 1425 Auro
596 1401 758 1426 obducere.
796 1399 814 1425 l.
835 1400 897 1433 Sy.
917 1399 989 1425 Auro
1009 1409 1046 1425 ar-

205 1445 336 1477 gentoque
364 1440 548 1467 condecorare.
596 1441 696 1477 Tegew
725 1447 831 1478 argento
859 1447 885 1468 et
912 1442 1044 1468 deaurare.
1066 1446 1068 1461 ¹

205 1483 255 1510 Tb.
282 1483 312 1509 C.
332 1483 365 1509 X.
385 1485 426 1509 22.
447 1494 468 1510 c.
489 1486 511 1510 l.
532 1483 564 1510 de
584 1483 722 1511 fabricens.

238 1527 469 1553 neaurator.
506 1528 600 1553 Artis
623 1530 808 1554 deauraudi
827 1530 963 1562 peritus.
1000 1527 1043 1554 111.

205 1569 271 1596 Gn.
303 1569 413 1600 Aerarii.
434 1569 542 1601 ferrarii,
556 1571 725 1602 marmorarii,
741 1570 917 1603 deauratores⁷
931 1570 1044 1603 fusores,

205 1627 237 1630 —
256 1611 376 1637 aurifices
397 1616 446 1637 etc.
476 1611 514 1638 11).
533 1612 603 1638 XIII.
623 1614 646 1638 4.
667 1623 688 1639 c.
708 1615 732 1639 2.
753 1613 785 1640 de
805 1624 894 1640 exous.
914 1613 981 1639 artis.

238 1655 400 1681 Debere·
429 1655 460 1688 ξ.
479 1656 513 1681 l·
544 1656 740 1688 Cenuenire,
762 1658 958 1688 conducere,
978 1658 1042 1683 E-r-
1063 1681 1065 1690 ⁴

202 1698 318 1729 pedire.
358 1696 401 1723 ΙΙΙ.
421 1699 487 1724 Cn·
515 1696 571 1723 Nec
596 1697 732 1730 volumus.
755 1709 805 1728 nec
825 1699 950 1726 debemus
971 1700 1043 1733 (mu-

205 1743 259 1764 tare
278 1739 426 1765 firmitatem
447 1740 522 1773 etc.).
556 1740 606 1766 Th.
628 1740 658 1767 C.
678 1741 748 1768 XIV.
770 1744 792 1768 l.
818 1752 838 1768 c.
857 1744 881 1768 2.
902 1742 934 1768 de
954 1741 1041 1768 decur.

204 1781 260 1807 urb.
280 1780 310 1807 R.
352 1781 420 1808 Cum
442 1783 483 1808 ius
506 1783 608 1809 linitum
633 1788 659 1809 et
683 1785 770 1820 possit
796 1794 869 1816 esse.
895 1790 920 1811 et
939 1785 1040 1811 debeat.
1063 1811 1064 1814 ,

203 1823 232 1850 fr.
248 1826 271 1850 2.
292 1824 323 1850 de
343 1825 390 1850 iur.
405 1829 430 1850 et
444 1824 504 1851 sacti
517 1826 568 1861 ign.
587 1828 628 1852 22.
643 1828 666 1852 6.
704 1826 740 1852 Vt
756 1827 868 1863 proinde
887 1828 953 1853 sciat
972 1838 1040 1859 reus.
1062 1818 1064 1847 s

203 1871 288 1892 utrum
312 1866 418 1898 cedere,
443 1877 474 1893 an
500 1868 660 1895 contendere
684 1869 752 1895 ultra
772 1869 873 1895 debeat.
907 1870 937 1895 fr.
959 1871 981 1896 l.
1001 1880 1040 1907 pr.

201 1908 234 1935 de
253 1908 345 1935 edend.
365 1911 389 1935 2.
411 1911 450 1935 13.
488 1910 717 1945 Quemadmodum
737 1922 789 1938 non
809 1912 894 1943 datur,
915 1928 946 1932 —-
967 1913 1001 1938 ita
1015 1917 1041 1938 et
1062 1919 1063 1939 t

201 1951 256 1977 dari
276 1961 327 1977 non
347 1951 433 1981 debet.
463 1952 520 1978 Gai.
534 1953 578 1980 lv.
594 1955 650 1980 179.
689 1954 769 1990 Quod
788 1954 931 1987 desideras⁷
951 1965 982 1980 an
996 1956 1040 1981 im-

200 1999 303 2031 petrare
322 1994 426 2026 debeas⁷
447 1996 620 2022 aestimabunt
644 1997 752 2023 iudice-s.
781 1997 811 2023 l'r.
831 1999 872 2024 39.
899 1998 930 2023 de
950 1998 1038 2035 adopt.
1060 2021 1061 2034 χ

201 2039 223 2063 1.
244 2039 267 2063 7.
303 2037 332 2063 lu
355 2038 522 2064 testationem
547 2039 645 2065 referre
669 2040 760 2069 debet.
790 2045 818 2066 nt
842 2040 966 2078 adpareat
990 2046 1037 2068 ete.

200 2078 230 2105 fr.
249 2080 272 2106 8.
299 2080 320 2113 3.
341 2082 363 2106 l.
394 2079 426 2106 de
445 2080 478 2106 Ο.
498 2080 530 2107 N
551 2081 582 2107 N.
605 2084 648 2109 39.
669 2085 691 2109 1.
739 2083 858 2119 Quorum
883 2086 1038 2111 sententiam

200 2120 295 2149 Celsus
319 2133 372 2149 non
395 2123 502 2160 probat,
527 2134 611 2160 neque
636 2126 704 2151 enim
729 2126 854 2152 debuisse
878 2128 963 2153 caveri
988 2132 1036 2154 etc.

201 2163 231 2189 fr.
251 2166 273 2190 l.
293 2166 314 2199 3.
333 2167 357 2192 2.
382 2165 413 2191 ad
432 2167 527 2192 munic.
552 2169 593 2193 50.
616 2169 637 2194 1.
680 2168 733 2195 Sua
756 2174 851 2206 sponte
870 2169 942 2196 adire
962 2169 1038 2197 debe-

200 2205 247 2237 bit,
267 2223 298 2226 —
317 2209 444 2235 suaserim
462 2214 548 2235 tamen
569 2214 616 2236 etc.
637 2210 668 2236 l'r.
688 2213 729 2238 45.
750 2212 782 2238 ad
802 2212 829 2239 S.
844 2212 875 2239 C.
896 2212 975 2239 Treb.
993 2215 1035 2240 36.

203 2249 225 2273 l.
262 2247 421 2282 Videndum.
441 2262 473 2278 an
493 2254 569 2285 (non)
590 2252 684 2279 debeat
703 2256 826 2290 permitti.
858 2255 888 2281 l'r.
910 2257 949 2282 17.
970 2256 991 2289 3.
1011 2258 1035 2282 3.

201 2290 233 2317 de
257 2290 344 2328 adopt.
373 2295 395 2320 1.
416 2296 438 2320 7.
480 2294 561 2331 Magis
588 2300 673 2322 tamen
697 2296 866 2329 observatur,
891 2303 919 2324 ut
943 2298 1036 2325 debeat

200 2333 326 2366 (audiri).
357 2334 387 2362 fr.
405 2339 428 2363 2.
448 2348 480 2363 an
499 2348 524 2375 p.
544 2338 575 2364 al.
597 2349 666 2365 caus.
687 2349 745 2376 app.
765 2342 807 2366 49.
828 2342 851 2366 9.
883 2356 915 2360 ——
947 2342 978 2375 §-
999 2343 1034 2368 2.

202 2376 376 2409 Oportere,
399 2380 520 2412 Iuberi,
545 2383 742 2416 Competere.
768 2384 889 2409 Licere.
931 2384 950 2410 I.
973 2386 1034 2419 ›Sy-

200 2417 315 2444 Necesse
335 2424 383 2445 est.
411 2420 466 2448 Gai.
490 2423 534 2450 IV.
560 2425 617 2450 131.
658 2424 752 2451 Iuberi.
785 2425 822 2451 Ib.
848 2425 891 2452 lV.
917 2428 974 2453 100.
994 2437 1033 2464 sq.

199 2460 229 2486 l'r.
249 2462 290 2486 ³⁴9.
310 2462 331 2494 3.
351 2463 374 2487 2.
395 2461 427 2488 de
446 2462 477 2489 V.
496 2465 523 2492 S.
542 2468 583 2492 50.
605 2468 644 2493 16.
669 2467 699 2494 fr.
721 2470 777 2495 121.
797 2468 829 2495 de
848 2468 879 2494 R.
899 2468 917 2495 1.
938 2471 1033 2496 50.17.
1055 2471 1056 2478 ¹

199 2502 339 2539 Oportem.
368 2503 397 2530 fr.
418 2506 441 2531 6.
461 2506 482 2539 3.
501 2509 525 2533 2.
543 2508 574 2534 fr.
593 2511 617 2536 9.
638 2510 674 2543 33.
695 2512 718 2537 5.
739 2521 778 2547 sq.
799 2511 831 2537 de
850 2512 893 2537 oss.
914 2511 989 2538 Proc.
1008 2518 1034 2539 et

198 2544 259 2581 Leg.
281 2548 302 2571 1.
323 2547 363 2572 16.
391 2547 420 2573 fr.
439 2549 481 2574 33.
500 2549 537 2582 33.
555 2552 579 2577 3.
599 2562 657 2588 sqq.
686 2553 717 2579 fr.
736 2556 777 2580 34.
798 2564 856 2591 sqq.
885 2554 915 2581 sr.
937 2557 976 2581 70.
1001 2555 1031 2583 sr.

198 2590 238 2614 75.
260 2588 291 2615 de
310 2599 382 2625 proc.
401 2592 424 2616 3.
444 2592 468 2616 3.
506 2591 595 2619 Posse.
624 2595 680 2622 Gai.
700 2596 730 2622 11.
754 2598 809 2623 105.
829 2607 887 2633 sqq.
913 2600 971 2624 239.
991 2608 1030 2636 sq.
1053 2600 1054 2628 1

196 2631 239 2657 (Π.
261 2633 317 2657 140.
338 2642 377 2669 sq.
406 2633 437 2659 fr.
458 2635 497 2659 73.
517 2634 554 2668 ἕξ.
576 2637 597 2661 1.
616 2639 640 2663 4,
669 2639 698 2664 fr.
719 2640 759 2665 74.
780 2650 819 2676 sq.
845 2640 876 2668 de
895 2640 926 2667 u.
946 2640 964 2667 Ι.
989 2644 1030 2669 50.

198 2675 237 2700 17.
274 2674 316 2700 111.
337 2676 402 2702 Cn.
430 2675 504 2702 Licet
523 2677 627 2713 quidem
646 2679 850 2715 (Proconsuli)⁷
875 2694 926 2709 non
946 2689 1030 2711 autem

196 2716 274 2743 debet
293 2717 460 2751 (inconsulto⁴
474 2718 596 2757 Principe
615 2720 665 2747 hoc
684 2722 788 2758 facere).
818 2725 849 2751 fr.
869 2728 892 2753 6.
913 2727 934 2761 3.
956 2729 977 2754 1.
998 2727 1030 2754 de

196 2760 239 2786 oss'.
260 2759 334 2786 Proc.
359 2765 383 2786 et
408 2760 470 2797 Leg.
500 2764 521 2788 1.
543 2765 581 2790 16.
625 2763 707 2791 Posse
731 2771 757 2792 et
780 2767 883 2795 debere.
912 2785 944 2789 -—
973 2769 1029 2797 Nec

196 2801 299 2835 debere.
319 2802 361 2830 vel
380 2813 468 2840 posse.
492 2804 522 2831 fr.
541 2807 582 2832 59.
603 2807 624 2840 3.
643 2809 667 2833 3.
687 2808 771 2836 mand.
792 2812 869 2838 17.1.
889 2811 919 2838 fr.
932 2814 973 2838 ⁴20.
988 2823 1027 2850 pr.
1049 2825 1050 2847 i

1075 805 1076 809 ¹
1099 809 1151 836 quo
1171 800 1297 826 debuerat
1317 799 1419 833 (loco).
1448 801 1478 827 l'r.
1499 820 1521 826 ...

1058 2167 1059 2175 ’
1082 2171 1126 2196 uni
1147 2170 1290 2198 debeantur
1313 2172 1381 2197 forte
1405 2172 1519 2197 minutae
1544 2181 1666 2197 summae.
1702 2171 1731 2197 fr.
1751 2173 1774 2198 9.

1881 166 1944 195 '245

1104 243 1135 270 de
1154 243 1186 270 A.
1205 243 1236 270 R.
1257 243 1290 270 D.
1314 246 1356 270 41.
1378 246 1399 271 l.
1438 244 1497 282 le.
1523 244 1606 272 XXII.
1630 247 1654 271 4.
1679 245 1709 272 fr.
1729 246 1752 271 8.
1777 245 1808 271 fr.
1829 247 1852 271 9.
1877 246 1897 279 3.
1918 248 1940 271 5.

1104 286 1136 312 de
1155 286 1221 313 adm.
1242 291 1267 312 ct.
1286 297 1340 323 per.
1360 289 1401 314 26.
1422 289 1444 314 7.
1489 287 1581 314 Potest
1600 288 1726 324 (legari).
1746 304 1778 307 —
1798 289 1832 313 ita
1852 293 1880 314 ut
1900 288 1942 315 de-

1103 329 1163 355 beat
1182 329 1271 362 (heres
1290 329 1418 356 redimere
1438 332 1508 361 ete).
1529 331 1585 357 Gai.
1605 330 1635 357 11.
1649 333 1708 356 202.
1722 333 1780 356 205.
1818 331 1846 357 In
1861 333 1941 358 omni-

1104 372 1162 405 bus.
1183 383 1248 409 quae
1267 372 1328 398 fecit
1347 377 1418 399 tutor
1437 384 1494 399 culn
1514 374 1598 400 l'acere
1617 383 1669 399 non
1689 373 1808 405 deberet,
1834 375 1895 400 item
1914 375 1940 400 in

1104 415 1144 441 his
1165 426 1230 452 quae
1249 425 1301 441 nou
1321 414 1382 441 fecit
1406 420 1454 442 ete.
1485 416 1513 442 l'r.
1536 418 1557 443 l.
1577 427 1616 453 pr.
1642 416 1674 443 de
1700 415 1772 442 [utel.
1798 422 1822 442 et
1846 418 1938 443 ration.

1102 460 1144 484 27.
1163 461 1187 484 3.
1224 458 1313 495 Ipsum
1337 457 1387 483 sibi
1412 458 1453 484 vel
1473 458 1599 490 solvisse,
1624 458 1665 485 vel
1684 458 1808 485 debuisse
1828 460 1938 486 solvere.

1103 500 1132 526 fr.
1152 503 1193 527 31.
1214 501 1279 534 3.1.
1301 499 1333 526 de
1352 500 1440 527 hered.
1460 506 1512 537 pet.
1533 503 1555 527 5.
1569 504 1592 528 3.
1631 501 1667 527 Vt
1686 502 1770 527 facere
1789 501 1891 533 debeat,
1906 518 1939 521 —

1103 543 1218 580 alioquin
1238 543 1366 570 inutiliter
1385 544 1562 577 (testabitur).
1588 545 1645 570 Gai.
1665 544 1694 571 11.
1716 547 1773 570 118.
1810 543 1839 570 Si
1858 549 1938 581 petat,

1102 601 1134 605 -
1159 586 1291 612 vindicare
1315 586 1400 612 debet.
1428 586 1465 613 lb.
1486 586 1515 613 ll.
1538 588 1594 613 194.
1643 587 1671 613 Si
1694 587 1758 614 velit
1783 587 1836 620 (sc.
1861 587 1938 613 heres

1102 630 1182 661 esse).
1202 628 1310 655 debebit
1329 634 1377 656 etc.
1405 629 1442 656 11).
1462 629 1492 655 ll.
1514 630 1570 656 166.
1597 629 1626 656 fr.
1650 632 1670 656 1.
1690 640 1729 667 pr.
1749 629 1781 656 de
1801 629 1893 657 edend.
1913 632 1936 657 2.

1101 673 1141 697 13.
1165 671 1195 697 l'r.
1216 673 1256 698 65.
1282 672 1313 698 de
1332 682 1436 709 procur.
1460 674 1484 699 3.
1503 674 1527 698 3.
1575 671 1614 698 Ne.
1642 672 1709 699 sorte
1732 689 1764 692 —
1787 672 1851 699 velit
1875 673 1938 709 quid

1099 719 1198 750 petere.
1219 725 1311 741 cavere
1331 715 1417 741 debet.
1438 715 1467 741 sr.
1481 717 1523 742 39.
1543 715 1565 749 3.
1579 716 1602 741 6.
1623 715 1657 741 ib.
1671 717 1695 741 3.
1708 716 1732 740 3.
1769 715 1797 741 ln
1817 726 1845 742 ea
1860 726 1936 742 causa

1099 766 1167 789 esse,
1189 762 1216 783 ut
1235 757 1329 783 debeat.
1348 757 1506 790 (damnari).
1536 758 1592 783 Gai.
1612 757 1655 784 n'.
1676 759 1734 783 114.
1771 758 1840 785 Alio.
1861 768 1937 796 quam

1497 803 1513 817 ⁸>
1542 811 1574 827 ne
1595 810 1637 837 qu.
1658 810 1716 826 eum
1736 810 1778 836 qu.
1798 802 1824 827 in
1843 802 1892 827 ius.
1911 804 1935 827 2.

1098 844 1121 868 7.
1160 842 1189 868 Si
1209 858 1240 861 —
1260 842 1444 879 prohibuerint
1462 859 1494 863 ·—-
1515 843 1651 871 accedere.
1670 843 1803 869 abstinere
1822 843 1934 870 debebit.

1074 897 1075 905 )
1098 884 1127 911 fr.
1148 886 1172 911 3.
1192 885 1214 918 3
1236 887 1258 911 l.
1281 885 1314 911 de
1334 886 1377 912 off.
1398 885 1472 912 Pror.
1493 886 1570 913 Caes.
1590 888 1613 913 l.
1634 888 1673 913 19.
1709 886 1878 916 Efficeretur.
1904 903 1935 905 —

1097 933 1126 954 ut
1144 932 1244 954 tantum
1263 928 1363 964 reliqua
1383 929 1416 954 X.
1437 930 1539 965 exigere
1558 929 1674 955 debeam.
1702 929 1733 955 l'r.
1752 931 1794 956 27.
1818 929 1839 962 3.
1860 931 1883 955 5.
1903 929 1935 955 de.

1096 976 1164 1008 pact.
1183 973 1208 997 2.
1230 972 1270 997 14.
1294 986 1326 990 —
1352 971 1381 1003 §-
1402 973 1438 997 3.
1468 974 1518 999 Ex
1537 973 1741 1006 obligatione
1765 974 1935 1006 qualicun-

1073 1024 1152 1048 .q1ce
1180 1015 1286 1040 teneri
1314 1016 1353 1040 acl
1379 1016 1516 1040 debitum
1542 1017 1783 1048 praestandum.
1826 1014 1844 1040 I.
1873 1016 1934 1049 Sy.

1096 1056 1175 1089 Dari,
1200 1066 1221 1083 s.
1241 1056 1372 1083 Praestari
1397 1062 1528 1093 oportere.
1561 1057 1590 1084 sr.
1613 1059 1652 1083 10.
1678 1057 1758 1091 33.1.
1778 1067 1818 1093 sq.
1842 1057 1873 1083 fr.
1892 1058 1933 1083 26.

1095 1099 1116 1133 ξ.
1138 1101 1160 1125 7.
1180 1098 1211 1125 fr.
1230 1101 1272 1125 27.
1292 1099 1314 1133 §.
1334 1101 1358 1125 4.
1384 1099 1413 1126 fr.
1433 1101 1474 1126 30.
1495 1100 1531 1133 ξς.
1553 1102 1574 1126 1.
1594 1103 1618 1126 3.
1642 1100 1672 1126 fr.
1693 1101 1733 1126 51.
1757 1100 1794 1134 ἕξ.
1814 1102 1838 1126 4.
1858 1102 1881 1127 6.
1901 1100 1934 1127 de

1094 1141 1180 1168 fidele.
1200 1141 1264 1168 libb.
1285 1144 1325 1168 40.
1345 1144 1369 1168 5.
1394 1142 1424 1168 fr.
1444 1144 1485 1169 84.
1505 1143 1570 1176 3.1.
1591 1143 1623 1169 de
1642 1142 1673 1169 li.
1693 1142 1710 1169 1.
1730 1144 1771 1168 50.
1793 1145 1832 1169 17.
1874 1143 1933 1170 Sel·-

1093 1186 1162 1215 vire.
1182 1184 1294 1211 Servum
1314 1185 1397 1215 effici.
1422 1185 1479 1211 Pati
1498 1186 1658 1212 servitutem.
1688 1185 1717 1211 fr.
1738 1187 1761 1211 6.
1786 1185 1815 1212 fr.
1836 1188 1876 1212 12.
1901 1186 1931 1212 fr.

1095 1229 1134 1254 14.
1155 1227 1184 1254 fr.
1207 1230 1246 1254 17.
1267 1228 1288 1261 3.
1309 1229 1333 1253 3.
1353 1227 1383 1253 fr.
1403 1230 1445 1254 21.
1466 1227 1495 1254 l'r.
1515 1229 1556 1254 30.
1576 1228 1606 1254 fr.
1620 1230 1661 1254 32.
1681 1238 1720 1265 pr.
1740 1228 1825 1255 11:33.
1840 1239 1879 1265 sq.
1901 1229 1933 1255 de.

1093 1270 1120 1296 S.
1142 1270 1169 1297 P.
1190 1270 1221 1297 V.
1242 1271 1266 1297 8.
1285 1272 1309 1296 2.
1329 1270 1360 1296 fr.
1381 1272 1403 1296 7.
1424 1281 1463 1307 pr.
1484 1271 1505 1304 3
1528 1273 1550 1298 l.
1570 1281 1661 1297 comm.
1681 1271 1770 1308 praed.
1789 1275 1813 1297 ὅ.
1828 1275 1851 1298 4.
1888 1272 1931 1298 111.

1093 1315 1159 1341 (Ὑη.
1192 1313 1285 1350 Neque
1310 1314 1442 1350 promitti,
1466 1324 1551 1350 neque
1575 1313 1658 1345 solvi,
1683 1323 1730 1340 nec
1754 1314 1855 1346 deberi7
1884 1325 1933 1341 nec

1091 1357 1144 1393 peti
1165 1366 1212 1393 pro
1232 1361 1306 1393 parte
1324 1357 1423 1393 poterit
1442 1358 1566 1393 (opera).
1598 1356 1627 1382 fr.
1650 1359 1689 1383 15.
1715 1358 1780 1391 3.1.
1805 1357 1836 1384 οἵ.
1856 1358 1886 1384 fr.
1907 1361 1931 1384 ὃ.

1068 1390 1069 1395 ¹
1090 1409 1129 1436 pr.
1150 1398 1181 1425 de
1201 1409 1273 1435 oper.
1294 1399 1380 1426 libert.
1400 1401 1441 1425 35.
1458 1401 1480 1425 l.
1517 1399 1551 1425 Et
1569 1399 1705 1426 libertates
1725 1401 1784 1437 ipso
1803 1401 1859 1426 iure
1878 1410 1931 1426 non

1089 1441 1186 1473 valent,
1207 1452 1254 1467 nec
1275 1441 1359 1478 legata
1378 1441 1514 1469 debentur.
1535 1442 1583 1468 sed
1602 1442 1688 1469 soluta
1708 1448 1870 1480 repetuntur.
1899 1443 1930 1470 fr.

1089 1488 1112 1511 5.
1133 1485 1216 1518 316.
1237 1484 1269 1511 de
1288 1485 1360 1511 inoll'.
1380 1489 1482 1511 testam.
1502 1487 1526 1511 5.
1545 1487 1570 1510 2.
1608 1485 1762 1518 Videamus„
1788 1496 1820 1512 ue
1839 1497 1867 1512 ea
1886 1496 1931 1523 pe-

1089 1529 1164 1554 cunia
1184 1543 1217 1547 ——
1236 1537 1289 1553 non
1309 1527 1448 1559 debeatur,
1472 1538 1519 1554 nec
1539 1529 1573 1554 sit
1597 1529 1623 1553 in
1642 1528 1809 1564 obligatione.
1837 1529 1867 1556 fr.
1889 1532 1928 1556 10.

1089 1570 1121 1597 de
1141 1581 1171 1597 eo
1192 1581 1234 1607 qu.
1256 1576 1327 1597 certo
1347 1570 1396 1597 loc.
1419 1572 1458 1596 13.
1479 1572 1502 1597 4.
1541 1572 1594 1606 Qui
1614 1572 1652 1597 sie
1672 1577 1822 1608 exceperat:
1843 1572 1929 1599 Servi-

1088 1619 1167 1645 tutes,
1187 1615 1210 1639 si
1230 1624 1296 1650 quae
1316 1613 1457 1645 debentur.
1478 1613 1650 1640 debebnutur.
1679 1614 1709 1640 fr.
1729 1617 1771 1641 39.
1797 1615 1828 1641 de
1847 1616 1878 1641 A.
1897 1615 1927 1641 E.

1088 1656 1119 1683 V.
1141 1658 1181 1683 19.
1203 1659 1224 1682 1.
1269 1656 1349 1692 Quod
1368 1657 1431 1683 mihi
1450 1657 1481 1683 ab
1502 1657 1589 1693 aliquo
1610 1657 1731 1688 debetur.
1756 1657 1783 1683 id
1809 1659 1830 1684 si
1849 1657 1928 1684 velim

1087 1700 1136 1725 tibi
1154 1699 1252 1725 deberi.
1286 1700 1342 1726 Gai.
1369 1700 1399 1726 11.
1424 1702 1465 1726 35.
1490 1700 1532 1726 111.
1558 1702 1614 1726 176.
1642 1702 1698 1726 179.
1729 1699 1760 1726 cs.
1787 1701 1843 1726 129.
1869 1702 1927 1726 170.

1087 1742 1191 1768 Solutio
1212 1743 1277 1773 eiuS,
1298 1742 1368 1778 quod
1388 1742 1521 1768 debeatur.
1550 1742 1587 1769 lb.
1607 1742 1649 1768 111.
1672 1745 1728 1768 163.
1749 1744 1806 1769 172.
1821 1753 1860 1779 sq.
1898 1743 1927 1769 Si

1062 1789 1064 1805 2
1086 1789 1170 1820 petat⁷
1191 1789 1216 1810 et
1235 1786 1347 1811 invicem
1366 1784 1468 1811 debeat.
1497 1785 1534 1811 lb.
1554 1784 1598 1812 IV.
1619 1787 1659 1811 66.
1682 1787 1738 1812 116.
1760 1787 1818 1812 126.
1857 1785 1927 1813 Con-

1086 1827 1168 1859 litori,
1188 1837 1216 1853 se
1237 1827 1340 1854 debere.
1369 1827 1406 1854 lb.
1426 1827 1470 1854 lv.
1492 1829 1548 1854 163.
1591 1827 1620 1854 Si
1640 1829 1699 1864 quis
1719 1828 1787 1854 bona
1806 1828 1926 1862 alicuius,

1086 1871 1161 1906 quasi
1181 1869 1322 1898 debitoris.
1342 1872 1429 1897 sciens
1450 1881 1507 1897 eum
1529 1870 1594 1897 nihil
1613 1871 1709 1897 debere
1729 1871 1792 1903 sibi,
1812 1873 1926 1909 proscri-

1085 1914 1176 1949 pserit.
1205 1913 1242 1939 Ib.
1264 1913 1305 1939 111.
1325 1916 1384 1939 220.
1422 1913 1451 1940 Si
1475 1923 1566 1939 servos
1592 1913 1729 1940 tradiderit
1748 1914 1833 1946 Titio,
1858 1925 1925 1951 quos

1085 1966 1137 1981 non
1157 1955 1291 1987 debuerit,
1312 1966 1369 1982 culn
1389 1956 1485 1982 debere
1505 1966 1534 1982 se
1553 1957 1721 1983 existimaret.
1751 1957 1781 1984 fr.
1801 1960 1843 1984 22.
1863 1958 1885 1991 3.
1900 1959 1924 1984 9.

1083 1998 1168 2024 mand.
1190 2000 1229 2025 17.
1251 2001 1272 2025 l.
1311 1998 1428 2035 Singulis
1449 1999 1532 2025 solida
1553 2009 1594 2025 res
1621 1999 1745 2031 debetur,
1771 2006 1799 2027 ut
1822 2000 1925 2027 scilicet

1083 2041 1159 2067 heres
1185 2041 1260 2068 alteri
1285 2053 1354 2073 rem,
1379 2042 1453 2068 alteri
1478 2043 1685 2069 aestimationem
1711 2044 1766 2069 eius
1790 2048 1924 2080 praestare

1083 2084 1183 2111 debeat.
1214 2085 1270 2111 Gai.
1291 2085 1320 2111 ll.
1340 2088 1398 2111 205.
1413 2087 1472 2111 215.
1500 2084 1561 2121 le.
1579 2085 1677 2112 XXIV.
1693 2087 1732 2112 13.
1769 2086 1832 2117 Aes.
1852 2085 1923 2122 quod

1082 2137 1130 2153 nos
1150 2127 1208 2153 aliis
1228 2128 1362 2155 debemus.
1388 2128 1418 2154 fr.
1437 2129 1496 2153 213.
1516 2128 1582 2161 3.1.
1602 2128 1634 2154 de
1654 2128 1684 2154 V.
1705 2128 1732 2155 S.
1752 2131 1793 2155 50.
1815 2130 1855 2156 16.
1893 2129 1923 2155 Si

1803 2173 1824 2206 3.
1846 2174 1867 2198 1.
1889 2172 1922 2198 de

1081 2219 1148 2251 pact.
1168 2217 1191 2240 2.
1212 2217 1252 2241 14.
1290 2214 1412 2251 Amplius
1426 2214 1550 2245 solutum.
1570 2224 1646 2250 quam
1661 2214 1812 2242 debebatur.
1832 2215 1864 2242 fr.
1878 2217 1920 2241 84.

1057 2250 1059 2262 ’
1080 2267 1119 2294 pr.
1141 2257 1172 2283 de
1191 2257 1222 2284 R.
1243 2257 1260 2284 I.
1281 2259 1320 2284 50.
1340 2259 1380 2283 17.
1418 2256 1523 2288 Totum.
1544 2267 1570 2283 v.
1589 2257 1730 2284 Dimidiam
1748 2263 1856 2295 partem.
1877 2257 1919 2283 de-

1080 2300 1150 2326 bere.
1179 2300 1208 2326 fr.
1230 2302 1287 2327 150.
1314 2300 1343 2326 fr.
1365 2301 1421 2325 164.
1442 2300 1463 2333 3.
1486 2302 1507 2326 l.
1528 2300 1559 2326 de
1580 2300 1611 2327 Υ.
1631 2302 1658 2327 S.
1683 2303 1724 2327 50.
1746 2302 1785 2326 16.
1828 2300 1919 2326 Solida

1080 2353 1092 2368 a
1118 2342 1228 2378 singulis
1253 2343 1394 2369 heredibus
1420 2342 1557 2369 debentur.
1591 2343 1622 2370 sr.
1643 2345 1700 2370 192.
1720 2354 1758 2381 pr.
1788 2343 1820 2369 de
1843 2342 1873 2368 R.
1898 2343 1916 2368 I.

1079 2387 1120 2411 50.
1142 2387 1181 2411 17.
1221 2386 1274 2421 Qui
1299 2386 1384 2422 aliqua
1403 2385 1460 2421 lege
1479 2386 1616 2422 vectigalia
1635 2386 1767 2413 deberent.
1797 2385 1853 2412 Gai.
1872 2385 1916 2412 IV.

1055 2434 1057 2458 1
1078 2430 1120 2455 28.
1158 2428 1212 2463 Qui
1231 2428 1310 2455 debet
1329 2430 1374 2461 (ex
1393 2428 1607 2456 fideicommisso.
1627 2429 1793 2457 libertatem).
1813 2444 1845 2448 —
1866 2428 1917 2455 Cui

1079 2470 1196 2498 debetur.
1221 2471 1251 2497 fr.
1271 2472 1312 2497 36.
1332 2481 1364 2508 pr
1391 2470 1422 2497 fr.
1441 2473 1483 2498 51.
1503 2473 1540 2506 33.
1554 2473 1578 2499 3.
1593 2482 1632 2508 sq.
1652 2473 1675 2497 6.
1696 2471 1727 2496 de
1745 2471 1830 2497 lideic.
1851 2471 1914 2499 libb.

1077 2516 1118 2540 40.
1139 2517 1162 2540 5.
1200 2514 1230 2540 81
1250 2514 1319 2540 dotis
1336 2515 1448 2545 nomine.
1467 2514 1510 2540 vel
1530 2525 1561 2541 ex
1582 2518 1736 2541 testamento
1756 2514 1804 2540 tibi
1823 2514 1915 2542 debea-

1077 2561 1127 2583 tur.
1157 2557 1214 2584 Gai.
1240 2557 1281 2583 111.
1308 2559 1364 2583 125.
1409 2556 1489 2592 Quod
1513 2567 1544 2583 ex
1570 2557 1688 2583 erationis
1713 2566 1789 2583 causa
1813 2563 1861 2584 etc.
1882 2575 1914 2578 —

1076 2599 1139 2625 mihi
1159 2599 1264 2626 debeas.
1293 2600 1330 2626 ΙΙ).
1352 2599 1393 2626 lII.
1416 2601 1471 2626 129.
1513 2600 1553 2625 Ex
1577 2599 1698 2635 pluribus
1718 2601 1803 2626 causis
1824 2601 1913 2628 deberi

1075 2652 1163 2679 posse.
1191 2643 1221 2669 fr.
1238 2644 1294 2669 159.
1315 2643 1347 2669 de
1360 2643 1391 2669 R.
1412 2643 1430 2669 1.
1451 2645 1491 2668 50.
1508 2644 1544 2667 17.
1583 2641 1680 2667 Natura
1701 2642 1804 2670 debere.
1825 2644 1855 2670 fr.
1870 2646 1911 2670 84.

1074 2685 1094 2719 3.
1118 2687 1139 2711 1.
1160 2685 1194 2711 ib.
1214 2688 1255 2712 50.
1277 2689 1317 2713 17.
1343 2686 1372 2713 fr.
1394 2689 1433 2712 10.
1455 2685 1486 2711 de
1506 2684 1535 2710 Y.
1557 2684 1584 2709 S.
1605 2686 1645 2710 50.
1667 2686 1706 2711 16.
1727 2685 1757 2712 fr.
1777 2688 1818 2713 47.
1839 2687 1870 2713 ad
1884 2687 1910 2714 S.

1075 2727 1105 2754 C.
1127 2728 1206 2755 Treb,
1232 2730 1274 2755 36,
1296 2732 1317 2756 l,
1351 2745 1383 2749 --
1415 2729 1445 2761 §.
1471 2729 1509 2753 ⁴·
1545 2728 1703 2754 civiliter
1730 2731 1911 2765 obligatum

1072 2781 1144 2797 esse,
1182 2771 1200 2797 I.
1221 2773 1282 2806 Sy.
1313 2771 1377 2798 Dari
1400 2771 1567 2807 petitionem,
1598 2769 1655 2797 Peti
1678 2782 1771 2808 posse.
1802 2772 1908 2798 Deberi.

1072 2814 1101 2840 fr.
1128 2816 1168 2840 13.
1199 2814 1250 2850 Qu.
1275 2820 1334 2841 met.
1359 2824 1379 2839 c.
1410 2814 1432 2838 4.
1452 2815 1475 2838 2.
1512 2812 1541 2839 l'r.
1567 2814 1590 2839 4.
1618 2814 1647 2840 fr.
1669 2816 1691 2841 7.
1716 2815 1753 2849 33.
1778 2816 1801 2840 6.
1821 2816 1844 2840 8.
1869 2824 1908 2850 sq.
