2197 3121
1020 152 1114 184 FAC.

204 234 236 262 C.
256 234 325 262 Vell.
347 236 386 261 16.
408 237 429 261 l.
449 235 480 262 fr.
499 237 540 262 31.
561 236 583 269 5.
603 237 626 261 4.
647 234 680 261 de
699 234 784 261 fideic.
804 234 868 261 libb.
879 236 920 261 40.
935 236 958 261 5.
991 234 1046 270 Qui

204 282 248 305 aut
271 277 447 310 aedificando,
471 283 515 304 aut
534 277 696 305 detrahendo
716 277 828 314 aliquid,
853 279 990 315 pristinam
1011 277 1044 304 fa·
1067 280 1068 315 ᾗ

205 321 270 347 ciem
290 322 379 358 operis
398 326 488 348 mutat.
509 321 538 347 fr.
561 323 583 347 1.
602 321 685 354 5.11.
706 320 738 346 de
758 322 790 346 0.
812 319 842 346 N.
859 320 889 347 N.
908 322 950 346 39.
974 322 994 346 1.
1011 319 1045 346 cf.

204 362 235 390 fr.
259 364 283 390 3.
307 364 328 397 5.
353 366 377 390 2.
401 363 435 390 dc
459 369 532 390 term.
558 368 621 390 mot.
648 365 689 389 47.
709 365 750 389 21.
793 362 866 389 Nihil
886 362 1046 389 deminutum

205 416 265 432 esse
284 406 316 432 de
336 406 512 438 facultatibus.
533 422 565 426 —-
585 406 632 433 sed
659 406 767 432 eandem
786 405 877 433 faciem
896 406 1047 442 patrimonii

204 451 391 486 permansisse.
412 450 442 475 fr.
462 452 503 475 55.
524 449 545 482 5.
565 451 589 476 4.
611 449 643 476 de
663 449 729 475 adm.
751 454 776 476 et
794 459 849 486 per.
868 450 910 474 26.
932 450 954 475 7.

240 493 384 520 Facile.
422 492 535 525 (Advb.)
572 493 603 526 §⁸
634 493 667 519 l.
706 493 874 527 Expedite.
911 490 954 517 111.
981 493 1047 519 Gn.

204 535 239 562 Et
263 535 414 572 frequenter
438 541 463 562 et
486 535 562 562 facile
587 536 740 568 (evenire.)
760 534 790 560 fr.
810 536 834 560 5.
854 534 887 560 de
905 534 958 560 LL.
980 536 1002 561 1.
1022 536 1045 560 3

206 577 266 604 lNou
286 588 398 615 semper,
418 588 465 604 nec
485 577 560 604 facile
575 578 765 611 (concurrere.)
779 576 809 603 fr.
825 579 847 603 1.
862 587 901 614 pr.
916 577 948 603 de
963 582 1046 604 contr.
1069 590 1071 596 ¹

206 626 266 647 emt.
282 622 321 647 18.
336 623 358 647 l.
379 620 439 647 Nou
459 622 580 657 quoniam
595 621 671 648 facile
684 625 732 652 est.
753 620 916 652 (consentire
935 621 1047 653 omnes.)

206 663 255 690 sed
274 665 334 700 quia
354 668 402 690 etc.
423 663 453 690 fr.
476 666 514 690 17.
536 665 556 697 5.
577 666 600 689 6.
621 664 654 690 de
673 674 725 690 rec.
744 673 787 699 qu.
808 663 862 689 arb.
882 665 905 689 4.
926 665 950 690 8.
988 663 1048 690 Non
1069 666 1071 670 '

206 712 259 733 tam
278 706 354 733 facile
373 712 414 733 est
433 706 520 733 dicere
540 712 588 733 etc.
610 707 639 734 fr.
662 708 700 733 19.
728 706 748 739 5.
768 708 792 732 5.
813 706 845 733 de
865 711 941 733 castr.
961 706 1047 743 pecul.

206 751 248 777 49.
270 751 309 776 17.
347 749 376 776 Si
395 749 473 775 modo
494 749 569 776 facile
593 751 616 776 ci
635 749 713 776 fuerit
732 749 894 782 (satisdare.)
915 749 944 776 fr.
965 753 989 776 b.
1008 760 1048 787 pr.

207 792 239 819 cf.
259 792 289 819 fr.
309 793 333 819 6.
353 793 436 827 5.12.
457 793 489 819 de
510 793 540 819 N.
562 792 593 819 G.
612 794 636 818 3.
657 794 680 818 5.
701 791 730 818 fr.
752 794 774 818 Τ.
799 792 864 826 5.1.
885 792 936 828 Qu.
957 792 1048 819 satisd.

207 845 262 871 cog.
282 837 306 862 2.
326 837 350 862 8.
388 835 481 862 Potest
494 835 659 862 adversarius
674 834 805 861 interdum
820 834 922 861 facilius
937 835 963 861 id
978 846 1049 872 prae-

206 883 285 910 stare,
306 878 377 915 quod
396 888 449 904 nou
469 880 575 916 petitur.
595 878 652 905 Gai.
667 877 711 904 IV.
731 879 772 904 53.
810 878 871 914 Quo
892 877 994 905 facilius
1009 888 1050 905 oc-

207 920 322 948 cultetur
341 922 499 957 (excogitata
519 921 611 954 fraus.)
631 921 661 948 fr.
682 922 724 947 49.
744 931 783 958 pr.
803 920 835 947 de
853 920 886 948 A.
905 921 936 947 E.
956 920 988 947 V.
1009 922 1049 947 19.

208 965 230 990 1.
256 980 288 983 —
313 964 343 997 §-
365 966 400 991 2.
434 966 615 995 Commode,
647 966 882 999 Congruenter.
919 963 963 990 111.
984 965 1050 991 Gn.
1072 966 1073 976 ¹

207 1005 314 1042 Quibus
334 1007 523 1040 (vestimentis)
544 1008 584 1033 vir
603 1017 656 1033 non
675 1006 752 1033 facile
773 1007 810 1033 uti
830 1011 921 1043 potest
940 1007 997 1032 sine
1015 1007 1051 1032 vi—

207 1050 381 1086 tuperatione.
403 1049 433 1076 fr.
453 1051 494 1075 23.
515 1050 536 1083 5.
557 1051 581 1075 2.
603 1049 635 1076 de
659 1060 721 1076 auro
742 1060 792 1085 arg.
812 1051 854 1076 34.
874 1052 898 1075 2.
937 1048 973 1076 Vt
992 1049 1052 1076 faci·
1073 1059 1074 1064 ¹

208 1091 260 1118 lius
279 1091 456 1118 iudicantibus
477 1092 509 1119 de
528 1092 657 1119 adulterio
677 1093 813 1129 probetur.
839 1092 868 1119 fr.
889 1094 913 1119 2.
934 1092 956 1126 5.
976 1094 1000 1119 8.
1020 1091 1052 1119 ad
1073 1089 1075 1110 l

208 1134 238 1161 L.
257 1134 305 1161 Iul.
325 1134 357 1161 de
376 1134 456 1161 adult.
477 1136 518 1161 48.
538 1139 563 1161 5.
602 1135 659 1162 Etsi
674 1135 739 1162 nihil
759 1135 834 1162 facile
847 1135 999 1161 mutandum
1012 1140 1053 1161 est

209 1187 241 1204 ex
261 1176 435 1209 solemnibus,
456 1183 541 1204 tamen
567 1183 615 1204 etc.
637 1178 666 1204 fr.
692 1180 715 1204 Τ.
740 1188 779 1215 pr.
806 1177 838 1205 de
857 1178 874 1204 1.
895 1178 913 1204 1.
934 1177 964 1204 R.
984 1179 1008 1204 4.
1029 1179 1051 1204 l.

208 1219 269 1247 Non
287 1219 372 1251 facile,
392 1221 443 1247 nisi
462 1225 511 1247 etc.
533 1221 562 1247 fr.
582 1223 624 1247 25.
645 1231 684 1257 sq.
705 1221 736 1247 fr.
756 1223 797 1248 39.
817 1222 838 1255 5.
852 1222 875 1247 7.
896 1220 928 1247 de
947 1230 1052 1258 procur.

207 1264 232 1290 3.
251 1265 275 1290 3.
314 1263 395 1299 Quod
418 1273 471 1289 non
496 1263 572 1290 facile
595 1263 739 1290 admissum
763 1269 811 1291 est.
837 1264 867 1291 fr.
890 1265 911 1290 1.
935 1264 956 1297 5.
977 1266 1000 1290 5.
1020 1263 1053 1290 de

208 1311 322 1344 separat.
342 1308 384 1332 42.
403 1307 427 1332 6.
466 1305 554 1332 Facile
573 1307 714 1333 constabit.
736 1322 767 1326 —
788 1306 848 1333 Non
868 1306 944 1333 facile
963 1316 1054 1343 proce·
1074 1303 1076 1314 ³

208 1348 260 1381 dit,
280 1354 308 1375 ut
328 1353 378 1375 etc.
398 1348 427 1375 fr.
447 1350 490 1376 91.
510 1359 549 1386 pr.
570 1349 603 1376 de
626 1349 701 1386 legat.
722 1349 764 1376 111.
785 1350 851 1382 (32.)
884 1348 941 1376 Gai.
960 1349 991 1376 11.
1011 1352 1053 1376 50.
1074 1346 1076 1354 ¹

207 1391 323 1420 Facilius
342 1396 444 1428 putare,
464 1402 489 1418 v.
509 1392 605 1419 dicere.
625 1392 655 1419 fr.
675 1394 718 1419 34.
738 1389 770 1418 de
790 1391 822 1418 N.
844 1392 876 1419 G.
896 1394 920 1419 3.
941 1395 963 1419 5.
985 1392 1015 1419 fr.
1028 1394 1053 1419 2.

208 1435 261 1471 Qu.
281 1445 324 1462 res
344 1435 413 1472 pign.
434 1437 475 1461 20.
496 1436 520 1461 3.
536 1449 568 1452 —
583 1436 613 1468 §-
629 1437 666 1462 3.
691 1437 829 1468 Temere,
849 1437 1053 1463 Leriuscule.

207 1477 227 1505 1.
248 1480 310 1513 Sy.
330 1477 449 1504 Temere.
475 1478 504 1504 fr.
529 1480 570 1504 58.
597 1477 646 1504 sol.
671 1479 780 1504 matrim.
801 1480 843 1504 24.
863 1481 887 1505 3.
925 1478 968 1504 111.
988 1480 1053 1506 Gn.

208 1520 270 1548 Non
290 1531 477 1558 quoscunque,
498 1531 546 1547 nec
566 1520 654 1553 facile,
674 1522 714 1555 (in
732 1520 820 1547 locum
839 1522 975 1558 proprium
995 1521 1055 1548 sub-

209 1565 341 1595 stituant.)
362 1563 412 1590 Th.
432 1564 465 1590 X.
484 1565 526 1590 20,
548 1574 568 1589 e.
586 1565 625 1590 16.
646 1563 678 1590 de
695 1563 813 1600 murilcg.
833 1564 920 1591 Mariti
940 1564 1011 1591 calor
1030 1569 1055 1591 et

210 1607 334 1644 impetus,
354 1606 430 1633 facile
449 1606 615 1633 decernentis
636 1607 679 1640 [al.
700 1607 899 1641 desaevientis]
920 1607 950 1634 fr.
970 1610 1011 1634 22.
1032 1608 1054 1642 5.

210 1650 235 1675 4.
255 1649 287 1676 ad
305 1649 334 1676 L.
355 1649 402 1675 Iul.
423 1649 456 1675 de
475 1649 515 1676 ad.
536 1650 577 1676 48.
597 1652 620 1675 5.
659 1649 698 1676 Ne
718 1650 794 1677 facile
808 1652 866 1687 quis
886 1651 1008 1687 prosiliat
1023 1651 1055 1678 ad

212 1693 412 1718 accusationem.
432 1692 462 1718 fr.
484 1694 506 1718 7.
526 1703 565 1730 pr.
587 1692 619 1719 dc
639 1703 725 1719 accus.
745 1696 787 1719 48.
807 1695 831 1720 2.
870 1694 911 1720 De
932 1695 999 1720 vivis
1014 1704 1055 1720 cu-

212 1733 322 1760 randum
341 1739 403 1766 crat,
424 1745 457 1761 ne
476 1735 551 1762 facilc
572 1736 701 1763 bonorum
714 1735 881 1762 venditiones
895 1742 1054 1773 paterentur.

213 1776 270 1803 Gai.
295 1776 325 1803 II.
350 1779 390 1804 79.
428 1778 496 1804 Cum
520 1778 547 1804 hi
574 1794 605 1798 —
631 1778 708 1805 facile
730 1780 918 1815 transigerent,
938 1781 1055 1805 contenti

212 1819 318 1846 modico
337 1822 477 1857 praesenti.
503 1821 533 1847 fr.
553 1822 576 1846 8.
602 1831 642 1858 pr.
667 1822 699 1848 (le
718 1827 841 1848 transact.
861 1824 885 1847 2.
907 1823 947 1848 15.
984 1821 1056 1849 Faci-

213 1861 264 1888 lius
285 1872 314 1888 se
333 1862 427 1889 mulier
451 1862 561 1899 obligat.
588 1874 665 1900 quam
689 1864 766 1890 alicui
786 1864 874 1890 donat.
894 1863 924 1891 fr.
945 1866 968 1892 4.
989 1866 1010 1899 5.
1033 1867 1054 1892 1.

212 1904 245 1931 ad
271 1904 299 1931 S.
325 1905 355 1931 C.
382 1904 449 1931 vell.
478 1907 516 1932 16.
545 1908 566 1932 1.
608 1906 663 1933 Sed
688 1917 740 1933 non
765 1906 856 1933 debuit
876 1907 964 1935 facile.
990 1918 1056 1945 quae

213 1948 359 1984 ignorabat.
379 1948 542 1976 adseverare.
564 1949 594 1976 fr.
615 1952 654 1976 13.
674 1951 695 1984 5.
715 1952 740 1976 3.
761 1949 793 1976 de
812 1949 844 1976 A.
864 1950 894 1976 E.
915 1949 945 1976 V.
964 1952 1002 1977 19.
1019 1953 1040 1978 1.

249 1991 405 2017 Facilis.
444 1991 574 2025 (Adiect.)
611 1993 642 2026 ξ.
663 1994 697 2019 l.
717 1994 911 2027 Expeditne.
932 1993 975 2020 111.
990 1995 1056 2021 Gn.

214 2034 243 2060 Si
263 2033 329 2060 nihil
349 2034 435 2070 pretio
455 2034 574 2066 addatur.
593 2035 692 2061 solutio
711 2041 797 2062 tamen
810 2036 936 2063 offeratur
955 2036 1057 2063 facilior

213 2077 301 2113 pretii,
320 2076 363 2103 vel
381 2078 515 2104 maturior.
535 2078 566 2104 fr.
586 2080 609 2104 4.
629 2078 651 2112 5
671 2080 695 2105 6.
716 2078 748 2105 de
768 2080 793 2105 in
813 2079 882 2106 diem
902 2079 998 2106 addict.
1016 2081 1056 2106 18.

213 2121 238 2145 2.
274 2118 439 2156 Frequenter
458 2121 603 2156 ignorantia
623 2120 722 2148 liberos
743 2123 865 2153 emimus;
894 2133 947 2149 non
972 2128 1058 2150 autem

215 2165 268 2187 tam
291 2161 388 2194 facilis,
414 2162 537 2199 frequens
562 2164 669 2201 adoptio
691 2180 720 2185 ·—
746 2164 862 2191 filiorum
887 2171 935 2192 est.
961 2166 991 2192 fr.
1016 2168 1057 2192 44.
1079 2170 1080 2186 l

217 2213 256 2240 pr.
277 2203 309 2230 de
329 2215 417 2242 usurp.
438 2208 479 2233 41.
499 2208 523 2233 3.
562 2207 643 2242 Quod
662 2208 687 2233 in
707 2208 776 2234 facili
796 2213 851 2240 est,
872 2209 894 2234 si
914 2214 963 2235 etc.
983 2209 1013 2236 fr.
1033 2210 1056 2236 8.

217 2245 250 2272 de
269 2247 386 2274 confirm.
410 2253 458 2275 tut.
481 2251 523 2276 26.
546 2251 571 2276 3.
608 2250 649 2276 Ex
674 2250 743 2277 facili
767 2250 907 2283 (solvenda
925 2253 1058 2289 pecunia.)

218 2287 249 2314 fr.
269 2290 293 2314 4.
313 2289 334 2322 5.
357 2291 378 2316 l.
398 2290 430 2317 de
449 2302 479 2318 eo
500 2302 542 2329 qu.
564 2303 584 2319 c.
605 2292 655 2319 loc.
678 2294 718 2319 13.
736 2295 760 2319 4.
789 2309 822 2313 -
852 2294 883 2328 §.
903 2295 938 2321 Β.
977 2297 1057 2322 Pro·
1079 2296 1081 2309 ¹

218 2333 329 2363 clivis,
349 2334 481 2361 Pronus.
519 2335 537 2361 1.
558 2337 620 2370 Sy.
640 2335 801 2373 Propensus.
821 2336 852 2363 fr.
871 2339 913 2363 47.
934 2337 966 2364 de
981 2338 1013 2364 Ο.
1033 2343 1059 2364 et

218 2373 249 2400 Α.
270 2375 310 2400 ⁴4·
332 2375 354 2400 T-
391 2373 434 2401 111-
454 2378 519 2405 Gn.
543 2377 579 2404 Vt
598 2380 624 2405 in
643 2378 764 2405 adeundo
784 2379 890 2416 quidem
909 2379 1011 2407 facilem
1030 2391 1059 2407 se

219 2416 352 2453 praebeat,
371 2416 419 2442 sed
441 2422 570 2447 contemni
589 2431 642 2448 non
662 2422 782 2458 patiatur.
803 2422 834 2448 fr.
856 2424 895 2454 19.
915 2433 954 2460 pr.
968 2423 1001 2450 de
1015 2424 1058 2450 off.

220 2458 307 2485 Praes.
329 2460 351 2484 l.
373 2461 412 2485 18.
433 2460 464 2486 cf.
485 2461 514 2488 fr.
536 2465 557 2489 1.
577 2464 643 2498 5.1.
663 2466 686 2491 si
705 2464 766 2491 mul.
787 2470 870 2492 ventr.
891 2476 960 2492 nom.
979 2468 1021 2492 25.
1034 2468 1058 2493 6.
1080 2487 1082 2492 .

219 2501 279 2527 Non
300 2501 391 2528 debuit
410 2502 494 2529 facilis
513 2514 571 2532 esse
590 2507 621 2533 ad
637 2509 799 2535 temerariam
813 2508 1008 2536 indicationem.
1028 2509 1058 2536 fr.
1081 2541 1082 2546 1

221 2545 261 2570 13.
282 2544 303 2577 5.
323 2545 347 2570 3.
367 2544 400 2571 de
418 2546 449 2571 Α.
469 2546 499 2572 E.
519 2546 550 2574 V.
572 2550 610 2575 19.
632 2552 654 2577 l.
674 2567 706 2570 —
726 2551 756 2584 ξ.
777 2553 814 2578 3.
838 2553 1059 2583 Temerarius,

220 2589 408 2614 Proterrns.
444 2587 486 2614 Ill.
508 2590 573 2616 Cn.
592 2590 718 2629 Alioquin
737 2594 878 2620 facillimus
897 2596 1010 2632 quisque
1028 2595 1060 2622 ad
1081 2594 1082 2617 Ῐ

220 2629 401 2656 iusiurandum
420 2630 561 2658 decurrens
582 2637 630 2659 etc.
650 2634 680 2661 fr.
699 2637 723 2662 3.
742 2647 781 2673 pr.
801 2637 834 2663 de
852 2638 957 2664 iureiur.
979 2640 1018 2664 12.
1036 2640 1060 2665 2.

222 2672 254 2699 cf.
275 2672 304 2698 fr.
325 2673 348 2698 8.
368 2683 407 2709 pr.
428 2673 460 2699 de
480 2674 555 2701 cond.
576 2676 636 2701 inst.
656 2678 697 2703 28.
717 2680 739 2704 7.
1081 2687 1083 2703 l

258 2715 452 2742 Facilitas.
489 2717 520 2750 §-
540 2720 574 2744 1.
614 2719 755 2747 Occasio
773 2729 910 2756 promta.
928 2723 970 2750 111.
994 2725 1060 2752 (7η.

223 2756 282 2784 Non
302 2763 402 2785 tantum
421 2769 452 2785 ex
473 2758 649 2788 facultatibus
675 2761 722 2788 sed
741 2764 817 2790 etiam
836 2775 869 2792 ex
888 2766 1061 2793 conveniendi

225 2799 350 2827 facilitate
369 2801 528 2833 (fideiussor
546 2802 667 2840 locuples
692 2804 796 2832 videtur
819 2807 899 2842 dari.)
927 2809 958 2835 fr.
977 2811 1001 2836 2.
1021 2819 1060 2847 pr.

1869 159 1933 189 363

1092 235 1145 270 Qu.
1164 235 1256 262 satisd.
1278 245 1332 272 cog.
1352 238 1375 262 2.
1397 238 1420 263 S.
1440 251 1473 256 ——
1495 238 1526 271 §.
1547 239 1582 265 2.
1608 240 1858 270 Inconstantia,
1879 241 1934 266 Le·

1090 280 1178 305 vitas
1223 277 1266 304 111.
1287 280 1352 305 Cn.
1373 278 1558 307 Temeritate-m
1580 281 1712 308 facilitatis
1731 282 1833 308 veniam
1853 283 1934 309 conti-

1091 331 1166 353 nere,
1192 325 1217 347 et
1240 321 1418 348 inconsultum
1444 323 1556 350 calorem
1582 324 1725 350 calumniae
1749 325 1814 350 vitio
1839 335 1934 351 carere.

1092 363 1122 389 fr.
1144 366 1165 390 1.
1186 364 1207 398 5.
1228 365 1252 390 5.
1272 363 1304 389 ad
1323 363 1351 390 S.
1372 365 1402 391 C.
1424 365 1506 403 Turp.
1527 368 1568 393 48.
1591 369 1629 393 16.
1651 366 1682 393 cf.
1703 367 1734 393 fr.
1756 369 1795 393 15.
1816 368 1837 401 5.
1858 369 1881 394 6.
1902 367 1934 394 ad

1091 405 1120 432 L.
1141 406 1188 433 Iul.
1209 406 1240 433 de
1260 406 1300 432 ad.
1320 409 1360 433 48.
1381 409 1404 434 5.
1443 408 1471 434 Si
1491 409 1522 434 ab
1543 409 1601 436 aliis
1621 410 1805 439 circumventi.
1825 410 1867 437 vel
1888 420 1935 437 sua

1069 482 1070 485 Ἴ
1092 448 1216 475 facilitate
1236 448 1340 486 decepti
1359 465 1391 469 —-
1411 452 1561 478 amiserunt.
1590 452 1620 478 fr.
1641 454 1682 479 44.
1703 452 1735 479 de
1754 454 1847 479 minor.
1867 455 1890 479 4.
1911 456 1934 479 4.

1069 518 1070 536 ἢ
1092 491 1222 518 Facilitati
1242 502 1303 519 suae
1323 503 1467 530 expensum
1487 494 1569 522 ferre.
1590 505 1610 521 s.
1631 496 1760 532 imputare
1781 496 1885 522 debere.
1906 496 1935 523 fr.

1069 559 1070 566 ,
1091 536 1115 560 3.
1136 535 1158 568 5
1178 536 1202 561 3.
1222 540 1250 561 ut
1270 536 1295 561 in
1316 545 1387 572 poss.
1408 536 1483 572 legat.
1503 539 1544 564 36.
1566 539 1589 564 4.
1610 538 1640 564 fr.
1664 541 1684 564 1.
1705 539 1788 572 5.17.
1810 538 1842 565 de
1862 549 1936 576 sepa—

1093 582 1139 603 rat.
1165 580 1206 603 42.
1233 579 1256 603 6.
1295 578 1491 606 Donationibus
1517 590 1569 606 nou
1594 585 1786 617 temperantes,
1811 581 1859 608 sed
1878 592 1937 619 pro-

1069 631 1071 639 ·
1093 620 1150 646 fusa
1170 630 1229 656 erga
1248 631 1277 646 se
1297 621 1428 648 facilitate.
1449 622 1478 648 fr.
1502 625 1524 649 1.
1545 623 1577 649 de
1598 623 1657 649 dou.
1678 625 1723 650 int.
1744 623 1776 650 V.
1795 626 1837 650 24.
1861 627 1882 651 l.

1129 664 1393 691 Facinorosus.
1431 665 1561 698 (Adiect.)
1600 668 1820 701 Flagitioszts.
1842 667 1860 694 1.
1876 669 1937 702 sy.

1094 705 1234 732 Funestus.
1255 717 1276 733 c.
1296 710 1319 733 ὅ.
1340 717 1379 744 pr.
1400 707 1433 734 de
1452 708 1573 735 haeretic.
1595 710 1617 735 1.
1637 711 1660 735 5.
1692 709 1734 735 111.
1756 711 1822 737 Cn.
1836 710 1938 737 Habere

1093 748 1173 784 gladii
1192 754 1352 786 potestatem
1372 750 1403 776 ad
1423 751 1683 778 animadvertendum
1702 753 1754 785 (in)
1773 753 1937 780 facinorosos

1094 790 1221 817 homines.
1242 792 1272 818 fr.
1291 795 1314 819 3.
1336 792 1368 819 de
1388 794 1479 820 iurisd.
1500 797 1524 821 2.
1546 796 1568 821 1.

1131 835 1309 862 Facinus.
1330 836 1361 869 ξ.
1374 838 1407 863 1.
1424 839 1643 873 Maleficium‚
1663 839 1826 865 Delictum
1843 849 1936 865 omne.

1095 876 1137 902 111.
1159 878 1225 904 Cn.
1246 877 1274 904 Si
1296 878 1381 915 aliqua
1396 880 1460 911 rixa,
1481 896 1513 899 —
1533 885 1577 906 aut
1596 879 1681 916 aliqua
1701 882 1742 907 vis
1762 897 1794 901 -—
1814 881 1880 907 facta
1900 891 1939 907 es-

1095 923 1144 951 set,
1166 924 1191 945 et
1211 919 1242 946 ab
1262 920 1303 947 his
1323 922 1403 947 rebus
1423 922 1523 949 facinus
1544 923 1657 955 abesset,
1678 928 1726 950 etc.
1747 924 1777 950 fr.
1796 926 1838 950 20.
1860 924 1891 950 de
1905 925 1938 950 0.

1096 967 1121 988 et
1140 962 1171 989 Α.
1192 964 1233 989 44.
1255 965 1277 990 7.
1310 963 1397 1001 Tripli
1416 975 1508 1001 poena.
1528 971 1639 1003 propter
1658 966 1767 999 facinus,
1787 967 1940 993 satisfacere

1096 1006 1205 1041 cogitur.
1227 1005 1256 1032 fr.
1278 1008 1319 1033 14.
1339 1007 1361 1041 5
1384 1009 1422 1033 11.
1444 1008 1495 1043 Qu.
1516 1013 1575 1034 met.
1596 1019 1617 1035 c.
1638 1010 1662 1035 4.
1674 1012 1698 1035 2.
1713 1025 1745 1029 -
1760 1010 1791 1043 §.
1807 1011 1842 1036 2.
1865 1012 1939 1036 Cri-

1097 1058 1162 1075 men
1179 1051 1357 1083 publicam.
1395 1049 1412 1076 1.
1434 1051 1495 1084 Sy·
1520 1050 1623 1077 Scelus.
1651 1051 1724 1079 Paul.
1744 1052 1776 1079 V.
1799 1054 1838 1079 14.
1858 1053 1939 1087 551.

1097 1101 1136 1127 sq.
1157 1091 1186 1117 fr.
1209 1093 1249 1117 13.
1268 1093 1290 1126 5.
1313 1094 1334 1118 l.
1355 1092 1385 1119 fr.
1407 1094 1447 1119 14.
1472 1093 1504 1119 de
1529 1094 1572 1120 oll‘.
1594 1094 1681 1121 Praes.
1703 1097 1725 1120 1.
1746 1098 1786 1121 15.
1824 1094 1940 1122 Crimen.

1097 1133 1168 1160 Paul.
1194 1133 1211 1160 l.
1236 1133 1253 1161 1.
1283 1134 1312 1161 fr.
1339 1137 1361 1161 l.
1391 1136 1412 1169 5.
1437 1138 1460 1162 5.
1490 1136 1543 1163 nih.
1572 1138 1660 1164 innov.
1686 1139 1727 1163 49.
1747 1140 1770 1164 7.
1808 1138 1850 1164 III.
1874 1139 1940 1165 (711.

1096 1176 1174 1202 Alius
1194 1177 1285 1208 vitam.
1310 1177 1377 1204 alius
1400 1179 1528 1216 pudorem
1552 1180 1660 1216 publico
1681 1181 1795 1206 facinore
1815 1180 1939 1207 defendit.

1097 1219 1170 1246 Paul.
1190 1219 1221 1246 V.
1240 1222 1280 1247 23.
1301 1221 1322 1254 5.
1342 1222 1366 1247 Β.
1404 1221 1520 1259 Oportet
1538 1222 1594 1249 illic
1608 1224 1745 1249 criminum
1758 1222 1853 1250 iudicia
1874 1223 1940 1253 fieri.

1098 1262 1142 1289 ubi
1162 1262 1263 1289 facinus
1283 1263 1379 1291 dicitur
1398 1264 1549 1292 admissum.
1575 1265 1624 1292 Tb.
1646 1266 1676 1292 C.
1698 1266 1742 1293 IX.
1764 1268 1786 1293 1.
1807 1277 1828 1293 c.
1850 1268 1889 1293 16.
1909 1266 1941 1293 cf.

1098 1316 1119 1332 c.
1141 1308 1182 1332 10.
1206 1305 1240 1332 de
1263 1317 1349 1333 accus.
1375 1312 1400 1334 et
1419 1308 1498 1335 inser.
1537 1309 1613 1344 Quae
1635 1319 1688 1335 non
1708 1309 1804 1336 liabent
1824 1310 1942 1335 atrocita-

1075 1360 1077 1365 >
1097 1354 1148 1375 tem
1169 1349 1301 1380 facinoris.
1322 1350 1364 1376 vel
1384 1350 1501 1378 sceleris.
1520 1351 1550 1378 fr.
1571 1353 1611 1378 ll.
1631 1352 1653 1386 5.
1675 1354 1697 1378 7.
1719 1352 1750 1379 cf.
1771 1352 1800 1378 fr.
1823 1354 1844 1377 1.
1864 1352 1886 1386 5.
1901 1353 1941 1378 43.

1075 1413 1076 1417 .
1099 1392 1151 1428 Qu.
1171 1393 1197 1418 vi
1217 1397 1260 1419 aut
1280 1392 1312 1419 cl.
1326 1395 1366 1420 43.
1380 1396 1422 1420 24.
1459 1394 1514 1426 An,
1534 1404 1582 1432 per
1601 1396 1788 1421 immanitatem
1808 1394 1942 1426 facinoris,

1098 1435 1231 1472 supplicio
1251 1435 1414 1463 adficiendus
1435 1438 1485 1463 sit?
1511 1437 1541 1463 fr.
1566 1439 1606 1464 14.
1632 1437 1665 1464 de
1684 1438 1727 1464 oti'.
1748 1437 1837 1464 Praes.
1859 1439 1880 1464 1.
1902 1439 1941 1463 18.

1099 1477 1135 1504 Vt
1159 1483 1184 1504 et
1211 1484 1356 1516 conspectu
1381 1479 1564 1507 deterreantur
1588 1480 1631 1507 alii
1656 1481 1688 1507 ab
1708 1480 1802 1507 iisdem
1821 1480 1942 1507 facinori-

1099 1521 1157 1547 bus.
1179 1520 1208 1548 fr.
1227 1523 1268 1547 ⁴25.
1290 1522 1373 1555 5.15.
1394 1522 1427 1549 de
1446 1533 1523 1560 poen.
1543 1525 1584 1550 48.
1606 1524 1645 1550 19.

1134 1565 1284 1591 Fac-tio.
1305 1565 1335 1597 §-
1357 1567 1391 1592 1.
1412 1567 1548 1593 Factum
1569 1568 1701 1602 agendi,
1721 1577 1740 1593 s.
1759 1568 1944 1593 celebrandi

1100 1610 1276 1642 negotium.
1314 1607 1357 1634 111.
1383 1610 1448 1636 Gn.
1478 1607 1642 1635 Testamenti
1665 1608 1743 1635 factio
1767 1618 1820 1635 non
1838 1610 1942 1646 privati.

1100 1650 1147 1676 sed
1167 1650 1267 1687 publici
1287 1651 1350 1677 iuris
1371 1656 1419 1677 est.
1440 1651 1470 1677 fr.
1495 1653 1519 1678 3.
1545 1651 1597 1687 Qu.
1623 1657 1725 1678 testam.
1745 1651 1792 1678 fac.
1812 1661 1837 1688 p.
1857 1653 1899 1678 28.
1921 1653 1942 1677 1.

1100 1693 1149 1725 (cf.
1174 1703 1198 1719 v.
1223 1692 1494 1727 Testamentifactio.)
1521 1710 1553 1713 —
1578 1695 1609 1728 §.
1631 1696 1666 1721 2.
1692 1697 1864 1726 Facultas,
1887 1697 1943 1721 Co-

1097 1737 1155 1770 pia
1179 1737 1306 1770 agendi.
1344 1735 1362 1762 I.
1389 1737 1451 1770 Sy.
1482 1736 1524 1763 Ius
1544 1736 1656 1763 faciendi
1676 1738 1861 1770 (testamenti.)
1881 1736 1942 1774 le.

1099 1777 1170 1804 XVI.
1192 1780 1214 1804 1.
1233 1778 1293 1804 XX.
1316 1780 1355 1804 16.
1376 1779 1434 1805 Gai.
1453 1779 1484 1806 11.
1506 1781 1562 1806 113.
1584 1789 1623 1816 sq.
1648 1779 1679 1806 fr.
1701 1782 1740 1806 10.
1765 1781 1787 1814 5.
1809 1782 1831 1806 l.
1852 1780 1882 1807 fr.
1901 1782 1943 1806 22.

1100 1831 1138 1858 pr.
1159 1820 1192 1847 de
1211 1822 1305 1858 captiv.
1325 1823 1366 1848 49.
1390 1824 1427 1848 15.
1465 1822 1508 1848 ΙΙΙ.
1534 1824 1600 1850 Gn.
1624 1822 1659 1848 Et
1679 1823 1812 1849 civitatem
1831 1822 1863 1849 R.
1883 1824 1944 1850 reti-

1076 1879 1079 1891 ψ
1101 1868 1152 1893 net.
1173 1869 1197 1889 et
1217 1865 1366 1890 testamenti
1387 1864 1526 1891 factionem
1545 1875 1598 1891 nou
1618 1866 1721 1892 amittit.
1742 1865 1773 1891 fr.
1788 1867 1810 1891 7.
1831 1866 1852 1900 5.
1867 1867 1891 1892 3.
1912 1865 1944 1892 de

1101 1906 1196 1933 interd.
1222 1911 1248 1932 et
1272 1906 1350 1943 releg.
1376 1909 1417 1934 48.
1441 1910 1482 1934 22.
1520 1907 1591 1934 Inter
1609 1908 1713 1944 aliquos
1739 1918 1811 1939 esse,
1831 1919 1855 1935 v.
1876 1908 1944 1935 Cum

1101 1949 1189 1986 aliquo
1209 1949 1314 1979 babere.
1333 1951 1484 1976 testamenti
1505 1950 1651 1977 factionem.
1676 1950 1732 1977 Gai.
1752 1950 1783 1977 11.
1802 1953 1861 1977 218.
1882 1951 1943 1988 le.

1078 2028 1079 2031 Ἴ
1101 1992 1171 2019 XVl.
1194 1994 1215 2018 1.
1235 1993 1295 2021 XX.
1314 1995 1338 2019 2.
1359 1996 1382 2019 ὃ.
1402 1993 1486 2019 XXII.
1510 1995 1530 2019 1.
1551 2003 1610 2030 sqq.
1632 2008 1663 2012 —
1677 1988 1715 2027 §-
1735 1995 1772 2020 3.
1803 1996 1943 2028 Corpus,

1103 2037 1312 2062 Consortium
1340 2038 1511 2063 Ιιυηιίιιιιηι.
1560 2036 1603 2062 111.
1630 2037 1696 2064 Gn.
1733 2037 1813 2063 Xviri
1834 2052 1865 2056 —-
1886 2046 1944 2063 cum

1102 2079 1283 2114 magistratum
1303 2083 1476 2115 prorogat-eut
1495 2079 1559 2110 sihi,
1580 2095 1611 2098 —
1631 2084 1661 2105 ut
1683 2080 1735 2116 ipsi
1755 2084 1781 2105 et
1799 2079 1878 2106 factio
1898 2090 1944 2105 sua

1102 2126 1231 2158 perpetuo
1250 2131 1331 2159 remp.
1356 2126 1509 2159 occupatam
1533 2123 1684 2148 retinerent.
1711 2122 1742 2148 fr.
1760 2124 1785 2148 2.
1809 2123 1831 2156 5.
1850 2125 1892 2149 24.
1912 2122 1944 2149 de

1103 2164 1136 2190 Ο.
1156 2164 1173 2190 1.
1196 2165 1217 2190 1.
1237 2166 1261 2190 2.
1298 2164 1327 2191 1n
1347 2175 1419 2191 reum
1439 2165 1582 2191 maiestatis
1597 2165 1703 2201 iuqniri,
1723 2180 1755 2184 —
1775 2165 1871 2201 quibus
1891 2166 1944 2202 opi·

1102 2207 1161 2239 bus.
1181 2217 1232 2244 qua
1252 2207 1373 2240 factione,
1393 2208 1490 2244 quibus
1509 2207 1560 2233 boc
1579 2207 1732 2234 auctoribus
1752 2207 1851 2234 feeerit.
1871 2207 1942 2234 Paul.

1079 2281 1080 2286 ¹
1102 2250 1134 2277 V.
1153 2252 1195 2277 29.
1215 2250 1280 2284 5.1.
1301 2260 1340 2287 sq.
1378 2250 1497 2287 insignes
1511 2250 1635 2282 latrones,
1655 2250 1698 2277 vel
1712 2250 1871 2276 seditionum
1885 2260 1943 2276 con-

1103 2295 1236 2325 citatores.
1256 2293 1298 2320 vel
1318 2293 1398 2320 duces
1418 2294 1568 2320 factionum.
1589 2293 1619 2320 fr.
1635 2295 1674 2320 16.
1695 2293 1728 2320 de
1747 2304 1804 2330 app.
1826 2298 1851 2319 et
1870 2292 1942 2318 relat.

1103 2339 1144 2364 49.
1167 2339 1187 2363 1.
1208 2336 1239 2363 cf.
1261 2336 1290 2362 fr.
1310 2338 1334 2362 6.
1354 2336 1375 2370 5.
1396 2338 1419 2363 9.
1440 2336 1472 2363 de
1496 2337 1585 2363 iniust.
1611 2341 1679 2373 rupt,
1699 2337 1741 2362 28.
1761 2338 1785 2362 3.
1810 2335 1838 2361 fr.
1861 2337 1900 2360 11.
1920 2335 1941 2368 5.

1103 2383 1127 2406 2.
1148 2380 1181 2406 de
1200 2389 1277 2417 poen.
1297 2381 1338 2405 4⁸.
1360 2381 1398 2406 19.
1437 2379 1568 2416 Quisquis
1594 2389 1652 2406 cum
1671 2378 1810 2409 militibus,
1830 2377 1873 2403 vel
1891 2378 1943 2414 pri—

1104 2424 1180 2455 vatis,
1200 2422 1243 2449 vel
1262 2422 1390 2454 barbaris,
1410 2422 1549 2449 scelestam
1568 2423 1656 2448 inierit
1675 2422 1820 2448 factionem.
1842 2419 1891 2446 Th.
1911 2419 1941 2447 C.

1103 2466 1147 2493 1X.
1169 2468 1208 2492 14.
1229 2476 1250 2492 c.
1269 2467 1292 2491 3.
1313 2476 1352 2502 pr.
1373 2465 1405 2491 ad
1428 2464 1457 2491 L.
1478 2465 1561 2492 Corn.
1587 2465 1619 2491 de
1642 2466 1716 2491 sicar.
1741 2463 1772 2489 cf.
1794 2462 1848 2488 VH.
1876 2465 1898 2489 1.
1919 2473 1940 2489 c.

1106 2512 1127 2535 l.
1148 2509 1180 2536 de
1199 2509 1230 2535 R.
1250 2508 1283 2535 M.
1303 2507 1500 2535 Ham-eticorum
1523 2509 1610 2535 factio
1635 2507 1670 2533 Ib.
1690 2505 1761 2532 XVI.
1781 2508 1804 2531 2.
1826 2516 1846 2532 c.
1869 2508 1890 2532 l.
1911 2506 1943 2532 de

1080 2582 1082 2586 .
1105 2554 1185 2590 episc.
1209 2551 1271 2578 eccl.
1309 2551 1360 2578 Per
1382 2551 1498 2588 singulas
1523 2551 1649 2577 factiones
1673 2547 1837 2574 stabulorum
1862 2548 1942 2581 (2000

1105 2595 1252 2622 modiorum
1276 2594 1349 2621 fabae
1375 2595 1519 2627 conferre.)
1544 2594 1579 2620 Ib.
1600 2591 1658 2618 XV.
1680 2594 1718 2618 10.
1744 2602 1766 2618 c.
1785 2594 1809 2617 2.
1830 2591 1863 2618 de
1883 2602 1940 2627 equ.

1106 2638 1187 2665 curul.

1140 2681 1420 2708 Factiomu-ius.
1468 2680 1630 2713 Singulae
1662 2679 1860 2713 aurigarum
1886 2679 1941 2713 fa-

1105 2726 1211 2751 ctioni
1234 2725 1429 2759 praefectus.
1475 2720 1518 2747 111.
1543 2722 1609 2748 Cn.
1634 2720 1724 2757 Equos
1748 2720 1858 2757 Hispani
1885 2729 1941 2745 san-

1106 2767 1191 2803 guinis
1211 2766 1341 2793 vendendi
1366 2764 1468 2791 solitam
1494 2763 1653 2790 factionariis
1678 2764 1779 2801 copiam
1798 2773 1849 2789 uon
1869 2773 1940 2795 nega-

1108 2820 1173 2836 mus.
1194 2809 1230 2835 1b.
1251 2809 1268 2835 l.
1289 2808 1304 2834 l.
1325 2818 1346 2834 c.
1367 2809 1388 2833 1.
1410 2816 1457 2875 pr.1

1443 2864 1447 2869 .
1460 2850 1475 2875 fl
1485 2850 1500 2862 ἴ·
