2197 3121
319 165 382 196 448

353 248 556 278 lnaugere.
593 246 799 272 Instaurare.
818 243 861 270 111.
876 243 942 272 Cn.
962 241 1066 278 Quodsi
1084 243 1107 269 is
1122 258 1154 262 -

319 289 396 316 desit.
417 287 592 314 contradictor
610 297 673 314 vero
693 297 818 325 praesens
838 288 885 318 sit,
905 285 998 313 melius
1018 286 1066 312 erit
1085 286 1155 312 inau-

318 333 372 369 geri
393 330 435 364 [al.
455 332 550 367 augeri.
569 341 593 357 v.
608 330 732 364 inaudiri]
746 340 850 358 causam
863 331 927 356 eius.
947 329 1155 365 sententiamque

318 375 438 412 proferri.
458 373 488 400 sr.
508 375 549 400 27.
569 373 591 406 ξ.
611 375 636 400 2.
655 373 687 400 de
706 372 808 400 liberali
829 383 850 400 c.
870 374 910 399 40.
932 373 971 398 12.

354 419 606 451 lnaugurare.
654 418 758 451 Capto
782 417 928 451 augurio
956 424 1152 442 consecrare.

317 460 360 487 111.
375 461 441 488 Gn.
461 460 489 486 Si
509 459 640 486 flamines
659 459 751 486 Diales
770 460 964 494 inaugurentur,
984 462 1009 484 et
1023 473 1055 477 —
1068 458 1090 484 si
1103 459 1153 484 vir—

316 505 390 539 gines
408 502 530 529 Vestales
549 503 690 539 capiantur.
723 502 780 529 Gai.
805 501 823 528 1.
850 502 906 527 130.
934 500 978 527 Ill.
1003 502 1060 527 114.
1091 500 1152 538 le.

316 546 350 573 X.
369 548 393 572 5.

351 590 554 616 Inaurare·
591 589 679 615 Auro
698 590 860 615 obducere.
897 586 927 613 II.
942 587 1009 621 Op.
1029 586 1151 613 Aureum.

316 647 348 651 —
367 631 522 658 Inanratum.
542 630 583 658 Cf.
602 641 626 657 v.
646 630 757 657 Aureus.
778 630 907 663 (Adiect.)
944 629 986 656 Ill.
1013 631 1079 657 Cn.
1099 630 1153 665 Qui

316 684 360 701 aes
379 675 545 706 inauraverit,
565 675 745 710 argeutaverit.
775 672 847 700 Paul.
866 672 898 699 V.
921 675 963 699 25.
989 673 1010 706 ξ.
1029 674 1053 699 5.
1091 672 1154 699 Cra-

315 717 403 744 battus
423 722 529 754 argento
553 718 671 743 inaurato
695 721 788 743 tectus.
812 715 843 742 fr.
867 717 909 742 ⁴20.
933 716 956 749 §.
981 717 1005 742 8.
1025 715 1058 742 de
1078 717 1153 742 instr.

315 760 364 797 leg.
383 762 424 787 33.
445 762 468 787 7.
504 760 579 786 Lecti
598 760 767 795 inargentati,
785 758 828 786 vel
846 759 970 791 inaurati,
990 764 1068 796 atque
1086 769 1153 796 gem-

315 804 385 830 mati.
405 803 447 830 CF.
467 813 490 829 v.
510 803 683 838 Iu'argeutare.

351 848 527 874 lnaureS·
567 846 781 877 Ornamenta,
807 847 842 872 ab
866 847 1002 872 auribus
1017 847 1154 880 penden-

315 891 372 917 tia.
408 889 451 916 III.
474 890 539 916 (7η.
571 887 732 914 Ornamenta
755 887 892 915 muliebria
916 893 991 921 sunt,
1015 904 1048 908 —-
1071 888 1153 915 veluti

314 934 428 964 inaures.
447 931 572 963 armillae,
591 930 713 963 viriolae,
738 930 809 957 anuli
828 935 876 957 etc.
901 930 931 958 fr.
950 933 992 958 25.
1017 932 1038 965 §.
1059 933 1100 958 10.
1121 930 1153 957 de

315 986 378 1002 auro
401 985 453 1011 arg.
476 976 518 1000 34.
542 976 566 1000 2.
603 973 726 1005 Inaures,
750 974 776 999 in
801 974 897 1010 quibus
918 973 983 1001 duae
1001 975 1153 1011 margaritae

315 1018 426 1050 elenchi,
446 1023 471 1044 et
490 1016 619 1054 smaragdi
638 1016 698 1043 duo.
717 1015 747 1042 fr.
766 1018 809 1043 32.
829 1017 850 1051 ξ.
870 1018 894 1044 8.
915 1017 949 1044 ib.
967 1019 1009 1044 34.
1028 1019 1052 1044 2.

350 1062 604 1088 lncaleseere.
640 1061 854 1087 Invalescere.
874 1059 893 1086 I.
909 1061 970 1094 Sy.
990 1059 1151 1087 Praevalere.

313 1104 477 1132 lncaleseere
497 1103 544 1137 [al.
564 1101 753 1136 Invalescere]
778 1102 808 1129 sr.
830 1104 869 1129 10.
895 1102 927 1129 de
951 1107 1021 1130 statu
1040 1102 1108 1130 hom.
1128 1105 1151 1130 l.

313 1150 337 1175 5.
357 1148 387 1174 fr.
408 1149 447 1173 15.
467 1147 489 1181 §.
509 1148 532 1173 l.
552 1145 584 1173 de
602 1145 692 1172 testib.
711 1147 752 1172 22.
772 1147 796 1172 5.
1134 1178 1137 1181 .

348 1191 570 1218 Incantare.
609 1190 720 1216 Verbis
739 1190 906 1223 conceptis
929 1190 1151 1216 incantamen-

313 1241 378 1261 tum
395 1234 624 1268 pronunciare.
644 1231 687 1258 III.
713 1232 779 1259 (711.
798 1231 827 1258 Si
847 1233 997 1264 incantavit,
1018 1233 1040 1258 si
1059 1233 1153 1270 impre-

313 1282 387 1304 catus
407 1281 455 1307 est.
474 1277 497 1302 si
516 1291 548 1295 -—
568 1275 735 1301 exorcizavit.
761 1274 792 1301 fr.
814 1276 836 1300 l.
855 1274 878 1308 §.
897 1276 921 1301 3.
941 1274 973 1302 do
993 1279 1058 1302 extr.
1079 1286 1151 1312 cogn.

312 1322 354 1346 50.
376 1320 415 1345 13.
452 1318 505 1354 Qui
528 1317 625 1345 malum
648 1327 752 1344 carmen
777 1318 946 1344 incantasset.
978 1317 1020 1344 Fr.
1044 1317 1074 1345 L.
1093 1318 1151 1346 XII.

313 1362 397 1390 Tabb.
417 1361 485 1388 VIII.
504 1363 546 1387 25.

348 1406 586 1432 lncantator.
616 1405 862 1431 Ineautanzeuti
876 1406 1081 1439 procurandi
1096 1414 1152 1439 pe-

313 1451 408 1476 ritus.
446 1447 488 1473 III.
504 1448 569 1475 Cn.
589 1446 712 1478 malefici,
731 1445 773 1473 vel
792 1447 977 1479 incantatores,
997 1446 1040 1474 vel
1058 1448 1154 1474 immis-

313 1500 389 1518 sores
408 1494 600 1527 tempestatum.
620 1489 731 1527 Interpr.
750 1489 783 1516 ad
802 1489 852 1516 Th.
872 1490 903 1518 C.
922 1490 968 1517 IX.
988 1491 1028 1517 16.
1049 1500 1070 1517 c.
1083 1492 1107 1517 3.
1121 1490 1154 1517 de

313 1533 424 1560 malefic.

347 1579 558 1604 Incassum.
595 1575 707 1609 (Advb.)
745 1577 911 1607 lnaniter,
936 1577 1088 1603 Frustra.
1109 1576 1152 1603 III.

313 1621 380 1648 Cn.
399 1619 452 1646 luc.
471 1620 607 1656 suscipere
620 1619 878 1656 (peregrinationem,
898 1623 923 1644 et
936 1618 1078 1655 superfluis
1092 1620 1154 1645 acti-

313 1664 364 1689 bus
384 1662 534 1699 occupare.)
554 1660 603 1688 Th.
624 1660 654 1688 C.
673 1660 731 1687 XII.
752 1662 791 1686 12.
812 1671 832 1687 c.
852 1662 875 1688 9.
895 1662 918 1695 §.
938 1663 960 1688 l.
981 1661 1013 1688 de
1032 1661 1107 1697 legat.
1128 1666 1154 1688 et

313 1706 383 1733 decr.
419 1705 472 1732 Inc.
494 1704 594 1742 pulsari
613 1703 675 1737 (sub
701 1703 836 1730 iudiciaria
860 1704 1031 1740 cognitione.)
1049 1704 1087 1731 lb.
1107 1703 1151 1732 VI.

311 1751 354 1775 27.
375 1759 396 1775 c.
418 1749 457 1774 16.
478 1748 500 1782 ξ.
520 1749 544 1773 l.
564 1746 596 1773 de
616 1751 700 1783 agent.
721 1747 747 1772 in
765 1745 820 1772 reb.

348 1792 523 1819 lncaute.
552 1789 667 1821 (Advb.)
697 1790 897 1823 1mprovide,
916 1791 1151 1824 Imprudenter.

313 1835 332 1861 I.
352 1836 413 1869 Sy.
432 1832 594 1860 Inconsulto.
614 1831 644 1859 sr.
665 1833 687 1858 l.
708 1842 747 1869 pr.
766 1832 804 1866 ἐξ.
819 1833 842 1859 1.
856 1842 896 1868 sq.
916 1832 949 1859 de
968 1832 993 1859 h.
1013 1842 1056 1869 qu.
1075 1833 1102 1859 in
1115 1837 1152 1860 te-

313 1882 388 1904 stam.
409 1876 459 1903 del.
479 1877 520 1902 28.
535 1877 559 1902 4.

349 1920 546 1947 lneautuS.
584 1917 721 1951 (Adiect.)
758 1919 980 1945 Inconsultus.
1016 1918 1058 1946 ΠΙ.
1087 1920 1153 1947 Gn.

313 1962 378 1989 Lata
397 1967 423 1988 et
442 1963 544 1988 incauta
563 1960 733 1997 negligentia,
758 1960 800 1987 vel
819 1960 933 1988 lascivia.
954 1960 1026 1988 Coll.
1046 1960 1099 1988 LL.
1119 1961 1152 1989 Μ.

313 2005 371 2032 XII.
391 2007 415 2032 5.

349 2048 550 2075 Incedere.
570 2048 720 2082 Ingredi,
741 2048 922 2074 procedere.
942 2046 1064 2075 III.Cn.
1084 2047 1154 2074 Con-

314 2092 411 2123 tentio,
437 2091 556 2126 quisnam
580 2090 652 2127 prior
676 2089 823 2121 incederet,
848 2091 961 2127 quisque
980 2090 1153 2127 subsequere-

315 2139 364 2160 tur.
385 2133 434 2160 Th.
455 2132 489 2159 C..
506 2132 562 2159 VII.
581 2134 604 2158 3.
625 2141 646 2158 c.
665 2134 689 2158 2.
709 2132 762 2168 Qu.
782 2134 807 2159 in
821 2132 902 2168 gradu
915 2132 1024 2170 praefer.
1044 2132 1094 2159 Per
1106 2143 1152 2170 pu-

317 2176 413 2202 blicum
431 2175 555 2202 incedens
576 2174 741 2209 (Praefectus
761 2175 819 2209 Vr.)
839 2175 875 2201 lb.
895 2175 912 2202 I.
933 2178 957 2203 6.
977 2186 997 2203 c.
1012 2177 1034 2202 7.
1050 2175 1153 2210 (ch.)

316 2219 349 2245 de
368 2218 411 2244 off.
434 2218 487 2245 Prf.
507 2217 552 2245 Vr.

352 2262 578 2288 Incendere.
602 2262 713 2296 Ignem
733 2262 906 2293 subiicere,
931 2263 1114 2289 Accendere.
1134 2261 1153 2288 1.

317 2306 379 2339 Sy.
399 2303 547 2330 incendium
567 2303 660 2330 facere.
686 2303 756 2330 Coll.
780 2303 834 2330 LL.
853 2303 886 2330 M.
906 2303 963 2330 XII.
983 2306 1007 2330 5.
1027 2314 1067 2341 sq.
1102 2305 1155 2332 Ex-

318 2357 401 2374 urere.
422 2346 462 2372 Cf.
483 2345 508 2371 h.
528 2356 550 2371 v.
588 2346 630 2373 lll.
646 2348 712 2374 Gn.
732 2346 761 2373 Si
780 2346 891 2373 insulam
911 2357 993 2373 meam
1012 2346 1154 2380 adusseris,

317 2389 360 2416 vel
379 2388 535 2415 incenderis.
562 2388 630 2414 Coll.
654 2389 706 2416 LL.
731 2390 763 2416 M.
790 2389 846 2416 XII.
872 2391 895 2416 7.
938 2390 967 2416 Si
986 2390 1111 2427 stipulam
1129 2392 1155 2417 in

318 2442 379 2469 agro
399 2436 443 2458 tuo
463 2429 624 2463 incenderis,
648 2433 768 2469 ignisque
790 2437 946 2469 pervagatus
971 2438 1020 2460 etc.
1044 2433 1082 2459 lb.
1101 2433 1118 2460 l.
1138 2433 1156 2460 l.

319 2477 373 2511 Qui
393 2475 426 2501 ol»
445 2474 606 2504 inimicitias.
632 2474 673 2500 vel
692 2475 803 2511 praedae
822 2485 912 2508 causa,
936 2475 1101 2502 incenderint
1119 2477 1156 2502 iu-

321 2523 358 2544 tra
378 2517 511 2554 oppidum.
531 2516 562 2543 fr.
580 2518 622 2543 28.
644 2517 665 2550 ξ.
687 2519 726 2543 l·.’.
747 2517 779 2543 de
803 2528 880 2555 poen.
899 2519 940 2544 48.
963 2520 1001 2545 l9.
1033 2518 1104 2545 Paul.
1125 2518 1156 2545 V.

319 2563 361 2587 20.
380 2561 402 2594 §.
421 2563 446 2586 2.
483 2560 511 2586 Si
531 2560 661 2596 paciscar:
682 2569 732 2591 „ne
751 2560 865 2593 iudicati,
884 2561 926 2587 vel
941 2562 1105 2589 incensarum
1118 2572 1157 2588 ae-

322 2603 400 2632 dium.
420 2604 534 2639 agatur.“
555 2603 584 2629 l'r.
605 2605 627 2629 7.
647 2602 668 2636 §.
692 2604 729 2628 13.
750 2602 782 2629 de
800 2609 867 2640 pact.
887 2606 912 2631 2.
933 2606 973 2631 14.

357 2646 635 2673 Incendiarius.
685 2647 746 2678 Qui
769 2648 915 2673 incendii
938 2649 1056 2674 crimen
1079 2658 1158 2674 com-

322 2689 435 2714 mittit.
473 2687 491 2713 l.
506 2690 568 2722 Sy.
589 2689 641 2723 Qui
661 2688 809 2714 incendium
829 2688 926 2715 fecerit.
965 2690 1017 2725 Qui
1037 2690 1158 2717 incende-

324 2730 364 2759 rit,
384 2739 408 2755 v.
428 2732 565 2757 exusserit.
592 2730 663 2757 Paul.
684 2730 715 2757 V.
734 2733 775 2758 20.
800 2732 837 2765 §§.
859 2733 880 2757 l.
902 2742 940 2767 sq.
965 2732 995 2758 fr.
1017 2734 1056 2759 10.
1077 2733 1108 2759 ad
1127 2732 1156 2759 L.

323 2771 403 2798 Corn.
424 2771 455 2797 (le
476 2774 551 2800 sicar.
571 2776 611 2799 48.
631 2777 655 2800 δ’.
679 2774 709 2800 l'r.
729 2776 770 2800 28.
795 2773 816 2807 §.
838 2775 877 2800 12.
905 2774 936 2800 (le.
960 2784 1036 2811 poen.
1056 2777 1097 2802 48.
1119 2776 1157 2801 19.

325 2813 458 2839 incensor.
478 2814 549 2841 Paul.
569 2815 600 2842 Y.
620 2818 661 2843 2¹0.
682 2817 717 2851 §§.
741 2819 763 2842 l.
783 2818 806 2842 5.
844 2816 886 2842 III.
911 2818 977 2844 Cn.
996 2817 1158 2850 Incendiarii,

1056 160 1131 191 15.-x
1154 176 1196 182 —
1218 159 1304 191 INC.

1199 243 1244 278 qui
1269 241 1391 268 consulto
1415 242 1563 270 incendium
1582 243 1704 271 inserunt.
1735 244 1772 271 lb.
1792 244 1824 272 V.
1846 246 1870 272 3.
1894 246 1916 280 §.
1935 246 1959 272 6.
1995 245 2034 272 In-

1199 284 1335 316 cendiarii,
1356 285 1520 319 effractores,
1541 286 1626 319 sures,
1647 292 1779 325 raptores,
1798 293 1983 326 receptatores.
2003 288 2033 315 fr.

1197 329 1221 355 3.
1242 329 1264 362 §.
1285 330 1308 354 l.
1329 327 1361 354 de
1380 328 1424 354 oss.
1444 327 1496 355 Prf.
1517 328 1591 366 Vigg.
1611 332 1634 356 l.
1650 332 1689 357 15.

1232 371 1473 398 lucen-lium.
1510 372 1541 405 §.
1564 375 1598 399 1.
1636 374 1798 406 Flamma,
1819 375 1964 401 Materia
1983 385 2033 401 ac-

1197 424 1297 441 eensa.
1331 413 1377 440 III.
1397 415 1463 442 011.
1495 411 1653 447 codicibus,
1674 431 1707 435 --
1726 415 1775 442 sub
1795 416 1879 443 oculis
1898 418 2035 455 episcopo-

1197 467 1263 489 rum,
1283 456 1404 483 incendio
1429 460 1609 485 concrematis.
1636 457 1684 485 Th.
1705 458 1736 485 C.
1756 458 1802 485 IX.
1828 460 1866 485 16.
1891 469 1912 486 c.
1938 461 1978 486 12.
2001 459 2034 486 de

1196 500 1306 527 malefic.
1325 500 1396 527 XVI.
1415 501 1439 527 5.
1465 510 1486 527 c.
1509 502 1551 527 34.
1575 501 1596 535 ξ.
1624 503 1646 528 l.
1666 501 1698 527 de
1722 501 1844 528 haeretic.
1875 518 1908 522 —
1938 502 1970 536 ᾖ.
1998 504 2034 530 8·

1198 545 1400 575 θοιιιὺιιείἰο,
1421 545 1515 579 Ignis
1534 550 1676 571 exortus.
1712 543 1834 572 mvn.
1853 544 1979 582 Rapinae,
1996 549 2034 572 tu-

1196 585 1304 618 multus,
1324 586 1452 615 incendia.
1472 596 1596 622 aquarum
1614 587 1814 623 magnitudines,
1833 588 1947 625 impetus
1962 597 2034 625 prae-

1198 627 1303 655 donum.
1323 628 1353 655 fr.
1373 630 1415 656 23.
1436 629 1468 656 de
1485 628 1517 655 R.
1537 628 1555 656 I.
1574 631 1666 656 50.17.
1705 630 1758 666 Qui
1778 631 1828 664 (iu)
1847 635 1918 657 metu
1936 632 2034 662 ruinae,

1197 671 1324 703 incendii,
1343 671 1487 708 naufragii,
1511 671 1580 710 apud
1600 672 1678 699 alium
1703 674 1838 700 custodiae
1861 683 1938 700 causa
1956 673 2036 711 depo-

1197 715 1243 741 nit.
1264 714 1333 741 Coll.
1352 714 1405 742 LL.
1425 715 1458 742 M.
1478 714 1511 742 X.
1532 717 1555 741 7.
1581 714 1611 742 l'r.
1633 717 1656 743 l.
1679 716 1700 750 ξ.
1722 719 1744 743 l.
1769 716 1860 754 depos.
1886 718 1925 743 16.
1944 718 1968 743 3.
2005 716 2035 743 Si

1198 757 1332 789 incendio,
1356 757 1398 784 vel
1421 759 1496 784 ruina
1519 758 1620 795 aliquid
1650 760 1772 796 contigit,
1795 759 1838 786 vel
1862 759 1970 797 aliquod
1993 759 2035 786 da-

1197 811 1285 827 mnum
1304 799 1390 827 fatale.
1415 800 1445 828 l'r.
1465 803 1489 828 5.
1512 801 1534 835 §.
1553 803 1577 828 4.
1598 802 1725 829 commod.
1742 804 1782 829 13.
1793 804 1817 830 6.
1837 802 1909 829 Paulv·
1929 802 1993 829 HA.
2011 802 2035 836 §.

1196 846 1221 871 2.
1260 843 1289 870 Si
1309 843 1402 870 domus
1421 843 1504 880 legata
1523 844 1645 871 incendio
1666 845 1877 882 conflagraverit,
1901 850 1945 872 aut
1961 846 2036 872 ruina

1196 887 1314 924 perierit,
1340 886 1402 913 licet
1423 891 1515 924 postea
1540 889 1701 915 restituatur.
1725 888 1762 915 lb.
1785 888 1827 916 llI.
1851 890 1874 915 6.
1901 889 1923 923 §.
1942 890 1984 916 31.
2003 888 2034 916 sr.

1199 932 1238 957 19.
1257 931 1279 964 ξ.
1299 931 1323 956 6.
1343 929 1420 956 locat.
1442 931 1523 957 19..2.
1560 929 1589 956 Si
1608 931 1714 957 vendita
1737 931 1822 958 insula
1841 931 1977 958 combusta
1996 941 2035 958 es-

1197 978 1251 1005 set3
1272 983 1329 1000 cum
1349 972 1498 999 incendium
1516 974 1573 999 sine
1592 973 1667 1011 culpa
1687 974 1744 1001 fieri
1763 985 1816 1001 non
1834 976 1922 1012 possit
1940 979 1989 1001 etc.
2004 974 2034 1001 fr.

1198 1018 1238 1043 ll.
1263 1015 1296 1042 de
1319 1016 1401 1053 peric.
1427 1020 1453 1042 et
1476 1025 1567 1043 comm.
1592 1018 1632 1043 18.
1656 1018 1680 1043 6.
1716 1017 1864 1054 lnquilinos
1888 1017 2036 1050 admonere,

1197 1069 1230 1086 ne
1248 1058 1405 1095 negligentia
1425 1058 1510 1095 aliqua
1529 1058 1644 1086 incendii
1664 1069 1741 1086 casus
1761 1061 1867 1087 oriatur.
1887 1060 1919 1087 sr.
1931 1062 1956 1087 3.
1975 1061 1997 1095 §.
2011 1062 2035 1087 4.

1197 1102 1230 1129 de
1249 1102 1292 1128 off.
1313 1101 1366 1128 Prf.
1385 1100 1459 1138 Vigg.
1480 1103 1502 1128 l.
1524 1103 1564 1128 15.
1584 1101 1615 1129 cf.
1635 1101 1666 1129 fr.
1685 1104 1710 1130 9.
1729 1103 1751 1136 §.
1770 1104 1796 1129 3.
1815 1102 1846 1130 fr.
1860 1105 1900 1130 11.
1920 1103 1942 1137 §.
1957 1105 1979 1130 l.
1998 1102 2036 1130 lo-

1197 1150 1246 1172 cat.
1268 1146 1307 1172 19.
1326 1147 1351 1171 2.
1388 1144 1507 1171 Fortuita
1525 1144 1658 1178 incendia,
1683 1156 1749 1182 quac
1768 1160 1800 1165 ——
1819 1145 1938 1183 adusque
1955 1147 2037 1173 vicini

1197 1198 1273 1224 agros
1297 1187 1418 1215 evadunt.
1442 1186 1515 1214 Paul.
1539 1187 1572 1215 V.
1596 1189 1638 1215 20.
1662 1188 1684 1222 ᾗ.
1708 1190 1733 1215 3.
1757 1188 1787 1215 sr.
1813 1190 1853 1215 ll.
1878 1188 1911 1215 de
1932 1189 2035 1216 incend.

1198 1232 1279 1258 ruina.
1299 1233 1341 1258 47.
1353 1232 1377 1257 9.
1415 1230 1469 1266 Qui
1488 1230 1546 1257 data
1566 1241 1644 1268 opera
1663 1232 1689 1258 in
1709 1232 1814 1258 civitate
1832 1231 1983 1259 incendium
2000 1232 2036 1259 fe-

1198 1279 1296 1302 cerunt.
1317 1273 1387 1300 Coll.
1401 1273 1455 1300 LL.
1469 1273 1502 1300 llI.
1517 1273 1574 1301 XII.
1594 1276 1618 1301 5.
1637 1273 1702 1301 Paul
1723 1274 1756 1301 V.
1769 1276 1794 1301 3.
1814 1275 1838 1309 ξ.
1850 1276 1874 1302 6.
1911 1274 1965 1310 Qui
1979 1285 2036 1302 coe-

1197 1323 1264 1349 tum,
1284 1326 1453 1349 concursum,
1473 1316 1588 1349 turbam,
1608 1317 1777 1349 seditionem,
1801 1317 1952 1344 incendium
1969 1317 2036 1345 fece-

1197 1362 1239 1387 rit.
1258 1360 1296 1387 lb.
1308 1359 1340 1386 V.
1358 1360 1400 1386 26.
1421 1360 1442 1394 §.
1461 1361 1486 1386 3.
1506 1359 1538 1387 ef.
1556 1359 1588 1386 fr.
1607 1362 1631 1386 5.
1650 1370 1690 1398 pr.
1710 1360 1742 1387 ad
1761 1360 1790 1387 L.
1810 1360 1858 1387 Iul.
1877 1360 1910 1387 de
1928 1362 1955 1388 vi
1972 1361 2036 1398 pub.

1197 1404 1238 1430 48.
1257 1404 1282 1430 6.
1307 1402 1337 1430 fr.
1358 1404 1380 1429 1.
1400 1413 1439 1441 pr.
1465 1402 1497 1430 ad
1519 1402 1548 1429 L.
1574 1402 1654 1430 Corn.
1679 1403 1712 1430 de
1738 1404 1814 1430 sicar.
1833 1405 1874 1430 48.
1894 1404 1917 1430 8.
1955 1403 2036 1440 Quod

1198 1446 1312 1474 incendii
1331 1445 1489 1473 defendendi
1513 1455 1590 1473 causa
1614 1446 1710 1473 factum
1733 1457 1786 1473 nou
1809 1447 1851 1473 sit.
1875 1446 1905 1473 fr.
1926 1448 1949 1473 7.
1969 1447 1991 1481 §.
2011 1449 2035 1474 4,

1198 1490 1249 1526 Qu.
1269 1490 1296 1516 vi
1315 1494 1359 1516 aut
1377 1488 1410 1516 cl.
1429 1490 1470 1515 43.
1494 1490 1537 1515 24.
1562 1488 1594 1515 cf.
1618 1488 1648 1516 fr.
1667 1490 1709 1516 49.
1732 1490 1755 1523 §.
1775 1492 1798 1516 1.
1822 1489 1854 1516 ad
1873 1488 1903 1516 L.
1922 1489 1991 1526 Aqu.
2011 1491 2035 1517 9.

1197 1536 1222 1560 2.
1258 1533 1310 1565 Ea,
1330 1548 1363 1552 —
1382 1532 1479 1569 quibus
1503 1531 1596 1559 domus
1616 1533 1741 1559 munitior
1763 1531 1806 1559 vel
1825 1536 1880 1558 tuta
1899 1531 1930 1558 ab
1950 1533 2036 1560 incen—

1198 1576 1241 1602 dio
1261 1580 1414 1613 praestatur.
1437 1574 1509 1601 Paul.
1523 1574 1565 1601 III.
1586 1576 1609 1601 6.
1630 1575 1651 1609 §.
1671 1577 1712 1602 56.
1732 1574 1764 1602 cf.
1784 1575 1814 1602 fr.
1829 1577 1869 1602 12.
1888 1575 1926 1609 §§.
1941 1577 1980 1602 16.
1995 1577 2035 1603 18.

1198 1619 1230 1646 de
1249 1620 1325 1645 instr.
1344 1618 1392 1654 leg.
1412 1619 1453 1644 33.
1474 1619 1497 1644 7.
1529 1633 1561 1637 -
1593 1618 1624 1651 §.
1644 1620 1681 1645 3.
1701 1620 1870 1650 Exitium,
1891 1619 2036 1645 Calami-

1197 1669 1254 1689 tas.
1291 1661 1336 1695 Ill.
1362 1662 1428 1688 Gn.
1448 1660 1524 1695 Quos
1543 1661 1612 1687 iuter
1629 1660 1749 1687 incendia
1768 1660 1915 1697 tyrannidis
1935 1660 2037 1688 adsum-

1197 1710 1238 1731 tae
1257 1703 1344 1732 fidelis
1364 1702 1508 1741 poenitudo
1528 1704 1669 1731 revocavit.
1695 1702 1744 1730 Th.
1764 1703 1795 1730 C.
1820 1703 1864 1730 lx.
1884 1705 1926 1731 38.
1951 1714 1972 1731 c.
1994 1706 2034 1731 11.

1197 1747 1230 1774 de
1248 1747 1346 1783 indulg.
1367 1747 1439 1773 crim.

1232 1790 1461 1818 Incensitus.
1485 1791 1548 1822 Qui
1566 1791 1701 1815 nondum
1720 1791 1905 1824 inscriptus
1923 1796 1971 1817 est
1989 1796 2036 1818 ta·

1196 1835 1281 1861 bulis
1299 1833 1516 1860 censualibus.
1554 1831 1596 1858 Ill.
1620 1833 1686 1859 (711.
1705 1831 1746 1858 Ex
1765 1832 1910 1864 incensitis,
1931 1832 1975 1866 [al.
1998 1834 2036 1860 in-

1197 1876 1335 1908 censibus,
1355 1885 1379 1902 v.
1398 1874 1573 1908 incessibus‚]
1598 1874 1640 1901 vel
1660 1874 1880 1907 accrescentibus,
1900 1875 2033 1912 compleri.

1198 1919 1246 1947 Th.
1268 1919 1299 1946 C,
1318 1918 1351 1945 X.
1370 1920 1412 1944 23.
1433 1927 1454 1944 c.
1476 1919 1498 1944 l.
1518 1917 1551 1944 de
1570 1917 1673 1944 classic.
1694 1916 1725 1944 cs.
1746 1916 1801 1944 Vll.
1822 1919 1862 1944 13.
1882 1928 1903 1944 c.
1923 1919 1946 1944 7.
1965 1918 1987 1952 §.
2007 1919 2033 1945 3.

1197 1963 1230 1990 de
1249 1964 1326 1989 tiron.

1232 2007 1429 2032 Incensor.
1469 2005 1532 2037 Qui
1550 2005 1731 2030 incendium
1745 2004 1844 2039 facit.
1881 2002 1900 2029 I.
1914 2003 1976 2037 Sy.
1995 2003 2035 2030 In-

1198 2047 1353 2075 cendiarius.
1374 2046 1415 2073 Cf.
1435 2046 1460 2073 h.
1479 2056 1504 2073 v.
1531 2046 1574 2072 Ill.
1590 2047 1655 2074 Gn.
1679 2045 1805 2072 Messium
1823 2055 1871 2082 per
1890 2044 1979 2073 dolum
1999 2047 2035 2073 in-

1198 2100 1331 2122 censores,
1350 2091 1493 2121 vinearum,
1513 2088 1680 2115 olivarumve.
1706 2087 1778 2115 Paul.
1799 2087 1830 2114 V.
1850 2090 1891 2115 20.
1916 2089 1938 2123 §.
1957 2091 1982 2115 5.
2002 2089 2034 2116 cs.

1198 2133 1228 2160 fr.
1250 2135 1289 2160 16.
1309 2133 1331 2167 §.
1351 2134 1374 2159 9.
1395 2131 1427 2158 de
1446 2141 1522 2169 poen.
1542 2134 1584 2158 48.
1605 2132 1644 2158 19.

1234 2178 1431 2203 Incensus
1469 2174 1608 2207 (Adiect.)
1647 2176 1708 2207 Qui
1726 2183 1849 2201 censum
1870 2176 2035 2212 subterfu-

1195 2221 1256 2255 git.
1293 2218 1335 2245 llI.
1360 2219 1426 2246 011.
1463 2216 1531 2244 Cum
1554 2218 1677 2244 incensus
1701 2216 1795 2253 aliquis
1825 2218 1943 2244 venierit.
1973 2217 2034 2256 le.

1199 2261 1243 2289 XI.
1264 2263 1303 2288 ll.

1234 2305 1424 2332 Incertus.
1462 2303 1591 2336 (Adieet.)
1627 2303 1657 2336 §.
1671 2304 1705 2329 1.
1727 2304 1794 2329 Non
1808 2304 1948 2338 firmus,
1968 2305 2034 2331 Du-

1198 2350 1274 2375 bius.
1295 2347 1313 2374 I.
1334 2348 1396 2381 Sy.
1415 2346 1579 2381 Ambiguum,
1598 2344 1727 2371 Incertum
1748 2346 1795 2371 ius.
1816 2355 1837 2372 c.
1858 2346 1897 2372 18.
1917 2356 1956 2383 sq.
1976 2346 2034 2374 sam.

1200 2392 1292 2417 ercisc.
1315 2391 1340 2416 3.
1365 2391 1408 2416 36.
1433 2389 1464 2416 cl'.
1489 2388 1518 2415 sr.
1542 2390 1566 2414 2.
1591 2388 1628 2421 §§.
1655 2390 1676 2414 l.
1700 2390 1723 2414 3.
1749 2388 1782 2415 de
1806 2388 1839 2414 Ο.
1858 2388 1877 2414 Ι.
1898 2390 1920 2415 1.
1939 2391 1963 2416 2.
2000 2389 2034 2421 Is,

1201 2444 1277 2470 quem
1298 2434 1454 2469 ignoramus.
1475 2430 1506 2457 fr.
1525 2432 1567 2457 39.
1587 2431 1609 2464 §.
1628 2433 1651 2457 3.
1673 2431 1704 2457 de
1719 2430 1750 2458 V.
1770 2431 1797 2457 S.
1817 2433 1858 2458 50.
1880 2433 1920 2458 16.
1957 2431 2034 2470 Spes.

1200 2476 1330 2503 Incertum
1348 2476 1394 2502 rei.
1413 2475 1443 2501 l'r.
1464 2475 1503 2499 ll.
1524 2472 1556 2499 de
1575 2473 1664 2500 hered.
1683 2484 1707 2500 v.
1727 2479 1776 2501 act.
1789 2473 1865 2501 vend.
1881 2475 1920 2501 18.
1934 2477 1958 2501 4.
1986 2474 2034 2502 Fu-

1202 2524 1266 2550 tura,
1286 2518 1394 2545 Incerta.
1413 2516 1462 2543 Th.
1483 2516 1514 2543 C.
1534 2516 1604 2542 XVI.
1626 2518 1665 2543 10.
1685 2526 1706 2543 c.
1727 2518 1749 2543 7.
1769 2527 1790 2543 c.
1804 2519 1828 2544 9.
1849 2516 1881 2543 de
1894 2527 1982 2554 pagan.
2001 2516 2033 2543 II.

1203 2564 1269 2596 01).
1289 2560 1388 2587 Incerta
1408 2560 1505 2596 opinio.
1526 2575 1556 2580 -—
1578 2558 1687 2586 Certum
1706 2559 1853 2586 consilium.
1873 2559 1914 2586 Cf.
1934 2570 1958 2586 v.
1972 2559 2034 2586 Cer-

1202 2610 1252 2631 tus.
1272 2604 1294 2638 §.
1315 2605 1337 2629 1.
1378 2602 1460 2629 Matre
1485 2602 1590 2638 quidem
1616 2607 1699 2634 certa,
1724 2607 1798 2639 patre
1823 2607 1908 2629 autem
1934 2604 2034 2629 incerto

1202 2648 1262 2674 nati.
1283 2645 1342 2682 le.
1363 2644 1406 2671 lv.
1426 2647 1449 2671 2.
1479 2645 1519 2671 Ill.
1535 2647 1600 2673 Cn.
1619 2645 1703 2681 Neget
1721 2646 1789 2681 quis,
1808 2655 1838 2672 an
1858 2649 1940 2671 taccat
1957 2645 2034 2671 inter-

1201 2693 1314 2725 rogatus,
1334 2698 1365 2714 an
1389 2688 1501 2714 obscure
1525 2687 1696 2725 respondeat,
1721 2692 1749 2714 ut
1772 2689 1898 2714 incertum
1922 2686 2034 2714 dimittat

1201 2734 1425 2767 interrogatorem.
1445 2731 1476 2757 fr.
1497 2733 1537 2757 ll.
1560 2731 1581 2765 ξ,
1602 2732 1624 2757 7.
1651 2730 1684 2757 de
1707 2731 1795 2757 interr.
1819 2731 1845 2756 in
1867 2730 1930 2755 inre.
1952 2731 1990 2757 ll.
2011 2732 2033 2756 l.

1203 2775 1256 2809 Qui
1276 2773 1308 2800 de
1328 2778 1396 2800 statu
1416 2784 1463 2801 suo
1484 2775 1598 2800 incertus
1618 2778 1666 2800 est.
1687 2772 1747 2810 le.
1766 2772 1824 2799 XX.
1846 2772 1885 2797 ll.
1922 2771 2034 2800 Vbicun-

1204 2827 1254 2853 que
1273 2817 1366 2843 merito
1386 2819 1444 2853 quis
1464 2818 1579 2843 incertus
1598 2821 1647 2848 est,
1666 2826 1741 2853 quani
1755 2819 1853 2852 partem
1867 2815 1987 2843 vindicet.
2003 2816 2033 2843 fr.

2011 2861 2032 2885 1.
