2197 3121
274 156 338 187 226

276 237 309 264 de
331 248 382 265 rec.
407 248 450 275 qu.
475 238 528 265 arb.
554 240 577 265 4.
597 240 622 264 8.
664 237 707 264 ΙΙΙ.
729 239 795 266 Gn.
824 238 905 274 Quod
924 238 1062 266 Praetores
1082 239 1120 265 in-

275 280 462 311 troduxerunt.
483 281 636 308 adiuvandi.
660 280 702 307 vel
722 280 878 318 supplendi,
902 281 945 308 vel
969 281 1118 318 corrigendi
1139 307 1140 310 ,

274 325 339 351 iuris
359 324 444 350 civilis
464 325 553 360 gratia.
579 324 609 350 fr.
630 325 652 349 7.
673 324 738 358 5.1.
761 324 793 350 de
812 323 830 351 1.
851 329 877 350 ct
895 324 912 351 I.
934 326 956 351 l.
978 326 1000 351 l.
1032 323 1116 361 Leges

275 371 301 393 et
320 368 459 403 corrigere,
479 368 501 393 si
522 376 588 403 opus
608 371 688 398 esset,
708 372 734 393 et
752 368 928 405 interpretari.
954 367 984 394 fr.
1003 369 1027 394 2.
1048 368 1070 402 5.
1090 369 1115 394 4.

274 408 306 436 de
326 409 358 435 0.
379 409 396 436 1.
423 411 490 436 1.2.
537 409 649 435 Laesum
673 410 742 436 enim
765 411 807 437 ius
832 426 864 430 -—
890 411 1042 446 corrigitur,
1067 420 1115 438 nec

274 462 325 478 non
345 457 369 478 et
389 451 516 478 adversus
536 462 582 478 eos
602 454 765 479 succurritur
783 458 832 480 etc.
866 452 896 479 fr.
919 455 940 479 1.
959 463 999 490 pr.
1019 464 1051 481 ex
1071 464 1114 491 qu.

273 505 294 521 c.
314 496 404 521 maior.
424 497 447 521 4.
467 497 491 521 (5.
528 495 562 521 Et
579 496 636 521 sine
649 495 827 533 adpellatione
840 512 873 516 -
887 497 1044 523 sententiam
1058 498 1113 523 eius

273 539 367 574 corrigi
387 548 475 575 posse.
505 537 535 564 sr.
555 540 579 564 2.
600 548 612 564 a
633 539 704 575 quib.
725 539 821 576 appell.
840 540 882 565 49.
901 541 926 565 2.
952 538 982 566 fr.
1004 541 1027 566 l.
1047 540 1112 574 5.1.

272 580 324 616 Qu.
344 586 410 606 sent.
430 582 488 607 sine
506 591 566 618 app.
586 582 628 608 49.
648 584 671 608 8.
692 598 724 602 -
749 583 780 616 ξ.
801 583 836 609 2.
866 584 1034 615 Coe'rcere,
1054 584 1113 609 Ca-

270 626 406 658 stigare.
452 623 470 650 l.
495 625 557 659 Sy.
594 624 699 652 Punire.
728 624 778 651 Th.
802 625 833 651 C.
857 625 902 652 IX.
922 627 963 652 13.
990 636 1011 652 c.
1033 627 1056 652 1.
1080 625 1113 652 de

271 665 371 692 emend.
396 668 538 704 propinqu.
580 667 623 694 III.
649 669 716 695 (711.
744 667 895 694 Praefectus
915 667 961 695 Vr.
981 668 1047 695 adiri
1071 679 1113 695 so-

270 708 314 741 let,
335 713 360 735 ct
378 719 426 746 pro
446 710 525 737 modo
545 711 668 747 querelae
693 712 824 747 corrigere
850 721 921 743 eum,
945 716 989 738 aut
1008 713 1113 738 commi-

269 752 333 783 nari.
353 757 397 778 aut
416 752 532 780 fustibus
551 755 691 790 castigare.
716 759 760 780 aut
783 754 894 781 ulterius
917 755 1062 792 procedere
1085 756 1111 782 in

268 804 353 832 poena
373 796 429 822 eius
450 795 527 822 solet.
547 796 577 822 fr.
590 798 698 831 1.5.10.
718 796 751 823 de
764 797 928 825 off.Prf.Vr.
948 801 970 825 1.
986 800 1026 825 12.
1058 798 1111 833 Qui

269 837 425 875 disciplinae
444 839 574 876 publicae.
594 845 619 865 et
639 840 801 877 corrigendis
819 841 938 868 moribus
956 841 1112 879 praeficiun-

268 886 318 908 tur.
347 882 378 908 fr.
400 884 439 909 ls.
464 883 486 916 5.
507 884 528 908 7.
554 882 586 909 dc
606 892 674 909 mun.
696 888 721 909 et
740 883 800 910 hon.
826 886 868 911 50.
887 887 911 911 4.
954 884 1110 921 Corrigendi

267 925 361 952 animo.
381 930 425 951 aut
445 925 608 953 emendandi.
627 926 775 954 verberare.
807 926 837 954 fr.
858 929 898 954 15.
919 928 940 962 5.
959 929 1002 954 38.
1022 928 1054 955 de
1073 929 1110 955 in-

266 969 315 994 iur.
335 970 376 994 47.
400 970 438 994 10.
463 968 495 994 cf.
516 968 566 995 Th.
581 968 612 995 C.
632 968 649 995 1.
669 969 686 996 l.

302 1011 517 1044 Corripere.
557 1013 836 1046 Comprehendere.
878 1013 920 1040 III.
946 1015 1012 1041 Cu.
1042 1013 1110 1040 Invi-

265 1053 408 1090 gilantibus
427 1070 460 1073 —
481 1054 577 1081 officiis
595 1055 724 1092 publiciS,
743 1056 894 1093 ubicunque
913 1061 1051 1094 correptus
1070 1067 1109 1083 se-

264 1097 369 1123 veritati
389 1096 483 1123 iudicis
503 1097 636 1124 offeratur.
665 1097 715 1125 Th.
731 1098 762 1125 C.
782 1098 838 1126 Vll.
860 1101 899 1126 18.
921 1110 942 1126 c.
956 1101 980 1125 4.
999 1100 1021 1133 5
1035 1101 1059 1126 3.
1075 1099 1108 1126 de

265 1139 393 1166 desertor.
413 1140 445 1166 cs.
466 1139 534 1166 VIII.
553 1143 578 1166 5.
593 1150 614 1166 c.
630 1142 652 1167 1.
674 1141 707 1167 de
721 1152 800 1168 cursu
813 1142 875 1179 pub.
914 1142 1022 1180 Corripi
1035 1153 1108 1180 prae-

264 1183 390 1220 eipimuS,
415 1188 440 1209 et
460 1188 599 1210 contusum
618 1183 727 1221 plumbo
746 1201 779 1205 —
799 1185 894 1212 exsiho
914 1187 1038 1213 coerceri.
1068 1186 1106 1213 lb.

262 1225 333 1252 XVI.
353 1228 376 1252 5.
398 1236 419 1252 c.
439 1227 480 1252 53.
500 1225 533 1252 de
551 1226 674 1254 haeretic.

300 1269 522 1300 ron-ivam,
549 1280 569 1296 s.
591 1270 812 1298 Conrivare.
849 1273 886 1299 In
909 1275 1037 1299 eundem
1059 1275 1106 1299 ri-

264 1321 332 1338 vum
353 1314 511 1339 deducere.
549 1312 591 1339 III.
613 1314 679 1340 Gn.
707 1313 736 1340 Si
756 1324 849 1351 aquam
869 1317 1001 1348 conrivat,
1020 1316 1063 1343 vel
1083 1317 1106 1343 si

262 1364 383 1391 spurcam
403 1356 462 1391 quis
487 1356 616 1382 immittat.
647 1356 678 1384 fr.
696 1358 721 1384 3.
740 1367 780 1394 pr.
809 1358 841 1384 cf.
861 1358 892 1385 fr.
912 1360 934 1385 l.
961 1359 998 1393 55.
1019 1360 1043 1386 4.
1062 1361 1104 1385 22.

262 1397 295 1424 de
313 1407 379 1434 aqua
399 1403 425 1423 et
444 1408 502 1434 aqu.
522 1399 594 1436 pluv.
614 1401 655 1426 39.
675 1401 698 1426 3.

298 1441 567 1469 corroborare.
607 1444 827 1479 Confirmare.
864 1444 907 1471 III.
925 1446 991 1473 Gn.
1015 1445 1039 1471 A
1058 1455 1104 1472 no-

261 1484 302 1510 bis
323 1489 373 1510 tam
393 1483 550 1511 laudandum
576 1496 652 1522 quam
677 1486 900 1514 corroborandum
924 1488 1103 1522 (Silanianum

260 1526 288 1553 S.
310 1526 367 1559 C.).
398 1538 419 1554 c.
441 1529 480 1554 ll.
505 1527 538 1554 de
557 1528 581 1554 h.
603 1539 645 1565 qu.
666 1534 695 1555 ut
712 1528 810 1566 indign.
829 1531 853 1557 G.
873 1532 914 1557 35.
953 1531 1030 1567 Quae
1048 1533 1101 1564 (sc.

259 1571 406 1604 sententia)
436 1572 626 1607 provocatione
654 1581 784 1609 suspensa
808 1583 860 1599 non
883 1575 930 1605 sit,
959 1574 1001 1601 vel
1027 1585 1101 1612 quae,

258 1618 400 1650 postquam
420 1614 498 1640 fuerit
517 1614 692 1651 adpellatum,
712 1615 882 1642 corroborata
901 1616 988 1644 suerit.
1018 1628 1039 1644 c.
1060 1620 1100 1644 11.

259 1655 291 1682 de
310 1655 340 1682 R.
362 1655 393 1682 C.
418 1658 441 1683 4.
465 1659 485 1683 1.
528 1657 557 1683 Si
582 1668 630 1694 per
654 1659 707 1684 vim
726 1674 758 1678 -—
777 1659 894 1685 venditio
919 1671 932 1686 a
956 1660 1034 1687 vobis
1059 1671 1101 1688 ex-

258 1704 326 1725 torta
347 1704 400 1726 est.
426 1705 451 1726 et
474 1710 527 1726 non
550 1706 644 1738 postea
668 1711 724 1728 eam
747 1712 878 1728 consensu
898 1704 1100 1732 corroborastis.

258 1752 279 1768 c.
300 1744 324 1768 4.
345 1742 376 1769 de
397 1742 421 1768 h.
443 1753 485 1779 qu.
506 1744 539 1770 vi.
564 1746 588 1770 2.
607 1746 649 1771 20.

293 1786 493 1813 corruere.
532 1788 670 1814 collabi.
707 1787 726 1814 l.
747 1789 808 1822 Sy.
836 1787 931 1815 Ruere.
960 1788 990 1816 fr.
1006 1792 1046 1816 17.
1067 1790 1100 1817 de

257 1827 289 1854 N.
309 1828 341 1854 (ι’.
360 1830 385 1855 3.
405 1831 428 1855 5.
461 1828 490 1855 l'r.
512 1831 551 1856 19.
577 1830 599 1864 5.
619 1831 643 1857 6.
664 1830 741 1858 locat.
762 1833 801 1858 19.
821 1833 845 1858 2.
874 1832 906 1858 fr.
927 1833 950 1858 7.
975 1833 996 1866 5.
1017 1834 1040 1859 2.
1068 1833 1098 1860 fr.

258 1873 298 1897 44.
318 1881 357 1908 pr.
379 1871 411 1897 de
430 1871 514 1898 damn.
537 1872 580 1899 ius.
600 1875 642 1900 39.
661 1876 686 1900 2.
723 1874 862 1901 Decidcre.
891 1874 921 1901 fr.
942 1877 964 1902 7.
990 1875 1011 1909 5.
1031 1878 1056 1902 2.
1080 1876 1097 1903 l.

256 1915 297 1940 39.
318 1917 341 1940 2.
380 1914 422 1940 IlI.
443 1916 509 1942 (711.
540 1916 569 1942 Si
589 1916 701 1943 insulam
720 1917 907 1944 aedificandam
926 1917 1052 1951 locasses,
1073 1925 1098 1946 et

257 1956 343 1983 solum
368 1958 520 1984 corruisset.
550 1958 580 1985 fr.
599 1961 641 1985 33.
662 1959 738 1986 locat.
764 1962 804 1987 19.
823 1963 847 1986 2.
885 1960 914 1987 Si
934 1971 994 1997 ager
1012 1966 1097 1989 terrae

256 2005 327 2026 motu
348 2001 382 2026 ita
402 2002 539 2033 corruerit,
560 2007 588 2028 ut
608 2012 736 2039 nusquam
756 2004 798 2029 sit.
819 2002 849 2029 fr.
866 2005 904 2029 15.
925 2004 946 2037 5.
960 2006 984 2030 2.
1005 2005 1040 2031 ib.
1056 2007 1095 2032 19.

255 2046 279 2069 2.
317 2043 345 2069 Si
366 2053 416 2080 qua
435 2048 520 2070 tamen
540 2050 671 2071 vetustate
691 2047 852 2072 corruissent
877 2047 926 2079 (sc.
947 2047 1036 2080 tecta).
1064 2048 1094 2075 fr.

256 2088 279 2112 7.
299 2087 321 2120 5
339 2089 363 2112 2.
389 2086 421 2113 de
441 2088 507 2114 usul'.
529 2089 551 2114 7.
572 2090 593 2114 1.
630 2088 719 2115 Aedes
742 2094 905 2122 corruerunt,
925 2089 967 2116 vel
988 2095 1095 2117 exustae

255 2134 324 2155 sunt.
351 2129 380 2155 sr.
401 2132 424 2156 5.
444 2131 466 2164 5.
486 2133 509 2157 2.
530 2132 582 2166 Qu.
602 2131 670 2158 mod.
691 2132 773 2158 usust.
794 2134 817 2159 7.
837 2134 860 2159 ⁴.

290 2173 553 2206 Con-rumpere.
583 2174 613 2207 §-
630 2176 664 2201 1.
685 2176 889 2210 Depravare,
910 2177 1094 2204 Deseruere.

254 2215 272 2242 I.
292 2216 354 2250 Sy.
386 2215 524 2252 Rumpere.
554 2217 584 2244 fr.
603 2219 645 2244 27.
666 2218 748 2251 513.
769 2218 801 2244 ad
814 2217 843 2244 L.
858 2218 926 2255 Aqu.
947 2221 970 2245 9.
989 2222 1013 2246 2.
1044 2220 1096 2246 De-

254 2259 336 2285 terius
357 2259 427 2286 lieri.
448 2259 588 2297 Corrumpi
609 2260 641 2287 ad
660 2271 744 2288 usum.
771 2262 801 2287 l‘r.
821 2264 844 2287 2.
865 2262 902 2295 55.
921 2263 963 2288 31.
984 2272 1042 2299 sqq.
1062 2273 1095 2289 ne

255 2311 298 2338 qu.
318 2302 343 2327 iu
364 2300 422 2327 loco
442 2302 504 2337 pub.
524 2304 565 2328 43.
580 2306 604 2329 8.
642 2304 683 2330 ΙΙΙ.
701 2306 766 2332 Gn.
790 2304 879 2341 Ipsum
899 2305 961 2341 quid
981 2315 1095 2332 corrum-

254 2354 316 2381 pere
336 2348 361 2370 et
380 2349 493 2375 mutare.
519 2350 546 2370 ut
571 2345 612 2372 lex
631 2347 737 2384 Aquilia
762 2347 848 2374 locum
868 2347 969 2374 habeat.
1001 2348 1031 2374 sr.
1051 2351 1093 2376 27.

253 2387 275 2421 5.
298 2388 336 2413 14.
362 2386 378 2413 l.
403 2388 427 2413 9.
447 2388 470 2413 2.
518 2387 545 2413 lu
571 2389 692 2416 omuibus
717 2390 796 2417 rebus
826 2390 968 2417 mobilibus
988 2391 1093 2418 modum

254 2440 312 2456 eum
331 2435 421 2456 tenere
440 2430 545 2461 debere,
564 2440 596 2456 ne
615 2442 660 2458 sua
681 2433 782 2460 feritate
801 2433 844 2460 vel
862 2435 970 2460 saevitia
989 2444 1018 2460 ea
1038 2444 1094 2461 cor-

253 2478 362 2510 rumpat.
393 2473 423 2499 fr.
446 2475 484 2499 15.
505 2474 526 2507 5.
546 2475 572 2499 3.
591 2473 623 2499 de
643 2475 709 2501 usuf.
730 2477 752 2502 7.
776 2478 796 2503 1.
834 2476 872 2509 Si,
893 2487 958 2513 quae
977 2478 1093 2504 instituit

254 2516 475 2547 ususrnctuarius.
499 2521 543 2543 aut
569 2517 667 2543 caelum
694 2525 861 2557 corrumpant
885 2521 951 2556 agri,
975 2525 1018 2546 aut
1041 2530 1092 2546 ma-

253 2567 330 2591 gnum
350 2559 501 2595 adparatum
521 2560 574 2585 sint
593 2559 780 2587 desideratura.
810 2562 839 2588 l'r.
861 2564 900 2589 13.
921 2563 943 2597 5.
963 2564 986 2589 6.
1012 2563 1046 2589 ib.
1067 2565 1090 2589 7.

256 2602 277 2626 l.
315 2600 450 2637 Siligiuem
474 2602 609 2629 miscendo
634 2604 797 2639 corrupisse.
823 2610 899 2641 atque
924 2607 957 2632 ita
977 2607 1091 2643 pretium

253 2642 364 2677 siliginis
393 2660 423 2663 —
452 2645 586 2672 adflictum
614 2655 680 2671 esse.
715 2646 744 2672 fr.
769 2649 811 2673 31).
841 2648 872 2673 de
898 2648 929 2674 N.
956 2648 987 2675 G.
1016 2650 1040 2675 3.
1065 2651 1088 2675 5.

254 2685 377 2713 Fructus.
405 2692 447 2712 aut
471 2688 535 2715 aliae.
559 2698 601 2714 res
626 2698 692 2724 quae
714 2688 789 2715 facilc
813 2692 944 2727 corrumpi
967 2696 1088 2728 possunt.

253 2728 283 2754 sr.
303 2730 343 2754 (53.
373 2728 404 2753 d·-
423 2739 526 2765 procur.
551 2733 575 2757 3.
595 2733 619 2758 3.
649 2731 678 2757 fr.
700 2733 739 2758 15.
763 2732 785 2765 5
807 2734 828 2758 1.
854 2732 886 2758 de.
909 2732 940 2760 R.
960 2733 992 2760 V.
1021 2735 1044 2761 6.
1066 2736 1088 2760 l.

252 2771 289 2797 Ea
309 2770 436 2797 frumenta
456 2773 528 2799 nives
547 2779 728 2811 corruperunt.
758 2775 788 2801 sr.
807 2776 847 2801 78.
871 2776 893 2809 5.
910 2777 934 2802 3.
959 2775 992 2802 de
1007 2781 1089 2803 contr.

253 2818 312 2840 emt.
326 2816 364 2840 18.
378 2816 400 2840 1.
413 2830 443 2834 —
459 2815 532 2847 §.2.
556 2818 699 2850 Vitiare,
723 2818 868 2850 Violare,
886 2819 1087 2847 Adulterare.

1094 155 1196 188 COR.

1163 238 1182 265 1.
1209 239 1271 273 Sy.
1305 238 1413 265 falsare
1432 239 1575 277 (pondera,
1595 246 1639 268 aut
1657 244 1815 277 mensuras).
1835 244 1866 271 sr.
1885 246 1927 272 32.
1947 246 2006 279 5.1.

1162 281 1195 308 de
1213 280 1243 308 L.
1265 281 1346 308 Corn.
1367 281 1400 308 de
1419 281 1476 309 sals.
1500 285 1542 310 48.
1563 286 1604 311 10.
1641 284 1817 319 subtrahere,
1839 287 1883 314 vel
1906 288 2006 315 interli-

1161 334 1236 356 nere,
1261 324 1358 351 delere.
1395 324 1569 359 Intercidere,
1593 327 1755 360 adulterare,
1780 329 1893 357 turbare.
1940 331 2006 357 Cor-

1138 370 1139 377 *
1160 377 1283 404 rumpere
1307 367 1500 400 (iustrumenta
1520 371 1596 403 etc.).
1626 370 1656 397 fr.
1677 373 1700 397 l.
1727 372 1748 405 5.
1767 373 1792 398 5.
1822 371 1853 398 sr.
1874 374 1914 399 11.
1938 374 1959 407 5.
1983 375 2003 400 l.

1160 409 1192 437 de
1211 419 1290 436 servo
1310 420 1376 437 corr.
1399 412 1439 437 ll.
1459 413 1484 438 3.
1513 411 1544 438 sr.
1563 414 1605 439 42.
1625 413 1657 439 ad
1676 413 1706 440 L.
1726 413 1795 450 Aqu.
1815 415 1839 440 9.
1859 416 1883 441 2.
1912 414 1942 442 fr.
1961 417 2003 442 31.

1159 453 1181 487 5.
1202 455 1225 479 l.
1245 452 1278 479 de
1296 452 1358 480 furt.
1377 455 1419 480 47.
1438 456 1463 480 2.
1500 453 1543 481 ΠΙ.
1559 456 1626 482 Gn.
1655 456 1743 492 Quive
1762 467 1882 484 nummos
1901 468 2003 491 aureos,

1158 501 1297 532 argenteos
1311 496 1507 529 adulteraverit,
1520 497 1622 530 laverit,
1642 499 1805 531 conflaverit,
1825 501 1928 532 raserit,
1947 510 2003 527 cor-

1157 540 1271 576 ruperit,
1296 540 1437 566 vitiaverit.
1466 538 1538 566 Paul.
1558 539 1591 567 V.
1609 543 1651 568 25.
1671 542 1693 576 5.
1715 544 1737 568 l.
1778 542 1818 575 Is,
1843 543 1889 579 qui
1914 542 2004 570 album

1158 583 1264 614 raserit,
1284 583 1446 619 corruperit.
1466 583 1618 616 sustulerit,
1637 586 1790 617 mutaverit,
1815 585 1913 622 quidve
1931 585 2004 613 aliud

1156 626 1324 663 propositum
1343 625 1464 652 edicendi
1483 636 1561 652 causa
1583 627 1737 654 turbaverit.
1765 627 1803 654 Ib.
1822 628 1841 655 Ι.
1863 630 1902 655 13.
1922 629 1955 656 A.
1976 629 2000 664 5.

1156 670 1180 695 3.
1209 668 1241 695 cf.
1262 668 1292 695 sr.
1314 670 1336 695 7.
1356 678 1397 706 pr.
1417 669 1454 703 55.
1474 670 1498 695 2.
1518 671 1542 695 5.
1562 668 1592 696 fr.
1613 671 1637 696 9.
1657 670 1690 697 de
1709 670 1801 697 iurisd.
1820 673 1845 698 2.
1865 674 1889 699 1.
1908 671 1939 699 fr.
1957 673 2000 699 32.

1156 721 1195 749 pr.
1224 711 1258 738 de
1279 710 1310 738 L.
1331 710 1413 738 Corn.
1437 710 1470 738 de.
1494 711 1551 738 fals
1581 713 1624 739 48.
1645 714 1685 739 10.
1731 713 1869 741 Mensuras
1895 714 2001 752 publice

1155 755 1280 792 probatas
1305 770 1337 774 —
1357 764 1538 792 corrumpere,
1563 754 1660 782 dolove
1682 755 1750 782 malo
1770 756 1888 784 fraudem
1907 757 2000 784 facere.

1155 797 1186 824 fr.
1205 799 1247 824 32.
1267 797 1289 831 5.
1309 799 1333 823 l.
1353 797 1388 824 ib.
1409 799 1451 824 43.
1472 800 1513 824 10.
1533 814 1565 817 -
1585 798 1616 832 §-
1637 799 1675 825 3.
1703 800 1834 827 Pessum
1858 802 1943 828 dare.
1980 800 1999 827 I.

1155 842 1217 875 Sy.
1244 840 1412 867 Deteriorem
1431 840 1516 867 facere
1535 841 1674 875 (servum).
1694 840 1725 867 fr.
1747 843 1768 868 l.
1788 852 1828 879 pr.
1849 843 1886 877 55.
1900 844 1925 869 3.
1939 853 1999 880 sqq.

1154 883 1185 910 fr.
1206 885 1246 910 ll.
1273 883 1294 917 5.
1313 884 1338 909 2.
1364 883 1397 909 de
1416 894 1495 910 servo
1515 893 1583 910 corr.
1609 885 1648 910 11.
1668 886 1693 910 3.
1735 883 1777 911 [Π.
1798 886 1865 913 Gn.
1893 885 1933 912 Ne
1952 886 2000 913 hu-

1154 936 1228 953 mana
1252 924 1407 952 credulitate
1431 925 1533 963 publici
1556 936 1643 953 mores
1672 926 1705 953 ad
1729 936 1804 964 spem
1827 927 1938 955 alicuius
1961 929 2000 956 rei

1154 973 1401 1006 corrumperentur,
1424 968 1468 996 vel
1493 974 1563 995 certe
1583 979 1615 996 ex
1634 979 1665 996 eo
1684 970 1829 1007 populares
1848 972 1927 998 animi
1946 976 1998 998 tur-

1153 1012 1286 1039 barentur.
1314 1011 1386 1038 Paul.
1406 1010 1439 1038 V.
1458 1013 1500 1038 21.
1525 1012 1591 1046 5.1.
1634 1011 1763 1047 Quamvis
1787 1013 1998 1041 usufructuarius

1152 1066 1201 1082 uec
1226 1055 1365 1082 contrariis
1392 1054 1497 1091 quidem
1521 1055 1676 1081 ministeriis
1703 1061 1748 1082 aut
1766 1057 1900 1083 inusitatis
1919 1058 1998 1084 artifi-

1152 1099 1220 1125 cium
1240 1098 1296 1124 cius
1315 1107 1484 1134 corrumpere
1502 1098 1597 1134 possit.
1624 1097 1655 1124 fr.
1676 1100 1716 1125 17.
1741 1099 1764 1133 5.
1785 1101 1807 1126 l.
1833 1099 1866 1126 de
1884 1100 1953 1127 usus.
1973 1102 1996 1127 7.

1153 1143 1175 1168 1.
1213 1140 1242 1167 Si
1267 1141 1327 1177 quis
1350 1150 1405 1167 rem
1432 1150 1594 1166 communem
1619 1140 1776 1168 deteriorem
1801 1142 1904 1175 fecerit,
1929 1142 1997 1170 forte

1151 1194 1258 1211 servum
1276 1182 1449 1215 vulnerando,
1470 1187 1514 1209 aut
1532 1184 1645 1209 animum
1665 1185 1721 1211 eius
1741 1185 1943 1222 corrumpendO.
1964 1186 1995 1213 fr.

1151 1228 1175 1254 8.
1195 1228 1217 1262 5.
1237 1229 1262 1254 2.
1283 1236 1374 1254 comm.
1395 1225 1476 1252 divid.
1502 1227 1541 1252 10.
1560 1227 1585 1252 3.
1622 1226 1664 1252 De
1681 1237 1765 1254 servo
1789 1233 1928 1266 corrupto,
1953 1230 1996 1256 vel

1151 1270 1246 1297 ancilla
1265 1269 1435 1306 devirginata,
1455 1269 1498 1296 vel
1519 1279 1596 1296 servo
1611 1274 1730 1307 stuprato
1750 1271 1944 1307 (cognoscere).
1963 1273 1994 1299 t'r.

1150 1315 1192 1340 21.
1212 1313 1245 1340 de
1264 1313 1308 1340 off.
1322 1312 1410 1339 Praes.
1432 1315 1454 1339 1.
1470 1313 1510 1339 18.
1547 1312 1715 1340 Deteriorem
1734 1323 1840 1340 servum
1858 1314 1929 1346 facit,
1949 1317 1995 1352 qui

1150 1356 1236 1394 fugam
1255 1357 1346 1388 suasit,
1367 1361 1392 1383 et
1412 1357 1456 1393 qui
1470 1355 1576 1388 furtum,
1597 1360 1622 1382 et
1636 1357 1680 1393 qui
1693 1366 1780 1383 mores
1794 1358 1849 1384 eius
1864 1367 1995 1395 corpusve

1149 1400 1304 1437 corruperit.
1338 1398 1411 1426 Paul.
1431 1399 1450 1425 I.
1471 1401 1511 1425 13.
1530 1399 1563 1425 A.
1582 1399 1604 1433 5.
1624 1401 1648 1425 5.
1684 1399 1799 1426 Interest
1817 1404 1922 1433 nostra,
1942 1402 1995 1428 ani-

1148 1453 1218 1469 mum
1237 1443 1382 1469 liberorum
1402 1447 1554 1469 nostrorum
1572 1451 1626 1468 non
1645 1443 1787 1480 corrumpi.
1816 1443 1846 1470 l'r.
1867 1445 1908 1471 14.
1928 1444 1950 1478 5.
1970 1446 1992 1471 l.

1149 1486 1181 1512 cl'.
1201 1485 1232 1512 fr.
1253 1487 1293 1512 15.
1314 1485 1347 1512 de
1366 1495 1444 1511 servo
1465 1495 1532 1512 corr.
1554 1486 1594 1511 11.
1613 1486 1638 1511 3.
1657 1501 1691 1505 —
1711 1486 1741 1519 ξ.
1762 1487 1802 1513 4.
1822 1488 1991 1521 Stuprum,

1147 1531 1195 1556 vel
1223 1530 1438 1560 adulterium,
1469 1530 1501 1555 ίη
1528 1538 1604 1554 erre.
1641 1527 1659 1554 I.
1679 1529 1741 1562 Sy.
1769 1528 1884 1556 Violare.
1916 1530 1947 1557 fr.
1966 1532 1990 1557 5.

1147 1572 1179 1598 de
1199 1573 1345 1609 quaestion.
1366 1572 1408 1597 48.
1429 1573 1469 1598 18.
1490 1571 1522 1598 cf.
1542 1570 1573 1597 fr.
1587 1572 1646 1597 225.
1667 1571 1700 1598 de
1715 1571 1746 1598 V.
1761 1571 1788 1598 S.
1808 1574 1850 1599 50.
1871 1574 1911 1599 16.
1947 1573 1990 1600 111.

1147 1616 1213 1642 Cn.
1250 1614 1304 1650 Qui
1323 1614 1460 1641 mulierem
1480 1614 1629 1651 puellamve
1647 1614 1869 1651 interpellaverit,
1893 1616 1991 1653 quidve

1146 1657 1353 1694 corrumpendae
1376 1657 1520 1695 pudicitiae
1544 1658 1626 1693 gratia
1650 1657 1750 1684 fecerit.
1778 1657 1851 1684 Paul.
1871 1658 1903 1686 V.
1923 1661 1947 1686 4.
1967 1660 1989 1694 5.

1147 1702 1186 1726 14.
1224 1699 1253 1726 Si
1273 1715 1306 1719 —
1326 1705 1369 1726 aut
1388 1710 1497 1727 uxorem
1517 1701 1669 1737 corrupisse
1687 1700 1787 1727 domini
1806 1701 1920 1735 dicatur,
1943 1708 1988 1729 aut

1145 1742 1216 1769 aliud
1236 1742 1299 1779 quid
1318 1744 1423 1779 gravius
1443 1743 1591 1770 admisisse.
1612 1743 1642 1770 fr.
1658 1745 1698 1770 16.
1719 1744 1784 1778 5.1.
1805 1744 1837 1771 de
1855 1744 1988 1782 public-an.

1143 1788 1185 1813 39.
1205 1788 1229 1812 4.
1267 1786 1321 1821 Qui
1340 1786 1456 1813 nondum
1475 1788 1650 1823 viripotentes
1669 1787 1784 1824 vIrgines
1808 1794 1987 1826 corrumpunt.

1144 1829 1175 1856 sr.
1195 1831 1237 1855 3⁸.
1257 1829 1279 1863 5.
1299 1830 1322 1855 3.
1343 1829 1376 1855 de
1394 1839 1472 1866 poen.
1492 1831 1534 1856 45.
1556 1831 1596 1855 19.
1616 1845 1649 1848 —
1668 1830 1700 1863 ξ.
1723 1830 1760 1857 5.
1789 1832 1902 1858 Pretio
1922 1838 1988 1858 ten-

1143 1879 1215 1899 tare
1250 1874 1482 1907 iutegritatem
1513 1875 1663 1900 alterius.
1706 1872 1724 1899 I.
1749 1874 1810 1908 Sy.
1838 1873 1985 1901 Redjmere.

1142 1915 1172 1941 fr.
1192 1917 1234 1942 29.
1254 1925 1293 1952 pr.
1319 1914 1351 1941 de
1370 1916 1427 1941 iure
1446 1916 1512 1942 fisci.
1537 1918 1578 1942 49.
1602 1917 1640 1942 14.
1672 1915 1723 1942 Th.
1749 1916 1780 1943 C.
1804 1916 1846 1942 Ill.
1871 1919 1894 1943 5.
1919 1927 1940 1943 c.
1962 1919 1984 1943 7.

1142 1958 1174 1985 de
1193 1957 1310 1995 sponsal.
1329 1958 1372 1984 Ill.
1393 1960 1416 1985 7.
1437 1969 1457 1985 c.
1479 1960 1502 1984 1.
1522 1969 1561 1995 pr.
1582 1958 1614 1984 de
1633 1964 1706 1996 nupt.
1743 1959 1786 1985 111.
1807 1960 1872 1986 Gn.
1893 1959 1922 1986 Si
1937 1960 1985 1987 tibi

1140 2001 1301 2038 probaverit,
1321 2002 1517 2038 conspiratione
1535 2001 1753 2033 adversariorum,
1774 2006 1798 2028 et
1812 2002 1926 2029 testibus
1939 2013 1984 2040 pe-

1141 2045 1215 2070 cunia
1235 2045 1377 2080 corruptis,
1397 2053 1555 2081 oppressum
1574 2054 1641 2070 esse.
1662 2044 1693 2070 l'r.
1707 2046 1749 2070 33.
1769 2044 1801 2070 de
1821 2055 1848 2071 rc
1867 2045 1919 2072 iud.
1938 2049 1982 2073 42.

1142 2089 1163 2113 l.
1193 2087 1224 2114 cf.
1245 2086 1275 2113 fr.
1297 2088 1319 2112 1.
1340 2096 1380 2122 sq.
1405 2086 1438 2112 dc
1463 2086 1524 2113 bon.
1549 2096 1602 2113 eor.
1623 2087 1667 2123 qui
1686 2091 1763 2114 mort.
1788 2090 1829 2114 45.
1849 2090 1891 2116 21.
1929 2089 1983 2125 Qui

1140 2146 1173 2149 —
1191 2129 1317 2161 iudicem,
1342 2134 1369 2155 ut
1388 2130 1544 2155 sententiam
1564 2129 1637 2161 ferat,
1657 2129 1699 2156 vel
1719 2140 1771 2156 non
1790 2130 1869 2163 serat,
1895 2142 1982 2159 corru-

1139 2174 1208 2210 perit
1227 2172 1480 2210 corrumpendumve
1500 2173 1637 2199 curaverit.
1664 2171 1736 2199 Paul.
1758 2172 1788 2199 Υ.
1807 2175 1849 2200 25.
1870 2174 1891 2208 5.
1905 2177 1929 2201 2.
1949 2175 1980 2202 fr.

1139 2219 1162 2242 2.
1183 2216 1204 2250 5
1218 2218 1242 2242 2.
1262 2215 1295 2242 de
1314 2215 1390 2242 cond.
1412 2216 1445 2241 ob
1460 2220 1528 2253 turp.
1550 2226 1570 2241 c.
1594 2217 1631 2241 12.
1645 2217 1669 2241 5.
1705 2215 1851 2249 Arbitrum,
1871 2217 1913 2244 vel
1925 2228 1981 2255 gra-

1139 2260 1190 2285 tiae.
1209 2258 1327 2291 dantem,
1351 2258 1393 2285 vel
1412 2258 1537 2285 sordibus
1558 2263 1723 2295 corruptum,
1748 2259 1790 2286 vel
1809 2260 1858 2287 alia
1878 2271 1928 2298 qua
1947 2273 1980 2289 ex

1139 2312 1229 2334 causa,
1250 2301 1322 2328 nolle
1340 2303 1498 2329 sententiam
1517 2301 1611 2328 dicere.
1640 2301 1670 2328 fr.
1689 2303 1714 2328 3.
1739 2303 1760 2336 5.
1782 2305 1804 2329 l.
1834 2304 1864 2331 sr.
1883 2306 1926 2332 31.
1946 2305 1979 2333 de

1138 2355 1189 2371 rec.
1210 2355 1253 2381 qu.
1273 2344 1327 2371 arb.
1347 2347 1370 2371 4.
1390 2348 1414 2371 ὅ.
1457 2345 1510 2381 Qui
1529 2343 1651 2376 tutelam,
1672 2347 1805 2382 corruptis
1824 2348 1978 2375 ministeriis

1137 2387 1285 2420 PraetoriS,
1305 2388 1478 2414 redemerunt.
1508 2387 1538 2413 l'r.
1557 2388 1581 2413 3.
1607 2387 1690 2420 515.
1715 2387 1747 2414 dc
1766 2399 1839 2427 susp.
1863 2396 1911 2418 tut.
1934 2394 1976 2419 26.

1139 2433 1178 2457 10.
1215 2430 1328 2467 lllalignc
1341 2432 1409 2457 circa
1422 2431 1573 2467 sanguinem
1587 2440 1663 2456 suum
1682 2431 1824 2459 inserentes
1842 2433 1976 2468 iudicium,

1138 2473 1321 2500 novercalibus
1341 2473 1518 2500 delinimentis
1538 2474 1786 2509 instigationibusve
1799 2479 1925 2515 corrupti.
1944 2477 1974 2505 fr.

1136 2518 1160 2543 4.
1181 2516 1213 2543 de
1232 2516 1304 2543 inoff.
1325 2521 1425 2542 testam.
1445 2518 1469 2542 5.
1488 2518 1512 2542 2.
1544 2532 1577 2536 —
1609 2517 1639 2549 §0
1662 2518 1700 2544 (5.
1732 2519 1874 2551 Tollere,
1898 2523 1974 2548 Per-

1136 2562 1238 2586 imere.
1269 2559 1286 2585 Ι.
1305 2560 1366 2593 Sy.
1386 2559 1562 2591 Commutare,
1582 2559 1720 2587 Perimere.
1741 2560 1797 2587 Gai.
1811 2561 1829 2588 I.
1845 2564 1902 2589 158.
1914 2564 1970 2589 163.

1135 2602 1234 2629 Vitiare
1254 2601 1472 2637 (obligationem).
1499 2602 1529 2629 sr.
1549 2604 1589 2629 65.
1610 2613 1641 2640 pr
1669 2602 1699 2629 fr.
1719 2605 1758 2630 72.
1775 2614 1814 2641 pr.
1835 2605 1867 2631 de
1888 2604 1917 2631 Υ.
1937 2606 1970 2632 Ο.

1133 2648 1174 2672 45.
1191 2648 1212 2672 1.
1242 2645 1284 2671 ΠΙ.
1303 2646 1368 2672 Cn.
1388 2644 1444 2671 Nec
1463 2646 1531 2672 enim
1550 2647 1691 2683 corrumpi.
1711 2651 1755 2672 aut
1773 2649 1880 2680 mutari,
1900 2647 1971 2684 quod

1133 2693 1204 2715 recte
1217 2692 1376 2715 transactum
1390 2693 1437 2720 est,
1457 2690 1660 2725 superveniente
1674 2689 1770 2716 delicto
1783 2695 1880 2727 potest.
1899 2690 1930 2717 fr.
1944 2693 1969 2717 2.

1133 2731 1166 2758 de
1184 2732 1240 2757 itin.
1261 2736 1346 2767 actuq.
1365 2732 1432 2769 priv.
1452 2733 1492 2758 43.
1509 2734 1549 2759 19.
1586 2731 1814 2760 Fideicommissas
1833 2733 1969 2760 libertates

1132 2790 1165 2794 -
1184 2784 1269 2811 neque,
1287 2784 1359 2801 mora
1378 2784 1429 2801 non
1448 2776 1636 2812 praestantium
1655 2791 1687 2795 —
1707 2777 1850 2813 corrumpi,
1875 2781 1919 2803 aut
1942 2777 1968 2803 in

1132 2817 1289 2845 deteriorem
1312 2822 1408 2844 statum
1432 2818 1550 2855 perduci.
1586 2818 1616 2845 sr.
1640 2820 1683 2846 30.
1712 2819 1798 2852 516.
1823 2818 1855 2845 de
1880 2819 1966 2846 fideic.
