2197 3121
255 192 319 223 392

258 274 351 308 [Sy.
371 272 592 300 Emolumentum.
618 270 648 297 fr.
668 272 693 296 5.
717 279 756 307 pr.
783 268 816 295 de
836 267 923 295 collat.
942 268 985 294 37.
1005 267 1029 293 6.
1066 265 1104 298 Id,

259 316 329 354 quod
350 317 468 343 interest.
489 315 520 341 fr.
540 316 563 340 4.
584 314 606 347 5.
625 316 649 340 2.
671 314 693 339 si
713 313 803 339 servit.
823 314 847 338 8.
867 313 890 337 5.
928 310 971 337 Ill.
991 310 1058 337 Cn.
1078 308 1108 335 In

259 370 327 397 quos
351 361 391 385 ius
416 358 570 394 fructusque
594 356 776 383 transferetur.
799 355 829 381 l'r.
851 356 874 380 1.
900 354 922 388 5.
942 356 958 370 ⁰
987 352 1020 379 ad
1039 351 1107 379 S.C.

260 403 341 430 Treb.
368 403 410 428 36.
438 403 458 427 1.
496 400 538 427 Ad
563 404 717 437 perpetuam
742 397 881 425 utilitatem
905 397 959 432 agri
980 411 1009 416 -
1030 395 1109 432 perti·
1129 412 1131 425 1

1129 433 1130 447 ¹
1152 438 1220 474 Aqu.
1240 438 1264 464 9.
1283 439 1307 464 2.

260 451 328 475 neat.
348 455 380 471 an
400 454 463 471 vern
488 442 518 469 ad
546 443 694 479 praesentis
721 442 781 468 anni
805 440 926 467 fructum.
947 438 977 465 fr.
996 439 1021 464 3.
1042 438 1063 471 5.
1085 439 1107 464 l.
1129 449 1130 471 ι

260 490 292 516 de
311 490 422 525 impons.
442 488 468 513 in
487 496 529 512 res
549 484 603 511 dot.
623 487 664 511 25.
688 487 709 510 l.
748 484 842 511 Annua
863 487 900 508 tot
916 492 948 508 ex
963 481 1050 508 fructu
1062 480 1108 507 bo·
1129 473 1130 497 i

260 542 354 559 norum
374 547 406 551 —-
426 538 570 556 accessura.
596 528 626 554 fr.
651 529 693 554 26.
718 527 740 561 5.
760 530 784 553 2.
810 527 861 561 Qu.
887 524 943 551 dies
968 524 1046 560 legat.
1065 524 1106 549 36.

259 579 284 602 2.
321 575 361 601 Ex
386 574 428 600 die
453 572 554 609 accepti
579 570 669 597 iudicii
694 569 768 607 dupli
794 569 895 595 fructus
915 571 1107 604 computantur.

260 618 333 645 Paul.
354 617 385 643 Υ.
405 618 430 643 9.
449 616 471 650 5.
484 617 508 641 2.
546 613 660 640 Pracdes
681 612 832 639 adversario
852 610 915 637 dare
933 610 988 636 litis
1009 615 1034 636 et
1052 610 1109 635 vin-

261 662 399 691 diciarum,
420 660 436 685 i.
457 668 478 684 e.
504 658 542 684 rei
567 662 592 683 et
616 656 755 683 fructuum.
781 655 838 680 (iai.
859 653 903 680 IV.
926 654 969 680 16.
986 654 1028 680 95.
1050 653 1108 678 166.
1129 645 1131 685 ’Ξ

261 714 320 741 sqq.
358 703 386 730 In
411 702 498 729 fructu
521 700 547 727 id
571 710 631 727 esse
656 698 825 733 intelligitur.
855 696 927 733 quod
947 700 995 722 ete.
1015 695 1046 722 fr.
1066 696 1108 721 42.

261 747 294 774 de
313 757 362 773 usu
383 750 408 772 et
427 743 496 771 usuf.
516 743 564 780 leg.
590 745 631 770 33.
656 745 680 768 2.
719 740 893 767 venationem
913 739 1014 766 fructus
1035 737 1109 765 fundi
1130 738 1131 741 ’

262 800 330 816 esse.
350 789 381 815 fr.
400 789 443 814 26.
464 787 496 814 de
516 797 586 813 usur.
606 788 647 812 22.
670 787 691 811 l.
730 783 842 810 Fructus
862 784 899 809 rei
920 787 974 814 est,
997 781 1053 815 (vel
1072 781 1111 818 pi-

261 833 337 869 gnoti
357 831 419 858 dare
439 830 542 862 licere.)
563 829 593 855 sr.
613 829 655 854 49.
680 827 715 854 ib.
734 828 776 853 22.
805 828 827 852 l.
848 842 878 846 —
901 826 931 859 §.
952 826 989 851 3.
1010 826 1110 860 Effe-

228 876 230 878 ’
261 883 352 908 ctus,
375 876 527 902 Is‘tititas.
554 871 596 898 lll.
609 872 675 898 011.
696 870 906 897 convenientem
925 866 1051 894 desiderii
1070 866 1108 892 tui

262 919 378 946 fructum
397 915 582 954 (reportabis.)
603 924 624 940 c.
639 915 663 939 2.
684 913 717 939 de
736 913 797 939 bon.
818 917 886 939 auct.
906 910 960 938 iud.
980 912 1003 936 7.
1016 911 1056 936 72.
1077 908 1109 935 cf.

262 962 314 989 Th.
334 960 366 988 C.
385 959 455 987 xtll.
476 961 499 984 5.
520 968 540 984 c.
562 959 601 984 12.
623 956 655 983 de
669 955 812 982 navicular.
831 954 1027 982 munificentiae
1047 962 1109 979 suae

262 1006 377 1032 fructum
397 1012 498 1040 capere.
518 1000 548 1027 fr.
566 1002 591 1027 2.
611 1010 650 1037 pr.
676 999 709 1025 de
729 1009 791 1036 opp.
811 997 873 1035 pub.
893 999 935 1023 50.
956 998 996 1022 lo.
1033 994 1111 1022 Libe-

263 1059 307 1075 ros
328 1049 383 1074 eins
404 1045 473 1072 omni
492 1054 576 1081 paene
595 1042 681 1070 fructu
700 1047 811 1080 paterno
826 1039 982 1067 defraudari.
1003 1049 1024 1065 c.
1039 1040 1063 1064 6.
1078 1037 1111 1064 de

263 1094 325 1119 inst.
345 1095 370 1117 et
390 1089 475 1116 subst.
495 1089 519 1113 6.
538 1089 580 1112 25.
601 1103 632 1106 —
653 1086 684 1119 §0
705 1087 744 1112 4.
766 1086 820 1111 Ius
834 1084 982 1119 fruendi.
1003 1081 1021 1107 l.
1048 1082 1110 1115 Sy.

263 1134 368 1162 Vsusfr.
389 1132 419 1159 fr.
439 1134 464 1158 3.
484 1140 524 1166 sq.
544 1129 576 1156 de
596 1138 669 1166 oper.
690 1137 790 1154 servor.
811 1128 834 1153 7.
849 1128 872 1152 7.
893 1125 924 1152 fr.
944 1126 985 1151 43.
1007 1123 1039 1150 de
1059 1124 1111 1150 evi-

263 1179 342 1205 ction.
363 1178 405 1202 21.
425 1177 449 1201 2.
486 1173 517 1200 ll.
538 1174 606 1206 Op.
631 1170 710 1197 Vsus.
730 1169 803 1196 Paul.
824 1168 866 1195 111.
887 1170 910 1195 6.
930 1168 968 1202 55.
987 1169 1030 1194 24.
1050 1176 1110 1203 sqq.

1129 573 1130 587 1
1171 576 1237 592 ere}
1266 588 1270 592 .

1129 568 1216 642 lires.)
1236 577 1266 636 fii.
1288 610 1326 635 13.
1346 610 1367 643 5.
1387 611 1410 635 4.
1432 608 1464 635 de
1483 607 1566 635 nsul'r.
1587 609 1609 635 7.
1631 609 1653 634 1.
1678 607 1708 634 fr.
1730 609 1770 635 16.
1795 608 1860 642 5.1.
1899 608 1951 644 Qu.
1971 609 1998 635 vi

262 1222 294 1248 fr.
314 1222 356 1247 64.
376 1219 408 1245 de
427 1217 458 1244 R.
478 1216 511 1242 V.
531 1216 555 1242 6.
578 1217 600 1241 l.
637 1213 799 1241 Dominium.
825 1211 896 1238 Coll.
921 1210 975 1237 LL.
999 1210 1033 1237 M.
1052 1209 1110 1236 XII.

264 1266 287 1291 7.
325 1263 367 1289 111.
388 1263 454 1289 (311.
475 1259 569 1286 Nudus
589 1267 662 1289 usus,
684 1258 699 1282 i.
720 1266 741 1282 e.
761 1256 819 1282 sine
838 1254 933 1281 fructu.
946 1270 975 1274 ——
988 1253 1111 1284 Fructus,

263 1308 322 1333 sine
341 1315 399 1332 usu.
419 1303 450 1330 fr.
471 1304 494 1328 1.
514 1302 580 1335 5.1.
606 1300 636 1327 fr.
658 1301 698 1326 14.
723 1309 763 1336 pr.
788 1298 825 1332 55.
845 1300 870 1324 2.
895 1307 934 1333 sq.
961 1295 993 1323 de
1017 1305 1067 1322 usu
1086 1300 1112 1322 et

263 1349 346 1377 habit.
371 1349 394 1374 7.
414 1348 438 1373 8.
463 1345 495 1372 cf.
521 1344 550 1371 fr.
570 1346 594 1370 5.
618 1344 655 1378 55.
677 1345 699 1369 1.
728 1352 787 1378 sqq.
812 1340 894 1367 usufr.
914 1338 1034 1376 quemad.
1055 1348 1112 1367 cav.

264 1394 288 1419 7.
308 1393 332 1418 9.
352 1389 424 1417 Paul.
444 1388 486 1415 111,
511 1390 535 1414 6.
561 1387 599 1421 55.
623 1388 665 1412 24.
691 1395 731 1422 sq.
769 1383 891 1415 Fundus.
916 1383 990 1409 cuius
1010 1382 1111 1408 fructus

265 1435 367 1462 alienus
387 1437 435 1459 est.
455 1431 486 1458 fr.
506 1432 547 1457 43.
569 1430 601 1456 de
614 1429 731 1465 religios.
746 1430 786 1454 ll.
802 1429 825 1454 7‘.
863 1425 956 1462 Neque
976 1425 1111 1451 servitutis

265 1479 366 1505 fructus
387 1475 512 1502 constitui
532 1477 629 1511 potest.
649 1472 680 1498 sr.
699 1472 741 1497 33.
761 1471 783 1504 5.
805 1472 827 1496 l.
848 1469 880 1496 de
901 1468 928 1495 S.
948 1468 976 1495 P.
996 1467 1028 1494 R.
1043 1469 1066 1494 8.
1086 1469 1110 1493 3.

264 1519 434 1548 Instrumenti
455 1517 569 1543 fructum
587 1515 694 1542 habere.
713 1514 744 1540 fr.
764 1515 788 1540 9.
808 1513 829 1546 5.
852 1514 876 1538 7.
896 1511 928 1538 de
948 1510 1029 1538 usufr.
1051 1512 1073 1537 7.
1089 1511 1111 1536 1.

264 1564 389 1591 Fructum
408 1560 579 1587 habitationis
603 1564 745 1596 praestare.
770 1556 801 1583 fr.
821 1557 845 1582 8.
869 1555 891 1589 5
915 1556 957 1580 25.
978 1553 1010 1580 de
1030 1558 1113 1580 trans-

266 1612 314 1634 act.
333 1608 358 1632 2.
380 1606 420 1630 15.

301 1646 532 1682 FrugalitaS.
552 1644 779 1673 Abstinentia.
803 1641 1048 1675 Temperantia.
1068 1638 1111 1664 ΙΙΙ.
1133 1644 1135 1671 1

266 1694 333 1721 Gn.
359 1690 389 1717 Si
412 1692 590 1719 constantem.
615 1691 659 1713 aut
682 1685 845 1711 laboriosum
864 1698 896 1702 —
917 1692 989 1714 esse,
1015 1686 1058 1707 aut
1080 1691 1113 1707 ex

268 1733 416 1771 frugalitate
435 1742 481 1758 sua
502 1729 635 1768 peculium
654 1727 836 1764 adquirentem
855 1725 1066 1760 (adfirmaverit.)
1081 1724 1112 1750 fr.

268 1780 308 1805 18.
328 1787 367 1814 pr.
388 1775 420 1802 de
439 1773 526 1801 Aedil.
547 1772 625 1799 edict.
644 1772 687 1797 21.
708 1772 731 1796 l.
769 1769 877 1796 Alienas
897 1779 940 1795 res
960 1778 1066 1805 capere,
1088 1771 1113 1793 et

267 1819 443 1857 frugalitatem
469 1816 579 1844 irridere
603 1814 750 1841 donatoris.
775 1822 796 1839 e.
818 1814 858 1838 10.
883 1811 915 1838 de
939 1820 1027 1838 revoc.
1051 1809 1112 1836 don.

268 1866 291 1892 8.
313 1864 368 1889 56.v

304 1903 534 1938 Frugaliter.
555 1900 669 1933 (mv-b.)
689 1902 805 1930 Parce,
825 1899 963 1926 Modico.
983 1895 1028 1923 111.
1047 1897 1113 1923 cn.
1134 1887 1136 1910 ἓ

269 1948 350 1984 Quod
375 1946 537 1972 exhibitione
563 1943 675 1979 l'rugalit.
697 1942 807 1969 sufficit.
837 1940 958 1974 (modum
983 1938 1114 1965 alimentis
1135 1945 1136 1953 ¹

269 1990 363 2023 dabit.)
384 1989 414 2015 l'r.
433 1990 459 2015 3.
478 1988 500 2021 5.
520 1989 543 2013 3.
565 1986 610 2013 ubi
630 1995 692 2022 pup.
712 1987 753 2010 27.
773 1987 796 2010 2.

305 2035 462 2066 Fruges.
499 2031 530 2064 §-
560 2031 594 2055 l.
632 2028 1016 2063 Agr0r11711sr11‹·tns,et
1034 2034 1115 2059 prae

270 2077 411 2103 faenoris
429 2074 606 2108 legamina.
625 2071 641 2097 1.
653 2072 714 2105 Sy.
726 2070 875 2105 Legumina.
896 2068 925 2094 fr.
938 2069 979 2093 77.
994 2066 1026 2093 de
1042 2066 1072 2093 V.
1087 2066 1114 2093 S.

270 2122 312 2145 50.
334 2120 373 2144 16.
392 2116 465 2143 Paul.
486 2115 528 2142 lll.
548 2117 572 2141 6.
592 2115 614 2148 5.
635 2115 675 2140 78.
712 2113 755 2139 111.
776 2114 842 2140 sn.
863 2111 1043 2146 Quaecunque
1063 2109 1116 2135 fru-

271 2172 331 2197 gum
352 2160 536 2195 fructuumque
555 2156 767 2194 recipiendorum
793 2165 869 2181 causa
894 2154 969 2180 fiunt.
994 2152 1024 2178 fr.
1050 2154 1072 2177 1.
1092 2152 1113 2185 5.

272 2206 295 2231 7.
316 2203 348 2230 de
368 2213 433 2238 aqua
453 2207 477 2227 et
498 2211 555 2237 aqu.
576 2200 611 2237 pl.
635 2202 677 2226 39.
696 2201 721 2226 3.
760 2199 829 2235 Agru
851 2196 977 2227 eolendO.
1003 2193 1115 2221 condcu-
1136 2197 1137 2213 l

272 2247 313 2274 dis
333 2244 531 2280 vemlcmlisque
556 2243 673 2279 frugibus
699 2242 874 2280 praepositus.
899 2238 971 2265 Paul.
992 2237 1022 2264 11.
1048 2240 1071 2263 ὃ.
1092 2238 1113 2271 5.

272 2292 296 2316 2.
336 2288 433 2323 Fruges
454 2286 586 2313 humidae.
607 2285 649 2312 vel
674 2289 785 2312 arentes.
811 2283 861 2310 Th.
882 2282 913 2309 C.
932 2281 964 2307 Il.
985 2282 1028 2306 33.
1049 2290 1070 2306 c.
1092 2282 1114 2306 1.

274 2332 306 2358 (1(·
327 2341 396 2358 usur.
435 2329 547 2364 frugum
567 2329 773 2366 promiscuarum
793 2326 873 2353 modii
893 2324 923 2351 C.
944 2324 981 2350 lb.
1003 2322 1114 2349 11120.

275 2385 297 2401 c.
317 2376 340 2400 3.
363 2384 384 2400 c.
404 2376 428 2399 ὃ.
450 2371 481 2397 (1(·
500 2376 613 2397 veleran.
630 2387 661 2390 —
675 2371 705 2404 §.
720 2372 754 2397 2.
769 2371 903 2396 Rediens
922 2368 1027 2404 fundi
1045 2368 1115 2392 uni-

275 2426 394 2444 tersus.
430 2413 449 2440 I.
465 2415 527 2447 Sy.
552 2412 671 2439 Reditus.
696 2413 726 2439 fr.
752 2414 793 2439 77.
818 2412 850 2438 de
870 2410 901 2437 V.
922 2410 948 2436 S.
969 2411 1009 2435 50.
1033 2410 1114 2434 16.—

275 2460 306 2494 §.
322 2460 359 2486 3.
382 2459 470 2491 Opes.
492 2456 510 2482 l.
530 2458 591 2490 Sy.
612 2455 807 2482 Patrimonium.
827 2455 864 2481 lb.
878 2453 909 2480 11.
933 2454 971 2479 17.
992 2462 1013 2478 e.
1035 2453 1056 2478 l.
1077 2461 1116 2488 pr.

276 2502 308 2528 de
322 2501 346 2527 h.
367 2510 409 2536 qu.
429 2509 487 2525 ven.
507 2504 556 2525 aet.

312 2540 622 2576 Frugi,<311dcclin.)
660 2542 867 2572 Moderatus,
892 2540 1048 2566 Prudens.
1086 2535 1116 2562 11.

279 2588 346 2620 Op.
366 2586 455 2611 Bonae
474 2586 551 2616 vitae,
570 2583 613 2610 vel
638 2584 703 2619 frugi
728 2583 853 2616 (videri.)
875 2598 904 2603 —
926 2580 993 2607 Male
1012 2589 1119 2605 conver-

278 2630 338 2654 sari.
358 2628 388 2654 fr.
407 2629 432 2654 3.
452 2628 473 2661 5
493 2629 517 2653 3.
537 2626 570 2653 de
593 2626 659 2653 adm.
685 2630 710 2652 et
734 2627 813 2662 perir.
839 2627 881 2651 26.
902 2626 924 2650 7.
950 2622 981 2649 cf.
1002 2622 1032 2648 fr.
1054 2623 1076 2647 1.
1096 2622 1117 2655 5.

279 2672 303 2696 4.
325 2669 356 2695 de
380 2680 457 2695 servo
482 2679 548 2696 corr.
575 2671 615 2695 ll.
638 2671 663 2695 3.
700 2668 744 2694 111.
767 2669 832 2695 Cn.
860 2665 1056 2702 Contemplatio
1076 2664 1118 2690 ha—

279 2711 365 2739 benda
386 2717 433 2738 est.
454 2712 479 2738 h.
500 2722 521 2738 c.
542 2713 616 2739 cuius
634 2713 704 2738 vitae
724 2712 777 2737 sint
796 2710 831 2741 hi.
851 2714 936 2735 utrum
956 2708 1022 2744 frugi
1042 2708 1118 2739 vitae,
1139 2714 1141 2721 ’

283 2771 314 2775 -
335 2764 366 2780 au
386 2755 532 2789 quuioris'!
556 2754 586 2781 fr.
611 2758 635 2780 ὅ.
660 2754 682 2788 5.
704 2755 744 2780 ll.
768 2753 800 2779 (le
825 2755 948 2778 transact.
967 2752 991 2776 2.
1014 2752 1053 2776 15.
1090 2749 1120 2776 Si

283 2797 413 2832 ἱῖ-ἜΗΟΙἪῪῙῙ·
433 2797 536 2832 quidem
557 2798 639 2824 furem
659 2807 731 2829 csse,
750 2795 915 2823 adseveravit
933 2797 1017 2818 antem
1036 2793 1120 2819 bonae

282 2840 349 2875 frugi
369 2843 394 2864 et
414 2838 501 2864 stilum.
523 2840 551 2865 [ι’.
574 2842 612 2866 13.
633 2840 654 2873 5.
674 2842 701 2866 2.
720 2839 752 2866 de
771 2839 802 2866 Α,
822 2838 852 2865 Ε.
874 2836 904 2863 V.
926 2837 965 2861 19.
992 2836 1013 2860 1.
1039 2835 1070 2861 cf.
1090 2834 1120 2861 fr.

1069 183 1166 214 FRV.

1156 266 1194 292 19.
1214 275 1255 302 pr.
1274 264 1306 291 de
1325 264 1411 292 Aedil.
1432 264 1509 292 edict.
1528 266 1571 292 21.
1589 267 1614 292 l.
1649 264 1735 301 Quam
1754 265 1802 299 (sc.
1822 264 1996 302 diligentiam)

1153 308 1251 335 debent
1269 307 1391 334 homines
1410 307 1478 344 frugi
1498 313 1523 335 et
1542 307 1682 344 diligentes
1701 313 1843 345 praestare.
1863 308 1893 336 fr.
1909 308 1997 335 11.(1e

1151 352 1232 389 peric.
1254 355 1280 377 et
1300 360 1392 377 comm.
1420 352 1460 376 18.
1484 352 1509 377 6.
1551 350 1581 377 Si
1604 351 1689 377 bonae
1712 350 1779 387 frugi
1803 360 1909 384 servus,
1929 353 1997 378 intra

1152 404 1247 421 annum
1265 395 1372 421 mutatis
1391 393 1519 428 moribus,
1539 395 1644 420 occisus
1664 394 1706 420 sit.
1726 393 1756 420 fr.
1775 394 1817 420 23.
1837 393 1858 427 5.
1870 396 1894 420 5.
1913 393 1947 420 ad
1964 394 1994 421 L.

1346 436 1382 463 Vt
1401 448 1414 463 a
1433 436 1588 474 parentibus
1609 436 1675 473 frugi
1696 436 1754 463 fieri
1774 435 1853 463 solet.
1873 436 1906 464 sr.
1920 439 1960 464 77.
1974 438 1997 472 5.

1151 483 1193 508 30.
1213 480 1245 507 de
1263 480 1338 517 legat.
1359 479 1388 507 Il.
1409 479 1476 513 (31.)

1187 524 1379 558 Frugifer.
1418 522 1548 556 (Adiect.)
1575 522 1618 556 [cf.
1639 532 1662 548 v.
1682 521 1832 556 Fructit'er]
1853 524 1997 550 Fructus

1309 566 1338 593 11.
1363 567 1431 600 Op.
1468 564 1631 601 Frugiferae,
1654 581 1684 585 —
1704 564 1886 592 Infructuosae
1911 565 1998 598 (arbo-

1153 657 1197 678 aut
1217 651 1248 678 cl.
1268 653 1310 678 43.
1328 654 1370 678 24.

1188 695 1294 722 Frui.
1331 695 1362 729 §-
1381 696 1416 722 l.
1437 696 1578 721 Fructus
1597 696 1646 720 rei
1664 695 1878 731 lucrifacere.
1896 693 1916 720 Ῑ.
1936 695 2000 728 Sy.

1153 737 1288 770 Fructum,
1308 747 1328 764 s.
1349 737 1471 769 Fructus,
1490 738 1527 764 rei
1547 738 1692 774 percipere.
1717 736 1746 764 fr.
1766 738 1808 764 23.
1833 746 1926 764 comm.
1946 736 1999 763 div.

1131 782 1132 785 ’
1156 783 1195 808 10.
1217 782 1240 807 3.
1279 780 1323 807 111.
1343 782 1409 808 Cn.
1438 780 1499 807 Frui
1520 785 1547 815 et.
1583 781 1610 806 ti.
1630 779 1661 806 fr.
1682 781 1704 806 1.
1724 790 1763 817 pr.
1784 780 1865 814 55.1.
1885 790 1926 817 sq.
1946 780 1999 815 Qu.

1155 824 1211 851 dies
1234 823 1318 850 ususr.
1338 825 1361 850 7.
1380 825 1404 850 3.
1442 823 1547 850 Cavean
1582 833 1627 855 ue,
1651 832 1699 860 per
1717 827 1836 860 tempora
1855 832 1884 849 se
1903 832 2000 850 usuros

1131 897 1133 906 ‚
1155 872 1181 894 et
1199 867 1336 894 fruituros.
1356 866 1387 893 fr.
1408 868 1431 893 7.
1450 867 1534 900 5.10.
1555 876 1647 893 comm.
1667 865 1719 892 div.
1741 867 1780 892 10.
1799 867 1824 892 3.
1844 865 1890 899 (cs.
1909 876 1934 892 v.
1953 864 2001 892 Vti

1155 910 1228 943 frui.)
1249 910 1284 937 Vt
1303 926 1336 930 —
1357 914 1383 936 et
1402 909 1497 936 colono
1516 909 1575 941 frui,
1596 914 1620 935 et
1634 908 1764 945 inquilino
1783 908 1902 936 habitare
1914 908 2000 936 liceat.

1155 953 1185 980 fr.
1205 955 1247 980 25.
1267 954 1289 988 5.
1311 955 1332 979 l.
1352 952 1383 979 fr.
1408 954 1448 979 33.
1473 952 1551 979 locat.
1578 953 1616 978 19.
1641 954 1665 978 2.
1703 951 1856 987 Quominus
1874 951 1934 978 loco
1954 961 2002 989 pu-

1155 996 1235 1028 blico.
1256 1006 1333 1032 quem
1353 1011 1386 1015 —
1404 994 1544 1022 fruendum
1563 994 1640 1021 alicui
1659 994 1765 1026 locavit.
1787 996 1818 1027 ei,
1839 995 1884 1032 qui
1903 994 2001 1021 condu-

1155 1041 1202 1071 xit.
1223 1055 1255 1059 —-
1275 1049 1289 1065 e
1308 1038 1366 1075 lege
1384 1037 1525 1065 locationis
1544 1036 1597 1063 frui
1615 1037 1693 1064 liceat
1714 1042 1762 1064 etc.
1783 1037 1815 1065 fr.
1837 1040 1859 1064 1.
1879 1047 1919 1075 pr.
1939 1038 1961 1072 5.
1975 1039 2000 1064 3.

1156 1083 1188 1109 de
1212 1082 1272 1109 loco
1297 1081 1359 1119 pub.
1384 1081 1415 1108 fr.
1440 1083 1482 1108 43.
1506 1082 1530 1107 9.
1555 1080 1586 1106 cf.
1611 1080 1676 1107 Tab.
1700 1080 1803 1107 Heracl.
1828 1080 1874 1107 liu.
1900 1082 1940 1107 73.
1959 1090 2000 1117 sq.

1155 1136 1205 1153 aer.
1225 1125 1270 1152 ΒΓ.
1308 1124 1431 1152 Alienam
1453 1124 1652 1161 possessionem
1671 1139 1704 1143 --
1723 1125 1852 1156 retinere,
1877 1128 1903 1151 et
1921 1123 2002 1150 facul-

1150 1174 1235 1200 tatem
1259 1167 1364 1195 fruendi
1387 1167 1512 1194 nancisci.
1545 1165 1602 1192 Gai.
1625 1165 1669 1193 IV.
1696 1168 1754 1193 167.
1790 1166 1850 1193 Non
1874 1177 1932 1193 meo
1956 1177 2002 1193 no-

1155 1213 1233 1243 mine,
1254 1211 1302 1238 sed
1321 1221 1378 1239 suo.
1398 1210 1494 1237 fruitus
1514 1214 1556 1236 est
1574 1213 1665 1236 emtor.
1685 1209 1715 1236 fr.
1734 1211 1777 1236 29.
1797 1220 1836 1247 pr.
1857 1209 1911 1244 Qu.
1930 1209 2000 1236 mod.

1155 1254 1239 1282 ususf.
1259 1256 1282 1281 7.
1295 1256 1319 1280 4.
1355 1253 1438 1289 Magis
1457 1252 1527 1279 velle.
1546 1262 1575 1278 se
1594 1257 1701 1278 matrem
1721 1253 1757 1278 ita
1775 1252 1834 1285 frui,
1853 1257 1882 1279 ut
1901 1251 2002 1279 liberos

1156 1308 1245 1325 secum
1264 1297 1360 1324 habeat
1378 1296 1503 1323 fruentes.
1524 1294 1554 1321 fr.
1574 1296 1598 1322 8.
1619 1295 1652 1322 de
1671 1294 1754 1321 usufr.
1774 1295 1843 1322 ader.
1865 1297 1888 1322 7.
1901 1296 1926 1321 2.
1957 1295 2002 1322 Ius

1132 1341 1134 1375 ἶ
1155 1341 1259 1368 fruendi
1284 1350 1326 1367 res
1350 1339 1495 1366 liberorum
1519 1348 1635 1364 suorum.
1663 1337 1714 1364 Th.
1734 1337 1765 1365 C.
1785 1337 1854 1365 VIII.
1875 1339 1915 1364 18.
1935 1348 1956 1365 c.
1979 1340 2001 1365 l.

1133 1412 1134 1419 ἵ
1155 1395 1195 1422 pr.
1217 1384 1250 1410 de
1268 1388 1378 1410 matern.
1398 1382 1460 1409 bon.
1479 1396 1513 1401 —
1533 1382 1564 1415 ᾖ.
1585 1383 1620 1408 2.
1645 1382 1711 1414 VH,
1731 1383 1851 1408 Potiri.
1875 1380 1906 1408 II.
1932 1382 2000 1416 ΟΡ.

1133 1450 1134 1456 ,
1157 1428 1262 1455 Carere.
1282 1426 1312 1453 fr.
1332 1428 1356 1452 5.
1376 1425 1409 1452 de
1429 1435 1506 1451 servo
1531 1429 1634 1462 export.
1664 1426 1704 1451 18.
1725 1425 1748 1451 7.
1785 1423 1828 1450 111.
1853 1425 1915 1452 Gn.
1939 1423 2003 1452 Frui

1157 1469 1295 1497 commodo
1316 1468 1517 1507 (possessoris.)
1538 1467 1570 1494 fr.
1591 1469 1630 1494 12.
1651 1468 1672 1501 5.
1692 1468 1716 1494 3.
1737 1467 1770 1494 de
1788 1466 1901 1494 liberali.
1921 1478 1942 1494 c.
1958 1470 2001 1495 40.

1133 1506 1135 1541 i
1158 1515 1197 1540 12.
1235 1512 1345 1539 Publico
1366 1511 1461 1538 salario
1481 1511 1539 1538 frui.
1559 1511 1590 1538 fr.
1610 1512 1634 1538 6.
1655 1511 1688 1538 de
1708 1511 1752 1537 off.
1773 1510 1872 1537 adsess.
1888 1512 1966 1538 122.

1192 1555 1499 1583 Frumentarius.
1542 1555 1681 1588 (Adiect.)
1725 1555 1772 1580 Aa
1795 1555 2002 1590 frumentum

1154 1600 1338 1634 pertinens,
1371 1600 1418 1625 Ad
1452 1608 1613 1625 annonam
1646 1595 1857 1631 (publicam)
1895 1599 2001 1632 respi-

1156 1644 1250 1668 ciens.
1288 1640 1330 1666 III.
1357 1642 1423 1668 (7η.
1460 1640 1495 1666 Et
1521 1640 1617 1667 molae.
1643 1645 1668 1666 et
1692 1639 1838 1671 machinae,
1860 1655 1890 1659 —-
1911 1640 2002 1667 asinus

1133 1685 1135 1723 J
1156 1684 1339 1714 machinarius.
1359 1683 1477 1709 machina
1497 1683 1672 1709 frumentaria.
1693 1682 1723 1709 fr.
1750 1684 1790 1709 12.
1810 1683 1833 1716 5.
1854 1684 1893 1708 10.
1913 1682 1946 1709 de
1965 1684 2003 1710 in-

1133 1732 1135 1754 ἲ
1157 1732 1248 1753 strum.
1273 1726 1322 1761 leg.
1348 1728 1389 1752 33.
1411 1728 1433 1752 7.

1476 1725 1606 1752 Horreum
1630 1724 1829 1752 frumentarium
1852 1735 1949 1752 novum
1967 1740 2002 1745 -

1157 1769 1262 1796 mobile.
1283 1769 1313 1795 fr.
1334 1770 1375 1795 60.
1400 1768 1432 1795 de
1455 1769 1487 1795 A.
1508 1768 1538 1795 R.
1559 1768 1593 1794 D.
1617 1770 1659 1794 41.
1686 1770 1708 1794 l.
1746 1767 1931 1804 Negotiatores
1951 1768 2003 1796 fru-

1134 1846 1135 1850 .
1157 1813 1284 1839 mentarii.
1305 1812 1336 1838 fr.
1356 1813 1380 1838 9.
1400 1812 1466 1845 5.1.
1492 1811 1525 1838 de
1548 1816 1630 1837 vacat.
1656 1815 1681 1837 et
1705 1821 1794 1837 excus.
1814 1813 1855 1837 50.
1876 1813 1900 1837 5.
1938 1811 2003 1839 Fru-

1134 1857 1136 1882 ἰ
1157 1856 1237 1882 menti
1257 1854 1440 1892 comparandi.
1462 1871 1491 1875 —
1513 1864 1587 1880 arcae
1605 1853 1804 1886 frumentariae,
1823 1853 2002 1882 calefactionis

1158 1899 1318 1925 thermarum
1338 1900 1387 1929 (sc.
1408 1898 1491 1930 cura.)
1511 1897 1541 1924 fr.
1564 1899 1585 1923 l.
1606 1897 1672 1930 5.1.
1693 1896 1725 1923 de
1744 1906 1813 1922 mun.
1834 1901 1860 1923 et
1878 1896 1940 1924 hon.
1959 1899 2000 1924 50.

1157 1944 1181 1968 4.
1219 1941 1296 1968 Ratio
1316 1941 1493 1967 frumentaria.
1518 1940 1548 1966 fr.
1568 1942 1592 1966 2.
1617 1939 1638 1973 5.
1658 1941 1682 1965 2.
1709 1938 1741 1966 de
1760 1938 1826 1966 adm.
1846 1949 1895 1966 rer.
1915 1939 1948 1966 ad
1968 1941 2002 1966 ci-

1158 1986 1203 2011 vit.
1223 1986 1264 2010 50.
1285 1986 1310 2010 8.
1349 1983 1478 2010 Tesserae
1497 1983 1688 2009 frumentariae.
1715 1981 1745 2008 fr.
1765 1984 1806 2008 52.
1827 1982 1848 2015 5.
1872 1984 1893 2008 l.
1913 1981 1946 2009 de
1964 1983 2001 2010 iu-

1159 2028 1208 2054 dic.
1229 2030 1252 2054 5.
1275 2029 1296 2053 1.
1319 2026 1351 2053 cf.
1372 2026 1402 2052 fr.
1422 2028 1463 2053 49.
1484 2027 1549 2060 5.1.
1570 2025 1602 2051 de
1622 2024 1697 2061 legat.
1717 2024 1747 2050 11.
1769 2025 1835 2057 (31.)

1195 2069 1474 2097 Frumentatio.
1512 2069 1675 2102 Lar-gilio
1694 2076 1846 2093 annonae.
1866 2066 1908 2093 111.
1934 2069 2000 2096 Gn.

1160 2111 1418 2139 frumentationibus
1444 2110 1650 2137 commilitonum
1673 2110 1816 2141 interesse,
1843 2108 2001 2138 frumentum

1158 2155 1279 2193 probare.
1300 2164 1450 2180 mensorum
1474 2153 1590 2180 fraudem
1617 2155 1747 2179 coercere.
1772 2152 1801 2178 fr.
1823 2153 1862 2178 12,
1883 2153 1904 2186 5
1924 2156 1947 2180 2.
1968 2154 2000 2181 de

1158 2198 1189 2225 R.
1209 2198 1242 2224 M.
1263 2199 1303 2223 ⁴9.
1326 2198 1366 2223 16.

1194 2241 1458 2268 Frumentum.
1509 2240 1539 2272 ἓ.
1573 2240 1607 2265 1.
1646 2241 1786 2272 Fruges,
1819 2247 1840 2264 v.
1873 2240 1998 2272 Grana,

1160 2294 1238 2319 quae
1257 2274 1367 2310 ariis-ta
1388 2284 1615 2313 eontinentur,
1639 2282 1807 2307 Triticum.
1836 2280 1854 2306 I.
1880 2282 1942 2315 Sy.
1961 2282 2000 2315 ld„

1161 2326 1231 2363 quod
1251 2327 1329 2352 arista
1350 2336 1378 2351 se
1399 2330 1476 2351 tenet.
1497 2325 1527 2351 l'r.
1548 2326 1588 2350 77.
1608 2323 1640 2350 de
1660 2323 1691 2349 V.
1712 2323 1739 2349 S.
1760 2325 1801 2349 50.
1820 2324 1857 2349 16.
1878 2322 1920 2350 ΙΠ.
1933 2326 1998 2353 Gn.

1161 2370 1189 2396 ln
1208 2369 1334 2401 numan
1365 2372 1391 2394 ct
1414 2367 1487 2400 oleo,
1515 2377 1544 2393 ac
1568 2366 1711 2397 frumento,
1740 2371 1765 2392 et
1784 2365 1915 2394 similibus
1934 2378 2000 2405 quae

1161 2413 1292 2439 communi
1317 2412 1407 2448 specie
1431 2410 1604 2437 continentur.
1631 2408 1660 2435 sr.
1684 2411 1725 2435 29.
1750 2408 1783 2435 de
1807 2408 1885 2436 solut.
1909 2412 1952 2437 46.
1975 2413 1999 2439 3.

1138 2483 1139 2488 ¹
1161 2455 1218 2482 Gai.
1239 2454 1268 2480 ll.
1291 2456 1347 2480 196.
1366 2453 1408 2480 111.
1429 2455 1469 2479 90.
1492 2454 1548 2478 124.
1586 2451 1755 2478 Frumentum
1769 2456 1846 2488 atque
1860 2452 1955 2486 oleum,
1975 2459 1999 2480 et

1162 2502 1263 2525 caetera
1288 2506 1354 2533 quac
1378 2495 1410 2522 ad
1434 2497 1531 2521 victum
1555 2495 1702 2524 necessaria
1727 2499 1796 2520 sunt.
1821 2495 1851 2521 fr.
1871 2496 1895 2522 8.
1915 2497 1937 2530 5.
1956 2498 1998 2523 24.

1161 2541 1194 2568 de
1212 2544 1335 2566 trausact.
1360 2541 1384 2564 2.
1406 2540 1445 2564 15.
1471 2537 1502 2564 l'r.
1521 2540 1563 2564 22.
1588 2537 1620 2563 (le
1639 2537 1670 2564 N.
1692 2537 1723 2564 G.
1742 2539 1766 2564 3.
1791 2539 1814 2563 5.
1838 2537 1869 2564 fr.
1885 2537 1934 2565 ⁶12.
1958 2549 1997 2576 pr.

1162 2583 1195 2610 de
1213 2584 1288 2609 instr.
1308 2581 1356 2617 leg.
1375 2582 1418 2607 33.
1438 2582 1461 2607 7.
1498 2580 1680 2611 Frumentum,
1705 2579 1776 2616 quod
1799 2580 1905 2607 serendi
1923 2590 1998 2608 causa

1162 2627 1308 2663 sepositum
1332 2629 1380 2650 est.
1417 2623 1454 2650 lb.
1481 2623 1497 2650 l.
1522 2622 1539 2649 l.
1559 2622 1590 2649 cf.
1616 2622 1687 2649 Paul.
1708 2622 1749 2649 111.
1770 2624 1793 2649 6.
1818 2623 1839 2656 5
1859 2624 1900 2649 35.
1936 2623 1998 2650 Fru-

1162 2673 1248 2695 menta
1272 2677 1348 2693 manu
1372 2671 1434 2692 sata.
1462 2666 1490 2692 fr.
1511 2667 1551 2692 40.
1577 2667 1598 2700 5.
1618 2667 1642 2692 3.
1669 2665 1701 2691 dc
1725 2670 1807 2691 contr.
1833 2670 1892 2692 emt.
1913 2666 1952 2692 18.
1975 2668 1996 2692 l.

1164 2711 1311 2741 frumenta.
1331 2719 1397 2745 quae.
1416 2711 1442 2735 in
1461 2709 1550 2736 herbis
1570 2713 1650 2735 erant.
1669 2707 1699 2733 fr.
1720 2709 1760 2734 ts.
1780 2708 1801 2741 5.
1820 2709 1844 2733 3.
1864 2707 1898 2734 ib.
1919 2709 1958 2734 ls.
1974 2710 1995 2735 1.

1163 2754 1192 2780 Si
1213 2753 1272 2789 quis
1291 2751 1399 2783 milium,
1419 2751 1461 2778 vel
1480 2752 1637 2778 frumentum
1655 2760 1740 2776 meum
1759 2749 1886 2776 effuderit.
1906 2749 1935 2776 fr.
1955 2753 1996 2778 27,

1163 2797 1185 2830 5.
1201 2797 1240 2822 19.
1253 2794 1285 2821 ad
1306 2794 1334 2821 L.
1347 2794 1414 2830 Aqu.
1428 2796 1452 2821 9.
1465 2797 1490 2820 2.
1527 2793 1696 2820 Frumentum
1715 2797 1741 2819 et
1758 2792 1891 2819 hordeum.
1906 2792 1954 2819 Th.
1966 2793 1996 2820 C.

1163 2837 1219 2866 XII.
1240 2839 1263 2864 6.
1285 2848 1304 2864 c.
1325 2839 1366 2863 21.
1387 2838 1409 2871 5.
1430 2839 1452 2864 l.
1474 2837 1506 2863 de
1529 2841 1676 2873 susceptor.
1702 2851 1733 2854 —
1757 2835 1787 2867 ἓ·
1811 2835 1846 2861 2.
1867 2837 1996 2863 Annona

1943 2889 1994 2912 ΡΠ·
