2197 3121
1017 139 1104 169 IND.

198 224 262 255 eius,
285 221 356 259 quod
376 221 531 259 expendisti.
556 220 587 247 fr.
607 222 631 247 5.
655 230 694 257 pr.
719 219 751 246 de
776 219 851 246 cond.
876 229 897 246 c.
924 219 976 247 dat.
996 222 1035 246 12.

197 267 222 292 4.
259 264 365 292 Sufficit
384 267 460 291 etiam
485 275 533 302 per
552 273 630 290 unum
650 262 771 289 idoneum
791 262 954 289 indemnitati
973 272 1036 300 poe-

199 318 247 335 nae
268 308 377 335 consuli.
403 307 473 334 Paul.
494 307 525 334 V.
544 308 586 332 33.
610 307 632 340 3.
652 308 675 332 ’3
717 305 915 332 indemnitatem
939 306 1036 332 sarcire

197 351 364 378 tributorum.
385 350 434 377 Τ11.
455 350 485 376 C.
504 349 538 376 X.
552 351 592 375 12.
613 359 634 375 c.
647 350 671 374 2.
691 349 712 382 3.
727 350 751 374 3
770 349 794 374 si
812 358 866 384 vag.
886 352 1035 385 1181.111(1110.

198 394 364 421 Indemnitati
389 394 452 430 reip.
477 391 627 419 satisfacere
655 391 759 418 debere.
788 391 817 417 sr.
841 392 882 416 36.
912 391 978 424 3.1.
1004 389 1035 416 ad

198 438 294 463 munic.
314 438 354 463 50.
376 438 398 462 1.
419 452 450 455 —
470 436 500 468 §-
513 436 548 461 20
569 436 770 461 Immunitas.
790 433 832 460 III.
845 434 910 460 Cn.
925 432 960 459 Vt
978 432 1035 459 loca
1057 443 1059 464 ι

199 479 346 506 absentium
366 478 497 515 squalida,
517 493 548 497 ——
569 477 601 503 de
621 477 697 503 solita
718 477 847 503 fructuum
866 475 1036 502 indemnitate
1057 470 1060 512 1

198 523 298 554 securi,
324 537 356 541 —-
380 525 525 548 exerceant.
557 519 606 546 Th.
632 519 662 546 C.
687 519 743 546 VII.
761 521 803 545 20.
828 528 849 545 c.
875 520 915 544 11.
940 518 972 544 (18
994 528 1036 545 ve-
1057 514 1059 525 ¹

199 570 280 592 terau.

234 605 423 639 Indeptio.
461 607 607 640 Adeptio.
644 605 686 632 111.
707 606 771 632 Gn.
803 604 879 639 Quos
905 603 1036 630 sublimis-

198 652 279 677 simae
299 649 532 675 administrationis
552 648 695 675 illustravit
713 646 840 684 indeptio.
866 646 904 673 Ib.
924 646 991 673 VIII.
1011 649 1033 674 5.

199 704 220 720 c.
240 695 281 719 44.
302 691 334 718 de
354 701 432 718 cursu
450 691 512 728 pub.

233 736 430 767 Indeptus.
468 734 589 767 (Partic.)
627 733 667 760 Cf.
687 743 711 759 v.
731 731 865 769 Indipisci.

233 778 388 804 ludere·
427 778 563 809 Addere,
587 777 743 803 Adiicere.
782 774 840 807 (Cf.
860 785 884 801 v.
907 774 1034 807 Inditus.)

198 819 218 846 I.
237 820 299 854 Sy.
324 819 487 855 Adgregare,
513 819 628 846 Tradere
652 819 699 850 (se
718 818 839 850 officiis.)
859 817 908 844 Th.
928 817 958 844 C.
979 816 1035 843 VII.

197 864 239 888 22.
260 872 279 888 c.
302 864 324 888 7.
345 872 403 898 sqq.
425 862 457 888 de
476 862 513 889 fil.
532 861 635 888 militar.
676 861 795 887 Inserere
814 861 913 893 (actis.)
933 860 969 886 lb.
990 860 1034 886 XI.

197 906 239 932 30.
260 916 281 932 c.
301 907 324 931 9.
345 905 377 931 de
396 915 454 942 app.
475 910 501 931 et
519 914 595 942 poen.
633 903 675 930 III.
693 905 758 931 Gn.
777 903 850 930 Neve.
871 904 929 940 quis
948 904 975 929 in
994 913 1036 929 au-

197 958 268 979 rum.
288 953 434 984 argentum,
459 958 501 974 aes
525 946 659 984 publicum
683 946 746 982 quid
766 946 851 977 indet,
871 956 936 972 neve
955 947 1036 972 immi-

198 995 277 1017 sceat.
298 990 328 1017 fr.
350 993 371 1017 l.
392 991 423 1017 ad
442 990 472 1016 L.
492 990 539 1016 1111.
559 989 643 1026 pecul.
663 991 758 1016 4813.
795 990 870 1016 Actis
884 988 974 1021 indita,
993 988 1035 1015 vel

196 1033 324 1061 subiecta.
344 1033 392 1059 Th.
414 1032 444 1059 C.
464 1032 472 1059 l
499 1032 515 1059 l.
554 1032 582 1059 Si
602 1043 662 1059 vera
682 1037 752 1063 sunt,
772 1042 837 1068 quae
856 1032 979 1069 precibus
998 1033 1035 1058 in-

197 1076 297 1103 didisti.
318 1087 338 1102 c.
356 1077 394 1102 18.
415 1075 447 1101 de
466 1075 568 1112 probat.
589 1077 611 1102 4.
634 1077 674 1101 19.
711 1075 787 1101 Marit
816 1085 910 1101 nomen
930 1075 980 1101 sibi
1000 1076 1036 1101 in-

198 1122 267 1146 dere.
287 1118 353 1145 Nov.
374 1118 464 1144 Maior.
485 1118 517 1144 de
537 1118 626 1145 curial.
646 1117 690 1144 IV.
711 1120 733 1144 7.
755 1128 775 1144 c.
796 1120 819 1144 1.
839 1118 860 1151 3.
881 1120 904 1144 5.

234 1162 446 1189 Indevofio.
485 1163 651 1193 Cessatio,
673 1162 897 1188 contumacia.
916 1160 947 1187 11.
968 1162 1035 1195 ΟΡ.

197 1204 322 1235 Devoti0,
341 1203 383 1230 vel
403 1203 517 1240 adgnitio
537 1204 626 1230 debiti.
647 1214 668 1230 c.
688 1206 712 1229 5.
733 1203 764 1230 de
784 1203 862 1230 duob.
883 1204 942 1230 reis.
957 1205 980 1230 S.
994 1205 1034 1229 40.

195 1246 245 1274 Iul.
266 1256 306 1283 ep.
328 1256 387 1272 nov.
408 1257 428 1272 c.
449 1250 472 1273 ὅ.
493 1247 574 1281 310.
611 1246 654 1273 III.
675 1248 741 1274 Gn.
761 1246 797 1273 Vt
816 1251 869 1273 tota
890 1256 988 1273 summa
1008 1246 1036 1273 il-

196 1289 249 1316 lico
269 1304 301 1309 -
321 1294 483 1326 praestetur,
509 1289 614 1316 heredis
638 1289 808 1316 indevotione
832 1289 985 1316 coercenda.
1005 1289 1035 1316 fr.

198 1334 220 1359 l.
240 1332 273 1359 de
292 1342 361 1369 penu
386 1332 434 1368 leg.
459 1333 501 1358 33
525 1334 549 1359 9,
587 1332 704 1366 Quodsi,
729 1333 805 1359 etiam
824 1338 887 1369 post
905 1332 1036 1370 publicam

197 1374 410 1407 admonitionem,
431 1375 504 1411 fugae
524 1380 549 1401 et
562 1375 738 1401 indevotionis
753 1376 804 1401 vita
818 1376 971 1412 praefertur.
986 1375 1036 1402 Τ11.

197 1416 229 1444 C.
248 1417 305 1444 XII.
327 1420 348 1444 1.
375 1429 395 1444 c.
418 1420 474 1444 119.
495 1417 527 1444 de
551 1417 683 1444 decuriou.
724 1417 866 1455 Protegere
891 1419 1037 1446 indevotio-

197 1470 264 1487 nem.
285 1471 306 1487 c.
325 1462 366 1487 35.
386 1461 407 1494 3.
428 1463 451 1487 5.
472 1461 504 1487 de.
524 1460 610 1487 donat.
630 1463 653 1488 8.
673 1462 714 1487 54.

234 1505 455 1531 IndevotuS.
492 1503 633 1536 (Adiect.)
672 1505 860 1531 Contumax.
901 1504 943 1530 Ill.
970 1506 1035 1533 Gn.

197 1545 238 1573 Ne
260 1563 287 1566 -
309 1556 360 1572 uon
374 1546 460 1573 solum
478 1546 627 1577 indevotus.
647 1546 695 1573 sed
715 1547 790 1573 etiam
810 1548 905 1584 impius
926 1547 1037 1574 donator

198 1588 367 1625 intelligatur,
387 1599 539 1626 poenasque
559 1599 610 1619 nou
630 1589 715 1616 solum
734 1589 871 1625 legitimas,
894 1590 941 1617 sed
961 1593 1036 1618 etiam

200 1631 326 1658 caelestes
346 1636 489 1668 exspectet.
510 1642 530 1657 c.
550 1634 591 1658 35,
611 1632 632 1666 3.
652 1634 676 1658 5.
696 1632 712 1658 l.
732 1634 755 1659 S.
775 1634 816 1658 54.

234 1675 369 1701 Index.
389 1675 420 1708 §-
441 1675 475 1701 l.
498 1676 560 1707 Qui
578 1677 705 1701 indicat
724 1677 869 1709 aliquid,
891 1677 1034 1704 Delator.

198 1715 242 1742 III.
257 1718 322 1744 Cn.
342 1716 371 1743 Si
390 1717 468 1743 index
488 1718 562 1743 cuius
581 1717 672 1753 flagitii
685 1718 728 1749 sit,
747 1717 866 1744 fueritve.
886 1718 916 1744 fr.
930 1720 954 1746 9.
974 1720 996 1753 3.
1012 1722 1034 1746 l.

200 1758 232 1785 de
251 1759 307 1785 iure
325 1764 426 1796 patron.
446 1761 487 1786 37.
510 1761 549 1786 14.
574 1775 605 1779 -
630 1760 660 1792 ξ.
682 1761 716 1786 2.
741 1762 891 1794 Epitome
909 1764 1034 1789 uberio-

199 1804 245 1828 ris
270 1804 474 1835 scripturae,
497 1805 544 1828 vel
568 1805 793 1829 narrationis.
833 1805 968 1831 Summa.
1005 1804 1035 1831 ll.

201 1846 268 1878 ΟΡ.
292 1843 486 1870 Authenticum.
515 1844 556 1871 Cf.
577 1845 601 1871 h.
621 1855 644 1871 v.
676 1845 760 1880 Quasi
783 1855 830 1882 per
848 1845 960 1872 indicem
979 1849 1036 1873 teti—

199 1888 278 1923 gisse.
298 1903 330 1906 -
350 1886 509 1922 Diligentior
528 1888 707 1924 interpretatio
721 1889 849 1925 exposita.
869 1888 925 1915 Gai.
940 1889 1034 1916 111.54.
1057 1888 1059 1918 l

198 1929 243 1956 III.
264 1931 330 1957 011.
348 1929 483 1961 Breviter,
507 1940 531 1957 v.
552 1930 659 1956 Summo
679 1930 775 1967 digito.
795 1936 820 1957 et
840 1932 915 1967 quasi
933 1942 980 1968 per
998 1934 1035 1958 in-

199 1972 298 2001 dicem.
323 1974 486 2009 (exponere,
510 1982 530 1998 s.
556 1974 685 2008 tangere.)
710 1973 766 2000 Gai.
788 1973 803 1999 1.
823 1974 839 2000 l.
863 1974 884 2007 3.
907 1976 944 2001 12.
966 1975 982 2004 1,
1004 1975 1035 2002 de
1057 1983 1059 2008 ξ

199 2015 261 2052 pub.
281 2014 359 2041 indic.
379 2016 402 2040 4.
425 2016 464 2042 18.
500 2015 551 2041 Per
575 2015 673 2042 indices
693 2016 885 2047 tantummode,
905 2022 930 2043 et
948 2018 1036 2044 titulo·
1057 2019 1059 2042 i

199 2067 256 2084 rum
275 2057 454 2089 subtilitatem,
475 2074 507 2077 -
527 2058 652 2094 quaedam
672 2059 844 2086 admonitoria
868 2061 922 2087 eius
944 2060 1034 2087 facere.

202 2110 223 2126 c.
243 2102 265 2125 1.
285 2100 367 2133 3.12.
388 2100 421 2126 de
440 2105 491 2126 vet.
511 2102 567 2127 iure
587 2101 669 2128 0111101.
691 2104 713 2128 l.
734 2105 772 2129 17.

236 2143 429 2170 Iudicate.
450 2144 480 2176 ξ.
492 2145 526 2170 1.
549 2145 699 2180 Deferre.
720 2147 933 2173 Donum-iare.
948 2146 1035 2181 [Sy.

202 2183 319 2211 Deferre.
348 2184 389 2212 Cf.
409 2185 434 2212 h.
454 2196 477 2212 v.
498 2187 519 2220 3
539 2188 563 2213 4,
600 2186 641 2213 III.
660 2188 725 2214 Cn.
753 2187 846 2214 Vtrum
865 2190 887 2215 is
907 2188 980 2215 solus
1000 2191 1036 2216 vi-
1056 2181 1058 2216 l

203 2225 294 2252 deatur
312 2227 450 2260 indicasse.
469 2229 511 2255 vel
530 2231 661 2265 arguisse.
681 2231 725 2266 qui
745 2230 776 2256 ad
795 2230 845 2257 1100
864 2231 979 2268 prosiliit
998 2232 1032 2259 ul-
1056 2222 1057 2243 l

202 2269 260 2295 tro?
280 2268 309 2294 sr.
327 2271 351 2295 3.
370 2271 390 2304 3.
412 2273 451 2297 14.
472 2271 504 2298 de
527 2271 593 2298 S.C.
614 2271 694 2298 Silau.
718 2274 760 2299 29.
779 2275 803 2300 5.
840 2273 908 2300 Cum
927 2275 1035 2301 multum
1056 2269 1057 2283 ’

204 2312 316 2342 intersit,
335 2311 416 2338 furem
435 2315 493 2349 quis
513 2314 588 2346 celet,
607 2325 639 2341 an
659 2325 710 2341 non
729 2315 833 2342 indicet.
858 2317 889 2343 fr.
909 2319 949 2344 4⁸.
969 2318 991 2350 3.
1012 2320 1034 2344 l.

204 2354 237 2380 de
256 2354 316 2380 furt.
336 2355 376 2379 47.
395 2356 419 2380 2.
455 2356 508 2392 Qui
528 2363 685 2393 cognoverat
703 2363 816 2391 tantum,
840 2370 888 2386 nec
906 2360 1035 2387 indicave-

204 2402 244 2423 rat
264 2397 364 2433 (patri.)
385 2395 414 2422 fr.
432 2399 456 2423 2.
476 2398 508 2425 de
526 2399 555 2426 L.
576 2400 665 2438 Pomp.
686 2401 717 2427 de
737 2412 804 2438 parr.
824 2404 903 2429 4219.
939 2403 969 2430 Si
988 2404 1036 2430 tibi
1056 2406 1058 2414 '

205 2438 329 2466 indicium
349 2438 455 2471 dedero,
474 2445 502 2467 ut
519 2442 654 2478 fugitivum
673 2454 758 2470 meum
781 2444 889 2471 indices.
912 2445 941 2472 fr.
966 2448 988 2472 4.
1014 2446 1027 2479 3

206 2484 231 2508 4,
251 2481 281 2507 fr.
301 2483 324 2507 5.
345 2481 377 2507 de
396 2481 472 2508 cond.
491 2483 523 2509 ob
541 2489 608 2522 turp.
630 2497 650 2513 c.
666 2488 705 2513 12.
719 2490 743 2513 5.
763 2487 794 2513 cf.
809 2487 838 2514 fr.
855 2490 893 2514 15.
914 2488 946 2514 de
964 2499 1037 2526 prae·
1057 2483 1059 2492 l

206 2534 257 2551 scr.
278 2534 320 2549 VV-
340 2526 380 2550 19-
399 2526 422 2549 5-
444 2540 475 2543 -
495 2525 525 2557 ᾗ.
539 2528 573 2553 2·
590 2531 744 2561 Prodere,
764 2532 905 2566 Referre.
920 2531 1035 2559 HLGn.

206 2567 317 2594 Vflfffl'ffi
338 2583 367 2587 “·“
388 2566 565 2604 adpellnbant.
588 2580 635 2606 per
658 2583 711 2599 eam
735 2573 906 2600 adiectionem
924 2574 1038 2601 indican-

207 2615 248 2637 tes
268 2615 316 2636 etc.
336 2608 366 2635 sr.
385 2611 443 2636 234.
462 2620 501 2647 pr.
525 2610 557 2637 de
576 2611 607 2638 V.
627 2612 653 2640 S.
673 2617 714 2641 50.
735 2617 774 2642 16.
814 2616 947 2654 Inspectio
966 2617 1038 2643 tabu-

207 2653 291 2680 larum
316 2653 391 2678 etiam
413 2651 551 2679 lectionem
575 2664 661 2681 earum
684 2657 788 2685 indicat.
811 2658 842 2685 fr.
865 2661 890 2686 2.
914 2661 935 2694 3.
955 2662 978 2686 5.
1002 2665 1039 2686 te-

208 2700 282 2722 stam.
303 2694 420 2731 quemad.
440 2705 509 2731 aper.
528 2698 569 2723 29.
589 2698 612 2723 3.
655 2697 780 2736 Superius
799 2701 971 2729 indicavimus
990 2708 1038 2729 etc.

209 2737 266 2765 Gai.
286 2737 305 2764 I.
327 2739 383 2764 197.
404 2736 434 2763 cf.
460 2739 516 2765 189.
561 2739 689 2766 Proculus
711 2742 821 2773 indicat.
843 2744 893 2771 hoc
916 2747 972 2772 iure
991 2756 1039 2772 nos

211 2781 257 2806 uti.
276 2779 306 2806 sr.
325 2782 367 2807 ⁴26.
387 2781 451 2814 31.
471 2780 503 2807 (18
520 2781 552 2808 A.
572 2782 602 2808 R.
622 2783 656 2809 D.
676 2785 717 2809 41.
737 2786 759 2810 1.

1857 142 1917 172 457

1116 220 1318 247 Inclinatio.
1356 223 1579 248 Adseveratio.
1615 221 1634 247 I.
1658 222 1719 256 Sy.
1739 221 1826 248 Facile
1845 222 1918 249 adse-

1081 273 1178 290 verare.
1216 263 1311 290 Facilis
1332 274 1390 290 esse
1404 264 1435 291 ad
1451 265 1612 290 temerariam
1625 264 1818 291 iudicationem.
1833 265 1862 291 fr.
1878 267 1916 291 13.

1080 306 1100 339 3.
1121 308 1144 332 3.
1166 306 1198 333 de
1216 306 1247 333 A.
1267 306 1297 332 E.
1318 306 1349 333 V.
1372 309 1411 332 19.
1434 310 1455 333 l.

1116 349 1306 377 Indicere.
1345 350 1375 383 §-
1396 351 1429 376 1.
1451 351 1666 376 Denunciare.
1698 349 1742 376 III.
1765 351 1830 377 (711.
1851 349 1918 377 Cum

1080 391 1156 427 legati
1177 392 1245 430 apud
1264 402 1312 418 nos
1333 397 1422 418 essent
1441 393 1526 428 gentis
1546 392 1664 424 alicuius,
1686 392 1782 418 bellum
1803 403 1859 419 cum
1880 394 1918 419 eis

1080 434 1213 462 indictum.
1234 435 1264 462 fr.
1285 437 1324 462 17.
1350 435 1382 461 de.
1407 434 1527 470 legation.
1547 437 1588 461 50.
1612 438 1634 462 7.
1660 435 1701 462 Cf.
1721 435 1762 462 Fr.
1782 434 1811 461 L.
1832 435 1918 462 Cincii

1079 477 1152 504 I.Cti.
1173 478 1223 515 Ap.
1244 478 1312 504 Gell.
1333 477 1404 504 XVI.
1424 479 1447 503 4.
1485 477 1512 503 Si
1533 477 1611 503 seriae·
1638 483 1708 504 extra
1729 477 1845 504 ordinem
1866 479 1919 504 sint

1080 520 1200 547 indictae.
1220 520 1250 547 fr.
1269 522 1310 546 26.
1331 520 1352 554 3.
1374 522 1396 546 7.
1417 530 1448 546 ex
1469 530 1510 556 (111.
1531 530 1550 546 c.
1572 521 1628 547 mai.
1649 523 1672 547 4.
1687 523 1711 547 6.
1747 520 1918 547 Interloeutio

1080 562 1220 593 Praesidis.
1241 574 1307 600 quae
1327 562 1423 589 indicta
1444 562 1487 595 [al.
1507 562 1585 594 dicta,
1608 562 1639 589 al.
1660 563 1782 600 precibus
1800 563 1917 597 inducta]

1081 610 1128 631 est.
1148 616 1169 632 c.
1191 608 1230 633 19.
1250 616 1281 632 ex
1302 616 1344 642 qu.
1366 615 1386 632 c.
1406 604 1492 631 infam.
1512 607 1536 631 2.
1560 607 1597 631 12.
1630 621 1661 624 —
1693 606 1723 638 §.
1747 607 1782 632 2.
1814 608 1918 640 Impe-

1080 658 1166 680 rare,
1186 650 1365 683 Impouere.
1402 648 1420 674 I.
1447 649 1508 682 Sy.
1528 647 1665 683 Iniungere
1685 649 1810 680 (munera.
1830 659 1853 675 v.
1873 649 1918 675 ho-

1080 692 1180 723 nores)
1201 691 1230 717 fr.
1252 693 1291 718 13.
1311 692 1332 725 3.
1353 693 1376 717 5.
1397 690 1429 717 de
1448 691 1516 716 1111111Ὶ
1543 692 1584 716 47.
1605 692 1644 716 10.
1665 690 1695 716 sr.
1715 692 1738 717 6.
1758 692 1778 724 3.
1794 694 1816 718 5.
1832 692 1861 718 l'r.
1877 693 1917 718 18.

1057 729 1058 746 ³
1080 734 1101 767 3.
1121 736 1162 760 21.
1184 733 1216 760 de
1235 744 1303 760 mun.
1329 739 1354 760 et
1372 733 1433 760 hon.
1457 735 1498 759 50.
1517 734 1534 758 4
1583 732 1721 770 Imperare.
1746 733 1787 760 Cf,
1808 734 1831 760 h.
1852 744 1875 760 v.
1895 734 1916 768 3.

1083 779 1103 802 1.
1142 776 1223 807 Fieri,
1248 776 1330 802 Indici
1355 775 1554 809 (collationes.)
1579 775 1608 802 fr.
1634 777 1657 802 8.
1682 776 1703 809 3.
1723 778 1747 802 3.
1767 776 1799 802 de
1818 787 1872 803 vac.
1892 782 1919 803 et

1081 829 1168 845 excus.
1189 822 1229 845 50.
1250 822 1273 846 5.
1311 818 1428 845 Multare.
1448 818 1555 845 Multam
1575 818 1697 845 indicere.
1719 829 1739 845 c.
1760 821 1782 845 1.
1803 829 1824 845 c.
1843 822 1865 845 3.
1886 819 1918 846 de

1080 862 1158 888 modo
1182 861 1255 888 mult.
1281 864 1303 888 1.
1328 863 1369 887 54.
1406 861 1449 887 III.
1471 862 1537 888 Gn.
1565 860 1601 887 Vt
1626 877 1648 880 -—
1672 861 1824 888 exhibeatur
1842 861 1919 888 liber-

1080 909 1132 935 tus,
1152 905 1192 930 cui
1212 909 1339 941 patronus
1364 914 1457 940 operas
1480 903 1597 930 indicere
1620 903 1684 930 vult.
1710 904 1765 930 Gai.
1789 904 1834 930 IV.
1862 906 1917 931 162.

1081 947 1120 973 Ne
1139 952 1198 973 ante
1218 947 1341 973 cederent
1360 948 1408 979 (sc.
1429 947 1544 983 operae,)
1563 956 1640 983 quam
1664 946 1776 974 indictae
1798 947 1918 974 fuisse-nt.

1081 990 1110 1016 sr.
1130 991 1171 1016 ¹24.
1192 989 1223 1016 cf.
1245 990 1274 1016 fr.
1297 992 1334 1016 13.
1355 990 1376 1023 3
1396 992 1420 1015 2.
1445 989 1477 1015 de
1501 999 1573 1026 oper.
1598 988 1683 1016 libert.
1702 990 1743 1016 38.
1765 992 1787 1016 l.
1829 989 1919 1017 Vidui-

1081 1038 1158 1059 tatem
1178 1033 1303 1065 indicere.
1324 1034 1363 1065 (et
1382 1042 1434 1058 11011
1454 1031 1514 1057 dato
1534 1034 1716 1061 sacramento.)
1742 1042 1762 1058 0.
1782 1035 1806 1059 2.
1831 1033 1863 1059 de
1882 1035 1918 1060 in-

1080 1076 1130 1102 dic.
1149 1076 1240 1102 viduit.
1261 1078 1284 1102 6.
1304 1077 1346 1101 40.
1367 1075 1398 1101 cf.
1419 1085 1439 1100 0.
1458 1076 1482 1100 2.
1502 1074 1535 1101 de
1555 1075 1613 1101 inst.
1635 1080 1660 1101 et
1678 1074 1761 1101 subst.
1776 1076 1799 1101 6.
1813 1078 1854 1101 25.
1879 1076 1918 1102 In-

1080 1119 1208 1145 dictiones
1228 1119 1400 1155 temporariae
1413 1117 1526 1144 indictae
1546 1117 1752 1149 (iundo.)fr.28.
1774 1117 1805 1144 de
1826 1128 1874 1144 usu
1893 1123 1919 1144 et

1081 1162 1161 1188 usufr.
1186 1161 1234 1198 leg.
1256 1163 1298 1187 3-3.
1322 1164 1345 1187 2.
1394 1160 1605 1186 Provincialibus
1630 1160 1794 1187 inferendum
1819 1161 1917 1197 aliquid

1081 1205 1202 1231 indicere.
1224 1203 1273 1230 Th.
1294 1203 1324 1230 C.
1344 1202 1388 1230 XI.
1410 1204 1449 1229 16.
1471 1213 1491 1229 c.
1512 1206 1535 1229 δ.
1556 1203 1588 1229 de
1608 1208 1672 1229 extr.
1698 1213 1717 1229 s.
1738 1203 1808 1229 sord.
1846 1203 1918 1229 Nihil

1081 1247 1288 1285 provincialibus
1308 1246 1396 1277 indici,
1408 1262 1439 1265 —
1451 1255 1536 1282 neque
1556 1255 1646 1272 rursus
1661 1256 1693 1272 ex
1706 1245 1756 1277 his,
1777 1256 1841 1282 quae
1857 1251 1919 1273 sunt

1081 1290 1186 1321 indicta,
1206 1290 1305 1317 referri.
1325 1289 1362 1316 111.
1382 1288 1399 1315 1.
1419 1288 1436 1316 l.
1457 1300 1478 1316 c.
1499 1290 1538 1315 10.
1582 1288 1617 1315 Vt
1641 1298 1693 1314 non
1712 1288 1823 1325 amplius
1843 1289 1919 1315 vobis

1081 1333 1181 1370 aliquid
1200 1338 1272 1360 extra
1296 1332 1415 1359 ordinem
1439 1331 1576 1358 iudicetur.
1600 1331 1637 1358 lb.
1662 1331 1707 1358 XI.
1729 1333 1750 1358 l.
1776 1342 1797 1358 c.
1821 1333 1862 1358 29.
1888 1331 1919 1358 de

1081 1386 1175 1403 annon.
1196 1382 1221 1402 et
1236 1376 1326 1402 tribut.

1116 1419 1321 1446 Indicium.
1351 1418 1381 1451 ξ.
1397 1420 1431 1445 l.
1452 1419 1649 1449 Nunciacio,
1671 1418 1819 1449 Delatio,
1840 1419 1920 1443 Pro-

1083 1465 1173 1489 ditio.
1209 1461 1251 1488 111.
1267 1463 1332 1489 Cn.
1353 1461 1439 1496 Quem
1460 1460 1569 1486 Praetor
1588 1464 1698 1496 propter
1716 1459 1841 1486 indicium
1859 1470 1919 1496 pro—

1081 1505 1150 1532 ditae
1168 1506 1274 1537 mortis,
1300 1504 1342 1530 vel
1366 1503 1484 1530 detectae
1508 1512 1597 1528 eorum
1622 1503 1823 1534 coniurationis,
1843 1502 1920 1529 liher-

1081 1554 1133 1575 tate
1153 1548 1267 1574 donavit.
1289 1547 1319 1573 fr.
1338 1548 1379 1573 39.
1400 1546 1431 1572 ad
1450 1545 1480 1571 L.
1501 1544 1570 1571 Pale.
1590 1546 1631 1570 35.
1651 1546 1675 1570 2.
1696 1544 1728 1570 cf.
1747 1544 1777 1571 fr.
1797 1547 1821 1571 2.
1841 1546 1862 1579 3.
1876 1547 1918 1571 24.

1081 1591 1113 1618 de
1134 1591 1167 1617 Ο.
1188 1591 1205 1617 I.
1230 1592 1250 1616 l.
1270 1592 1293 1615 2.
1315 1589 1344 1615 fr.
1365 1590 1388 1616 S.
1409 1588 1440 1614 ad
1460 1587 1488 1614 L.
1509 1587 1556 1614 Iul.
1580 1588 1637 1613 mai.
1657 1589 1697 1613 48.
1718 1589 1741 1613 4.
1779 1586 1920 1614 Muciam-

1081 1645 1132 1666 res,
1153 1635 1197 1670 (1111
1216 1643 1264 1670 per
1283 1633 1384 1658 notoria
1405 1631 1499 1658 indicia
1519 1630 1641 1667 produnt.
1662 1630 1691 1656 fr.
1712 1631 1735 1656 6.
1755 1630 1776 1663 3.
1795 1631 1819 1656 3.
1839 1629 1871 1656 ad
1891 1630 1917 1657 S.

1081 1678 1111 1704 C.
1133 1677 1215 1714 Turp.
1236 1678 1276 1703 48.
1298 1676 1337 1700 16.
1375 1673 1497 1700 Profiteri
1517 1673 1610 1699 indicia
1631 1672 1699 1709 apud
1719 1677 1767 1698 etc.
1787 1672 1817 1698 fr.
1831 1674 1873 1698 24.
1887 1672 1919 1699 de

1080 1720 1109 1746 L.
1130 1720 1212 1745 Corn.
1232 1719 1264 1745 de
1283 1717 1340 1743 fals.
1359 1717 1400 1742 48.
1422 1718 1460 1742 10.
1504 1715 1556 1751 Qui
1581 1715 1645 1741 falsa
1665 1714 1759 1741 indicia
1780 1715 1918 1742 confessus

1081 1763 1166 1791 fuerit.
1187 1777 1218 1780 —-
1239 1771 1291 1797 (1110
1311 1760 1369 1796 quis
1390 1760 1516 1785 innocens
1541 1759 1781 1784 circumveniretur.
1802 1758 1831 1784 fr.
1851 1760 1874 1784 3.
1895 1758 1916 1792 3.

1080 1807 1103 1831 4.
1124 1804 1155 1830 cf.
1177 1804 1206 1830 fr.
1228 1805 1250 1829 l.
1270 1813 1309 1840 pr.
1329 1802 1361 1828 ad
1379 1801 1408 1827 L⁴
1429 1801 1509 1827 Corn.
1530 1800 1562 1826 de
1581 1801 1656 1827 sicar.
1676 1802 1717 1826 4³5.
1738 1801 1761 1826 S.
1798 1800 1918 1827 Nesariae

1081 1847 1219 1875 delationis
1239 1846 1342 1872 indicia.
1371 1843 1420 1870 Th.
1441 1844 1471 1870 C.
1491 1843 1535 1870 IX.
1555 1845 1578 1869 6.
1604 1854 1624 1870 c.
1646 1845 1668 1869 1.
1693 1853 1725 1869 ne
1744 1848 1825 1879 praet.
1846 1844 1917 1869 crim.

1080 1892 1138 1917 mai.
1176 1890 1218 1916 Ob
1232 1888 1356 1915 indicium
1375 1886 1612 1924 comprehendendi
1625 1885 1690 1912 furis
1704 1887 1846 1922 praemium
1859 1896 1918 1923 pro-

1080 1935 1196 1960 missum.
1218 1931 1290 1958 Paul.
1310 1930 1340 1957 11.
1360 1931 1401 1956 31.
1422 1930 1443 1963 3.
1463 1930 1504 1955 24.
1524 1944 1556 1948 -
1577 1930 1607 1963 ἓ.
1628 1930 1713 1955 LA.
1732 1930 1917 1955 Praemium

1080 1977 1265 2003 delationis.
1289 1974 1307 2000 1.
1322 1975 1383 2007 Sy.
1403 1972 1512 1999 Merces.
1532 1971 1562 1998 fr.
1582 1974 1606 1997 4.
1627 1971 1647 2004 3.
1663 1972 1686 1997 4.
1707 1970 1736 1997 fr.
1757 1972 1781 1997 5,
1795 1970 1827 1997 de
1841 1971 1915 1997 cond.

1080 2019 1113 2045 ob
1138 2023 1207 2055 turp.
1232 2028 1253 2043 0.
1280 2019 1319 2043 12,
1344 2019 1366 2042 5.
1391 2015 1421 2042 fr.
1443 2017 1481 2041 15.
1506 2014 1539 2041 de
1558 2024 1671 2051 praescr.
1691 2024 1732 2040 vv.
1754 2015 1793 2040 19.
1813 2016 1836 2040 5.
1872 2013 1915 2040 III.

1081 2064 1147 2090 Gn.
1167 2062 1196 2087 Si
1216 2060 1262 2087 tibi
1283 2059 1406 2086 iudicium
1426 2057 1532 2089 dedero,
1553 2063 1580 2083 ut
1593 2057 1730 2093 fugitivum
1748 2066 1833 2083 meum
1852 2055 1917 2082 indi-

1057 2113 1058 2125 *
1081 2115 1132 2131 ceS.
1152 2104 1182 2130 fr.
1202 2106 1225 2130 4.
1246 2103 1267 2136 ξ.
1288 2105 1311 2129 4.
1331 2102 1347 2128 l.
1368 2103 1407 2127 12.
1428 2103 1451 2127 5.
1483 2117 1515 2120 -
1547 2102 1578 2134 §.
1603 2102 1638 2126 2.
1670 2101 1869 2133 Vestigium,
1895 2109 1914 2125 r..

1081 2150 1230 2182 Signum,
1250 2148 1305 2172 rei.
1344 2147 1584 2179 Argumentum.
1621 2142 1662 2168 111.
1679 2143 1744 2168 (711.
1763 2141 1916 2177 Exprimant

1080 2191 1199 2221 nomina,
1219 2205 1250 2208 —
1271 2194 1296 2214 et
1320 2188 1458 2224 dignitates
1483 2185 1643 2222 Singulorum
1668 2189 1693 2210 et
1716 2183 1819 2210 indicia.
1850 2194 1869 2209 c.
1890 2184 1913 2209 8.

1080 2234 1131 2269 Qu.
1156 2237 1257 2259 testam.
1283 2231 1330 2257 Iac.
1354 2241 1379 2268 p.
1404 2231 1427 2255 6.
1451 2231 1492 2255 22.
1542 2228 1600 2254 Non
1626 2233 1725 2253 tautum
1743 2227 1847 2253 verbis.
1868 2225 1914 2251 sed

1080 2277 1155 2302 etiam
1175 2286 1202 2301 re
1220 2279 1309 2312 potest
1328 2274 1376 2306 (sc.
1396 2272 1511 2299 recusari
1531 2270 1685 2303 hercditas,)
1706 2274 1731 2296 et
1750 2269 1800 2295 alio
1821 2269 1913 2304 quovis

1079 2318 1176 2345 iudicio
1201 2317 1351 2343 voluntatis.
1377 2315 1448 2342 Paul.
1473 2313 1516 2340 IV.
1541 2316 1564 2340 4.
1589 2315 1610 2348 3.
1633 2315 1653 2340 1.
1680 2313 1711 2339 cf.
1732 2312 1761 2337 V.
1782 2313 1804 2337 6.
1831 2311 1851 2343 3.
1874 2312 1911 2335 ll.

1080 2361 1129 2387 Th.
1155 2361 1185 2387 C.
1206 2359 1248 2386 IV.
1276 2362 1296 2386 l.
1323 2370 1344 2385 c.
1370 2361 1391 2384 1.
1417 2358 1449 2384 (18
1473 2362 1535 2383 eret.
1559 2367 1583 2383 v.
1603 2356 1633 2382 B.
1653 2355 1681 2382 P.
1720 2354 1798 2383 Cum.
1818 2354 1913 2379 omissa

1081 2414 1185 2441 quoque
1205 2404 1346 2439 scriptura.
1372 2405 1471 2427 caetera
1495 2400 1643 2436 nuptiarum
1668 2397 1762 2424 indicia
1781 2406 1833 2421 non
1861 2397 1913 2422 sint

1081 2448 1160 2473 irrita.
1181 2456 1201 2472 c.
1224 2448 1262 2471 13.
1283 2445 1315 2471 (le
1334 2448 1406 2480 nupt.
1430 2446 1454 2468 5.
1473 2445 1497 2469 4.
1535 2442 1632 2468 Indicia
1657 2445 1725 2466 certa
1746 2454 1775 2457 -—
1797 2448 1848 2464 non
1868 2439 1914 2465 mi-

1081 2500 1169 2516 norem
1189 2487 1360 2526 probationiS.
1381 2496 1455 2522 quam
1475 2487 1653 2514 instrumenta,
1673 2482 1807 2508 continent
1826 2480 1911 2507 fidem.

1082 2543 1102 2559 c.
1121 2525 1162 2558 ‘19.
1187 2532 1219 2558 de
1238 2531 1268 2557 R.
1288 2529 1318 2555 V.
1338 2532 1362 2555 3.
1382 2531 1423 2555 32.
1444 2528 1475 2554 ci'.
1496 2539 1516 2554 c.
1537 2531 1560 2553 ὅ.
1585 2527 1605 2560 3.
1627 2528 1648 2551 l.
1673 2524 1704 2550 de
1724 2525 1868 2559 quaestion.
1888 2526 1910 2550 9,

1082 2577 1122 2601 41.
1159 2573 1293 2600 Manifesta
1318 2572 1369 2598 fide
1393 2576 1470 2608 atque
1494 2570 1596 2596 indit-iis
1621 2566 1785 2593 evidentibus
1811 2566 1912 2603 (publi-

1083 2627 1140 2644 care
1159 2616 1279 2647 facinus.)
1300 2615 1322 2642 c.⁴
1339 2617 1382 2641 34.
1401 2614 1433 2641 ad
1452 2614 1480 2639 L.
1501 2612 1546 2638 Iul.
1568 2610 1600 2636 de
1619 2608 1698 2635 adult.
1718 2610 1741 2634 9.
1755 2610 1778 2634 9.
1805 2608 1911 2635 iudiciis

1083 2660 1115 2687 ad
1134 2659 1315 2696 probationem
1339 2657 1491 2684 indubitatis
1517 2659 1542 2680 et
1565 2653 1624 2679 luce
1645 2651 1799 2678 clarioribus
1822 2653 1912 2688 (expe-

1084 2703 1136 2729 dita
1155 2702 1219 2732 res.)
1239 2712 1260 2728 c.
1279 2703 1320 2728 25.
1341 2700 1372 2727 de
1391 2699 1492 2736 probat.
1512 2699 1535 2722 4.
1557 2697 1596 2722 19.
1617 2711 1649 2715 -
1668 2695 1699 2728 ξ.
1720 2695 1756 2720 3.
1777 2695 1909 2728 Deposi-

1060 2772 1062 2780 ,
1084 2747 1143 2772 tio.
1163 2754 1181 2770 8.
1203 2744 1423 2772 contestatio,
1443 2741 1577 2773 scripta.
1614 2738 1632 2764 1.
1657 2739 1718 2772 Sy.
1742 2736 1910 2765 Testiuionia.

1085 2787 1190 2814 Indicia.
1216 2786 1264 2813 Τ11.
1285 2785 1315 2812 C.
1336 2784 1366 2810 V.
1391 2785 1413 2809 6.
1439 2793 1460 2809 c.
1486 2784 1507 2808 1.
1532 2781 1564 2808 de
1586 2782 1670 2817 ingen.
1695 2790 1736 2816 qu⁴
1761 2784 1838 2815 temp.
1862 2783 1908 2813 tyr.

1441 2827 1474 2852 58
