<?xml version="1.0" encoding="UTF-8"?>
<!DOCTYPE html PUBLIC "-//W3C//DTD XHTML 1.0 Transitional//EN"
    "http://www.w3.org/TR/xhtml1/DTD/xhtml1-transitional.dtd">
<html xmlns="http://www.w3.org/1999/xhtml" xml:lang="en" lang="en">
 <head>
  <title>
</title>
<meta http-equiv="Content-Type" content="text/html;charset=utf-8" />
  <meta name='ocr-system' content='tesseract 3.04.00' />
  <meta name='ocr-capabilities' content='ocr_page ocr_carea ocr_par ocr_line ocrx_word'/>
</head>
<body>
  <div class='ocr_page' id='page_1' title='image "./manualelatinitat00dirk_0873.png"; bbox 0 0 2197 3121; ppageno 0'>
   <div class='ocr_carea' id='block_1_1' title="bbox 1020 158 1112 189">
    <p class='ocr_par' dir='ltr' id='par_1_1' title="bbox 1020 158 1112 189">
     <span class='ocr_line' id='line_1_1' title="bbox 1020 158 1112 189; baseline 0 0"><span class='ocrx_word' id='word_1_1' title='bbox 1020 158 1112 189; x_wconf 86' lang='lat' dir='ltr'><strong>SAN.</strong></span> 
     </span>
    </p>
   </div>
   <div class='ocr_carea' id='block_1_2' title="bbox 185 239 1046 1859">
    <p class='ocr_par' dir='ltr' id='par_1_2' title="bbox 204 239 1046 535">
     <span class='ocr_line' id='line_1_2' title="bbox 206 239 1046 273; baseline -0.002 -4"><span class='ocrx_word' id='word_1_2' title='bbox 206 243 276 270; x_wconf 88' lang='lat' dir='ltr'>laris.</span> <span class='ocrx_word' id='word_1_3' title='bbox 296 242 337 269; x_wconf 82' lang='lat' dir='ltr'>Cf.</span> <span class='ocrx_word' id='word_1_4' title='bbox 352 242 376 269; x_wconf 86' lang='lat' dir='ltr'>h.</span> <span class='ocrx_word' id='word_1_5' title='bbox 388 252 412 269; x_wconf 90' lang='lat' dir='ltr'>v.</span> <span class='ocrx_word' id='word_1_6' title='bbox 436 242 480 269; x_wconf 79' lang='lat'><strong>111.</strong></span> <span class='ocrx_word' id='word_1_7' title='bbox 494 243 560 270; x_wconf 71' lang='lat' dir='ltr'>Gn.</span> <span class='ocrx_word' id='word_1_8' title='bbox 579 241 775 273; x_wconf 81' lang='lat' dir='ltr'>Monastcrium‚</span> <span class='ocrx_word' id='word_1_9' title='bbox 796 246 846 267; x_wconf 79' lang='lat' dir='ltr'>tam</span> <span class='ocrx_word' id='word_1_10' title='bbox 859 239 1046 267; x_wconf 77' lang='lat' dir='ltr'>monachorum</span> 
     </span>
     <span class='ocr_line' id='line_1_3' title="bbox 206 283 1045 322; baseline -0.002 -10"><span class='ocrx_word' id='word_1_11' title='bbox 206 295 282 322; x_wconf 88' lang='lat' dir='ltr'>quam</span> <span class='ocrx_word' id='word_1_12' title='bbox 302 285 546 312; x_wconf 75' lang='lat' dir='ltr'>sanctimonialium.</span> <span class='ocrx_word' id='word_1_13' title='bbox 567 284 614 311; x_wconf 81' lang='lat' dir='ltr'><strong>Iul.</strong></span> <span class='ocrx_word' id='word_1_14' title='bbox 634 294 674 321; x_wconf 83' lang='lat' dir='ltr'>ep.</span> <span class='ocrx_word' id='word_1_15' title='bbox 695 294 754 310; x_wconf 90' lang='lat' dir='ltr'>nov.</span> <span class='ocrx_word' id='word_1_16' title='bbox 775 293 796 310; x_wconf 91' lang='grc'>8.</span> <span class='ocrx_word' id='word_1_17' title='bbox 818 285 840 310; x_wconf 82' lang='lat'>7.</span> <span class='ocrx_word' id='word_1_18' title='bbox 861 283 882 317; x_wconf 89' lang='lat'>5.</span> <span class='ocrx_word' id='word_1_19' title='bbox 901 284 943 309; x_wconf 90' lang='grc'>32.</span> <span class='ocrx_word' id='word_1_20' title='bbox 963 294 984 309; x_wconf 89' lang='lat' dir='ltr'>c.</span> <span class='ocrx_word' id='word_1_21' title='bbox 1005 284 1045 310; x_wconf 91' lang='lat'>73.</span> 
     </span>
     <span class='ocr_line' id='line_1_4' title="bbox 205 325 1044 365; baseline -0.004 -10"><span class='ocrx_word' id='word_1_22' title='bbox 205 328 243 362; x_wconf 90' lang='lat'>55.</span> <span class='ocrx_word' id='word_1_23' title='bbox 262 329 321 354; x_wconf 71' lang='lat'><strong>264.</strong></span> <span class='ocrx_word' id='word_1_24' title='bbox 341 339 380 365; x_wconf 84' lang='lat' dir='ltr'>sq.</span> <span class='ocrx_word' id='word_1_25' title='bbox 419 327 647 355; x_wconf 85' lang='lat' dir='ltr'>Sanctimouialem</span> <span class='ocrx_word' id='word_1_26' title='bbox 667 326 781 364; x_wconf 79' lang='lat' dir='ltr'>puellam</span> <span class='ocrx_word' id='word_1_27' title='bbox 802 343 830 347; x_wconf 84' lang='lat'>--</span> <span class='ocrx_word' id='word_1_28' title='bbox 851 325 933 352; x_wconf 86' lang='lat' dir='ltr'>velari</span> <span class='ocrx_word' id='word_1_29' title='bbox 952 325 1044 352; x_wconf 70' lang='lat' dir='ltr'>facere.</span> 
     </span>
     <span class='ocr_line' id='line_1_5' title="bbox 205 369 886 402; baseline -0.001 -6"><span class='ocrx_word' id='word_1_30' title='bbox 205 369 273 397; x_wconf 63' lang='lat' dir='ltr'><strong>Nor.</strong></span> <span class='ocrx_word' id='word_1_31' title='bbox 294 370 384 397; x_wconf 77' lang='lat' dir='ltr'>Maior.</span> <span class='ocrx_word' id='word_1_32' title='bbox 404 371 436 397; x_wconf 93' lang='grc'>(18</span> <span class='ocrx_word' id='word_1_33' title='bbox 455 371 609 397; x_wconf 83' lang='lat' dir='ltr'>sanctimon.</span> <span class='ocrx_word' id='word_1_34' title='bbox 629 369 673 396; x_wconf 88' lang='lat' dir='ltr'>IV.</span> <span class='ocrx_word' id='word_1_35' title='bbox 693 371 717 396; x_wconf 83' lang='lat'>6.</span> <span class='ocrx_word' id='word_1_36' title='bbox 737 380 758 396; x_wconf 86' lang='lat' dir='ltr'>c.</span> <span class='ocrx_word' id='word_1_37' title='bbox 780 371 802 395; x_wconf 97' lang='lat'>1.</span> <span class='ocrx_word' id='word_1_38' title='bbox 822 369 843 402; x_wconf 97' lang='lat'>5.</span> <span class='ocrx_word' id='word_1_39' title='bbox 862 370 886 395; x_wconf 88' lang='lat'>2.</span> 
     </span>
     <span class='ocr_line' id='line_1_6' title="bbox 240 412 1046 445; baseline -0.004 -4"><span class='ocrx_word' id='word_1_40' title='bbox 240 413 602 441; x_wconf 74' lang='lat' dir='ltr'>sanctimonialiter.</span> <span class='ocrx_word' id='word_1_41' title='bbox 623 412 744 445; x_wconf 76' lang='lat' dir='ltr'><strong>(Advh.)</strong></span> <span class='ocrx_word' id='word_1_42' title='bbox 769 413 856 439; x_wconf 87' lang='lat' dir='ltr'>More</span> <span class='ocrx_word' id='word_1_43' title='bbox 874 413 1046 438; x_wconf 75' lang='lat' dir='ltr'>sanctimo-</span> 
     </span>
     <span class='ocr_line' id='line_1_7' title="bbox 204 454 1046 490; baseline -0.002 -8"><span class='ocrx_word' id='word_1_44' title='bbox 204 458 354 483; x_wconf 83' lang='lat' dir='ltr'>nialium.</span> <span class='ocrx_word' id='word_1_45' title='bbox 390 455 408 482; x_wconf 93' lang='lat' dir='ltr'>I.</span> <span class='ocrx_word' id='word_1_46' title='bbox 425 457 487 490; x_wconf 79' lang='lat' dir='ltr'>Sy.</span> <span class='ocrx_word' id='word_1_47' title='bbox 508 455 737 482; x_wconf 76' lang='lat' dir='ltr'>sanctimonialem</span> <span class='ocrx_word' id='word_1_48' title='bbox 756 456 835 481; x_wconf 79' lang='lat' dir='ltr'>vitam</span> <span class='ocrx_word' id='word_1_49' title='bbox 853 455 949 480; x_wconf 82' lang='lat' dir='ltr'>vivere.</span> <span class='ocrx_word' id='word_1_50' title='bbox 982 454 1046 480; x_wconf 87' lang='lat' dir='ltr'>San-</span> 
     </span>
     <span class='ocr_line' id='line_1_8' title="bbox 206 496 1011 535; baseline -0.001 -11"><span class='ocrx_word' id='word_1_51' title='bbox 206 499 275 524; x_wconf 86' lang='lat' dir='ltr'>ctim.</span> <span class='ocrx_word' id='word_1_52' title='bbox 295 498 396 535; x_wconf 84' lang='lat' dir='ltr'>degere.</span> <span class='ocrx_word' id='word_1_53' title='bbox 417 508 438 524; x_wconf 94' lang='grc'>8.</span> <span class='ocrx_word' id='word_1_54' title='bbox 458 499 499 524; x_wconf 82' lang='grc'>56.</span> <span class='ocrx_word' id='word_1_55' title='bbox 520 508 559 535; x_wconf 91' lang='lat' dir='ltr'>pr.</span> <span class='ocrx_word' id='word_1_56' title='bbox 578 499 600 532; x_wconf 96' lang='lat'>5.</span> <span class='ocrx_word' id='word_1_57' title='bbox 622 500 643 524; x_wconf 98' lang='lat' dir='ltr'>l.</span> <span class='ocrx_word' id='word_1_58' title='bbox 664 497 696 524; x_wconf 88' lang='lat' dir='ltr'>de</span> <span class='ocrx_word' id='word_1_59' title='bbox 716 498 796 534; x_wconf 87' lang='lat' dir='ltr'>episc.</span> <span class='ocrx_word' id='word_1_60' title='bbox 817 501 842 523; x_wconf 86' lang='lat' dir='ltr'>et</span> <span class='ocrx_word' id='word_1_61' title='bbox 863 496 924 524; x_wconf 92' lang='lat' dir='ltr'>cler.</span> <span class='ocrx_word' id='word_1_62' title='bbox 945 499 968 523; x_wconf 96' lang='grc'>1.</span> <span class='ocrx_word' id='word_1_63' title='bbox 986 498 1011 523; x_wconf 89' lang='lat'>3.</span> 
     </span>
    </p>

    <p class='ocr_par' dir='ltr' id='par_1_3' title="bbox 202 541 1045 1082">
     <span class='ocr_line' id='line_1_9' title="bbox 239 541 1045 577; baseline -0.002 -9"><span class='ocrx_word' id='word_1_64' title='bbox 239 541 404 568; x_wconf 81' lang='lat' dir='ltr'>Sanctio.</span> <span class='ocrx_word' id='word_1_65' title='bbox 441 541 472 574; x_wconf 73' lang='lat'>§-</span> <span class='ocrx_word' id='word_1_66' title='bbox 494 542 528 567; x_wconf 91' lang='grc'>1.</span> <span class='ocrx_word' id='word_1_67' title='bbox 555 542 770 567; x_wconf 84' lang='lat' dir='ltr'>Comminatio</span> <span class='ocrx_word' id='word_1_68' title='bbox 793 550 926 574; x_wconf 81' lang='lat' dir='ltr'>poenae,</span> <span class='ocrx_word' id='word_1_69' title='bbox 956 542 1045 577; x_wconf 81' lang='lat' dir='ltr'>(prae—</span> 
     </span>
     <span class='ocr_line' id='line_1_10' title="bbox 205 582 1043 622; baseline 0 -13"><span class='ocrx_word' id='word_1_70' title='bbox 205 584 296 609; x_wconf 79' lang='lat' dir='ltr'>sertim</span> <span class='ocrx_word' id='word_1_71' title='bbox 315 582 367 622; x_wconf 75' lang='lat' dir='ltr'>illa,</span> <span class='ocrx_word' id='word_1_72' title='bbox 388 594 453 620; x_wconf 83' lang='lat' dir='ltr'>quae</span> <span class='ocrx_word' id='word_1_73' title='bbox 472 584 498 610; x_wconf 88' lang='lat' dir='ltr'>in</span> <span class='ocrx_word' id='word_1_74' title='bbox 519 588 634 610; x_wconf 79' lang='lat' dir='ltr'>extrema</span> <span class='ocrx_word' id='word_1_75' title='bbox 653 583 718 619; x_wconf 78' lang='lat' dir='ltr'>legis</span> <span class='ocrx_word' id='word_1_76' title='bbox 737 587 811 620; x_wconf 79' lang='lat' dir='ltr'>parte</span> <span class='ocrx_word' id='word_1_77' title='bbox 824 582 954 620; x_wconf 85' lang='lat' dir='ltr'>adscripta</span> <span class='ocrx_word' id='word_1_78' title='bbox 969 584 1043 614; x_wconf 84' lang='lat' dir='ltr'>erat.)</span> 
     </span>
     <span class='ocr_line' id='line_1_11' title="bbox 204 623 1044 662; baseline 0 -10"><span class='ocrx_word' id='word_1_79' title='bbox 204 625 247 652; x_wconf 84' lang='grc' dir='ltr'>ΠΙ.</span> <span class='ocrx_word' id='word_1_80' title='bbox 267 623 333 653; x_wconf 54' lang='lat' dir='ltr'>Gn}</span> <span class='ocrx_word' id='word_1_81' title='bbox 362 625 505 653; x_wconf 86' lang='lat' dir='ltr'>Sanctione</span> <span class='ocrx_word' id='word_1_82' title='bbox 530 626 640 662; x_wconf 80' lang='lat' dir='ltr'>quadam</span> <span class='ocrx_word' id='word_1_83' title='bbox 667 626 827 656; x_wconf 77' lang='lat' dir='ltr'>confirmari,</span> <span class='ocrx_word' id='word_1_84' title='bbox 855 635 880 652; x_wconf 80' lang='lat' dir='ltr'>v.</span> <span class='ocrx_word' id='word_1_85' title='bbox 904 625 1044 652; x_wconf 76' lang='lat' dir='ltr'>subnixum</span> 
     </span>
     <span class='ocr_line' id='line_1_12' title="bbox 205 668 1045 705; baseline -0.001 -10"><span class='ocrx_word' id='word_1_86' title='bbox 205 678 272 695; x_wconf 85' lang='lat' dir='ltr'>csse.</span> <span class='ocrx_word' id='word_1_87' title='bbox 292 668 323 695; x_wconf 88' lang='lat' dir='ltr'>fr.</span> <span class='ocrx_word' id='word_1_88' title='bbox 343 671 367 695; x_wconf 92' lang='grc'>9.</span> <span class='ocrx_word' id='word_1_89' title='bbox 386 669 407 703; x_wconf 91' lang='lat'>5</span> <span class='ocrx_word' id='word_1_90' title='bbox 427 671 451 695; x_wconf 87' lang='lat'><strong>3.</strong></span> <span class='ocrx_word' id='word_1_91' title='bbox 473 669 504 696; x_wconf 90' lang='lat' dir='ltr'>de</span> <span class='ocrx_word' id='word_1_92' title='bbox 523 669 554 696; x_wconf 85' lang='lat' dir='ltr'>R.</span> <span class='ocrx_word' id='word_1_93' title='bbox 575 669 607 696; x_wconf 93' lang='lat' dir='ltr'><strong>D.</strong></span> <span class='ocrx_word' id='word_1_94' title='bbox 630 671 652 695; x_wconf 94' lang='grc'>1.</span> <span class='ocrx_word' id='word_1_95' title='bbox 672 671 695 695; x_wconf 85' lang='grc'>8.</span> <span class='ocrx_word' id='word_1_96' title='bbox 732 668 839 695; x_wconf 85' lang='lat' dir='ltr'>Sanctio</span> <span class='ocrx_word' id='word_1_97' title='bbox 858 668 955 704; x_wconf 75' lang='lat' dir='ltr'>legum,</span> <span class='ocrx_word' id='word_1_98' title='bbox 979 678 1045 705; x_wconf 82' lang='lat' dir='ltr'>quae</span> 
     </span>
     <span class='ocr_line' id='line_1_13' title="bbox 204 711 1043 749; baseline 0.001 -12"><span class='ocrx_word' id='word_1_99' title='bbox 204 711 348 738; x_wconf 84' lang='lat' dir='ltr'>novissime</span> <span class='ocrx_word' id='word_1_100' title='bbox 368 716 464 738; x_wconf 82' lang='lat' dir='ltr'>certam</span> <span class='ocrx_word' id='word_1_101' title='bbox 484 722 594 749; x_wconf 80' lang='lat' dir='ltr'>poenam</span> <span class='ocrx_word' id='word_1_102' title='bbox 614 713 710 748; x_wconf 80' lang='lat' dir='ltr'>irrogat</span> <span class='ocrx_word' id='word_1_103' title='bbox 729 716 778 737; x_wconf 80' lang='lat' dir='ltr'>etc.</span> <span class='ocrx_word' id='word_1_104' title='bbox 804 711 835 737; x_wconf 88' lang='lat' dir='ltr'>fr.</span> <span class='ocrx_word' id='word_1_105' title='bbox 854 713 894 738; x_wconf 81' lang='lat'>41.</span> <span class='ocrx_word' id='word_1_106' title='bbox 915 711 948 738; x_wconf 87' lang='lat' dir='ltr'>de</span> <span class='ocrx_word' id='word_1_107' title='bbox 967 721 1043 748; x_wconf 78' lang='lat' dir='ltr'>poen.</span> 
     </span>
     <span class='ocr_line' id='line_1_14' title="bbox 203 754 1044 791; baseline 0 -11"><span class='ocrx_word' id='word_1_108' title='bbox 203 754 245 780; x_wconf 79' lang='lat'>48.</span> <span class='ocrx_word' id='word_1_109' title='bbox 266 755 306 780; x_wconf 90' lang='lat'>19.</span> <span class='ocrx_word' id='word_1_110' title='bbox 343 754 421 781; x_wconf 78' lang='lat' dir='ltr'>Nulla</span> <span class='ocrx_word' id='word_1_111' title='bbox 445 755 510 791; x_wconf 77' lang='lat' dir='ltr'>legis</span> <span class='ocrx_word' id='word_1_112' title='bbox 535 756 670 781; x_wconf 80' lang='lat' dir='ltr'>sanctione</span> <span class='ocrx_word' id='word_1_113' title='bbox 693 759 819 780; x_wconf 84' lang='lat' dir='ltr'>statutum</span> <span class='ocrx_word' id='word_1_114' title='bbox 844 759 892 781; x_wconf 87' lang='lat' dir='ltr'>est.</span> <span class='ocrx_word' id='word_1_115' title='bbox 918 765 938 781; x_wconf 92' lang='lat' dir='ltr'>c.</span> <span class='ocrx_word' id='word_1_116' title='bbox 962 756 986 780; x_wconf 85' lang='lat'>4.</span> <span class='ocrx_word' id='word_1_117' title='bbox 1011 754 1044 781; x_wconf 84' lang='lat' dir='ltr'>de</span> 
     </span>
     <span class='ocr_line' id='line_1_15' title="bbox 202 796 1043 832; baseline 0.001 -10"><span class='ocrx_word' id='word_1_118' title='bbox 202 797 260 823; x_wconf 83' lang='lat' dir='ltr'>inre</span> <span class='ocrx_word' id='word_1_119' title='bbox 279 796 345 823; x_wconf 86' lang='lat' dir='ltr'>fisci.</span> <span class='ocrx_word' id='word_1_120' title='bbox 372 799 410 823; x_wconf 90' lang='lat'>10.</span> <span class='ocrx_word' id='word_1_121' title='bbox 433 799 455 823; x_wconf 94' lang='lat'>1.</span> <span class='ocrx_word' id='word_1_122' title='bbox 481 814 511 818; x_wconf 88' lang='lat'>-—</span> <span class='ocrx_word' id='word_1_123' title='bbox 537 799 567 831; x_wconf 59' lang='grc' dir='ltr'>ᾖ.</span> <span class='ocrx_word' id='word_1_124' title='bbox 588 799 622 823; x_wconf 73' lang='lat'>2.</span> <span class='ocrx_word' id='word_1_125' title='bbox 647 799 754 824; x_wconf 80' lang='lat' dir='ltr'>Iussio</span> <span class='ocrx_word' id='word_1_126' title='bbox 779 799 938 832; x_wconf 80' lang='lat' dir='ltr'>legitima.</span> <span class='ocrx_word' id='word_1_127' title='bbox 970 798 1043 823; x_wconf 76' lang='lat' dir='ltr'><strong>Lex.</strong></span> 
     </span>
     <span class='ocr_line' id='line_1_16' title="bbox 202 838 1043 876; baseline -0.001 -10"><span class='ocrx_word' id='word_1_128' title='bbox 202 838 246 866; x_wconf 85' lang='grc'><strong>11].</strong></span> <span class='ocrx_word' id='word_1_129' title='bbox 261 841 326 867; x_wconf 77' lang='lat' dir='ltr'>Cn.</span> <span class='ocrx_word' id='word_1_130' title='bbox 352 839 524 867; x_wconf 86' lang='lat' dir='ltr'>Circumcisis</span> <span class='ocrx_word' id='word_1_131' title='bbox 545 851 576 867; x_wconf 88' lang='lat' dir='ltr'>ex</span> <span class='ocrx_word' id='word_1_132' title='bbox 595 849 695 876; x_wconf 84' lang='lat' dir='ltr'>quaque</span> <span class='ocrx_word' id='word_1_133' title='bbox 715 841 915 871; x_wconf 82' lang='lat' dir='ltr'>constitutione,</span> <span class='ocrx_word' id='word_1_134' title='bbox 941 839 972 865; x_wconf 86' lang='lat' dir='ltr'>ad</span> <span class='ocrx_word' id='word_1_135' title='bbox 991 841 1043 866; x_wconf 87' lang='lat' dir='ltr'>vim</span> 
     </span>
     <span class='ocr_line' id='line_1_17' title="bbox 202 881 1042 920; baseline 0 -12"><span class='ocrx_word' id='word_1_136' title='bbox 202 883 347 908; x_wconf 81' lang='lat' dir='ltr'>sanctionis</span> <span class='ocrx_word' id='word_1_137' title='bbox 367 893 420 909; x_wconf 89' lang='lat' dir='ltr'>non</span> <span class='ocrx_word' id='word_1_138' title='bbox 439 882 639 920; x_wconf 85' lang='lat' dir='ltr'>pertinentibus.</span> <span class='ocrx_word' id='word_1_139' title='bbox 660 881 710 908; x_wconf 91' lang='lat' dir='ltr'>Th.</span> <span class='ocrx_word' id='word_1_140' title='bbox 731 882 761 909; x_wconf 88' lang='lat' dir='ltr'><strong>C.</strong></span> <span class='ocrx_word' id='word_1_141' title='bbox 781 882 799 908; x_wconf 95' lang='lat' dir='ltr'>I.</span> <span class='ocrx_word' id='word_1_142' title='bbox 820 885 839 908; x_wconf 89' lang='lat'>1.</span> <span class='ocrx_word' id='word_1_143' title='bbox 861 893 881 909; x_wconf 90' lang='grc'>8.</span> <span class='ocrx_word' id='word_1_144' title='bbox 895 884 919 909; x_wconf 87' lang='grc'>6.</span> <span class='ocrx_word' id='word_1_145' title='bbox 939 882 1042 915; x_wconf 78' lang='lat' dir='ltr'><strong>(Wek.)</strong></span> 
     </span>
     <span class='ocr_line' id='line_1_18' title="bbox 203 923 1042 962; baseline -0.001 -11"><span class='ocrx_word' id='word_1_146' title='bbox 203 923 236 951; x_wconf 87' lang='lat' dir='ltr'>de</span> <span class='ocrx_word' id='word_1_147' title='bbox 255 930 338 951; x_wconf 84' lang='lat' dir='ltr'>const.</span> <span class='ocrx_word' id='word_1_148' title='bbox 359 925 400 952; x_wconf 89' lang='lat' dir='ltr'><strong>Pr.</strong></span> <span class='ocrx_word' id='word_1_149' title='bbox 426 925 505 952; x_wconf 86' lang='lat' dir='ltr'>Sacra</span> <span class='ocrx_word' id='word_1_150' title='bbox 529 925 688 962; x_wconf 68' lang='lat' dir='ltr'>prohibitum</span> <span class='ocrx_word' id='word_1_151' title='bbox 708 926 850 951; x_wconf 72' lang='lat' dir='ltr'>sanctione.</span> <span class='ocrx_word' id='word_1_152' title='bbox 875 925 912 951; x_wconf 89' lang='lat' dir='ltr'>lb.</span> <span class='ocrx_word' id='word_1_153' title='bbox 932 924 999 951; x_wconf 82' lang='lat' dir='ltr'><strong>VIII.</strong></span> <span class='ocrx_word' id='word_1_154' title='bbox 1019 927 1042 950; x_wconf 87' lang='lat'>5.</span> 
     </span>
     <span class='ocr_line' id='line_1_19' title="bbox 203 967 1043 1004; baseline 0 -11"><span class='ocrx_word' id='word_1_155' title='bbox 203 977 224 993; x_wconf 93' lang='lat' dir='ltr'>c.</span> <span class='ocrx_word' id='word_1_156' title='bbox 244 968 285 993; x_wconf 85' lang='lat'>66.</span> <span class='ocrx_word' id='word_1_157' title='bbox 306 968 327 1001; x_wconf 87' lang='lat'>5.</span> <span class='ocrx_word' id='word_1_158' title='bbox 350 970 371 994; x_wconf 98' lang='lat' dir='ltr'>l.</span> <span class='ocrx_word' id='word_1_159' title='bbox 391 968 424 994; x_wconf 86' lang='lat' dir='ltr'>de</span> <span class='ocrx_word' id='word_1_160' title='bbox 444 977 521 994; x_wconf 89' lang='lat' dir='ltr'>cursu</span> <span class='ocrx_word' id='word_1_161' title='bbox 540 967 602 1004; x_wconf 88' lang='lat' dir='ltr'><strong>pub.</strong></span> <span class='ocrx_word' id='word_1_162' title='bbox 622 967 658 993; x_wconf 87' lang='lat' dir='ltr'>lb.</span> <span class='ocrx_word' id='word_1_163' title='bbox 678 968 710 993; x_wconf 81' lang='lat' dir='ltr'>X.</span> <span class='ocrx_word' id='word_1_164' title='bbox 724 969 747 993; x_wconf 84' lang='lat'>3.</span> <span class='ocrx_word' id='word_1_165' title='bbox 770 978 790 993; x_wconf 90' lang='grc'>8.</span> <span class='ocrx_word' id='word_1_166' title='bbox 807 970 831 993; x_wconf 87' lang='lat'>5.</span> <span class='ocrx_word' id='word_1_167' title='bbox 852 967 883 993; x_wconf 87' lang='lat' dir='ltr'>de</span> <span class='ocrx_word' id='word_1_168' title='bbox 902 967 951 993; x_wconf 89' lang='lat' dir='ltr'>loc.</span> <span class='ocrx_word' id='word_1_169' title='bbox 972 967 1043 993; x_wconf 86' lang='lat' dir='ltr'>fund.</span> 
     </span>
     <span class='ocr_line' id='line_1_20' title="bbox 203 1009 1041 1047; baseline 0 -11"><span class='ocrx_word' id='word_1_170' title='bbox 203 1010 253 1036; x_wconf 89' lang='lat' dir='ltr'>iur.</span> <span class='ocrx_word' id='word_1_171' title='bbox 274 1009 359 1047; x_wconf 87' lang='lat' dir='ltr'>emph.</span> <span class='ocrx_word' id='word_1_172' title='bbox 392 1009 561 1036; x_wconf 87' lang='lat' dir='ltr'>Sanctionum</span> <span class='ocrx_word' id='word_1_173' title='bbox 581 1015 698 1036; x_wconf 84' lang='lat' dir='ltr'>veterum</span> <span class='ocrx_word' id='word_1_174' title='bbox 719 1009 877 1036; x_wconf 85' lang='lat' dir='ltr'>conditores.</span> <span class='ocrx_word' id='word_1_175' title='bbox 898 1010 934 1036; x_wconf 91' lang='lat' dir='ltr'>lb.</span> <span class='ocrx_word' id='word_1_176' title='bbox 954 1009 998 1036; x_wconf 83' lang='lat' dir='ltr'>IX.</span> <span class='ocrx_word' id='word_1_177' title='bbox 1020 1011 1041 1036; x_wconf 87' lang='lat' dir='ltr'>l.</span> 
     </span>
     <span class='ocr_line' id='line_1_21' title="bbox 203 1052 693 1082; baseline 0.002 -4"><span class='ocrx_word' id='word_1_178' title='bbox 203 1062 223 1078; x_wconf 94' lang='lat' dir='ltr'>c.</span> <span class='ocrx_word' id='word_1_179' title='bbox 245 1054 285 1078; x_wconf 89' lang='grc'>12.</span> <span class='ocrx_word' id='word_1_180' title='bbox 306 1052 338 1078; x_wconf 88' lang='grc'>(18</span> <span class='ocrx_word' id='word_1_181' title='bbox 358 1062 442 1079; x_wconf 86' lang='lat' dir='ltr'>accus.</span> <span class='ocrx_word' id='word_1_182' title='bbox 462 1057 487 1078; x_wconf 84' lang='lat' dir='ltr'>et</span> <span class='ocrx_word' id='word_1_183' title='bbox 506 1053 584 1079; x_wconf 71' lang='lat' dir='ltr'>inser.</span> <span class='ocrx_word' id='word_1_184' title='bbox 689 1077 693 1082; x_wconf 74' lang='grc'>,</span> 
     </span>
    </p>

    <p class='ocr_par' dir='ltr' id='par_1_4' title="bbox 198 1095 1044 1729">
     <span class='ocr_line' id='line_1_22' title="bbox 237 1095 1044 1129; baseline -0.001 -8"><span class='ocrx_word' id='word_1_185' title='bbox 237 1095 440 1121; x_wconf 80' lang='lat' dir='ltr'>Sanctitas.</span> <span class='ocrx_word' id='word_1_186' title='bbox 478 1095 508 1128; x_wconf 78' lang='lat'>§-</span> <span class='ocrx_word' id='word_1_187' title='bbox 520 1096 554 1121; x_wconf 88' lang='grc'>1.</span> <span class='ocrx_word' id='word_1_188' title='bbox 577 1097 692 1121; x_wconf 76' lang='lat' dir='ltr'>Status</span> <span class='ocrx_word' id='word_1_189' title='bbox 710 1096 770 1126; x_wconf 82' lang='lat' dir='ltr'>rei,</span> <span class='ocrx_word' id='word_1_190' title='bbox 791 1105 881 1129; x_wconf 79' lang='lat' dir='ltr'>quam</span> <span class='ocrx_word' id='word_1_191' title='bbox 901 1096 1044 1121; x_wconf 77' lang='lat' dir='ltr'>revereri</span> 
     </span>
     <span class='ocr_line' id='line_1_23' title="bbox 202 1136 1042 1171; baseline -0.001 -7"><span class='ocrx_word' id='word_1_192' title='bbox 202 1143 337 1171; x_wconf 81' lang='lat' dir='ltr'>oportet.</span> <span class='ocrx_word' id='word_1_193' title='bbox 373 1137 391 1163; x_wconf 90' lang='lat'>1.</span> <span class='ocrx_word' id='word_1_194' title='bbox 411 1138 472 1171; x_wconf 75' lang='lat' dir='ltr'>Sy.</span> <span class='ocrx_word' id='word_1_195' title='bbox 498 1136 635 1163; x_wconf 73' lang='lat' dir='ltr'>Catholiea</span> <span class='ocrx_word' id='word_1_196' title='bbox 660 1138 793 1163; x_wconf 79' lang='lat' dir='ltr'>sanctitas.</span> <span class='ocrx_word' id='word_1_197' title='bbox 822 1137 975 1164; x_wconf 79' lang='lat' dir='ltr'>Catholicae</span> <span class='ocrx_word' id='word_1_198' title='bbox 997 1136 1042 1163; x_wconf 91' lang='lat' dir='ltr'>ob-</span> 
     </span>
     <span class='ocr_line' id='line_1_24' title="bbox 201 1179 1040 1216; baseline -0.001 -10"><span class='ocrx_word' id='word_1_199' title='bbox 201 1181 348 1206; x_wconf 79' lang='lat' dir='ltr'>servantiae</span> <span class='ocrx_word' id='word_1_200' title='bbox 365 1179 434 1206; x_wconf 76' lang='lat' dir='ltr'>fides</span> <span class='ocrx_word' id='word_1_201' title='bbox 454 1181 562 1206; x_wconf 83' lang='lat' dir='ltr'>sincera.</span> <span class='ocrx_word' id='word_1_202' title='bbox 584 1179 634 1206; x_wconf 92' lang='lat' dir='ltr'>Th.</span> <span class='ocrx_word' id='word_1_203' title='bbox 649 1179 680 1206; x_wconf 89' lang='lat' dir='ltr'>C.</span> <span class='ocrx_word' id='word_1_204' title='bbox 694 1179 763 1207; x_wconf 74' lang='lat' dir='ltr'><strong>XVI.</strong></span> <span class='ocrx_word' id='word_1_205' title='bbox 783 1182 806 1206; x_wconf 89' lang='lat'>5.</span> <span class='ocrx_word' id='word_1_206' title='bbox 827 1190 848 1206; x_wconf 93' lang='grc'>8.</span> <span class='ocrx_word' id='word_1_207' title='bbox 867 1182 891 1206; x_wconf 88' lang='grc'>2.</span> <span class='ocrx_word' id='word_1_208' title='bbox 911 1190 932 1206; x_wconf 94' lang='grc'>8.</span> <span class='ocrx_word' id='word_1_209' title='bbox 948 1181 987 1206; x_wconf 94' lang='grc'>11.</span> <span class='ocrx_word' id='word_1_210' title='bbox 1002 1189 1040 1216; x_wconf 86' lang='lat' dir='ltr'>sq.</span> 
     </span>
     <span class='ocr_line' id='line_1_25' title="bbox 201 1222 1041 1259; baseline -0.001 -10"><span class='ocrx_word' id='word_1_211' title='bbox 201 1222 234 1249; x_wconf 85' lang='lat' dir='ltr'>de</span> <span class='ocrx_word' id='word_1_212' title='bbox 252 1222 348 1249; x_wconf 81' lang='lat' dir='ltr'>haeret.</span> <span class='ocrx_word' id='word_1_213' title='bbox 384 1222 428 1249; x_wconf 92' lang='lat' dir='ltr'><strong>III.</strong></span> <span class='ocrx_word' id='word_1_214' title='bbox 449 1224 515 1250; x_wconf 79' lang='lat' dir='ltr'>Cn.</span> <span class='ocrx_word' id='word_1_215' title='bbox 541 1222 710 1249; x_wconf 74' lang='lat' dir='ltr'>sanctitatem</span> <span class='ocrx_word' id='word_1_216' title='bbox 734 1223 857 1259; x_wconf 76' lang='lat' dir='ltr'>baptismi</span> <span class='ocrx_word' id='word_1_217' title='bbox 877 1223 1041 1259; x_wconf 79' lang='lat' dir='ltr'>(geminare.)</span> 
     </span>
     <span class='ocr_line' id='line_1_26' title="bbox 199 1264 1041 1303; baseline 0 -12"><span class='ocrx_word' id='word_1_218' title='bbox 199 1264 236 1292; x_wconf 90' lang='lat' dir='ltr'>Ib.</span> <span class='ocrx_word' id='word_1_219' title='bbox 255 1265 325 1292; x_wconf 86' lang='lat' dir='ltr'><strong>XVI.</strong></span> <span class='ocrx_word' id='word_1_220' title='bbox 340 1266 363 1292; x_wconf 87' lang='lat'><strong>6.</strong></span> <span class='ocrx_word' id='word_1_221' title='bbox 383 1275 404 1292; x_wconf 93' lang='lat' dir='ltr'>c.</span> <span class='ocrx_word' id='word_1_222' title='bbox 421 1267 442 1291; x_wconf 92' lang='grc'>1.</span> <span class='ocrx_word' id='word_1_223' title='bbox 462 1275 494 1291; x_wconf 87' lang='grc'>118</span> <span class='ocrx_word' id='word_1_224' title='bbox 515 1265 541 1291; x_wconf 93' lang='lat' dir='ltr'><strong>S.</strong></span> <span class='ocrx_word' id='word_1_225' title='bbox 556 1265 626 1303; x_wconf 80' lang='lat' dir='ltr'>bapt.</span> <span class='ocrx_word' id='word_1_226' title='bbox 662 1266 775 1292; x_wconf 86' lang='lat' dir='ltr'>Divinae</span> <span class='ocrx_word' id='word_1_227' title='bbox 793 1266 858 1301; x_wconf 74' lang='lat' dir='ltr'>legis</span> <span class='ocrx_word' id='word_1_228' title='bbox 878 1267 1041 1292; x_wconf 75' lang='lat' dir='ltr'>sanctitatem</span> 
     </span>
     <span class='ocr_line' id='line_1_27' title="bbox 201 1307 1041 1346; baseline 0.001 -12"><span class='ocrx_word' id='word_1_229' title='bbox 201 1324 232 1329; x_wconf 85' lang='lat'>—</span> <span class='ocrx_word' id='word_1_230' title='bbox 252 1307 408 1344; x_wconf 80' lang='lat' dir='ltr'>negligendo</span> <span class='ocrx_word' id='word_1_231' title='bbox 428 1308 534 1334; x_wconf 85' lang='lat' dir='ltr'>violant.</span> <span class='ocrx_word' id='word_1_232' title='bbox 554 1308 591 1334; x_wconf 87' lang='lat' dir='ltr'>lb.</span> <span class='ocrx_word' id='word_1_233' title='bbox 605 1308 675 1335; x_wconf 82' lang='lat' dir='ltr'><strong>XVI.</strong></span> <span class='ocrx_word' id='word_1_234' title='bbox 690 1310 714 1335; x_wconf 84' lang='lat'>2.</span> <span class='ocrx_word' id='word_1_235' title='bbox 735 1318 756 1335; x_wconf 89' lang='lat' dir='ltr'>c.</span> <span class='ocrx_word' id='word_1_236' title='bbox 769 1310 810 1335; x_wconf 84' lang='lat'>25.</span> <span class='ocrx_word' id='word_1_237' title='bbox 831 1308 863 1335; x_wconf 89' lang='grc'>(18</span> <span class='ocrx_word' id='word_1_238' title='bbox 883 1310 962 1346; x_wconf 88' lang='lat' dir='ltr'>episc.</span> <span class='ocrx_word' id='word_1_239' title='bbox 978 1308 1041 1335; x_wconf 83' lang='grc'><strong>8881.</strong></span> 
     </span>
     <span class='ocr_line' id='line_1_28' title="bbox 200 1351 1042 1384; baseline -0.001 -6"><span class='ocrx_word' id='word_1_240' title='bbox 200 1367 231 1372; x_wconf 88' lang='grc'>-</span> <span class='ocrx_word' id='word_1_241' title='bbox 251 1351 282 1384; x_wconf 80' lang='lat'>§.</span> <span class='ocrx_word' id='word_1_242' title='bbox 298 1352 333 1378; x_wconf 57' lang='grc' dir='ltr'>ἓ.</span> <span class='ocrx_word' id='word_1_243' title='bbox 354 1353 493 1382; x_wconf 87' lang='lat' dir='ltr'>Candor,</span> <span class='ocrx_word' id='word_1_244' title='bbox 514 1353 705 1378; x_wconf 68' lang='lat' dir='ltr'>Sinceritas.</span> <span class='ocrx_word' id='word_1_245' title='bbox 742 1351 784 1378; x_wconf 91' lang='lat' dir='ltr'><strong>Ill.</strong></span> <span class='ocrx_word' id='word_1_246' title='bbox 797 1353 862 1379; x_wconf 73' lang='lat'><strong>011.</strong></span> <span class='ocrx_word' id='word_1_247' title='bbox 884 1351 983 1378; x_wconf 80' lang='lat' dir='ltr'>Omnes</span> <span class='ocrx_word' id='word_1_248' title='bbox 997 1351 1042 1378; x_wconf 92' lang='lat' dir='ltr'>ho-</span> 
     </span>
     <span class='ocr_line' id='line_1_29' title="bbox 200 1394 1040 1421; baseline -0.001 -1"><span class='ocrx_word' id='word_1_249' title='bbox 200 1394 284 1420; x_wconf 84' lang='lat' dir='ltr'>mines</span> <span class='ocrx_word' id='word_1_250' title='bbox 305 1409 336 1413; x_wconf 90' lang='lat'>—</span> <span class='ocrx_word' id='word_1_251' title='bbox 356 1394 457 1420; x_wconf 81' lang='lat' dir='ltr'>infusae</span> <span class='ocrx_word' id='word_1_252' title='bbox 477 1394 586 1420; x_wconf 91' lang='lat' dir='ltr'>caelitus</span> <span class='ocrx_word' id='word_1_253' title='bbox 606 1395 752 1421; x_wconf 79' lang='lat' dir='ltr'>sanctitatis</span> <span class='ocrx_word' id='word_1_254' title='bbox 773 1405 831 1421; x_wconf 85' lang='lat' dir='ltr'>esse</span> <span class='ocrx_word' id='word_1_255' title='bbox 851 1394 984 1421; x_wconf 79' lang='lat' dir='ltr'>custodes.</span> <span class='ocrx_word' id='word_1_256' title='bbox 1004 1394 1040 1420; x_wconf 89' lang='lat' dir='ltr'>lb.</span> 
     </span>
     <span class='ocr_line' id='line_1_30' title="bbox 198 1435 1041 1475; baseline 0 -12"><span class='ocrx_word' id='word_1_257' title='bbox 198 1435 268 1463; x_wconf 88' lang='lat' dir='ltr'><strong>XVI.</strong></span> <span class='ocrx_word' id='word_1_258' title='bbox 289 1438 312 1463; x_wconf 91' lang='lat'>6.</span> <span class='ocrx_word' id='word_1_259' title='bbox 334 1447 354 1463; x_wconf 93' lang='grc'>8.</span> <span class='ocrx_word' id='word_1_260' title='bbox 374 1439 398 1463; x_wconf 84' lang='grc'>4.</span> <span class='ocrx_word' id='word_1_261' title='bbox 419 1437 440 1471; x_wconf 88' lang='lat'>5</span> <span class='ocrx_word' id='word_1_262' title='bbox 454 1439 478 1463; x_wconf 90' lang='lat'>2.</span> <span class='ocrx_word' id='word_1_263' title='bbox 498 1447 530 1463; x_wconf 81' lang='grc'>118</span> <span class='ocrx_word' id='word_1_264' title='bbox 550 1437 576 1463; x_wconf 91' lang='lat' dir='ltr'><strong>S.</strong></span> <span class='ocrx_word' id='word_1_265' title='bbox 593 1437 663 1474; x_wconf 83' lang='lat' dir='ltr'>bapt.</span> <span class='ocrx_word' id='word_1_266' title='bbox 701 1436 748 1463; x_wconf 82' lang='lat' dir='ltr'>Vir</span> <span class='ocrx_word' id='word_1_267' title='bbox 768 1437 929 1475; x_wconf 88' lang='lat' dir='ltr'>apostolicae</span> <span class='ocrx_word' id='word_1_268' title='bbox 948 1438 1041 1463; x_wconf 87' lang='lat' dir='ltr'>sancti-</span> 
     </span>
     <span class='ocr_line' id='line_1_31' title="bbox 198 1479 1040 1517; baseline 0.001 -12"><span class='ocrx_word' id='word_1_269' title='bbox 198 1480 268 1505; x_wconf 81' lang='lat' dir='ltr'>tatis.</span> <span class='ocrx_word' id='word_1_270' title='bbox 294 1479 330 1505; x_wconf 91' lang='lat' dir='ltr'>Ib.</span> <span class='ocrx_word' id='word_1_271' title='bbox 350 1479 419 1506; x_wconf 90' lang='lat' dir='ltr'><strong>XVI.</strong></span> <span class='ocrx_word' id='word_1_272' title='bbox 442 1481 463 1505; x_wconf 91' lang='lat'>1.</span> <span class='ocrx_word' id='word_1_273' title='bbox 485 1490 505 1506; x_wconf 68' lang='lat' dir='ltr'>c.</span> <span class='ocrx_word' id='word_1_274' title='bbox 524 1482 548 1506; x_wconf 88' lang='lat'>2.</span> <span class='ocrx_word' id='word_1_275' title='bbox 570 1490 608 1517; x_wconf 87' lang='lat' dir='ltr'>pr.</span> <span class='ocrx_word' id='word_1_276' title='bbox 635 1479 666 1505; x_wconf 86' lang='lat' dir='ltr'>de</span> <span class='ocrx_word' id='word_1_277' title='bbox 686 1479 738 1506; x_wconf 78' lang='lat' dir='ltr'>fide</span> <span class='ocrx_word' id='word_1_278' title='bbox 757 1481 823 1506; x_wconf 84' lang='lat' dir='ltr'>cath.</span> <span class='ocrx_word' id='word_1_279' title='bbox 862 1480 891 1506; x_wconf 88' lang='lat' dir='ltr'>Si</span> <span class='ocrx_word' id='word_1_280' title='bbox 915 1481 1040 1506; x_wconf 80' lang='lat' dir='ltr'>sanctitas</span> 
     </span>
     <span class='ocr_line' id='line_1_32' title="bbox 198 1521 1040 1559; baseline 0.002 -11"><span class='ocrx_word' id='word_1_281' title='bbox 198 1522 268 1548; x_wconf 83' lang='lat' dir='ltr'>inter</span> <span class='ocrx_word' id='word_1_282' title='bbox 287 1532 332 1548; x_wconf 87' lang='lat' dir='ltr'>eos</span> <span class='ocrx_word' id='word_1_283' title='bbox 351 1523 387 1548; x_wconf 86' lang='lat' dir='ltr'>sit</span> <span class='ocrx_word' id='word_1_284' title='bbox 405 1521 482 1558; x_wconf 76' lang='lat' dir='ltr'>digna</span> <span class='ocrx_word' id='word_1_285' title='bbox 501 1522 607 1549; x_wconf 83' lang='lat' dir='ltr'>foedere</span> <span class='ocrx_word' id='word_1_286' title='bbox 627 1522 764 1559; x_wconf 78' lang='lat' dir='ltr'>coniugali.</span> <span class='ocrx_word' id='word_1_287' title='bbox 784 1523 820 1549; x_wconf 91' lang='lat' dir='ltr'>Ib.</span> <span class='ocrx_word' id='word_1_288' title='bbox 837 1523 866 1550; x_wconf 93' lang='lat' dir='ltr'><strong>V.</strong></span> <span class='ocrx_word' id='word_1_289' title='bbox 883 1525 903 1549; x_wconf 94' lang='grc'>1.</span> <span class='ocrx_word' id='word_1_290' title='bbox 925 1533 945 1550; x_wconf 82' lang='grc'>8.</span> <span class='ocrx_word' id='word_1_291' title='bbox 963 1525 987 1550; x_wconf 89' lang='lat'><strong>9.</strong></span> <span class='ocrx_word' id='word_1_292' title='bbox 1009 1523 1040 1550; x_wconf 88' lang='lat' dir='ltr'>de</span> 
     </span>
     <span class='ocr_line' id='line_1_33' title="bbox 200 1564 1040 1601; baseline 0.001 -10"><span class='ocrx_word' id='word_1_293' title='bbox 200 1564 270 1601; x_wconf 69' lang='lat' dir='ltr'>legit.</span> <span class='ocrx_word' id='word_1_294' title='bbox 290 1564 400 1592; x_wconf 84' lang='lat' dir='ltr'>heredit.</span> <span class='ocrx_word' id='word_1_295' title='bbox 422 1565 491 1592; x_wconf 92' lang='lat' dir='ltr'><strong>Coll.</strong></span> <span class='ocrx_word' id='word_1_296' title='bbox 511 1564 562 1592; x_wconf 91' lang='lat' dir='ltr'>LL.</span> <span class='ocrx_word' id='word_1_297' title='bbox 584 1565 616 1592; x_wconf 83' lang='grc' dir='ltr'>Μ.</span> <span class='ocrx_word' id='word_1_298' title='bbox 637 1565 680 1591; x_wconf 75' lang='lat' dir='ltr'>Vl.</span> <span class='ocrx_word' id='word_1_299' title='bbox 700 1567 723 1592; x_wconf 81' lang='lat'>4.</span> <span class='ocrx_word' id='word_1_300' title='bbox 745 1582 776 1585; x_wconf 97' lang='lat'><strong>—</strong></span> <span class='ocrx_word' id='word_1_301' title='bbox 797 1566 827 1599; x_wconf 75' lang='lat'>§0</span> <span class='ocrx_word' id='word_1_302' title='bbox 847 1567 884 1592; x_wconf 81' lang='lat'>3.</span> <span class='ocrx_word' id='word_1_303' title='bbox 908 1568 1040 1593; x_wconf 74' lang='lat' dir='ltr'>Titulus</span> 
     </span>
     <span class='ocr_line' id='line_1_34' title="bbox 199 1608 1041 1641; baseline 0.001 -7"><span class='ocrx_word' id='word_1_304' title='bbox 199 1609 410 1640; x_wconf 76' lang='lat' dir='ltr'>honorarius,</span> <span class='ocrx_word' id='word_1_305' title='bbox 439 1608 566 1640; x_wconf 85' lang='lat' dir='ltr'>(Senatui</span> <span class='ocrx_word' id='word_1_306' title='bbox 595 1608 736 1641; x_wconf 81' lang='lat' dir='ltr'>tributus.)</span> <span class='ocrx_word' id='word_1_307' title='bbox 782 1608 824 1635; x_wconf 89' lang='lat' dir='ltr'><strong>III.</strong></span> <span class='ocrx_word' id='word_1_308' title='bbox 846 1610 911 1636; x_wconf 75' lang='lat' dir='ltr'>Gn.</span> <span class='ocrx_word' id='word_1_309' title='bbox 940 1608 1041 1635; x_wconf 83' lang='lat' dir='ltr'>Placuit</span> 
     </span>
     <span class='ocr_line' id='line_1_35' title="bbox 198 1650 1038 1678; baseline 0.002 -2"><span class='ocrx_word' id='word_1_310' title='bbox 198 1655 302 1677; x_wconf 83' lang='lat' dir='ltr'>vestrae</span> <span class='ocrx_word' id='word_1_311' title='bbox 325 1652 465 1677; x_wconf 81' lang='lat' dir='ltr'>sanctitati.</span> <span class='ocrx_word' id='word_1_312' title='bbox 490 1650 540 1677; x_wconf 87' lang='lat' dir='ltr'><strong>Th.</strong></span> <span class='ocrx_word' id='word_1_313' title='bbox 561 1650 592 1678; x_wconf 93' lang='lat' dir='ltr'><strong>C.</strong></span> <span class='ocrx_word' id='word_1_314' title='bbox 612 1650 670 1677; x_wconf 78' lang='lat' dir='ltr'>XV.</span> <span class='ocrx_word' id='word_1_315' title='bbox 692 1652 732 1677; x_wconf 75' lang='lat'>14.</span> <span class='ocrx_word' id='word_1_316' title='bbox 756 1662 777 1678; x_wconf 90' lang='grc'>8.</span> <span class='ocrx_word' id='word_1_317' title='bbox 798 1653 821 1677; x_wconf 81' lang='lat'>4.</span> <span class='ocrx_word' id='word_1_318' title='bbox 846 1651 878 1677; x_wconf 84' lang='lat' dir='ltr'>de</span> <span class='ocrx_word' id='word_1_319' title='bbox 901 1652 994 1678; x_wconf 80' lang='lat' dir='ltr'>infirm.</span> <span class='ocrx_word' id='word_1_320' title='bbox 1014 1651 1038 1678; x_wconf 92' lang='grc'>11.</span> 
     </span>
     <span class='ocr_line' id='line_1_36' title="bbox 200 1698 353 1729; baseline 0.013 -11"><span class='ocrx_word' id='word_1_321' title='bbox 200 1702 241 1729; x_wconf 92' lang='lat' dir='ltr'>qu.</span> <span class='ocrx_word' id='word_1_322' title='bbox 261 1702 282 1719; x_wconf 89' lang='lat' dir='ltr'>s.</span> <span class='ocrx_word' id='word_1_323' title='bbox 302 1698 353 1729; x_wconf 80' lang='lat' dir='ltr'>tyr.</span> 
     </span>
    </p>

    <p class='ocr_par' dir='ltr' id='par_1_5' title="bbox 185 1736 1040 1859">
     <span class='ocr_line' id='line_1_37' title="bbox 234 1736 1040 1771; baseline 0.002 -9"><span class='ocrx_word' id='word_1_324' title='bbox 234 1736 406 1763; x_wconf 77' lang='lat' dir='ltr'>Sanctus.</span> <span class='ocrx_word' id='word_1_325' title='bbox 421 1736 540 1769; x_wconf 86' lang='lat' dir='ltr'>(Partic.)</span> <span class='ocrx_word' id='word_1_326' title='bbox 560 1738 636 1770; x_wconf 81' lang='lat' dir='ltr'><strong>§.l.</strong></span> <span class='ocrx_word' id='word_1_327' title='bbox 657 1739 766 1764; x_wconf 82' lang='lat' dir='ltr'>Poena</span> <span class='ocrx_word' id='word_1_328' title='bbox 786 1740 958 1771; x_wconf 78' lang='lat' dir='ltr'>proposita</span> <span class='ocrx_word' id='word_1_329' title='bbox 978 1747 1040 1764; x_wconf 87' lang='grc' dir='ltr'><em>ηιιι-</em></span> 
     </span>
     <span class='ocr_line' id='line_1_38' title="bbox 185 1779 1039 1816; baseline 0.002 -12"><span class='ocrx_word' id='word_1_330' title='bbox 185 1780 292 1813; x_wconf 65' lang='lat' dir='ltr'>,nitus</span> <span class='ocrx_word' id='word_1_331' title='bbox 310 1786 423 1806; x_wconf 77' lang='lat' dir='ltr'>eontra</span> <span class='ocrx_word' id='word_1_332' title='bbox 443 1782 610 1806; x_wconf 80' lang='lat' dir='ltr'>iniuriam.</span> <span class='ocrx_word' id='word_1_333' title='bbox 647 1779 666 1806; x_wconf 93' lang='lat' dir='ltr'>I.</span> <span class='ocrx_word' id='word_1_334' title='bbox 684 1781 745 1814; x_wconf 75' lang='lat' dir='ltr'>Sy.</span> <span class='ocrx_word' id='word_1_335' title='bbox 766 1780 908 1806; x_wconf 83' lang='lat' dir='ltr'>Sanctione</span> <span class='ocrx_word' id='word_1_336' title='bbox 929 1779 1039 1816; x_wconf 83' lang='lat' dir='ltr'>quadam</span> 
     </span>
     <span class='ocr_line' id='line_1_39' title="bbox 200 1820 1040 1859; baseline 0.004 -13"><span class='ocrx_word' id='word_1_337' title='bbox 200 1820 387 1848; x_wconf 81' lang='lat' dir='ltr'>confirmatum.</span> <span class='ocrx_word' id='word_1_338' title='bbox 424 1822 465 1848; x_wconf 83' lang='lat' dir='ltr'>Ab</span> <span class='ocrx_word' id='word_1_339' title='bbox 486 1823 578 1848; x_wconf 84' lang='lat' dir='ltr'>iniuria</span> <span class='ocrx_word' id='word_1_340' title='bbox 598 1822 731 1848; x_wconf 88' lang='lat' dir='ltr'>hominum</span> <span class='ocrx_word' id='word_1_341' title='bbox 746 1822 881 1849; x_wconf 74' lang='lat' dir='ltr'>defensum</span> <span class='ocrx_word' id='word_1_342' title='bbox 895 1827 973 1859; x_wconf 85' lang='lat' dir='ltr'>atque</span> <span class='ocrx_word' id='word_1_343' title='bbox 986 1833 1040 1849; x_wconf 89' lang='lat' dir='ltr'>mu-</span> 
     </span>
    </p>
   </div>
   <div class='ocr_carea' id='block_1_3' title="bbox 199 1864 1062 1901">
    <p class='ocr_par' dir='ltr' id='par_1_6' title="bbox 199 1864 1062 1901">
     <span class='ocr_line' id='line_1_40' title="bbox 199 1864 1062 1901; baseline 0.002 -12"><span class='ocrx_word' id='word_1_344' title='bbox 199 1865 289 1890; x_wconf 85' lang='lat' dir='ltr'>nitum.</span> <span class='ocrx_word' id='word_1_345' title='bbox 313 1864 446 1890; x_wconf 85' lang='lat' dir='ltr'>Sanctum.</span> <span class='ocrx_word' id='word_1_346' title='bbox 471 1865 500 1891; x_wconf 86' lang='lat' dir='ltr'>fr.</span> <span class='ocrx_word' id='word_1_347' title='bbox 521 1868 544 1891; x_wconf 75' lang='grc'>8.</span> <span class='ocrx_word' id='word_1_348' title='bbox 564 1875 602 1901; x_wconf 85' lang='lat' dir='ltr'>pr.</span> <span class='ocrx_word' id='word_1_349' title='bbox 628 1865 650 1898; x_wconf 88' lang='lat'>5.</span> <span class='ocrx_word' id='word_1_350' title='bbox 672 1867 693 1890; x_wconf 92' lang='lat' dir='ltr'>l.</span> <span class='ocrx_word' id='word_1_351' title='bbox 720 1865 748 1892; x_wconf 83' lang='lat' dir='ltr'>fr.</span> <span class='ocrx_word' id='word_1_352' title='bbox 768 1867 792 1891; x_wconf 92' lang='lat'>9.</span> <span class='ocrx_word' id='word_1_353' title='bbox 817 1865 839 1898; x_wconf 97' lang='lat'>5.</span> <span class='ocrx_word' id='word_1_354' title='bbox 858 1867 883 1891; x_wconf 80' lang='lat'>3.</span> <span class='ocrx_word' id='word_1_355' title='bbox 903 1865 935 1891; x_wconf 84' lang='lat' dir='ltr'>de</span> <span class='ocrx_word' id='word_1_356' title='bbox 954 1865 984 1891; x_wconf 85' lang='lat' dir='ltr'>R.</span> <span class='ocrx_word' id='word_1_357' title='bbox 1005 1865 1038 1891; x_wconf 93' lang='lat' dir='ltr'>D.</span> <span class='ocrx_word' id='word_1_358' title='bbox 1060 1880 1062 1888; x_wconf 67' lang='lat'><strong><em>‹</em></strong></span> 
     </span>
    </p>
   </div>
   <div class='ocr_carea' id='block_1_4' title="bbox 198 1906 1039 2838">
    <p class='ocr_par' dir='ltr' id='par_1_7' title="bbox 198 1906 1039 2705">
     <span class='ocr_line' id='line_1_41' title="bbox 200 1906 1039 1943; baseline 0.001 -10"><span class='ocrx_word' id='word_1_359' title='bbox 200 1908 222 1932; x_wconf 92' lang='lat'>1.</span> <span class='ocrx_word' id='word_1_360' title='bbox 242 1908 266 1933; x_wconf 78' lang='lat'>8.</span> <span class='ocrx_word' id='word_1_361' title='bbox 305 1906 350 1933; x_wconf 84' lang='lat' dir='ltr'><strong>III.</strong></span> <span class='ocrx_word' id='word_1_362' title='bbox 369 1909 434 1934; x_wconf 75' lang='lat' dir='ltr'>Cn.</span> <span class='ocrx_word' id='word_1_363' title='bbox 453 1907 542 1934; x_wconf 85' lang='lat' dir='ltr'>Locus</span> <span class='ocrx_word' id='word_1_364' title='bbox 562 1918 648 1939; x_wconf 84' lang='lat' dir='ltr'>sacer,</span> <span class='ocrx_word' id='word_1_365' title='bbox 673 1907 714 1934; x_wconf 86' lang='lat' dir='ltr'>vel</span> <span class='ocrx_word' id='word_1_366' title='bbox 738 1907 892 1943; x_wconf 77' lang='lat' dir='ltr'>religiosus.</span> <span class='ocrx_word' id='word_1_367' title='bbox 917 1908 958 1934; x_wconf 79' lang='lat' dir='ltr'>vel</span> <span class='ocrx_word' id='word_1_368' title='bbox 982 1918 1039 1934; x_wconf 86' lang='lat' dir='ltr'>san-</span> 
     </span>
     <span class='ocr_line' id='line_1_42' title="bbox 200 1949 1037 1987; baseline 0.001 -11"><span class='ocrx_word' id='word_1_369' title='bbox 200 1954 266 1976; x_wconf 84' lang='lat' dir='ltr'>ctus.</span> <span class='ocrx_word' id='word_1_370' title='bbox 291 1949 322 1976; x_wconf 88' lang='lat' dir='ltr'>fr.</span> <span class='ocrx_word' id='word_1_371' title='bbox 344 1952 383 1976; x_wconf 76' lang='lat'>17.</span> <span class='ocrx_word' id='word_1_372' title='bbox 408 1951 430 1984; x_wconf 97' lang='lat'>5.</span> <span class='ocrx_word' id='word_1_373' title='bbox 449 1952 472 1977; x_wconf 88' lang='lat'>3.</span> <span class='ocrx_word' id='word_1_374' title='bbox 494 1951 610 1987; x_wconf 70' lang='lat' dir='ltr'>de⁴aqua</span> <span class='ocrx_word' id='word_1_375' title='bbox 630 1955 656 1976; x_wconf 86' lang='lat' dir='ltr'>et</span> <span class='ocrx_word' id='word_1_376' title='bbox 676 1960 733 1986; x_wconf 86' lang='lat' dir='ltr'>aqu.</span> <span class='ocrx_word' id='word_1_377' title='bbox 754 1950 789 1987; x_wconf 88' lang='lat' dir='ltr'>pl.</span> <span class='ocrx_word' id='word_1_378' title='bbox 807 1953 848 1978; x_wconf 85' lang='lat'>39.</span> <span class='ocrx_word' id='word_1_379' title='bbox 868 1953 892 1977; x_wconf 84' lang='lat'>3.</span> <span class='ocrx_word' id='word_1_380' title='bbox 913 1951 944 1977; x_wconf 83' lang='lat' dir='ltr'>cf.</span> <span class='ocrx_word' id='word_1_381' title='bbox 965 1951 994 1977; x_wconf 89' lang='lat' dir='ltr'>fr.</span> <span class='ocrx_word' id='word_1_382' title='bbox 1016 1953 1037 1977; x_wconf 95' lang='lat' dir='ltr'>l.</span> 
     </span>
     <span class='ocr_line' id='line_1_43' title="bbox 198 1992 1039 2029; baseline 0.002 -10"><span class='ocrx_word' id='word_1_383' title='bbox 198 2002 238 2029; x_wconf 87' lang='lat' dir='ltr'>pr.</span> <span class='ocrx_word' id='word_1_384' title='bbox 261 1992 291 2018; x_wconf 84' lang='lat' dir='ltr'>fr.</span> <span class='ocrx_word' id='word_1_385' title='bbox 312 1994 335 2019; x_wconf 83' lang='lat'>6.</span> <span class='ocrx_word' id='word_1_386' title='bbox 360 1994 381 2026; x_wconf 98' lang='lat'>5.</span> <span class='ocrx_word' id='word_1_387' title='bbox 400 1995 424 2019; x_wconf 83' lang='grc'>2.</span> <span class='ocrx_word' id='word_1_388' title='bbox 451 1993 480 2020; x_wconf 86' lang='lat' dir='ltr'>sr.</span> <span class='ocrx_word' id='word_1_389' title='bbox 501 1995 524 2020; x_wconf 85' lang='lat'>9.</span> <span class='ocrx_word' id='word_1_390' title='bbox 550 1993 571 2027; x_wconf 88' lang='lat'>5.</span> <span class='ocrx_word' id='word_1_391' title='bbox 590 1995 614 2020; x_wconf 83' lang='lat'>3.</span> <span class='ocrx_word' id='word_1_392' title='bbox 640 1993 671 2019; x_wconf 86' lang='lat' dir='ltr'>de</span> <span class='ocrx_word' id='word_1_393' title='bbox 691 1992 722 2019; x_wconf 78' lang='lat' dir='ltr'>R.</span> <span class='ocrx_word' id='word_1_394' title='bbox 742 1993 775 2019; x_wconf 90' lang='lat' dir='ltr'>D.</span> <span class='ocrx_word' id='word_1_395' title='bbox 797 1995 819 2019; x_wconf 95' lang='lat' dir='ltr'>l.</span> <span class='ocrx_word' id='word_1_396' title='bbox 839 1995 862 2020; x_wconf 83' lang='lat' dir='ltr'>S.</span> <span class='ocrx_word' id='word_1_397' title='bbox 900 1993 928 2020; x_wconf 94' lang='lat' dir='ltr'>In</span> <span class='ocrx_word' id='word_1_398' title='bbox 950 1995 1039 2028; x_wconf 77' lang='lat' dir='ltr'>muris,</span> 
     </span>
     <span class='ocr_line' id='line_1_44' title="bbox 199 2036 1038 2073; baseline 0.002 -12"><span class='ocrx_word' id='word_1_399' title='bbox 199 2036 312 2072; x_wconf 83' lang='lat' dir='ltr'>itemque</span> <span class='ocrx_word' id='word_1_400' title='bbox 336 2037 434 2072; x_wconf 76' lang='lat' dir='ltr'>portiS.</span> <span class='ocrx_word' id='word_1_401' title='bbox 459 2041 484 2062; x_wconf 84' lang='lat' dir='ltr'>et</span> <span class='ocrx_word' id='word_1_402' title='bbox 508 2036 566 2062; x_wconf 87' lang='lat' dir='ltr'>aliis</span> <span class='ocrx_word' id='word_1_403' title='bbox 585 2037 683 2063; x_wconf 88' lang='lat' dir='ltr'>sanctis</span> <span class='ocrx_word' id='word_1_404' title='bbox 704 2036 777 2063; x_wconf 88' lang='lat' dir='ltr'>locis.</span> <span class='ocrx_word' id='word_1_405' title='bbox 804 2036 834 2062; x_wconf 84' lang='lat' dir='ltr'>fr.</span> <span class='ocrx_word' id='word_1_406' title='bbox 854 2039 877 2062; x_wconf 86' lang='grc'>2.</span> <span class='ocrx_word' id='word_1_407' title='bbox 899 2047 930 2063; x_wconf 83' lang='grc'>118</span> <span class='ocrx_word' id='word_1_408' title='bbox 950 2047 992 2073; x_wconf 84' lang='lat' dir='ltr'>qu.</span> <span class='ocrx_word' id='word_1_409' title='bbox 1013 2038 1038 2063; x_wconf 89' lang='lat' dir='ltr'>in</span> 
     </span>
     <span class='ocr_line' id='line_1_45' title="bbox 199 2077 1038 2115; baseline 0.001 -11"><span class='ocrx_word' id='word_1_410' title='bbox 199 2077 258 2104; x_wconf 88' lang='lat' dir='ltr'>loco</span> <span class='ocrx_word' id='word_1_411' title='bbox 282 2088 347 2105; x_wconf 83' lang='lat' dir='ltr'>sacr.</span> <span class='ocrx_word' id='word_1_412' title='bbox 371 2080 412 2104; x_wconf 85' lang='lat'>43.</span> <span class='ocrx_word' id='word_1_413' title='bbox 437 2079 459 2104; x_wconf 86' lang='lat'>6.</span> <span class='ocrx_word' id='word_1_414' title='bbox 486 2078 517 2105; x_wconf 89' lang='lat' dir='ltr'>cf.</span> <span class='ocrx_word' id='word_1_415' title='bbox 543 2078 598 2106; x_wconf 79' lang='lat' dir='ltr'>Gai.</span> <span class='ocrx_word' id='word_1_416' title='bbox 622 2079 652 2106; x_wconf 89' lang='grc' dir='ltr'>ΙΙ.</span> <span class='ocrx_word' id='word_1_417' title='bbox 672 2082 696 2106; x_wconf 82' lang='grc'>8.</span> <span class='ocrx_word' id='word_1_418' title='bbox 734 2078 817 2115; x_wconf 78' lang='lat' dir='ltr'>Leges</span> <span class='ocrx_word' id='word_1_419' title='bbox 841 2084 945 2105; x_wconf 84' lang='lat' dir='ltr'>sanctae</span> <span class='ocrx_word' id='word_1_420' title='bbox 969 2085 1038 2111; x_wconf 73' lang='lat' dir='ltr'>sunt,</span> 
     </span>
     <span class='ocr_line' id='line_1_46' title="bbox 200 2121 1037 2158; baseline 0.002 -11"><span class='ocrx_word' id='word_1_421' title='bbox 200 2122 335 2148; x_wconf 82' lang='lat' dir='ltr'>sanctione</span> <span class='ocrx_word' id='word_1_422' title='bbox 354 2122 422 2148; x_wconf 87' lang='lat' dir='ltr'>enim</span> <span class='ocrx_word' id='word_1_423' title='bbox 442 2121 552 2158; x_wconf 84' lang='lat' dir='ltr'>quadam</span> <span class='ocrx_word' id='word_1_424' title='bbox 571 2127 632 2148; x_wconf 86' lang='lat' dir='ltr'>sunt</span> <span class='ocrx_word' id='word_1_425' title='bbox 651 2122 786 2149; x_wconf 81' lang='lat' dir='ltr'>subnixae.</span> <span class='ocrx_word' id='word_1_426' title='bbox 806 2121 836 2149; x_wconf 90' lang='lat' dir='ltr'>fr.</span> <span class='ocrx_word' id='word_1_427' title='bbox 855 2124 878 2148; x_wconf 90' lang='lat'>9.</span> <span class='ocrx_word' id='word_1_428' title='bbox 898 2123 919 2156; x_wconf 90' lang='lat'>5.</span> <span class='ocrx_word' id='word_1_429' title='bbox 933 2124 958 2149; x_wconf 89' lang='lat'>3.</span> <span class='ocrx_word' id='word_1_430' title='bbox 978 2123 994 2149; x_wconf 94' lang='lat' dir='ltr'>l.</span> <span class='ocrx_word' id='word_1_431' title='bbox 1015 2125 1037 2149; x_wconf 91' lang='lat'>1.</span> 
     </span>
     <span class='ocr_line' id='line_1_47' title="bbox 200 2163 1036 2201; baseline 0.002 -12"><span class='ocrx_word' id='word_1_432' title='bbox 200 2163 224 2188; x_wconf 91' lang='lat'>8.</span> <span class='ocrx_word' id='word_1_433' title='bbox 261 2163 350 2190; x_wconf 81' lang='lat' dir='ltr'>Sancti</span> <span class='ocrx_word' id='word_1_434' title='bbox 369 2163 499 2190; x_wconf 81' lang='lat' dir='ltr'>habentur</span> <span class='ocrx_word' id='word_1_435' title='bbox 517 2164 602 2201; x_wconf 82' lang='lat' dir='ltr'>legati.</span> <span class='ocrx_word' id='word_1_436' title='bbox 623 2164 652 2191; x_wconf 83' lang='lat' dir='ltr'>fr.</span> <span class='ocrx_word' id='word_1_437' title='bbox 669 2167 708 2191; x_wconf 91' lang='lat'>17.</span> <span class='ocrx_word' id='word_1_438' title='bbox 726 2164 758 2191; x_wconf 83' lang='lat' dir='ltr'>de</span> <span class='ocrx_word' id='word_1_439' title='bbox 777 2164 897 2201; x_wconf 78' lang='lat' dir='ltr'>legation.</span> <span class='ocrx_word' id='word_1_440' title='bbox 911 2167 952 2192; x_wconf 86' lang='lat'>50.</span> <span class='ocrx_word' id='word_1_441' title='bbox 968 2167 990 2192; x_wconf 72' lang='lat'><strong>7,</strong></span> <span class='ocrx_word' id='word_1_442' title='bbox 1006 2182 1036 2185; x_wconf 88' lang='lat'><em>-</em></span> 
     </span>
     <span class='ocr_line' id='line_1_48' title="bbox 200 2205 1038 2239; baseline 0.004 -8"><span class='ocrx_word' id='word_1_443' title='bbox 200 2205 279 2238; x_wconf 65' lang='lat'><strong>§.2-</strong></span> <span class='ocrx_word' id='word_1_444' title='bbox 300 2208 470 2239; x_wconf 78' lang='lat' dir='ltr'>Colendus,</span> <span class='ocrx_word' id='word_1_445' title='bbox 492 2210 698 2235; x_wconf 70' lang='lat' dir='ltr'>Reverenduss.</span> <span class='ocrx_word' id='word_1_446' title='bbox 736 2206 778 2233; x_wconf 88' lang='grc'><strong>111.</strong></span> <span class='ocrx_word' id='word_1_447' title='bbox 790 2209 856 2235; x_wconf 76' lang='lat' dir='ltr'>Gn.</span> <span class='ocrx_word' id='word_1_448' title='bbox 876 2208 993 2235; x_wconf 84' lang='lat' dir='ltr'>Honesta</span> <span class='ocrx_word' id='word_1_449' title='bbox 1012 2213 1038 2234; x_wconf 84' lang='lat' dir='ltr'>et</span> 
     </span>
     <span class='ocr_line' id='line_1_49' title="bbox 201 2249 1036 2287; baseline 0.005 -14"><span class='ocrx_word' id='word_1_450' title='bbox 201 2252 290 2274; x_wconf 78' lang='lat' dir='ltr'>sancta</span> <span class='ocrx_word' id='word_1_451' title='bbox 313 2258 425 2285; x_wconf 83' lang='lat' dir='ltr'>persona</span> <span class='ocrx_word' id='word_1_452' title='bbox 449 2251 539 2286; x_wconf 87' lang='lat' dir='ltr'>patris.</span> <span class='ocrx_word' id='word_1_453' title='bbox 564 2250 594 2277; x_wconf 86' lang='lat' dir='ltr'>fr.</span> <span class='ocrx_word' id='word_1_454' title='bbox 619 2253 642 2277; x_wconf 87' lang='grc'>9.</span> <span class='ocrx_word' id='word_1_455' title='bbox 667 2250 699 2276; x_wconf 89' lang='grc'>(18</span> <span class='ocrx_word' id='word_1_456' title='bbox 723 2249 832 2286; x_wconf 79' lang='lat' dir='ltr'>obsequ.</span> <span class='ocrx_word' id='word_1_457' title='bbox 857 2261 910 2287; x_wconf 86' lang='lat' dir='ltr'>par.</span> <span class='ocrx_word' id='word_1_458' title='bbox 934 2253 975 2278; x_wconf 89' lang='lat'>37.</span> <span class='ocrx_word' id='word_1_459' title='bbox 997 2253 1036 2277; x_wconf 90' lang='lat'>15.</span> 
     </span>
     <span class='ocr_line' id='line_1_50' title="bbox 200 2289 1036 2330; baseline 0.006 -15"><span class='ocrx_word' id='word_1_460' title='bbox 200 2289 254 2316; x_wconf 82' lang='lat' dir='ltr'>Res</span> <span class='ocrx_word' id='word_1_461' title='bbox 273 2292 436 2319; x_wconf 80' lang='lat' dir='ltr'>sanctissima</span> <span class='ocrx_word' id='word_1_462' title='bbox 455 2293 554 2325; x_wconf 89' lang='lat' dir='ltr'>(civilis</span> <span class='ocrx_word' id='word_1_463' title='bbox 574 2292 721 2330; x_wconf 73' lang='lat' dir='ltr'>sapientia.)</span> <span class='ocrx_word' id='word_1_464' title='bbox 741 2292 771 2319; x_wconf 85' lang='lat' dir='ltr'>fr.</span> <span class='ocrx_word' id='word_1_465' title='bbox 793 2295 814 2318; x_wconf 94' lang='lat'>1.</span> <span class='ocrx_word' id='word_1_466' title='bbox 834 2294 855 2327; x_wconf 92' lang='lat'>5.</span> <span class='ocrx_word' id='word_1_467' title='bbox 876 2297 900 2320; x_wconf 83' lang='lat'>5.</span> <span class='ocrx_word' id='word_1_468' title='bbox 920 2293 952 2320; x_wconf 88' lang='lat' dir='ltr'>de</span> <span class='ocrx_word' id='word_1_469' title='bbox 972 2299 1036 2320; x_wconf 75' lang='lat' dir='ltr'>extr.</span> 
     </span>
     <span class='ocr_line' id='line_1_51' title="bbox 201 2335 1036 2369; baseline 0.005 -10"><span class='ocrx_word' id='word_1_470' title='bbox 201 2342 275 2369; x_wconf 83' lang='lat' dir='ltr'>cogn.</span> <span class='ocrx_word' id='word_1_471' title='bbox 303 2335 344 2359; x_wconf 89' lang='lat'>50.</span> <span class='ocrx_word' id='word_1_472' title='bbox 369 2335 409 2360; x_wconf 88' lang='lat'>13.</span> <span class='ocrx_word' id='word_1_473' title='bbox 438 2352 468 2356; x_wconf 90' lang='lat'>—-</span> <span class='ocrx_word' id='word_1_474' title='bbox 498 2336 528 2369; x_wconf 74' lang='lat'>§-</span> <span class='ocrx_word' id='word_1_475' title='bbox 550 2338 639 2363; x_wconf 59' lang='lat'><strong>2011.</strong></span> <span class='ocrx_word' id='word_1_476' title='bbox 671 2337 806 2362; x_wconf 79' lang='lat' dir='ltr'>Titulus</span> <span class='ocrx_word' id='word_1_477' title='bbox 832 2338 1036 2363; x_wconf 75' lang='lat' dir='ltr'>honorarius.</span> 
     </span>
     <span class='ocr_line' id='line_1_52' title="bbox 201 2374 1036 2416; baseline 0.005 -15"><span class='ocrx_word' id='word_1_478' title='bbox 201 2374 243 2402; x_wconf 84' lang='lat' dir='ltr'><strong>III.</strong></span> <span class='ocrx_word' id='word_1_479' title='bbox 258 2377 324 2403; x_wconf 75' lang='lat' dir='ltr'>Gn.</span> <span class='ocrx_word' id='word_1_480' title='bbox 343 2375 485 2412; x_wconf 83' lang='lat' dir='ltr'>Imperator</span> <span class='ocrx_word' id='word_1_481' title='bbox 503 2381 693 2405; x_wconf 78' lang='lat' dir='ltr'>sanctissimus.</span> <span class='ocrx_word' id='word_1_482' title='bbox 713 2378 743 2404; x_wconf 90' lang='lat' dir='ltr'>fr.</span> <span class='ocrx_word' id='word_1_483' title='bbox 763 2379 804 2404; x_wconf 76' lang='lat'>87.</span> <span class='ocrx_word' id='word_1_484' title='bbox 825 2378 846 2411; x_wconf 92' lang='lat'>5.</span> <span class='ocrx_word' id='word_1_485' title='bbox 866 2382 890 2405; x_wconf 78' lang='lat'>4.</span> <span class='ocrx_word' id='word_1_486' title='bbox 910 2379 942 2405; x_wconf 89' lang='lat' dir='ltr'>de</span> <span class='ocrx_word' id='word_1_487' title='bbox 962 2379 1036 2416; x_wconf 76' lang='lat' dir='ltr'>legat.</span> 
     </span>
     <span class='ocr_line' id='line_1_53' title="bbox 200 2417 1037 2450; baseline 0.005 -6"><span class='ocrx_word' id='word_1_488' title='bbox 200 2417 231 2444; x_wconf 89' lang='grc' dir='ltr'>ΙΙ.</span> <span class='ocrx_word' id='word_1_489' title='bbox 251 2419 326 2450; x_wconf 84' lang='grc'><strong>(31.)</strong></span> <span class='ocrx_word' id='word_1_490' title='bbox 351 2418 381 2444; x_wconf 88' lang='lat' dir='ltr'>fr.</span> <span class='ocrx_word' id='word_1_491' title='bbox 401 2420 425 2445; x_wconf 97' lang='lat'>3.</span> <span class='ocrx_word' id='word_1_492' title='bbox 450 2419 482 2446; x_wconf 86' lang='lat' dir='ltr'>de</span> <span class='ocrx_word' id='word_1_493' title='bbox 505 2422 582 2448; x_wconf 80' lang='lat' dir='ltr'>natal.</span> <span class='ocrx_word' id='word_1_494' title='bbox 602 2423 685 2449; x_wconf 79' lang='lat' dir='ltr'>restit.</span> <span class='ocrx_word' id='word_1_495' title='bbox 705 2423 745 2447; x_wconf 73' lang='lat'>40.</span> <span class='ocrx_word' id='word_1_496' title='bbox 768 2423 807 2448; x_wconf 93' lang='lat' dir='ltr'>ll.</span> <span class='ocrx_word' id='word_1_497' title='bbox 844 2422 956 2448; x_wconf 86' lang='lat' dir='ltr'>Domina</span> <span class='ocrx_word' id='word_1_498' title='bbox 981 2432 1037 2448; x_wconf 90' lang='lat' dir='ltr'>san-</span> 
     </span>
     <span class='ocr_line' id='line_1_54' title="bbox 202 2460 1037 2501; baseline 0.007 -16"><span class='ocrx_word' id='word_1_499' title='bbox 202 2461 324 2486; x_wconf 85' lang='lat' dir='ltr'>ctissima.</span> <span class='ocrx_word' id='word_1_500' title='bbox 350 2460 381 2487; x_wconf 86' lang='lat' dir='ltr'>fr.</span> <span class='ocrx_word' id='word_1_501' title='bbox 403 2463 442 2487; x_wconf 90' lang='grc'>19.</span> <span class='ocrx_word' id='word_1_502' title='bbox 467 2463 488 2495; x_wconf 88' lang='lat'>5.</span> <span class='ocrx_word' id='word_1_503' title='bbox 509 2465 532 2490; x_wconf 87' lang='lat'>1.</span> <span class='ocrx_word' id='word_1_504' title='bbox 555 2464 586 2491; x_wconf 85' lang='lat' dir='ltr'>de</span> <span class='ocrx_word' id='word_1_505' title='bbox 610 2475 667 2491; x_wconf 86' lang='lat' dir='ltr'>ann.</span> <span class='ocrx_word' id='word_1_506' title='bbox 688 2464 763 2501; x_wconf 82' lang='lat' dir='ltr'>legat.</span> <span class='ocrx_word' id='word_1_507' title='bbox 783 2466 824 2490; x_wconf 87' lang='lat'>33.</span> <span class='ocrx_word' id='word_1_508' title='bbox 847 2466 868 2490; x_wconf 95' lang='lat' dir='ltr'>l.</span> <span class='ocrx_word' id='word_1_509' title='bbox 893 2481 925 2484; x_wconf 97' lang='lat'><strong>—</strong></span> <span class='ocrx_word' id='word_1_510' title='bbox 949 2466 980 2498; x_wconf 70' lang='lat'>§-</span> <span class='ocrx_word' id='word_1_511' title='bbox 1001 2467 1037 2492; x_wconf 78' lang='lat'>3.</span> 
     </span>
     <span class='ocr_line' id='line_1_55' title="bbox 201 2505 1037 2541; baseline 0.005 -12"><span class='ocrx_word' id='word_1_512' title='bbox 201 2505 368 2535; x_wconf 66' lang='lat' dir='ltr'>lammens,</span> <span class='ocrx_word' id='word_1_513' title='bbox 389 2506 509 2531; x_wconf 76' lang='lat' dir='ltr'>Iustus.</span> <span class='ocrx_word' id='word_1_514' title='bbox 540 2505 558 2531; x_wconf 91' lang='lat'>1.</span> <span class='ocrx_word' id='word_1_515' title='bbox 573 2508 632 2541; x_wconf 74' lang='lat' dir='ltr'>Sy.</span> <span class='ocrx_word' id='word_1_516' title='bbox 652 2507 776 2539; x_wconf 67' lang='lat' dir='ltr'>Honesta,</span> <span class='ocrx_word' id='word_1_517' title='bbox 797 2507 967 2533; x_wconf 81' lang='lat' dir='ltr'>Sanctissima</span> <span class='ocrx_word' id='word_1_518' title='bbox 982 2508 1037 2541; x_wconf 84' lang='lat' dir='ltr'>(ad-</span> 
     </span>
     <span class='ocr_line' id='line_1_56' title="bbox 201 2545 1037 2587; baseline 0.008 -16"><span class='ocrx_word' id='word_1_519' title='bbox 201 2545 302 2578; x_wconf 79' lang='lat' dir='ltr'>fectio.)</span> <span class='ocrx_word' id='word_1_520' title='bbox 321 2546 351 2572; x_wconf 80' lang='lat' dir='ltr'>fr.</span> <span class='ocrx_word' id='word_1_521' title='bbox 373 2548 412 2572; x_wconf 84' lang='lat'>17.</span> <span class='ocrx_word' id='word_1_522' title='bbox 432 2546 469 2580; x_wconf 88' lang='lat'>55.</span> <span class='ocrx_word' id='word_1_523' title='bbox 491 2548 513 2573; x_wconf 95' lang='grc'>1.</span> <span class='ocrx_word' id='word_1_524' title='bbox 532 2548 555 2573; x_wconf 87' lang='lat'>4.</span> <span class='ocrx_word' id='word_1_525' title='bbox 576 2548 608 2575; x_wconf 81' lang='lat' dir='ltr'>de</span> <span class='ocrx_word' id='word_1_526' title='bbox 626 2550 713 2587; x_wconf 83' lang='lat' dir='ltr'>adopt.</span> <span class='ocrx_word' id='word_1_527' title='bbox 735 2553 756 2576; x_wconf 92' lang='lat'>1.</span> <span class='ocrx_word' id='word_1_528' title='bbox 779 2552 800 2576; x_wconf 87' lang='lat'>7.</span> <span class='ocrx_word' id='word_1_529' title='bbox 821 2566 852 2570; x_wconf 88' lang='lat'>-—</span> <span class='ocrx_word' id='word_1_530' title='bbox 873 2551 904 2584; x_wconf 70' lang='grc' dir='ltr'>ξ.</span> <span class='ocrx_word' id='word_1_531' title='bbox 920 2552 959 2577; x_wconf 64' lang='lat' dir='ltr'>—l-</span> <span class='ocrx_word' id='word_1_532' title='bbox 980 2553 1037 2577; x_wconf 86' lang='lat' dir='ltr'>Sa-</span> 
     </span>
     <span class='ocr_line' id='line_1_57' title="bbox 202 2588 1036 2627; baseline 0.007 -13"><span class='ocrx_word' id='word_1_533' title='bbox 202 2598 265 2619; x_wconf 82' lang='lat' dir='ltr'>cer,</span> <span class='ocrx_word' id='word_1_534' title='bbox 286 2590 426 2615; x_wconf 65' lang='lat' dir='ltr'>Divinus</span> <span class='ocrx_word' id='word_1_535' title='bbox 461 2588 504 2615; x_wconf 85' lang='grc' dir='ltr'>ΠΙ.</span> <span class='ocrx_word' id='word_1_536' title='bbox 520 2591 586 2617; x_wconf 74' lang='grc' dir='ltr'><strong>(7η.</strong></span> <span class='ocrx_word' id='word_1_537' title='bbox 600 2591 715 2627; x_wconf 85' lang='lat' dir='ltr'>Spiritus</span> <span class='ocrx_word' id='word_1_538' title='bbox 728 2597 843 2619; x_wconf 88' lang='lat' dir='ltr'>sanctus.</span> <span class='ocrx_word' id='word_1_539' title='bbox 858 2592 906 2619; x_wconf 91' lang='lat' dir='ltr'>Th.</span> <span class='ocrx_word' id='word_1_540' title='bbox 922 2593 951 2620; x_wconf 91' lang='lat' dir='ltr'>C.</span> <span class='ocrx_word' id='word_1_541' title='bbox 966 2593 1036 2620; x_wconf 84' lang='lat' dir='ltr'><strong>XVI.</strong></span> 
     </span>
     <span class='ocr_line' id='line_1_58' title="bbox 203 2631 1036 2669; baseline 0.007 -12"><span class='ocrx_word' id='word_1_542' title='bbox 203 2633 225 2657; x_wconf 70' lang='lat' dir='ltr'>l,</span> <span class='ocrx_word' id='word_1_543' title='bbox 245 2641 266 2657; x_wconf 91' lang='grc'>8.</span> <span class='ocrx_word' id='word_1_544' title='bbox 285 2633 309 2657; x_wconf 87' lang='grc'>2.</span> <span class='ocrx_word' id='word_1_545' title='bbox 329 2642 368 2668; x_wconf 90' lang='lat' dir='ltr'>pr.</span> <span class='ocrx_word' id='word_1_546' title='bbox 394 2631 425 2657; x_wconf 88' lang='grc'>(18</span> <span class='ocrx_word' id='word_1_547' title='bbox 445 2631 497 2658; x_wconf 80' lang='lat' dir='ltr'>fide</span> <span class='ocrx_word' id='word_1_548' title='bbox 517 2632 582 2658; x_wconf 86' lang='lat' dir='ltr'>cath.</span> <span class='ocrx_word' id='word_1_549' title='bbox 608 2632 723 2669; x_wconf 75' lang='lat' dir='ltr'>Religio,</span> <span class='ocrx_word' id='word_1_550' title='bbox 747 2646 771 2662; x_wconf 89' lang='lat' dir='ltr'>v.</span> <span class='ocrx_word' id='word_1_551' title='bbox 790 2635 859 2667; x_wconf 76' lang='lat' dir='ltr'>Lex,</span> <span class='ocrx_word' id='word_1_552' title='bbox 883 2641 979 2662; x_wconf 84' lang='lat' dir='ltr'>sancta.</span> <span class='ocrx_word' id='word_1_553' title='bbox 1000 2636 1036 2662; x_wconf 93' lang='lat' dir='ltr'>lb.</span> 
     </span>
     <span class='ocr_line' id='line_1_59' title="bbox 201 2673 1015 2705; baseline 0.009 -6"><span class='ocrx_word' id='word_1_554' title='bbox 201 2673 267 2700; x_wconf 84' lang='lat' dir='ltr'><strong>VIII.</strong></span> <span class='ocrx_word' id='word_1_555' title='bbox 287 2676 310 2699; x_wconf 68' lang='grc' dir='ltr'>ὅ.</span> <span class='ocrx_word' id='word_1_556' title='bbox 332 2684 352 2700; x_wconf 92' lang='lat' dir='ltr'>c.</span> <span class='ocrx_word' id='word_1_557' title='bbox 371 2675 394 2699; x_wconf 88' lang='lat'>3.</span> <span class='ocrx_word' id='word_1_558' title='bbox 415 2673 447 2700; x_wconf 80' lang='lat' dir='ltr'>de</span> <span class='ocrx_word' id='word_1_559' title='bbox 466 2680 612 2701; x_wconf 73' lang='lat' dir='ltr'>exsecutor.</span> <span class='ocrx_word' id='word_1_560' title='bbox 632 2675 702 2703; x_wconf 82' lang='lat' dir='ltr'><strong>XVI.</strong></span> <span class='ocrx_word' id='word_1_561' title='bbox 721 2679 744 2704; x_wconf 92' lang='lat'>5.</span> <span class='ocrx_word' id='word_1_562' title='bbox 765 2688 786 2704; x_wconf 92' lang='lat' dir='ltr'>c.</span> <span class='ocrx_word' id='word_1_563' title='bbox 807 2681 847 2704; x_wconf 88' lang='lat'>51.</span> <span class='ocrx_word' id='word_1_564' title='bbox 868 2678 900 2705; x_wconf 87' lang='lat' dir='ltr'>de</span> <span class='ocrx_word' id='word_1_565' title='bbox 919 2679 1015 2705; x_wconf 82' lang='lat' dir='ltr'>haeret.</span> 
     </span>
    </p>

    <p class='ocr_par' dir='ltr' id='par_1_8' title="bbox 201 2716 1036 2838">
     <span class='ocr_line' id='line_1_60' title="bbox 236 2716 1036 2750; baseline 0.009 -8"><span class='ocrx_word' id='word_1_566' title='bbox 236 2717 408 2743; x_wconf 78' lang='lat' dir='ltr'>Sanetus.</span> <span class='ocrx_word' id='word_1_567' title='bbox 441 2716 566 2750; x_wconf 89' lang='lat' dir='ltr'>(Subst.)</span> <span class='ocrx_word' id='word_1_568' title='bbox 601 2719 695 2750; x_wconf 79' lang='lat' dir='ltr'>Quem</span> <span class='ocrx_word' id='word_1_569' title='bbox 714 2723 848 2748; x_wconf 77' lang='lat' dir='ltr'>ecclesia</span> <span class='ocrx_word' id='word_1_570' title='bbox 868 2724 1036 2749; x_wconf 70' lang='lat' dir='ltr'>catholica</span> 
     </span>
     <span class='ocr_line' id='line_1_61' title="bbox 201 2761 1036 2800; baseline 0.005 -15"><span class='ocrx_word' id='word_1_571' title='bbox 201 2761 290 2786; x_wconf 77' lang='lat' dir='ltr'>cultu</span> <span class='ocrx_word' id='word_1_572' title='bbox 310 2761 419 2786; x_wconf 79' lang='lat' dir='ltr'>divino</span> <span class='ocrx_word' id='word_1_573' title='bbox 438 2762 569 2795; x_wconf 83' lang='lat' dir='ltr'>dignum</span> <span class='ocrx_word' id='word_1_574' title='bbox 588 2762 760 2788; x_wconf 79' lang='lat' dir='ltr'>iudicavit.</span> <span class='ocrx_word' id='word_1_575' title='bbox 790 2762 911 2791; x_wconf 78' lang='lat' dir='ltr'><strong>111.0n.</strong></span> <span class='ocrx_word' id='word_1_576' title='bbox 932 2764 961 2790; x_wconf 90' lang='lat' dir='ltr'>Si</span> <span class='ocrx_word' id='word_1_577' title='bbox 975 2774 1036 2800; x_wconf 83' lang='lat' dir='ltr'>quo-</span> 
     </span>
     <span class='ocr_line' id='line_1_62' title="bbox 202 2800 1035 2838; baseline 0.008 -11"><span class='ocrx_word' id='word_1_578' title='bbox 202 2800 266 2828; x_wconf 81' lang='lat' dir='ltr'>libet</span> <span class='ocrx_word' id='word_1_579' title='bbox 289 2803 314 2828; x_wconf 95' lang='lat' dir='ltr'>in</span> <span class='ocrx_word' id='word_1_580' title='bbox 338 2801 397 2828; x_wconf 84' lang='lat' dir='ltr'>loco</span> <span class='ocrx_word' id='word_1_581' title='bbox 421 2807 570 2829; x_wconf 85' lang='lat' dir='ltr'>sanctorum</span> <span class='ocrx_word' id='word_1_582' title='bbox 595 2807 635 2829; x_wconf 85' lang='lat' dir='ltr'>est</span> <span class='ocrx_word' id='word_1_583' title='bbox 659 2802 752 2838; x_wconf 86' lang='lat' dir='ltr'>aliquis</span> <span class='ocrx_word' id='word_1_584' title='bbox 777 2805 905 2833; x_wconf 83' lang='lat' dir='ltr'>conditus.</span> <span class='ocrx_word' id='word_1_585' title='bbox 935 2806 984 2833; x_wconf 86' lang='lat' dir='ltr'>Th.</span> <span class='ocrx_word' id='word_1_586' title='bbox 1005 2806 1035 2833; x_wconf 92' lang='lat' dir='ltr'>C.</span> 
     </span>
    </p>
   </div>
   <div class='ocr_carea' id='block_1_5' title="bbox 1059 293 1069 2875">
    <p class='ocr_par' dir='ltr' id='par_1_9' title="bbox 1059 293 1069 2875">
     <span class='ocr_line' id='line_1_63' title="bbox 1059 293 1069 2875; baseline 0 0"><span class='ocrx_word' id='word_1_587' title='bbox 1059 293 1069 2875; x_wconf 95' lang='lat' dir='ltr'> </span> 
     </span>
    </p>
   </div>
   <div class='ocr_carea' id='block_1_6' title="bbox 1867 162 1930 192">
    <p class='ocr_par' dir='ltr' id='par_1_10' title="bbox 1867 162 1930 192">
     <span class='ocr_line' id='line_1_64' title="bbox 1867 162 1930 192; baseline 0.016 -1"><span class='ocrx_word' id='word_1_588' title='bbox 1867 162 1930 192; x_wconf 80' lang='lat'>859</span> 
     </span>
    </p>
   </div>
   <div class='ocr_carea' id='block_1_7' title="bbox 1081 240 1929 2800">
    <p class='ocr_par' dir='ltr' id='par_1_11' title="bbox 1091 240 1929 321">
     <span class='ocr_line' id='line_1_65' title="bbox 1091 240 1929 279; baseline 0.001 -12"><span class='ocrx_word' id='word_1_589' title='bbox 1091 240 1136 267; x_wconf 86' lang='lat' dir='ltr'>IX.</span> <span class='ocrx_word' id='word_1_590' title='bbox 1157 241 1197 267; x_wconf 86' lang='lat'>17.</span> <span class='ocrx_word' id='word_1_591' title='bbox 1218 250 1238 267; x_wconf 87' lang='lat' dir='ltr'>c.</span> <span class='ocrx_word' id='word_1_592' title='bbox 1260 241 1282 266; x_wconf 88' lang='lat'>7.</span> <span class='ocrx_word' id='word_1_593' title='bbox 1303 240 1335 267; x_wconf 83' lang='lat' dir='ltr'>de</span> <span class='ocrx_word' id='word_1_594' title='bbox 1354 240 1453 277; x_wconf 88' lang='lat' dir='ltr'>sepulc.</span> <span class='ocrx_word' id='word_1_595' title='bbox 1473 241 1536 268; x_wconf 87' lang='lat' dir='ltr'>viol.</span> <span class='ocrx_word' id='word_1_596' title='bbox 1574 241 1699 274; x_wconf 74' lang='lat' dir='ltr'>Termini,</span> <span class='ocrx_word' id='word_1_597' title='bbox 1720 252 1744 268; x_wconf 90' lang='lat' dir='ltr'>v.</span> <span class='ocrx_word' id='word_1_598' title='bbox 1763 241 1853 279; x_wconf 85' lang='lat' dir='ltr'>Septa,</span> <span class='ocrx_word' id='word_1_599' title='bbox 1873 252 1929 268; x_wconf 84' lang='lat' dir='ltr'>san·</span> 
     </span>
     <span class='ocr_line' id='line_1_66' title="bbox 1092 282 1912 321; baseline 0.002 -12"><span class='ocrx_word' id='word_1_600' title='bbox 1092 288 1200 310; x_wconf 90' lang='lat' dir='ltr'>ctorum.</span> <span class='ocrx_word' id='word_1_601' title='bbox 1220 282 1266 309; x_wconf 92' lang='lat' dir='ltr'><strong>Iul.</strong></span> <span class='ocrx_word' id='word_1_602' title='bbox 1287 293 1326 320; x_wconf 88' lang='lat' dir='ltr'>ep.</span> <span class='ocrx_word' id='word_1_603' title='bbox 1347 293 1406 310; x_wconf 89' lang='lat' dir='ltr'>nov.</span> <span class='ocrx_word' id='word_1_604' title='bbox 1428 294 1448 310; x_wconf 92' lang='lat' dir='ltr'>c.</span> <span class='ocrx_word' id='word_1_605' title='bbox 1468 285 1509 310; x_wconf 96' lang='lat'>21.</span> <span class='ocrx_word' id='word_1_606' title='bbox 1530 284 1567 318; x_wconf 90' lang='lat'>55.</span> <span class='ocrx_word' id='word_1_607' title='bbox 1588 287 1628 311; x_wconf 89' lang='lat'>71.</span> <span class='ocrx_word' id='word_1_608' title='bbox 1648 295 1688 321; x_wconf 88' lang='lat' dir='ltr'>sq.</span> <span class='ocrx_word' id='word_1_609' title='bbox 1709 295 1730 311; x_wconf 88' lang='lat' dir='ltr'>c.</span> <span class='ocrx_word' id='word_1_610' title='bbox 1750 286 1790 311; x_wconf 84' lang='lat'>83.</span> <span class='ocrx_word' id='word_1_611' title='bbox 1811 285 1832 318; x_wconf 91' lang='lat'>5.</span> <span class='ocrx_word' id='word_1_612' title='bbox 1851 286 1912 311; x_wconf 88' lang='grc'><strong>330.</strong></span> 
     </span>
    </p>

    <p class='ocr_par' dir='ltr' id='par_1_12' title="bbox 1087 325 1929 993">
     <span class='ocr_line' id='line_1_67' title="bbox 1125 325 1929 364; baseline 0.001 -11"><span class='ocrx_word' id='word_1_613' title='bbox 1125 327 1237 354; x_wconf 75' lang='lat' dir='ltr'>Sane.</span> <span class='ocrx_word' id='word_1_614' title='bbox 1256 325 1368 359; x_wconf 87' lang='lat' dir='ltr'><strong>(Advb.)</strong></span> <span class='ocrx_word' id='word_1_615' title='bbox 1389 328 1494 358; x_wconf 81' lang='lat' dir='ltr'>Certe,</span> <span class='ocrx_word' id='word_1_616' title='bbox 1515 329 1621 354; x_wconf 79' lang='lat' dir='ltr'>Plane.</span> <span class='ocrx_word' id='word_1_617' title='bbox 1649 327 1692 354; x_wconf 88' lang='lat' dir='ltr'><strong>III.</strong></span> <span class='ocrx_word' id='word_1_618' title='bbox 1708 329 1773 355; x_wconf 75' lang='lat' dir='ltr'>Gn.</span> <span class='ocrx_word' id='word_1_619' title='bbox 1793 327 1862 354; x_wconf 77' lang='lat' dir='ltr'>Sane</span> <span class='ocrx_word' id='word_1_620' title='bbox 1875 328 1929 364; x_wconf 89' lang='lat' dir='ltr'>qui-</span> 
     </span>
     <span class='ocr_line' id='line_1_68' title="bbox 1090 368 1929 407; baseline 0.002 -12"><span class='ocrx_word' id='word_1_621' title='bbox 1090 368 1149 395; x_wconf 84' lang='lat' dir='ltr'>dem</span> <span class='ocrx_word' id='word_1_622' title='bbox 1168 379 1221 395; x_wconf 90' lang='lat' dir='ltr'>nou</span> <span class='ocrx_word' id='word_1_623' title='bbox 1240 373 1293 399; x_wconf 80' lang='lat' dir='ltr'>est;</span> <span class='ocrx_word' id='word_1_624' title='bbox 1313 385 1343 389; x_wconf 89' lang='lat'>—-</span> <span class='ocrx_word' id='word_1_625' title='bbox 1365 369 1411 395; x_wconf 89' lang='lat' dir='ltr'>sed</span> <span class='ocrx_word' id='word_1_626' title='bbox 1431 370 1453 395; x_wconf 90' lang='lat' dir='ltr'>si</span> <span class='ocrx_word' id='word_1_627' title='bbox 1473 369 1551 396; x_wconf 85' lang='lat' dir='ltr'>fuerit</span> <span class='ocrx_word' id='word_1_628' title='bbox 1570 375 1618 396; x_wconf 81' lang='lat' dir='ltr'>etc.</span> <span class='ocrx_word' id='word_1_629' title='bbox 1639 370 1668 396; x_wconf 81' lang='lat' dir='ltr'>fr.</span> <span class='ocrx_word' id='word_1_630' title='bbox 1690 372 1712 397; x_wconf 93' lang='lat'>1.</span> <span class='ocrx_word' id='word_1_631' title='bbox 1731 371 1752 404; x_wconf 90' lang='lat'>5.</span> <span class='ocrx_word' id='word_1_632' title='bbox 1771 372 1795 397; x_wconf 87' lang='lat'>5.</span> <span class='ocrx_word' id='word_1_633' title='bbox 1815 371 1866 407; x_wconf 79' lang='lat' dir='ltr'>Qu.</span> <span class='ocrx_word' id='word_1_634' title='bbox 1887 370 1929 397; x_wconf 80' lang='lat' dir='ltr'>ad-</span> 
     </span>
     <span class='ocr_line' id='line_1_69' title="bbox 1089 411 1929 449; baseline 0.002 -11"><span class='ocrx_word' id='word_1_635' title='bbox 1089 411 1152 449; x_wconf 90' lang='lat' dir='ltr'>pell.</span> <span class='ocrx_word' id='word_1_636' title='bbox 1171 413 1213 438; x_wconf 94' lang='lat'>49.</span> <span class='ocrx_word' id='word_1_637' title='bbox 1233 413 1256 438; x_wconf 82' lang='grc'>4.</span> <span class='ocrx_word' id='word_1_638' title='bbox 1277 411 1308 438; x_wconf 77' lang='lat' dir='ltr'>cs.</span> <span class='ocrx_word' id='word_1_639' title='bbox 1334 411 1390 438; x_wconf 86' lang='lat' dir='ltr'>Gai.</span> <span class='ocrx_word' id='word_1_640' title='bbox 1415 411 1458 438; x_wconf 93' lang='lat' dir='ltr'>lV.</span> <span class='ocrx_word' id='word_1_641' title='bbox 1484 414 1541 438; x_wconf 83' lang='lat'><strong>131.</strong></span> <span class='ocrx_word' id='word_1_642' title='bbox 1578 413 1611 439; x_wconf 86' lang='lat' dir='ltr'>Et</span> <span class='ocrx_word' id='word_1_643' title='bbox 1635 423 1697 440; x_wconf 87' lang='lat' dir='ltr'>sane</span> <span class='ocrx_word' id='word_1_644' title='bbox 1722 415 1743 440; x_wconf 91' lang='lat' dir='ltr'>si</span> <span class='ocrx_word' id='word_1_645' title='bbox 1770 419 1818 440; x_wconf 79' lang='lat' dir='ltr'>etc.</span> <span class='ocrx_word' id='word_1_646' title='bbox 1842 429 1875 433; x_wconf 90' lang='lat'>—</span> <span class='ocrx_word' id='word_1_647' title='bbox 1899 413 1929 440; x_wconf 87' lang='lat' dir='ltr'>Si</span> 
     </span>
     <span class='ocr_line' id='line_1_70' title="bbox 1090 454 1928 493; baseline 0.002 -13"><span class='ocrx_word' id='word_1_648' title='bbox 1090 459 1175 481; x_wconf 85' lang='lat' dir='ltr'>autem</span> <span class='ocrx_word' id='word_1_649' title='bbox 1196 459 1244 480; x_wconf 86' lang='lat' dir='ltr'>etc.</span> <span class='ocrx_word' id='word_1_650' title='bbox 1269 454 1298 481; x_wconf 60' lang='lat' dir='ltr'>fr.</span> <span class='ocrx_word' id='word_1_651' title='bbox 1317 456 1342 480; x_wconf 83' lang='lat'>2.</span> <span class='ocrx_word' id='word_1_652' title='bbox 1366 455 1431 488; x_wconf 90' lang='lat'><strong>5.1.</strong></span> <span class='ocrx_word' id='word_1_653' title='bbox 1457 454 1489 481; x_wconf 88' lang='lat' dir='ltr'>de</span> <span class='ocrx_word' id='word_1_654' title='bbox 1513 465 1573 482; x_wconf 86' lang='lat' dir='ltr'>nox.</span> <span class='ocrx_word' id='word_1_655' title='bbox 1598 461 1646 482; x_wconf 74' lang='lat' dir='ltr'>act.</span> <span class='ocrx_word' id='word_1_656' title='bbox 1667 458 1690 482; x_wconf 87' lang='grc'>9.</span> <span class='ocrx_word' id='word_1_657' title='bbox 1710 458 1732 482; x_wconf 80' lang='grc'>4.</span> <span class='ocrx_word' id='word_1_658' title='bbox 1771 456 1800 482; x_wconf 93' lang='lat' dir='ltr'>Si</span> <span class='ocrx_word' id='word_1_659' title='bbox 1823 455 1928 493; x_wconf 87' lang='lat' dir='ltr'>quidem</span> 
     </span>
     <span class='ocr_line' id='line_1_71' title="bbox 1090 497 1928 527; baseline 0.002 -4"><span class='ocrx_word' id='word_1_660' title='bbox 1090 507 1147 523; x_wconf 89' lang='lat' dir='ltr'>cum</span> <span class='ocrx_word' id='word_1_661' title='bbox 1167 498 1249 523; x_wconf 87' lang='lat' dir='ltr'>amico</span> <span class='ocrx_word' id='word_1_662' title='bbox 1269 502 1402 523; x_wconf 84' lang='lat' dir='ltr'>contracta</span> <span class='ocrx_word' id='word_1_663' title='bbox 1422 498 1456 523; x_wconf 87' lang='lat' dir='ltr'>sit</span> <span class='ocrx_word' id='word_1_664' title='bbox 1476 497 1582 527; x_wconf 79' lang='lat' dir='ltr'>fiducia,</span> <span class='ocrx_word' id='word_1_665' title='bbox 1607 508 1669 524; x_wconf 87' lang='lat' dir='ltr'>sane</span> <span class='ocrx_word' id='word_1_666' title='bbox 1692 499 1841 525; x_wconf 85' lang='lat' dir='ltr'>omnimodo</span> <span class='ocrx_word' id='word_1_667' title='bbox 1861 509 1928 525; x_wconf 87' lang='lat' dir='ltr'>com-</span> 
     </span>
     <span class='ocr_line' id='line_1_72' title="bbox 1088 538 1928 577; baseline 0.002 -11"><span class='ocrx_word' id='word_1_668' title='bbox 1088 541 1155 577; x_wconf 86' lang='lat' dir='ltr'>petit</span> <span class='ocrx_word' id='word_1_669' title='bbox 1174 541 1350 577; x_wconf 78' lang='lat' dir='ltr'>usureceptiO.</span> <span class='ocrx_word' id='word_1_670' title='bbox 1370 538 1426 565; x_wconf 87' lang='lat' dir='ltr'>Gai.</span> <span class='ocrx_word' id='word_1_671' title='bbox 1446 539 1476 566; x_wconf 91' lang='lat' dir='ltr'>ll.</span> <span class='ocrx_word' id='word_1_672' title='bbox 1496 542 1535 566; x_wconf 84' lang='lat'>60.</span> <span class='ocrx_word' id='word_1_673' title='bbox 1574 540 1665 577; x_wconf 72' lang='lat' dir='ltr'>Neque</span> <span class='ocrx_word' id='word_1_674' title='bbox 1686 543 1753 568; x_wconf 73' lang='lat' dir='ltr'>enim</span> <span class='ocrx_word' id='word_1_675' title='bbox 1776 542 1819 569; x_wconf 76' lang='lat' dir='ltr'>lex</span> <span class='ocrx_word' id='word_1_676' title='bbox 1844 542 1928 568; x_wconf 78' lang='lat' dir='ltr'>facere</span> 
     </span>
     <span class='ocr_line' id='line_1_73' title="bbox 1089 581 1927 622; baseline 0.002 -13"><span class='ocrx_word' id='word_1_677' title='bbox 1089 587 1186 619; x_wconf 79' lang='lat' dir='ltr'>potest,</span> <span class='ocrx_word' id='word_1_678' title='bbox 1207 587 1236 609; x_wconf 87' lang='lat' dir='ltr'>ut</span> <span class='ocrx_word' id='word_1_679' title='bbox 1255 588 1303 609; x_wconf 86' lang='lat' dir='ltr'>etc.</span> <span class='ocrx_word' id='word_1_680' title='bbox 1340 582 1376 608; x_wconf 85' lang='lat' dir='ltr'>At</span> <span class='ocrx_word' id='word_1_681' title='bbox 1395 581 1460 608; x_wconf 88' lang='lat' dir='ltr'>illud</span> <span class='ocrx_word' id='word_1_682' title='bbox 1480 592 1542 608; x_wconf 80' lang='lat' dir='ltr'>sane</span> <span class='ocrx_word' id='word_1_683' title='bbox 1561 582 1603 610; x_wconf 76' lang='lat' dir='ltr'>lex</span> <span class='ocrx_word' id='word_1_684' title='bbox 1623 584 1707 611; x_wconf 72' lang='lat' dir='ltr'>facere</span> <span class='ocrx_word' id='word_1_685' title='bbox 1721 590 1809 622; x_wconf 79' lang='lat' dir='ltr'>potest</span> <span class='ocrx_word' id='word_1_686' title='bbox 1822 590 1870 611; x_wconf 82' lang='lat' dir='ltr'>etc.</span> <span class='ocrx_word' id='word_1_687' title='bbox 1890 584 1927 611; x_wconf 89' lang='lat' dir='ltr'>ld.</span> 
     </span>
     <span class='ocr_line' id='line_1_74' title="bbox 1089 624 1927 662; baseline 0.004 -11"><span class='ocrx_word' id='word_1_688' title='bbox 1089 625 1130 651; x_wconf 92' lang='lat' dir='ltr'><strong>Ill.</strong></span> <span class='ocrx_word' id='word_1_689' title='bbox 1152 627 1209 652; x_wconf 88' lang='lat'><strong>194.</strong></span> <span class='ocrx_word' id='word_1_690' title='bbox 1230 625 1261 652; x_wconf 82' lang='lat' dir='ltr'>cf.</span> <span class='ocrx_word' id='word_1_691' title='bbox 1287 624 1356 651; x_wconf 92' lang='lat' dir='ltr'><strong>Coll.</strong></span> <span class='ocrx_word' id='word_1_692' title='bbox 1376 624 1428 652; x_wconf 89' lang='lat' dir='ltr'>LL.</span> <span class='ocrx_word' id='word_1_693' title='bbox 1449 625 1482 652; x_wconf 85' lang='lat' dir='ltr'>M.</span> <span class='ocrx_word' id='word_1_694' title='bbox 1503 625 1573 652; x_wconf 67' lang='lat' dir='ltr'><strong>XVI.</strong></span> <span class='ocrx_word' id='word_1_695' title='bbox 1593 628 1615 652; x_wconf 52' lang='lat'>2.</span> <span class='ocrx_word' id='word_1_696' title='bbox 1643 626 1684 653; x_wconf 76' lang='lat' dir='ltr'>Fr.</span> <span class='ocrx_word' id='word_1_697' title='bbox 1708 626 1740 653; x_wconf 82' lang='grc'>118</span> <span class='ocrx_word' id='word_1_698' title='bbox 1759 627 1776 654; x_wconf 89' lang='lat' dir='ltr'>I.</span> <span class='ocrx_word' id='word_1_699' title='bbox 1798 627 1825 655; x_wconf 86' lang='lat' dir='ltr'>F.</span> <span class='ocrx_word' id='word_1_700' title='bbox 1846 628 1883 662; x_wconf 88' lang='lat'>55.</span> <span class='ocrx_word' id='word_1_701' title='bbox 1903 629 1927 654; x_wconf 86' lang='lat'>3.</span> 
     </span>
     <span class='ocr_line' id='line_1_75' title="bbox 1090 668 1927 703; baseline 0.004 -9"><span class='ocrx_word' id='word_1_702' title='bbox 1090 670 1129 694; x_wconf 86' lang='grc'>12.</span> <span class='ocrx_word' id='word_1_703' title='bbox 1151 670 1191 695; x_wconf 91' lang='grc'>19.</span> <span class='ocrx_word' id='word_1_704' title='bbox 1228 668 1427 695; x_wconf 86' lang='lat' dir='ltr'>Admittendum</span> <span class='ocrx_word' id='word_1_705' title='bbox 1447 674 1496 697; x_wconf 81' lang='lat' dir='ltr'>est.</span> <span class='ocrx_word' id='word_1_706' title='bbox 1516 670 1550 695; x_wconf 82' lang='lat' dir='ltr'>ita</span> <span class='ocrx_word' id='word_1_707' title='bbox 1570 679 1632 695; x_wconf 87' lang='lat' dir='ltr'>sane</span> <span class='ocrx_word' id='word_1_708' title='bbox 1651 671 1673 695; x_wconf 91' lang='lat' dir='ltr'>si</span> <span class='ocrx_word' id='word_1_709' title='bbox 1694 674 1742 696; x_wconf 81' lang='lat' dir='ltr'>etc.</span> <span class='ocrx_word' id='word_1_710' title='bbox 1763 670 1792 696; x_wconf 75' lang='lat' dir='ltr'>ir.</span> <span class='ocrx_word' id='word_1_711' title='bbox 1805 672 1847 697; x_wconf 86' lang='lat'>29.</span> <span class='ocrx_word' id='word_1_712' title='bbox 1866 670 1888 703; x_wconf 94' lang='lat'>5.</span> <span class='ocrx_word' id='word_1_713' title='bbox 1903 671 1927 697; x_wconf 89' lang='lat'>4.</span> 
     </span>
     <span class='ocr_line' id='line_1_76' title="bbox 1089 710 1928 748; baseline 0.002 -11"><span class='ocrx_word' id='word_1_714' title='bbox 1089 710 1122 737; x_wconf 89' lang='grc'>(18</span> <span class='ocrx_word' id='word_1_715' title='bbox 1134 710 1179 737; x_wconf 88' lang='lat' dir='ltr'><strong>lib.</strong></span> <span class='ocrx_word' id='word_1_716' title='bbox 1197 715 1222 737; x_wconf 90' lang='lat' dir='ltr'>et</span> <span class='ocrx_word' id='word_1_717' title='bbox 1235 710 1323 748; x_wconf 86' lang='lat' dir='ltr'>posth.</span> <span class='ocrx_word' id='word_1_718' title='bbox 1338 712 1379 737; x_wconf 79' lang='lat'>28.</span> <span class='ocrx_word' id='word_1_719' title='bbox 1393 713 1417 737; x_wconf 87' lang='lat'>2.</span> <span class='ocrx_word' id='word_1_720' title='bbox 1453 711 1558 741; x_wconf 82' lang='lat' dir='ltr'>Putant.</span> <span class='ocrx_word' id='word_1_721' title='bbox 1578 713 1600 738; x_wconf 89' lang='lat' dir='ltr'>si</span> <span class='ocrx_word' id='word_1_722' title='bbox 1620 712 1724 748; x_wconf 71' lang='lat' dir='ltr'>quidem</span> <span class='ocrx_word' id='word_1_723' title='bbox 1745 718 1793 740; x_wconf 86' lang='lat' dir='ltr'>etc.</span> <span class='ocrx_word' id='word_1_724' title='bbox 1815 731 1844 734; x_wconf 96' lang='lat'><strong>—</strong></span> <span class='ocrx_word' id='word_1_725' title='bbox 1866 723 1928 739; x_wconf 86' lang='lat' dir='ltr'>sane</span> 
     </span>
     <span class='ocr_line' id='line_1_77' title="bbox 1088 753 1927 791; baseline 0.002 -11"><span class='ocrx_word' id='word_1_726' title='bbox 1088 753 1275 791; x_wconf 86' lang='lat' dir='ltr'>impedimento</span> <span class='ocrx_word' id='word_1_727' title='bbox 1300 764 1357 780; x_wconf 86' lang='lat' dir='ltr'>eum</span> <span class='ocrx_word' id='word_1_728' title='bbox 1382 764 1448 780; x_wconf 88' lang='lat' dir='ltr'>esse.</span> <span class='ocrx_word' id='word_1_729' title='bbox 1474 754 1530 780; x_wconf 86' lang='lat' dir='ltr'>Gai.</span> <span class='ocrx_word' id='word_1_730' title='bbox 1550 754 1580 780; x_wconf 94' lang='lat' dir='ltr'>ll.</span> <span class='ocrx_word' id='word_1_731' title='bbox 1602 757 1658 781; x_wconf 62' lang='lat'><strong>12¹3.</strong></span> <span class='ocrx_word' id='word_1_732' title='bbox 1682 755 1722 781; x_wconf 90' lang='lat' dir='ltr'><strong>III.</strong></span> <span class='ocrx_word' id='word_1_733' title='bbox 1745 757 1801 782; x_wconf 87' lang='lat'><strong>197.</strong></span> <span class='ocrx_word' id='word_1_734' title='bbox 1838 756 1927 782; x_wconf 83' lang='lat' dir='ltr'>Provi-</span> 
     </span>
     <span class='ocr_line' id='line_1_78' title="bbox 1088 797 1927 828; baseline 0.004 -6"><span class='ocrx_word' id='word_1_735' title='bbox 1088 806 1146 823; x_wconf 89' lang='lat' dir='ltr'>sum</span> <span class='ocrx_word' id='word_1_736' title='bbox 1165 801 1219 828; x_wconf 85' lang='lat' dir='ltr'>est;</span> <span class='ocrx_word' id='word_1_737' title='bbox 1244 801 1298 823; x_wconf 85' lang='lat' dir='ltr'>erat</span> <span class='ocrx_word' id='word_1_738' title='bbox 1322 798 1390 823; x_wconf 84' lang='lat' dir='ltr'>enim</span> <span class='ocrx_word' id='word_1_739' title='bbox 1410 807 1472 823; x_wconf 85' lang='lat' dir='ltr'>sane</span> <span class='ocrx_word' id='word_1_740' title='bbox 1491 797 1646 827; x_wconf 78' lang='lat' dir='ltr'>absurdum.</span> <span class='ocrx_word' id='word_1_741' title='bbox 1672 803 1699 823; x_wconf 86' lang='lat' dir='ltr'>ut</span> <span class='ocrx_word' id='word_1_742' title='bbox 1719 803 1766 824; x_wconf 81' lang='lat' dir='ltr'>etc.</span> <span class='ocrx_word' id='word_1_743' title='bbox 1792 799 1828 825; x_wconf 91' lang='lat' dir='ltr'>Id.</span> <span class='ocrx_word' id='word_1_744' title='bbox 1847 799 1865 825; x_wconf 92' lang='grc' dir='ltr'>Ι.</span> <span class='ocrx_word' id='word_1_745' title='bbox 1886 800 1927 825; x_wconf 83' lang='grc'>45.</span> 
     </span>
     <span class='ocr_line' id='line_1_79' title="bbox 1087 839 1927 876; baseline 0.002 -11"><span class='ocrx_word' id='word_1_746' title='bbox 1087 839 1117 865; x_wconf 88' lang='lat' dir='ltr'>H.</span> <span class='ocrx_word' id='word_1_747' title='bbox 1139 841 1196 866; x_wconf 70' lang='lat'><strong>104.</strong></span> <span class='ocrx_word' id='word_1_748' title='bbox 1225 839 1258 866; x_wconf 88' lang='lat' dir='ltr'>Et</span> <span class='ocrx_word' id='word_1_749' title='bbox 1278 849 1339 866; x_wconf 80' lang='lat' dir='ltr'>sane</span> <span class='ocrx_word' id='word_1_750' title='bbox 1359 844 1472 876; x_wconf 81' lang='lat' dir='ltr'>oportet.</span> <span class='ocrx_word' id='word_1_751' title='bbox 1492 839 1528 865; x_wconf 88' lang='lat' dir='ltr'>Id.</span> <span class='ocrx_word' id='word_1_752' title='bbox 1543 839 1586 866; x_wconf 81' lang='lat' dir='ltr'>IV.</span> <span class='ocrx_word' id='word_1_753' title='bbox 1601 842 1659 867; x_wconf 68' lang='lat'><strong>134.</strong></span> <span class='ocrx_word' id='word_1_754' title='bbox 1687 840 1751 867; x_wconf 65' lang='lat' dir='ltr'>Nam</span> <span class='ocrx_word' id='word_1_755' title='bbox 1765 851 1834 867; x_wconf 85' lang='lat' dir='ltr'>sane.</span> <span class='ocrx_word' id='word_1_756' title='bbox 1859 841 1927 867; x_wconf 82' lang='lat' dir='ltr'>Sane</span> 
     </span>
     <span class='ocr_line' id='line_1_80' title="bbox 1088 882 1926 918; baseline 0.004 -11"><span class='ocrx_word' id='word_1_757' title='bbox 1088 883 1200 918; x_wconf 74' lang='lat' dir='ltr'>quoties,</span> <span class='ocrx_word' id='word_1_758' title='bbox 1221 882 1250 908; x_wconf 73' lang='lat' dir='ltr'><strong>l’r.</strong></span> <span class='ocrx_word' id='word_1_759' title='bbox 1273 884 1295 908; x_wconf 96' lang='lat' dir='ltr'>l.</span> <span class='ocrx_word' id='word_1_760' title='bbox 1316 884 1337 909; x_wconf 88' lang='lat' dir='ltr'>si</span> <span class='ocrx_word' id='word_1_761' title='bbox 1357 893 1399 918; x_wconf 85' lang='lat' dir='ltr'>qu.</span> <span class='ocrx_word' id='word_1_762' title='bbox 1420 887 1497 909; x_wconf 88' lang='lat' dir='ltr'>cautt.</span> <span class='ocrx_word' id='word_1_763' title='bbox 1517 884 1540 909; x_wconf 87' lang='lat'>2.</span> <span class='ocrx_word' id='word_1_764' title='bbox 1564 884 1602 909; x_wconf 91' lang='lat' dir='ltr'>ll.</span> <span class='ocrx_word' id='word_1_765' title='bbox 1622 883 1651 909; x_wconf 90' lang='lat' dir='ltr'>fr.</span> <span class='ocrx_word' id='word_1_766' title='bbox 1668 885 1689 909; x_wconf 92' lang='lat'>1.</span> <span class='ocrx_word' id='word_1_767' title='bbox 1710 884 1732 916; x_wconf 90' lang='lat'>5.</span> <span class='ocrx_word' id='word_1_768' title='bbox 1752 885 1775 909; x_wconf 85' lang='lat'>2.</span> <span class='ocrx_word' id='word_1_769' title='bbox 1796 883 1827 910; x_wconf 88' lang='lat' dir='ltr'>de</span> <span class='ocrx_word' id='word_1_770' title='bbox 1847 883 1926 910; x_wconf 78' lang='lat' dir='ltr'>feriis.</span> 
     </span>
     <span class='ocr_line' id='line_1_81' title="bbox 1087 924 1926 963; baseline 0.002 -13"><span class='ocrx_word' id='word_1_771' title='bbox 1087 926 1110 951; x_wconf 88' lang='grc'>2.</span> <span class='ocrx_word' id='word_1_772' title='bbox 1132 926 1171 950; x_wconf 92' lang='grc'>12.</span> <span class='ocrx_word' id='word_1_773' title='bbox 1209 924 1237 950; x_wconf 86' lang='grc'>111</span> <span class='ocrx_word' id='word_1_774' title='bbox 1263 924 1377 951; x_wconf 85' lang='lat' dir='ltr'>futurum</span> <span class='ocrx_word' id='word_1_775' title='bbox 1401 935 1463 952; x_wconf 86' lang='lat' dir='ltr'>sane</span> <span class='ocrx_word' id='word_1_776' title='bbox 1486 927 1670 963; x_wconf 85' lang='lat' dir='ltr'>praecipimus.</span> <span class='ocrx_word' id='word_1_777' title='bbox 1695 925 1745 952; x_wconf 93' lang='lat' dir='ltr'>Th.</span> <span class='ocrx_word' id='word_1_778' title='bbox 1766 926 1796 953; x_wconf 85' lang='lat' dir='ltr'>C.</span> <span class='ocrx_word' id='word_1_779' title='bbox 1816 926 1883 952; x_wconf 75' lang='lat' dir='ltr'><strong>VIII.</strong></span> <span class='ocrx_word' id='word_1_780' title='bbox 1902 928 1926 952; x_wconf 84' lang='lat'>4.</span> 
     </span>
     <span class='ocr_line' id='line_1_82' title="bbox 1087 967 1368 993; baseline -0.004 0"><span class='ocrx_word' id='word_1_781' title='bbox 1087 977 1108 993; x_wconf 89' lang='lat' dir='ltr'>c.</span> <span class='ocrx_word' id='word_1_782' title='bbox 1127 969 1169 993; x_wconf 83' lang='lat'>23.</span> <span class='ocrx_word' id='word_1_783' title='bbox 1190 967 1222 993; x_wconf 89' lang='lat' dir='ltr'>de</span> <span class='ocrx_word' id='word_1_784' title='bbox 1241 967 1368 993; x_wconf 84' lang='lat' dir='ltr'>cohortal.</span> 
     </span>
    </p>

    <p class='ocr_par' dir='ltr' id='par_1_13' title="bbox 1086 1009 1927 1174">
     <span class='ocr_line' id='line_1_83' title="bbox 1122 1009 1926 1046; baseline 0.004 -11"><span class='ocrx_word' id='word_1_785' title='bbox 1122 1009 1372 1043; x_wconf 54' lang='lat' dir='ltr'>Sanguineum</span> <span class='ocrx_word' id='word_1_786' title='bbox 1405 1009 1544 1042; x_wconf 75' lang='lat' dir='ltr'>(Adiect.)</span> <span class='ocrx_word' id='word_1_787' title='bbox 1577 1012 1758 1046; x_wconf 79' lang='lat' dir='ltr'>Sanguinis</span> <span class='ocrx_word' id='word_1_788' title='bbox 1789 1014 1926 1038; x_wconf 85' lang='lat' dir='ltr'>colorem</span> 
     </span>
     <span class='ocr_line' id='line_1_84' title="bbox 1086 1051 1927 1091; baseline 0.004 -13"><span class='ocrx_word' id='word_1_789' title='bbox 1086 1054 1240 1088; x_wconf 76' lang='lat' dir='ltr'>referens.</span> <span class='ocrx_word' id='word_1_790' title='bbox 1277 1051 1319 1078; x_wconf 89' lang='lat' dir='ltr'><strong>III.</strong></span> <span class='ocrx_word' id='word_1_791' title='bbox 1333 1053 1397 1079; x_wconf 74' lang='lat' dir='ltr'><strong>s&#39;n.</strong></span> <span class='ocrx_word' id='word_1_792' title='bbox 1418 1052 1451 1078; x_wconf 78' lang='lat' dir='ltr'>Vt</span> <span class='ocrx_word' id='word_1_793' title='bbox 1471 1052 1598 1089; x_wconf 82' lang='lat' dir='ltr'>parricida</span> <span class='ocrx_word' id='word_1_794' title='bbox 1613 1055 1693 1089; x_wconf 79' lang='lat' dir='ltr'>virgis</span> <span class='ocrx_word' id='word_1_795' title='bbox 1709 1056 1858 1091; x_wconf 76' lang='lat' dir='ltr'>sanguineis</span> <span class='ocrx_word' id='word_1_796' title='bbox 1872 1064 1927 1081; x_wconf 75' lang='lat' dir='ltr'>ver—</span> 
     </span>
     <span class='ocr_line' id='line_1_85' title="bbox 1086 1094 1925 1135; baseline 0.005 -15"><span class='ocrx_word' id='word_1_797' title='bbox 1086 1094 1207 1126; x_wconf 71' lang='lat' dir='ltr'>beratus.</span> <span class='ocrx_word' id='word_1_798' title='bbox 1237 1094 1332 1121; x_wconf 87' lang='lat' dir='ltr'>deinde</span> <span class='ocrx_word' id='word_1_799' title='bbox 1357 1094 1431 1121; x_wconf 86' lang='lat' dir='ltr'>culeo</span> <span class='ocrx_word' id='word_1_800' title='bbox 1456 1096 1573 1122; x_wconf 84' lang='lat' dir='ltr'>iusuatur</span> <span class='ocrx_word' id='word_1_801' title='bbox 1597 1101 1645 1122; x_wconf 86' lang='lat' dir='ltr'>etc.</span> <span class='ocrx_word' id='word_1_802' title='bbox 1676 1096 1705 1123; x_wconf 84' lang='lat' dir='ltr'>fr.</span> <span class='ocrx_word' id='word_1_803' title='bbox 1729 1099 1752 1124; x_wconf 89' lang='lat'>9.</span> <span class='ocrx_word' id='word_1_804' title='bbox 1777 1108 1816 1135; x_wconf 91' lang='lat' dir='ltr'>pr.</span> <span class='ocrx_word' id='word_1_805' title='bbox 1841 1097 1873 1124; x_wconf 90' lang='lat' dir='ltr'>ad</span> <span class='ocrx_word' id='word_1_806' title='bbox 1896 1097 1925 1124; x_wconf 90' lang='lat' dir='ltr'>L.</span> 
     </span>
     <span class='ocr_line' id='line_1_86' title="bbox 1087 1136 1419 1174; baseline 0 -11"><span class='ocrx_word' id='word_1_807' title='bbox 1087 1136 1178 1174; x_wconf 86' lang='lat' dir='ltr'><strong>Pomp.</strong></span> <span class='ocrx_word' id='word_1_808' title='bbox 1199 1137 1231 1163; x_wconf 90' lang='lat' dir='ltr'>de</span> <span class='ocrx_word' id='word_1_809' title='bbox 1249 1147 1316 1174; x_wconf 87' lang='lat' dir='ltr'>parr.</span> <span class='ocrx_word' id='word_1_810' title='bbox 1337 1139 1377 1164; x_wconf 71' lang='lat'>48.</span> <span class='ocrx_word' id='word_1_811' title='bbox 1397 1139 1419 1163; x_wconf 90' lang='lat'>9.</span> 
     </span>
    </p>

    <p class='ocr_par' dir='ltr' id='par_1_14' title="bbox 1086 1180 1926 1388">
     <span class='ocr_line' id='line_1_87' title="bbox 1121 1180 1926 1217; baseline 0.004 -10"><span class='ocrx_word' id='word_1_812' title='bbox 1121 1180 1454 1214; x_wconf 80' lang='lat' dir='ltr'>Sanguinolentus.</span> <span class='ocrx_word' id='word_1_813' title='bbox 1492 1180 1628 1213; x_wconf 78' lang='lat' dir='ltr'>(Adiect.)</span> <span class='ocrx_word' id='word_1_814' title='bbox 1667 1184 1833 1217; x_wconf 75' lang='lat' dir='ltr'>Sanguine</span> <span class='ocrx_word' id='word_1_815' title='bbox 1863 1193 1926 1210; x_wconf 88' lang='lat' dir='ltr'>ma-</span> 
     </span>
     <span class='ocr_line' id='line_1_88' title="bbox 1086 1224 1926 1260; baseline 0.004 -11"><span class='ocrx_word' id='word_1_816' title='bbox 1086 1233 1178 1255; x_wconf 81' lang='lat' dir='ltr'>nans,</span> <span class='ocrx_word' id='word_1_817' title='bbox 1209 1225 1358 1259; x_wconf 81' lang='lat' dir='ltr'>Infectus</span> <span class='ocrx_word' id='word_1_818' title='bbox 1387 1233 1500 1250; x_wconf 77' lang='lat' dir='ltr'>cruore</span> <span class='ocrx_word' id='word_1_819' title='bbox 1526 1230 1653 1258; x_wconf 77' lang='lat' dir='ltr'>partus.</span> <span class='ocrx_word' id='word_1_820' title='bbox 1694 1224 1712 1251; x_wconf 92' lang='lat' dir='ltr'>I.</span> <span class='ocrx_word' id='word_1_821' title='bbox 1733 1227 1795 1260; x_wconf 79' lang='lat' dir='ltr'>Sy.</span> <span class='ocrx_word' id='word_1_822' title='bbox 1823 1226 1926 1252; x_wconf 86' lang='lat' dir='ltr'>Recens</span> 
     </span>
     <span class='ocr_line' id='line_1_89' title="bbox 1086 1266 1926 1303; baseline 0.002 -11"><span class='ocrx_word' id='word_1_823' title='bbox 1086 1271 1183 1297; x_wconf 80' lang='lat' dir='ltr'>natum,</span> <span class='ocrx_word' id='word_1_824' title='bbox 1202 1266 1226 1292; x_wconf 87' lang='lat' dir='ltr'>A</span> <span class='ocrx_word' id='word_1_825' title='bbox 1246 1267 1383 1302; x_wconf 72' lang='lat' dir='ltr'>sanguine,</span> <span class='ocrx_word' id='word_1_826' title='bbox 1406 1266 1446 1292; x_wconf 82' lang='lat' dir='ltr'>Ex</span> <span class='ocrx_word' id='word_1_827' title='bbox 1466 1268 1591 1303; x_wconf 76' lang='lat' dir='ltr'>sangnine</span> <span class='ocrx_word' id='word_1_828' title='bbox 1610 1267 1748 1303; x_wconf 75' lang='lat' dir='ltr'>(puerum,</span> <span class='ocrx_word' id='word_1_829' title='bbox 1769 1278 1791 1293; x_wconf 65' lang='lat' dir='ltr'>v⁴</span> <span class='ocrx_word' id='word_1_830' title='bbox 1812 1278 1926 1300; x_wconf 69' lang='lat' dir='ltr'>servum,</span> 
     </span>
     <span class='ocr_line' id='line_1_90' title="bbox 1086 1308 1925 1348; baseline 0.004 -13"><span class='ocrx_word' id='word_1_831' title='bbox 1086 1319 1252 1346; x_wconf 80' lang='lat' dir='ltr'>comparasse</span> <span class='ocrx_word' id='word_1_832' title='bbox 1272 1310 1338 1340; x_wconf 87' lang='lat' dir='ltr'>etc.)</span> <span class='ocrx_word' id='word_1_833' title='bbox 1363 1308 1412 1335; x_wconf 88' lang='lat' dir='ltr'>Th.</span> <span class='ocrx_word' id='word_1_834' title='bbox 1433 1308 1464 1335; x_wconf 87' lang='lat' dir='ltr'>C.</span> <span class='ocrx_word' id='word_1_835' title='bbox 1485 1308 1516 1335; x_wconf 88' lang='lat' dir='ltr'>V.</span> <span class='ocrx_word' id='word_1_836' title='bbox 1537 1311 1559 1335; x_wconf 88' lang='grc'>7.</span> <span class='ocrx_word' id='word_1_837' title='bbox 1581 1320 1602 1336; x_wconf 87' lang='grc'>8.</span> <span class='ocrx_word' id='word_1_838' title='bbox 1624 1312 1645 1335; x_wconf 95' lang='grc'>1.</span> <span class='ocrx_word' id='word_1_839' title='bbox 1666 1309 1698 1336; x_wconf 86' lang='grc'>(18</span> <span class='ocrx_word' id='word_1_840' title='bbox 1718 1312 1830 1348; x_wconf 77' lang='lat' dir='ltr'>exposit.</span> <span class='ocrx_word' id='word_1_841' title='bbox 1849 1310 1882 1337; x_wconf 90' lang='lat' dir='ltr'>V.</span> <span class='ocrx_word' id='word_1_842' title='bbox 1901 1312 1925 1338; x_wconf 89' lang='lat'>8.</span> 
     </span>
     <span class='ocr_line' id='line_1_91' title="bbox 1086 1351 1682 1388; baseline 0.002 -10"><span class='ocrx_word' id='word_1_843' title='bbox 1086 1362 1107 1378; x_wconf 93' lang='grc'>8.</span> <span class='ocrx_word' id='word_1_844' title='bbox 1128 1353 1151 1378; x_wconf 92' lang='lat'>1.</span> <span class='ocrx_word' id='word_1_845' title='bbox 1171 1351 1203 1378; x_wconf 83' lang='lat' dir='ltr'>de</span> <span class='ocrx_word' id='word_1_846' title='bbox 1222 1351 1246 1378; x_wconf 91' lang='lat' dir='ltr'>h.</span> <span class='ocrx_word' id='word_1_847' title='bbox 1267 1362 1310 1388; x_wconf 88' lang='lat' dir='ltr'>qu.</span> <span class='ocrx_word' id='word_1_848' title='bbox 1330 1351 1476 1387; x_wconf 78' lang='lat' dir='ltr'>sanguinol.</span> <span class='ocrx_word' id='word_1_849' title='bbox 1496 1351 1580 1379; x_wconf 87' lang='lat' dir='ltr'>Vatic.</span> <span class='ocrx_word' id='word_1_850' title='bbox 1600 1353 1621 1386; x_wconf 94' lang='lat'>5.</span> <span class='ocrx_word' id='word_1_851' title='bbox 1641 1354 1682 1379; x_wconf 76' lang='lat'>34.</span> 
     </span>
    </p>

    <p class='ocr_par' dir='ltr' id='par_1_15' title="bbox 1081 1395 1927 2800">
     <span class='ocr_line' id='line_1_92' title="bbox 1119 1395 1927 1431; baseline 0.004 -11"><span class='ocrx_word' id='word_1_852' title='bbox 1119 1395 1292 1428; x_wconf 68' lang='lat' dir='ltr'>Sangam.</span> <span class='ocrx_word' id='word_1_853' title='bbox 1331 1395 1361 1428; x_wconf 78' lang='lat'>§-</span> <span class='ocrx_word' id='word_1_854' title='bbox 1376 1396 1410 1421; x_wconf 88' lang='grc'>1.</span> <span class='ocrx_word' id='word_1_855' title='bbox 1431 1397 1554 1422; x_wconf 84' lang='lat' dir='ltr'>Humor</span> <span class='ocrx_word' id='word_1_856' title='bbox 1572 1406 1721 1422; x_wconf 79' lang='lat' dir='ltr'>venarum</span> <span class='ocrx_word' id='word_1_857' title='bbox 1741 1398 1773 1423; x_wconf 87' lang='lat' dir='ltr'>in</span> <span class='ocrx_word' id='word_1_858' title='bbox 1792 1406 1927 1431; x_wconf 83' lang='lat' dir='ltr'>corpore</span> 
     </span>
     <span class='ocr_line' id='line_1_93' title="bbox 1086 1436 1926 1473; baseline 0.001 -9"><span class='ocrx_word' id='word_1_859' title='bbox 1086 1439 1230 1464; x_wconf 82' lang='lat' dir='ltr'>animali.</span> <span class='ocrx_word' id='word_1_860' title='bbox 1267 1436 1309 1464; x_wconf 89' lang='lat' dir='ltr'><strong>III.</strong></span> <span class='ocrx_word' id='word_1_861' title='bbox 1329 1439 1395 1465; x_wconf 74' lang='lat' dir='ltr'>Gn.</span> <span class='ocrx_word' id='word_1_862' title='bbox 1417 1437 1470 1473; x_wconf 83' lang='lat' dir='ltr'>Qui</span> <span class='ocrx_word' id='word_1_863' title='bbox 1490 1438 1620 1465; x_wconf 87' lang='lat' dir='ltr'>hominem</span> <span class='ocrx_word' id='word_1_864' title='bbox 1640 1439 1841 1469; x_wconf 85' lang='lat' dir='ltr'>immolaverint.</span> <span class='ocrx_word' id='word_1_865' title='bbox 1862 1449 1926 1465; x_wconf 76' lang='lat' dir='ltr'>exve</span> 
     </span>
     <span class='ocr_line' id='line_1_94' title="bbox 1086 1480 1926 1516; baseline 0.002 -10"><span class='ocrx_word' id='word_1_866' title='bbox 1086 1481 1141 1506; x_wconf 86' lang='lat' dir='ltr'>eius</span> <span class='ocrx_word' id='word_1_867' title='bbox 1161 1481 1286 1516; x_wconf 77' lang='lat' dir='ltr'>sanguine</span> <span class='ocrx_word' id='word_1_868' title='bbox 1305 1480 1446 1507; x_wconf 81' lang='lat' dir='ltr'>litaverint.</span> <span class='ocrx_word' id='word_1_869' title='bbox 1466 1480 1538 1507; x_wconf 90' lang='lat' dir='ltr'>Paul.</span> <span class='ocrx_word' id='word_1_870' title='bbox 1559 1481 1590 1507; x_wconf 87' lang='lat' dir='ltr'>V.</span> <span class='ocrx_word' id='word_1_871' title='bbox 1609 1484 1651 1508; x_wconf 84' lang='grc'>23.</span> <span class='ocrx_word' id='word_1_872' title='bbox 1671 1482 1685 1515; x_wconf 97' lang='lat'>5</span> <span class='ocrx_word' id='word_1_873' title='bbox 1708 1484 1747 1508; x_wconf 88' lang='grc'>16.</span> <span class='ocrx_word' id='word_1_874' title='bbox 1784 1482 1834 1513; x_wconf 70' lang='lat' dir='ltr'>Ex.</span> <span class='ocrx_word' id='word_1_875' title='bbox 1853 1492 1877 1508; x_wconf 91' lang='lat' dir='ltr'>v.</span> <span class='ocrx_word' id='word_1_876' title='bbox 1894 1482 1926 1512; x_wconf 83' lang='grc' dir='ltr'>Α,</span> 
     </span>
     <span class='ocr_line' id='line_1_95' title="bbox 1085 1523 1925 1561; baseline 0.001 -12"><span class='ocrx_word' id='word_1_877' title='bbox 1085 1524 1210 1559; x_wconf 74' lang='lat' dir='ltr'>sanguine</span> <span class='ocrx_word' id='word_1_878' title='bbox 1235 1524 1361 1560; x_wconf 88' lang='lat' dir='ltr'>(puerum</span> <span class='ocrx_word' id='word_1_879' title='bbox 1386 1524 1562 1561; x_wconf 83' lang='lat' dir='ltr'>comparare.)</span> <span class='ocrx_word' id='word_1_880' title='bbox 1588 1523 1628 1550; x_wconf 88' lang='lat' dir='ltr'>Cf.</span> <span class='ocrx_word' id='word_1_881' title='bbox 1651 1534 1674 1550; x_wconf 91' lang='lat' dir='ltr'>v.</span> <span class='ocrx_word' id='word_1_882' title='bbox 1695 1524 1925 1560; x_wconf 76' lang='lat' dir='ltr'>Sanguinolentus.</span> 
     </span>
     <span class='ocr_line' id='line_1_96' title="bbox 1086 1566 1924 1603; baseline 0.001 -11"><span class='ocrx_word' id='word_1_883' title='bbox 1086 1582 1117 1585; x_wconf 98' lang='lat'><strong>—</strong></span> <span class='ocrx_word' id='word_1_884' title='bbox 1143 1566 1173 1598; x_wconf 62' lang='grc' dir='ltr'>ᾖ.</span> <span class='ocrx_word' id='word_1_885' title='bbox 1191 1567 1225 1593; x_wconf 73' lang='lat'>2.</span> <span class='ocrx_word' id='word_1_886' title='bbox 1251 1568 1415 1601; x_wconf 81' lang='lat' dir='ltr'>Cognatio</span> <span class='ocrx_word' id='word_1_887' title='bbox 1439 1569 1617 1593; x_wconf 81' lang='lat' dir='ltr'>naturalis.</span> <span class='ocrx_word' id='word_1_888' title='bbox 1660 1566 1678 1592; x_wconf 94' lang='grc' dir='ltr'>Ι.</span> <span class='ocrx_word' id='word_1_889' title='bbox 1701 1568 1762 1601; x_wconf 75' lang='lat' dir='ltr'>Sy.</span> <span class='ocrx_word' id='word_1_890' title='bbox 1788 1566 1924 1603; x_wconf 81' lang='lat' dir='ltr'>Cognatio.</span> 
     </span>
     <span class='ocr_line' id='line_1_97' title="bbox 1086 1607 1925 1645; baseline 0 -10"><span class='ocrx_word' id='word_1_891' title='bbox 1086 1608 1127 1635; x_wconf 86' lang='lat' dir='ltr'>Cf.</span> <span class='ocrx_word' id='word_1_892' title='bbox 1147 1607 1172 1634; x_wconf 88' lang='lat' dir='ltr'>h.</span> <span class='ocrx_word' id='word_1_893' title='bbox 1192 1618 1215 1634; x_wconf 81' lang='lat' dir='ltr'>v,</span> <span class='ocrx_word' id='word_1_894' title='bbox 1235 1609 1256 1642; x_wconf 92' lang='lat'>5.</span> <span class='ocrx_word' id='word_1_895' title='bbox 1276 1610 1299 1635; x_wconf 84' lang='lat'>2.</span> <span class='ocrx_word' id='word_1_896' title='bbox 1338 1608 1368 1634; x_wconf 91' lang='grc'>11.</span> <span class='ocrx_word' id='word_1_897' title='bbox 1389 1610 1456 1642; x_wconf 79' lang='lat'><strong>⁰11.</strong></span> <span class='ocrx_word' id='word_1_898' title='bbox 1476 1609 1615 1645; x_wconf 79' lang='lat' dir='ltr'>Adgnatio.</span> <span class='ocrx_word' id='word_1_899' title='bbox 1636 1609 1676 1636; x_wconf 85' lang='lat' dir='ltr'>Cf.</span> <span class='ocrx_word' id='word_1_900' title='bbox 1697 1610 1721 1635; x_wconf 92' lang='lat' dir='ltr'>h.</span> <span class='ocrx_word' id='word_1_901' title='bbox 1741 1620 1766 1636; x_wconf 88' lang='lat' dir='ltr'>v.</span> <span class='ocrx_word' id='word_1_902' title='bbox 1785 1609 1805 1642; x_wconf 89' lang='lat'>5</span> <span class='ocrx_word' id='word_1_903' title='bbox 1826 1611 1850 1639; x_wconf 78' lang='grc'>2,.</span> <span class='ocrx_word' id='word_1_904' title='bbox 1882 1609 1925 1635; x_wconf 83' lang='grc'><strong>111.</strong></span> 
     </span>
     <span class='ocr_line' id='line_1_98' title="bbox 1086 1650 1926 1688; baseline 0 -10"><span class='ocrx_word' id='word_1_905' title='bbox 1086 1653 1152 1680; x_wconf 75' lang='lat' dir='ltr'>Cn.</span> <span class='ocrx_word' id='word_1_906' title='bbox 1172 1650 1239 1677; x_wconf 91' lang='lat' dir='ltr'>Cum</span> <span class='ocrx_word' id='word_1_907' title='bbox 1259 1661 1290 1678; x_wconf 77' lang='lat' dir='ltr'>ex</span> <span class='ocrx_word' id='word_1_908' title='bbox 1309 1653 1439 1688; x_wconf 86' lang='lat' dir='ltr'>acquitate</span> <span class='ocrx_word' id='word_1_909' title='bbox 1456 1651 1520 1678; x_wconf 88' lang='lat' dir='ltr'>hacc</span> <span class='ocrx_word' id='word_1_910' title='bbox 1537 1662 1579 1679; x_wconf 88' lang='lat' dir='ltr'>res</span> <span class='ocrx_word' id='word_1_911' title='bbox 1597 1652 1748 1684; x_wconf 75' lang='lat' dir='ltr'>descendat,</span> <span class='ocrx_word' id='word_1_912' title='bbox 1768 1653 1926 1688; x_wconf 82' lang='lat' dir='ltr'>caritateque</span> 
     </span>
     <span class='ocr_line' id='line_1_99' title="bbox 1085 1693 1926 1731; baseline 0 -10"><span class='ocrx_word' id='word_1_913' title='bbox 1085 1695 1226 1730; x_wconf 75' lang='lat' dir='ltr'>sanguinis</span> <span class='ocrx_word' id='word_1_914' title='bbox 1252 1693 1281 1720; x_wconf 89' lang='lat' dir='ltr'>fr.</span> <span class='ocrx_word' id='word_1_915' title='bbox 1306 1696 1329 1720; x_wconf 88' lang='lat'>5.</span> <span class='ocrx_word' id='word_1_916' title='bbox 1353 1695 1375 1728; x_wconf 89' lang='lat'>5</span> <span class='ocrx_word' id='word_1_917' title='bbox 1399 1696 1423 1720; x_wconf 93' lang='lat'>2.</span> <span class='ocrx_word' id='word_1_918' title='bbox 1447 1694 1480 1720; x_wconf 83' lang='grc'>(18</span> <span class='ocrx_word' id='word_1_919' title='bbox 1504 1694 1578 1731; x_wconf 83' lang='lat' dir='ltr'>adgn.</span> <span class='ocrx_word' id='word_1_920' title='bbox 1604 1700 1629 1721; x_wconf 84' lang='lat' dir='ltr'>et</span> <span class='ocrx_word' id='word_1_921' title='bbox 1653 1695 1737 1722; x_wconf 84' lang='lat' dir='ltr'>alend.</span> <span class='ocrx_word' id='word_1_922' title='bbox 1762 1697 1802 1720; x_wconf 89' lang='lat'>25.</span> <span class='ocrx_word' id='word_1_923' title='bbox 1824 1696 1849 1721; x_wconf 88' lang='lat'>3.</span> <span class='ocrx_word' id='word_1_924' title='bbox 1886 1694 1926 1721; x_wconf 82' lang='lat' dir='ltr'>Ne</span> 
     </span>
     <span class='ocr_line' id='line_1_100' title="bbox 1085 1738 1924 1773; baseline 0 -10"><span class='ocrx_word' id='word_1_925' title='bbox 1085 1738 1157 1773; x_wconf 73' lang='lat' dir='ltr'>quis,</span> <span class='ocrx_word' id='word_1_926' title='bbox 1182 1738 1320 1763; x_wconf 85' lang='lat' dir='ltr'>occasione</span> <span class='ocrx_word' id='word_1_927' title='bbox 1343 1738 1420 1765; x_wconf 87' lang='lat' dir='ltr'>iuris.</span> <span class='ocrx_word' id='word_1_928' title='bbox 1444 1738 1577 1773; x_wconf 78' lang='lat' dir='ltr'>sanguinis</span> <span class='ocrx_word' id='word_1_929' title='bbox 1597 1740 1781 1765; x_wconf 78' lang='lat' dir='ltr'>necessitatem</span> <span class='ocrx_word' id='word_1_930' title='bbox 1800 1739 1924 1764; x_wconf 81' lang='lat' dir='ltr'>vinceret.</span> 
     </span>
     <span class='ocr_line' id='line_1_101' title="bbox 1085 1778 1925 1817; baseline 0.001 -12"><span class='ocrx_word' id='word_1_931' title='bbox 1085 1779 1155 1806; x_wconf 93' lang='lat' dir='ltr'><strong>Coll.</strong></span> <span class='ocrx_word' id='word_1_932' title='bbox 1175 1778 1226 1805; x_wconf 88' lang='lat' dir='ltr'>LL.</span> <span class='ocrx_word' id='word_1_933' title='bbox 1247 1778 1280 1805; x_wconf 81' lang='grc' dir='ltr'>Μ.</span> <span class='ocrx_word' id='word_1_934' title='bbox 1300 1779 1370 1806; x_wconf 76' lang='lat' dir='ltr'><strong>XVI.</strong></span> <span class='ocrx_word' id='word_1_935' title='bbox 1391 1781 1414 1805; x_wconf 88' lang='lat'>9.</span> <span class='ocrx_word' id='word_1_936' title='bbox 1453 1779 1553 1806; x_wconf 86' lang='lat' dir='ltr'>Omnes</span> <span class='ocrx_word' id='word_1_937' title='bbox 1578 1781 1693 1817; x_wconf 77' lang='lat' dir='ltr'>cognati,</span> <span class='ocrx_word' id='word_1_938' title='bbox 1720 1797 1751 1800; x_wconf 86' lang='lat'>-—</span> <span class='ocrx_word' id='word_1_939' title='bbox 1777 1790 1843 1817; x_wconf 89' lang='lat' dir='ltr'>quos</span> <span class='ocrx_word' id='word_1_940' title='bbox 1869 1790 1925 1806; x_wconf 85' lang='lat' dir='ltr'>san-</span> 
     </span>
     <span class='ocr_line' id='line_1_102' title="bbox 1083 1821 1924 1859; baseline 0 -11"><span class='ocrx_word' id='word_1_941' title='bbox 1083 1823 1169 1855; x_wconf 67' lang='lat' dir='ltr'>guinis</span> <span class='ocrx_word' id='word_1_942' title='bbox 1190 1823 1255 1848; x_wconf 86' lang='lat' dir='ltr'>ratio</span> <span class='ocrx_word' id='word_1_943' title='bbox 1272 1827 1348 1848; x_wconf 85' lang='lat' dir='ltr'>vocat</span> <span class='ocrx_word' id='word_1_944' title='bbox 1367 1821 1399 1848; x_wconf 86' lang='lat' dir='ltr'>ad</span> <span class='ocrx_word' id='word_1_945' title='bbox 1419 1822 1596 1849; x_wconf 84' lang='lat' dir='ltr'>hereditatem.</span> <span class='ocrx_word' id='word_1_946' title='bbox 1617 1823 1647 1850; x_wconf 85' lang='lat' dir='ltr'>fr.</span> <span class='ocrx_word' id='word_1_947' title='bbox 1661 1825 1685 1849; x_wconf 90' lang='grc'>2.</span> <span class='ocrx_word' id='word_1_948' title='bbox 1705 1823 1776 1850; x_wconf 85' lang='lat' dir='ltr'>unde</span> <span class='ocrx_word' id='word_1_949' title='bbox 1794 1833 1868 1859; x_wconf 79' lang='lat' dir='ltr'>cogn.</span> <span class='ocrx_word' id='word_1_950' title='bbox 1883 1824 1924 1849; x_wconf 75' lang='lat'>38.</span> 
     </span>
     <span class='ocr_line' id='line_1_103' title="bbox 1084 1864 1924 1898; baseline 0.001 -7"><span class='ocrx_word' id='word_1_951' title='bbox 1084 1866 1107 1891; x_wconf 78' lang='lat' dir='ltr'>S.</span> <span class='ocrx_word' id='word_1_952' title='bbox 1122 1865 1153 1891; x_wconf 90' lang='lat' dir='ltr'>cf.</span> <span class='ocrx_word' id='word_1_953' title='bbox 1174 1865 1204 1891; x_wconf 89' lang='lat' dir='ltr'>fr.</span> <span class='ocrx_word' id='word_1_954' title='bbox 1224 1867 1246 1890; x_wconf 87' lang='lat'>1.</span> <span class='ocrx_word' id='word_1_955' title='bbox 1267 1865 1288 1898; x_wconf 89' lang='lat'>5.</span> <span class='ocrx_word' id='word_1_956' title='bbox 1311 1867 1349 1891; x_wconf 83' lang='lat'>12.</span> <span class='ocrx_word' id='word_1_957' title='bbox 1371 1864 1402 1891; x_wconf 85' lang='lat' dir='ltr'>dc</span> <span class='ocrx_word' id='word_1_958' title='bbox 1422 1875 1491 1891; x_wconf 85' lang='lat' dir='ltr'>succ.</span> <span class='ocrx_word' id='word_1_959' title='bbox 1512 1865 1589 1892; x_wconf 80' lang='lat' dir='ltr'>edict.</span> <span class='ocrx_word' id='word_1_960' title='bbox 1608 1868 1649 1892; x_wconf 62' lang='lat'>35.</span> <span class='ocrx_word' id='word_1_961' title='bbox 1664 1868 1688 1892; x_wconf 88' lang='grc'>9.</span> <span class='ocrx_word' id='word_1_962' title='bbox 1709 1866 1738 1892; x_wconf 92' lang='lat' dir='ltr'>fr.</span> <span class='ocrx_word' id='word_1_963' title='bbox 1754 1867 1793 1892; x_wconf 85' lang='grc'>12.</span> <span class='ocrx_word' id='word_1_964' title='bbox 1814 1865 1924 1892; x_wconf 85' lang='lat' dir='ltr'>deman.</span> 
     </span>
     <span class='ocr_line' id='line_1_104' title="bbox 1084 1907 1926 1945; baseline 0.001 -11"><span class='ocrx_word' id='word_1_965' title='bbox 1084 1907 1154 1934; x_wconf 88' lang='lat' dir='ltr'>vind.</span> <span class='ocrx_word' id='word_1_966' title='bbox 1179 1909 1220 1934; x_wconf 87' lang='lat'>40.</span> <span class='ocrx_word' id='word_1_967' title='bbox 1240 1909 1263 1934; x_wconf 84' lang='lat'>2.</span> <span class='ocrx_word' id='word_1_968' title='bbox 1302 1907 1466 1934; x_wconf 85' lang='lat' dir='ltr'>Coniunctus</span> <span class='ocrx_word' id='word_1_969' title='bbox 1491 1909 1610 1944; x_wconf 85' lang='lat' dir='ltr'>sanguini</span> <span class='ocrx_word' id='word_1_970' title='bbox 1636 1907 1687 1942; x_wconf 83' lang='lat' dir='ltr'>[al.</span> <span class='ocrx_word' id='word_1_971' title='bbox 1712 1908 1857 1945; x_wconf 78' lang='lat' dir='ltr'>sanguine]</span> <span class='ocrx_word' id='word_1_972' title='bbox 1883 1909 1926 1935; x_wconf 85' lang='lat' dir='ltr'>de-</span> 
     </span>
     <span class='ocr_line' id='line_1_105' title="bbox 1084 1950 1925 1987; baseline 0 -9"><span class='ocrx_word' id='word_1_973' title='bbox 1084 1951 1174 1978; x_wconf 87' lang='lat' dir='ltr'>functi.</span> <span class='ocrx_word' id='word_1_974' title='bbox 1194 1950 1223 1977; x_wconf 89' lang='lat' dir='ltr'>fr.</span> <span class='ocrx_word' id='word_1_975' title='bbox 1243 1952 1267 1977; x_wconf 89' lang='lat'>9.</span> <span class='ocrx_word' id='word_1_976' title='bbox 1287 1951 1352 1984; x_wconf 88' lang='lat'><strong>5.1.</strong></span> <span class='ocrx_word' id='word_1_977' title='bbox 1372 1950 1441 1977; x_wconf 87' lang='lat' dir='ltr'>unde</span> <span class='ocrx_word' id='word_1_978' title='bbox 1460 1961 1533 1987; x_wconf 78' lang='lat' dir='ltr'>cogn.</span> <span class='ocrx_word' id='word_1_979' title='bbox 1553 1952 1594 1977; x_wconf 79' lang='grc'>38.</span> <span class='ocrx_word' id='word_1_980' title='bbox 1614 1952 1638 1978; x_wconf 74' lang='grc'>8.</span> <span class='ocrx_word' id='word_1_981' title='bbox 1676 1950 1804 1978; x_wconf 84' lang='lat' dir='ltr'>Turbatio</span> <span class='ocrx_word' id='word_1_982' title='bbox 1823 1953 1925 1987; x_wconf 84' lang='lat' dir='ltr'>sangui-</span> 
     </span>
     <span class='ocr_line' id='line_1_106' title="bbox 1084 1993 1925 2030; baseline 0.001 -10"><span class='ocrx_word' id='word_1_983' title='bbox 1084 1995 1133 2020; x_wconf 90' lang='lat' dir='ltr'>nis.</span> <span class='ocrx_word' id='word_1_984' title='bbox 1153 1993 1183 2020; x_wconf 86' lang='lat' dir='ltr'>fr.</span> <span class='ocrx_word' id='word_1_985' title='bbox 1199 1995 1237 2020; x_wconf 91' lang='lat'>11.</span> <span class='ocrx_word' id='word_1_986' title='bbox 1258 1994 1279 2027; x_wconf 90' lang='lat'>5.</span> <span class='ocrx_word' id='word_1_987' title='bbox 1296 1995 1317 2020; x_wconf 92' lang='lat' dir='ltr'>l.</span> <span class='ocrx_word' id='word_1_988' title='bbox 1338 1993 1370 2020; x_wconf 89' lang='grc'>(18</span> <span class='ocrx_word' id='word_1_989' title='bbox 1390 1993 1414 2020; x_wconf 87' lang='grc'>11.</span> <span class='ocrx_word' id='word_1_990' title='bbox 1435 2004 1477 2030; x_wconf 86' lang='lat' dir='ltr'>qu.</span> <span class='ocrx_word' id='word_1_991' title='bbox 1498 1998 1552 2020; x_wconf 86' lang='lat' dir='ltr'>not.</span> <span class='ocrx_word' id='word_1_992' title='bbox 1567 1994 1610 2020; x_wconf 86' lang='lat' dir='ltr'>inf.</span> <span class='ocrx_word' id='word_1_993' title='bbox 1630 1996 1654 2020; x_wconf 82' lang='lat'>3.</span> <span class='ocrx_word' id='word_1_994' title='bbox 1668 1996 1692 2020; x_wconf 83' lang='grc'>2.</span> <span class='ocrx_word' id='word_1_995' title='bbox 1729 1993 1841 2030; x_wconf 76' lang='lat' dir='ltr'>lllaligne</span> <span class='ocrx_word' id='word_1_996' title='bbox 1857 1996 1925 2021; x_wconf 81' lang='lat' dir='ltr'>circa</span> 
     </span>
     <span class='ocr_line' id='line_1_107' title="bbox 1084 2036 1923 2072; baseline 0 -9"><span class='ocrx_word' id='word_1_997' title='bbox 1084 2038 1234 2072; x_wconf 81' lang='lat' dir='ltr'>sanguinem</span> <span class='ocrx_word' id='word_1_998' title='bbox 1255 2046 1330 2063; x_wconf 86' lang='lat' dir='ltr'>suum</span> <span class='ocrx_word' id='word_1_999' title='bbox 1345 2036 1441 2063; x_wconf 81' lang='lat' dir='ltr'>inferre</span> <span class='ocrx_word' id='word_1_1000' title='bbox 1456 2037 1588 2064; x_wconf 86' lang='lat' dir='ltr'>iudicium.</span> <span class='ocrx_word' id='word_1_1001' title='bbox 1609 2037 1637 2063; x_wconf 84' lang='lat' dir='ltr'>fr.</span> <span class='ocrx_word' id='word_1_1002' title='bbox 1652 2039 1675 2063; x_wconf 69' lang='lat'>⁴.</span> <span class='ocrx_word' id='word_1_1003' title='bbox 1691 2036 1722 2063; x_wconf 84' lang='lat' dir='ltr'>de</span> <span class='ocrx_word' id='word_1_1004' title='bbox 1736 2038 1807 2063; x_wconf 84' lang='lat' dir='ltr'>inoff.</span> <span class='ocrx_word' id='word_1_1005' title='bbox 1822 2042 1923 2064; x_wconf 78' lang='lat' dir='ltr'>testam.</span> 
     </span>
     <span class='ocr_line' id='line_1_108' title="bbox 1083 2079 1922 2107; baseline 0 -1"><span class='ocrx_word' id='word_1_1006' title='bbox 1083 2082 1106 2106; x_wconf 86' lang='lat'>5.</span> <span class='ocrx_word' id='word_1_1007' title='bbox 1126 2082 1150 2106; x_wconf 86' lang='grc'>2.</span> <span class='ocrx_word' id='word_1_1008' title='bbox 1177 2079 1226 2106; x_wconf 89' lang='lat' dir='ltr'>Th.</span> <span class='ocrx_word' id='word_1_1009' title='bbox 1251 2079 1282 2106; x_wconf 85' lang='lat' dir='ltr'>C.</span> <span class='ocrx_word' id='word_1_1010' title='bbox 1303 2079 1371 2106; x_wconf 81' lang='lat' dir='ltr'><strong>VIII.</strong></span> <span class='ocrx_word' id='word_1_1011' title='bbox 1393 2081 1431 2106; x_wconf 85' lang='grc'>18.</span> <span class='ocrx_word' id='word_1_1012' title='bbox 1456 2090 1477 2106; x_wconf 86' lang='lat' dir='ltr'>c.</span> <span class='ocrx_word' id='word_1_1013' title='bbox 1497 2081 1520 2106; x_wconf 87' lang='lat'>3.</span> <span class='ocrx_word' id='word_1_1014' title='bbox 1547 2079 1579 2105; x_wconf 86' lang='grc'>(18</span> <span class='ocrx_word' id='word_1_1015' title='bbox 1602 2084 1708 2106; x_wconf 83' lang='lat' dir='ltr'>matern.</span> <span class='ocrx_word' id='word_1_1016' title='bbox 1733 2079 1793 2106; x_wconf 88' lang='lat' dir='ltr'>bon.</span> <span class='ocrx_word' id='word_1_1017' title='bbox 1817 2079 1862 2107; x_wconf 79' lang='lat' dir='ltr'>IX.</span> <span class='ocrx_word' id='word_1_1018' title='bbox 1881 2081 1922 2106; x_wconf 82' lang='lat'>38.</span> 
     </span>
     <span class='ocr_line' id='line_1_109' title="bbox 1084 2121 1923 2158; baseline 0 -10"><span class='ocrx_word' id='word_1_1019' title='bbox 1084 2133 1104 2149; x_wconf 93' lang='lat' dir='ltr'>c.</span> <span class='ocrx_word' id='word_1_1020' title='bbox 1119 2124 1142 2149; x_wconf 88' lang='lat'>6.</span> <span class='ocrx_word' id='word_1_1021' title='bbox 1163 2122 1196 2148; x_wconf 88' lang='lat' dir='ltr'>de</span> <span class='ocrx_word' id='word_1_1022' title='bbox 1214 2121 1312 2158; x_wconf 75' lang='lat' dir='ltr'>indulg.</span> <span class='ocrx_word' id='word_1_1023' title='bbox 1333 2123 1405 2149; x_wconf 86' lang='lat' dir='ltr'>crim.</span> <span class='ocrx_word' id='word_1_1024' title='bbox 1437 2122 1466 2148; x_wconf 88' lang='lat' dir='ltr'>Si</span> <span class='ocrx_word' id='word_1_1025' title='bbox 1485 2122 1585 2149; x_wconf 91' lang='lat' dir='ltr'>nullum</span> <span class='ocrx_word' id='word_1_1026' title='bbox 1604 2133 1635 2148; x_wconf 81' lang='lat' dir='ltr'>ex</span> <span class='ocrx_word' id='word_1_1027' title='bbox 1654 2122 1770 2158; x_wconf 84' lang='lat' dir='ltr'>qualibet</span> <span class='ocrx_word' id='word_1_1028' title='bbox 1790 2123 1923 2157; x_wconf 72' lang='lat' dir='ltr'>sanguinis</span> 
     </span>
     <span class='ocr_line' id='line_1_110' title="bbox 1083 2164 1924 2202; baseline -0.001 -10"><span class='ocrx_word' id='word_1_1029' title='bbox 1083 2165 1151 2192; x_wconf 88' lang='lat' dir='ltr'>linea</span> <span class='ocrx_word' id='word_1_1030' title='bbox 1170 2181 1202 2185; x_wconf 89' lang='lat'>—</span> <span class='ocrx_word' id='word_1_1031' title='bbox 1223 2165 1359 2201; x_wconf 85' lang='lat' dir='ltr'>reliquerit</span> <span class='ocrx_word' id='word_1_1032' title='bbox 1382 2164 1511 2191; x_wconf 82' lang='lat' dir='ltr'>heredem.</span> <span class='ocrx_word' id='word_1_1033' title='bbox 1538 2165 1574 2191; x_wconf 86' lang='grc' dir='ltr'><strong>ΙΙ).</strong></span> <span class='ocrx_word' id='word_1_1034' title='bbox 1601 2165 1633 2191; x_wconf 83' lang='lat' dir='ltr'>X.</span> <span class='ocrx_word' id='word_1_1035' title='bbox 1656 2167 1695 2191; x_wconf 87' lang='lat'>10.</span> <span class='ocrx_word' id='word_1_1036' title='bbox 1721 2175 1741 2191; x_wconf 93' lang='grc'>8.</span> <span class='ocrx_word' id='word_1_1037' title='bbox 1761 2166 1802 2191; x_wconf 91' lang='lat'>30.</span> <span class='ocrx_word' id='word_1_1038' title='bbox 1827 2175 1867 2202; x_wconf 89' lang='lat' dir='ltr'>pr.</span> <span class='ocrx_word' id='word_1_1039' title='bbox 1892 2165 1924 2191; x_wconf 91' lang='lat' dir='ltr'>de</span> 
     </span>
     <span class='ocr_line' id='line_1_111' title="bbox 1082 2207 1923 2246; baseline -0.001 -12"><span class='ocrx_word' id='word_1_1040' title='bbox 1082 2209 1155 2246; x_wconf 87' lang='lat' dir='ltr'>petit.</span> <span class='ocrx_word' id='word_1_1041' title='bbox 1177 2213 1202 2234; x_wconf 85' lang='lat' dir='ltr'>et</span> <span class='ocrx_word' id='word_1_1042' title='bbox 1221 2208 1291 2235; x_wconf 87' lang='lat' dir='ltr'>ultro</span> <span class='ocrx_word' id='word_1_1043' title='bbox 1311 2207 1362 2234; x_wconf 87' lang='lat' dir='ltr'>dat.</span> <span class='ocrx_word' id='word_1_1044' title='bbox 1400 2208 1428 2234; x_wconf 91' lang='lat' dir='ltr'>In</span> <span class='ocrx_word' id='word_1_1045' title='bbox 1448 2207 1558 2234; x_wconf 84' lang='lat' dir='ltr'>heredes</span> <span class='ocrx_word' id='word_1_1046' title='bbox 1576 2208 1700 2244; x_wconf 74' lang='lat' dir='ltr'>proprios</span> <span class='ocrx_word' id='word_1_1047' title='bbox 1720 2208 1776 2234; x_wconf 89' lang='lat' dir='ltr'>iure</span> <span class='ocrx_word' id='word_1_1048' title='bbox 1789 2208 1923 2244; x_wconf 79' lang='lat' dir='ltr'>sanguinis</span> 
     </span>
     <span class='ocr_line' id='line_1_112' title="bbox 1083 2249 1922 2278; baseline -0.001 -1"><span class='ocrx_word' id='word_1_1049' title='bbox 1083 2250 1275 2278; x_wconf 77' lang='lat' dir='ltr'>transfundere.</span> <span class='ocrx_word' id='word_1_1050' title='bbox 1306 2251 1343 2277; x_wconf 90' lang='lat' dir='ltr'>lb.</span> <span class='ocrx_word' id='word_1_1051' title='bbox 1367 2250 1437 2276; x_wconf 83' lang='lat' dir='ltr'><strong>XIV.</strong></span> <span class='ocrx_word' id='word_1_1052' title='bbox 1464 2252 1502 2276; x_wconf 92' lang='lat'>17.</span> <span class='ocrx_word' id='word_1_1053' title='bbox 1528 2260 1548 2276; x_wconf 93' lang='lat' dir='ltr'>c.</span> <span class='ocrx_word' id='word_1_1054' title='bbox 1575 2252 1615 2276; x_wconf 91' lang='grc'>10.</span> <span class='ocrx_word' id='word_1_1055' title='bbox 1641 2249 1674 2276; x_wconf 84' lang='grc'>(18</span> <span class='ocrx_word' id='word_1_1056' title='bbox 1697 2260 1791 2276; x_wconf 85' lang='lat' dir='ltr'>annon.</span> <span class='ocrx_word' id='word_1_1057' title='bbox 1818 2251 1866 2276; x_wconf 90' lang='lat' dir='ltr'>civ.</span> <span class='ocrx_word' id='word_1_1058' title='bbox 1890 2266 1922 2269; x_wconf 97' lang='lat'><strong>—</strong></span> 
     </span>
     <span class='ocr_line' id='line_1_113' title="bbox 1082 2291 1922 2329; baseline -0.004 -8"><span class='ocrx_word' id='word_1_1059' title='bbox 1082 2295 1113 2328; x_wconf 61' lang='grc' dir='ltr'>ἕ.</span> <span class='ocrx_word' id='word_1_1060' title='bbox 1131 2296 1216 2321; x_wconf 68' lang='grc' dir='ltr'><strong>2.Α.</strong></span> <span class='ocrx_word' id='word_1_1061' title='bbox 1237 2296 1357 2325; x_wconf 73' lang='lat' dir='ltr'>Genus,</span> <span class='ocrx_word' id='word_1_1062' title='bbox 1378 2295 1534 2320; x_wconf 83' lang='lat' dir='ltr'>Familia.</span> <span class='ocrx_word' id='word_1_1063' title='bbox 1571 2292 1590 2319; x_wconf 89' lang='grc'>1.</span> <span class='ocrx_word' id='word_1_1064' title='bbox 1607 2294 1671 2327; x_wconf 77' lang='lat' dir='ltr'>Sy.</span> <span class='ocrx_word' id='word_1_1065' title='bbox 1690 2292 1780 2329; x_wconf 80' lang='lat' dir='ltr'>Origo.</span> <span class='ocrx_word' id='word_1_1066' title='bbox 1801 2291 1841 2318; x_wconf 79' lang='lat' dir='ltr'>Cf.</span> <span class='ocrx_word' id='word_1_1067' title='bbox 1860 2292 1884 2318; x_wconf 85' lang='lat' dir='ltr'>h.</span> <span class='ocrx_word' id='word_1_1068' title='bbox 1898 2302 1922 2319; x_wconf 90' lang='lat' dir='ltr'>v.</span> 
     </span>
     <span class='ocr_line' id='line_1_114' title="bbox 1083 2334 1921 2371; baseline -0.004 -7"><span class='ocrx_word' id='word_1_1069' title='bbox 1083 2338 1104 2371; x_wconf 88' lang='lat'>5.</span> <span class='ocrx_word' id='word_1_1070' title='bbox 1124 2340 1148 2364; x_wconf 89' lang='lat'>2.</span> <span class='ocrx_word' id='word_1_1071' title='bbox 1169 2336 1267 2363; x_wconf 88' lang='lat' dir='ltr'>Genus.</span> <span class='ocrx_word' id='word_1_1072' title='bbox 1288 2335 1337 2362; x_wconf 92' lang='lat' dir='ltr'>Th.</span> <span class='ocrx_word' id='word_1_1073' title='bbox 1359 2335 1389 2361; x_wconf 92' lang='lat' dir='ltr'>C.</span> <span class='ocrx_word' id='word_1_1074' title='bbox 1409 2334 1440 2362; x_wconf 89' lang='lat' dir='ltr'>V.</span> <span class='ocrx_word' id='word_1_1075' title='bbox 1463 2337 1483 2362; x_wconf 93' lang='lat'>1.</span> <span class='ocrx_word' id='word_1_1076' title='bbox 1504 2346 1525 2362; x_wconf 89' lang='lat' dir='ltr'>c.</span> <span class='ocrx_word' id='word_1_1077' title='bbox 1546 2337 1568 2362; x_wconf 94' lang='lat'>7.</span> <span class='ocrx_word' id='word_1_1078' title='bbox 1589 2336 1650 2369; x_wconf 89' lang='lat'><strong>5.1.</strong></span> <span class='ocrx_word' id='word_1_1079' title='bbox 1670 2335 1703 2362; x_wconf 85' lang='lat' dir='ltr'>de</span> <span class='ocrx_word' id='word_1_1080' title='bbox 1721 2335 1792 2371; x_wconf 80' lang='lat' dir='ltr'>legit.</span> <span class='ocrx_word' id='word_1_1081' title='bbox 1812 2334 1921 2361; x_wconf 77' lang='lat' dir='ltr'>hei-edit.</span> 
     </span>
     <span class='ocr_line' id='line_1_115' title="bbox 1081 2378 1921 2414; baseline -0.004 -8"><span class='ocrx_word' id='word_1_1082' title='bbox 1081 2379 1124 2406; x_wconf 92' lang='lat' dir='ltr'><strong>III.</strong></span> <span class='ocrx_word' id='word_1_1083' title='bbox 1146 2380 1211 2407; x_wconf 42' lang='lat'><strong>0111.</strong></span> <span class='ocrx_word' id='word_1_1084' title='bbox 1231 2379 1285 2405; x_wconf 81' lang='lat' dir='ltr'>Aut</span> <span class='ocrx_word' id='word_1_1085' title='bbox 1304 2378 1507 2404; x_wconf 82' lang='lat' dir='ltr'>necessitudinis</span> <span class='ocrx_word' id='word_1_1086' title='bbox 1526 2378 1645 2409; x_wconf 75' lang='lat' dir='ltr'>foedere,</span> <span class='ocrx_word' id='word_1_1087' title='bbox 1673 2383 1716 2404; x_wconf 90' lang='lat' dir='ltr'>aut</span> <span class='ocrx_word' id='word_1_1088' title='bbox 1734 2388 1802 2404; x_wconf 83' lang='lat' dir='ltr'>nexu</span> <span class='ocrx_word' id='word_1_1089' title='bbox 1821 2378 1921 2414; x_wconf 80' lang='lat' dir='ltr'>sangui-</span> 
     </span>
     <span class='ocr_line' id='line_1_116' title="bbox 1082 2420 1922 2453; baseline -0.001 -5"><span class='ocrx_word' id='word_1_1090' title='bbox 1082 2424 1122 2448; x_wconf 87' lang='lat' dir='ltr'>nis</span> <span class='ocrx_word' id='word_1_1091' title='bbox 1142 2422 1226 2448; x_wconf 86' lang='lat' dir='ltr'>teneri</span> <span class='ocrx_word' id='word_1_1092' title='bbox 1246 2422 1299 2453; x_wconf 92' lang='lat' dir='ltr'>(sc.</span> <span class='ocrx_word' id='word_1_1093' title='bbox 1323 2422 1436 2453; x_wconf 86' lang='lat' dir='ltr'>curiae.)</span> <span class='ocrx_word' id='word_1_1094' title='bbox 1460 2421 1496 2447; x_wconf 85' lang='lat' dir='ltr'>lb.</span> <span class='ocrx_word' id='word_1_1095' title='bbox 1516 2421 1573 2447; x_wconf 78' lang='lat' dir='ltr'><strong>XII.</strong></span> <span class='ocrx_word' id='word_1_1096' title='bbox 1595 2423 1617 2447; x_wconf 93' lang='lat' dir='ltr'>l.</span> <span class='ocrx_word' id='word_1_1097' title='bbox 1643 2430 1663 2446; x_wconf 88' lang='grc'>8.</span> <span class='ocrx_word' id='word_1_1098' title='bbox 1685 2422 1741 2446; x_wconf 87' lang='grc'><strong>122.</strong></span> <span class='ocrx_word' id='word_1_1099' title='bbox 1766 2430 1787 2446; x_wconf 91' lang='lat' dir='ltr'>c.</span> <span class='ocrx_word' id='word_1_1100' title='bbox 1808 2421 1865 2446; x_wconf 74' lang='lat'><strong>134.</strong></span> <span class='ocrx_word' id='word_1_1101' title='bbox 1889 2420 1922 2447; x_wconf 81' lang='lat' dir='ltr'>de</span> 
     </span>
     <span class='ocr_line' id='line_1_117' title="bbox 1083 2461 1921 2498; baseline -0.004 -7"><span class='ocrx_word' id='word_1_1102' title='bbox 1083 2465 1215 2491; x_wconf 81' lang='lat' dir='ltr'>decurion.</span> <span class='ocrx_word' id='word_1_1103' title='bbox 1247 2463 1288 2490; x_wconf 79' lang='lat' dir='ltr'>Cf.</span> <span class='ocrx_word' id='word_1_1104' title='bbox 1312 2463 1345 2489; x_wconf 91' lang='lat' dir='ltr'>X.</span> <span class='ocrx_word' id='word_1_1105' title='bbox 1369 2465 1410 2490; x_wconf 88' lang='grc'>20.</span> <span class='ocrx_word' id='word_1_1106' title='bbox 1436 2474 1456 2490; x_wconf 93' lang='lat' dir='ltr'>c.</span> <span class='ocrx_word' id='word_1_1107' title='bbox 1483 2465 1522 2490; x_wconf 88' lang='lat'>16.</span> <span class='ocrx_word' id='word_1_1108' title='bbox 1549 2464 1581 2490; x_wconf 87' lang='lat' dir='ltr'>dc</span> <span class='ocrx_word' id='word_1_1109' title='bbox 1604 2462 1721 2498; x_wconf 80' lang='lat' dir='ltr'>murileg.</span> <span class='ocrx_word' id='word_1_1110' title='bbox 1758 2461 1921 2489; x_wconf 86' lang='lat' dir='ltr'>Praciudicio</span> 
     </span>
     <span class='ocr_line' id='line_1_118' title="bbox 1082 2504 1921 2543; baseline -0.001 -10"><span class='ocrx_word' id='word_1_1111' title='bbox 1082 2508 1216 2543; x_wconf 83' lang='lat' dir='ltr'>sanguinis</span> <span class='ocrx_word' id='word_1_1112' title='bbox 1240 2505 1376 2543; x_wconf 81' lang='lat' dir='ltr'>postulari.</span> <span class='ocrx_word' id='word_1_1113' title='bbox 1400 2506 1437 2532; x_wconf 91' lang='lat' dir='ltr'>lb.</span> <span class='ocrx_word' id='word_1_1114' title='bbox 1462 2506 1532 2533; x_wconf 85' lang='lat' dir='ltr'><strong>XVI.</strong></span> <span class='ocrx_word' id='word_1_1115' title='bbox 1551 2508 1575 2532; x_wconf 79' lang='lat'>2.</span> <span class='ocrx_word' id='word_1_1116' title='bbox 1601 2515 1622 2531; x_wconf 96' lang='grc'>8.</span> <span class='ocrx_word' id='word_1_1117' title='bbox 1644 2506 1682 2531; x_wconf 72' lang='grc'>19,</span> <span class='ocrx_word' id='word_1_1118' title='bbox 1706 2504 1738 2530; x_wconf 85' lang='lat' dir='ltr'>de</span> <span class='ocrx_word' id='word_1_1119' title='bbox 1758 2506 1838 2542; x_wconf 86' lang='lat' dir='ltr'>episc.</span> <span class='ocrx_word' id='word_1_1120' title='bbox 1857 2505 1921 2532; x_wconf 73' lang='lat' dir='ltr'>eccl.</span> 
     </span>
     <span class='ocr_line' id='line_1_119' title="bbox 1081 2547 1920 2587; baseline -0.002 -10"><span class='ocrx_word' id='word_1_1121' title='bbox 1081 2550 1192 2587; x_wconf 81' lang='lat' dir='ltr'>Hispani</span> <span class='ocrx_word' id='word_1_1122' title='bbox 1211 2550 1344 2585; x_wconf 70' lang='lat' dir='ltr'>sanguinis</span> <span class='ocrx_word' id='word_1_1123' title='bbox 1365 2550 1432 2586; x_wconf 86' lang='lat' dir='ltr'>equi.</span> <span class='ocrx_word' id='word_1_1124' title='bbox 1452 2549 1488 2575; x_wconf 91' lang='lat' dir='ltr'>lb.</span> <span class='ocrx_word' id='word_1_1125' title='bbox 1503 2547 1560 2574; x_wconf 80' lang='lat' dir='ltr'>XV.</span> <span class='ocrx_word' id='word_1_1126' title='bbox 1576 2550 1615 2574; x_wconf 91' lang='lat'>10.</span> <span class='ocrx_word' id='word_1_1127' title='bbox 1636 2557 1656 2573; x_wconf 88' lang='lat' dir='ltr'>c.</span> <span class='ocrx_word' id='word_1_1128' title='bbox 1673 2549 1694 2573; x_wconf 94' lang='grc'>1.</span> <span class='ocrx_word' id='word_1_1129' title='bbox 1716 2547 1748 2573; x_wconf 87' lang='lat' dir='ltr'>de</span> <span class='ocrx_word' id='word_1_1130' title='bbox 1761 2558 1819 2584; x_wconf 85' lang='lat' dir='ltr'>equ.</span> <span class='ocrx_word' id='word_1_1131' title='bbox 1839 2547 1920 2575; x_wconf 85' lang='lat' dir='ltr'>curul.</span> 
     </span>
     <span class='ocr_line' id='line_1_120' title="bbox 1083 2589 1920 2626; baseline -0.002 -8"><span class='ocrx_word' id='word_1_1132' title='bbox 1083 2610 1112 2614; x_wconf 94' lang='lat'>—</span> <span class='ocrx_word' id='word_1_1133' title='bbox 1139 2593 1170 2626; x_wconf 82' lang='lat'>§.</span> <span class='ocrx_word' id='word_1_1134' title='bbox 1193 2593 1230 2618; x_wconf 81' lang='lat'>3.</span> <span class='ocrx_word' id='word_1_1135' title='bbox 1257 2594 1376 2619; x_wconf 74' lang='lat' dir='ltr'>Mortis</span> <span class='ocrx_word' id='word_1_1136' title='bbox 1403 2602 1513 2626; x_wconf 83' lang='lat' dir='ltr'>poena.</span> <span class='ocrx_word' id='word_1_1137' title='bbox 1549 2590 1580 2617; x_wconf 88' lang='lat' dir='ltr'>II.</span> <span class='ocrx_word' id='word_1_1138' title='bbox 1606 2592 1674 2624; x_wconf 74' lang='grc' dir='ltr'>ΟΡ.</span> <span class='ocrx_word' id='word_1_1139' title='bbox 1698 2589 1862 2623; x_wconf 81' lang='lat' dir='ltr'>Facultates,</span> <span class='ocrx_word' id='word_1_1140' title='bbox 1888 2607 1920 2611; x_wconf 92' lang='lat'><strong>—</strong></span> 
     </span>
     <span class='ocr_line' id='line_1_121' title="bbox 1082 2632 1919 2672; baseline -0.001 -11"><span class='ocrx_word' id='word_1_1141' title='bbox 1082 2635 1239 2670; x_wconf 83' lang='lat' dir='ltr'>Sanguinem</span> <span class='ocrx_word' id='word_1_1142' title='bbox 1259 2635 1436 2672; x_wconf 72' lang='lat' dir='ltr'>(expetitura,</span> <span class='ocrx_word' id='word_1_1143' title='bbox 1463 2644 1498 2660; x_wconf 86' lang='lat' dir='ltr'>sc.</span> <span class='ocrx_word' id='word_1_1144' title='bbox 1523 2632 1741 2666; x_wconf 67' lang='lat' dir='ltr'>animadversio.)</span> <span class='ocrx_word' id='word_1_1145' title='bbox 1765 2633 1802 2660; x_wconf 90' lang='lat' dir='ltr'>lb.</span> <span class='ocrx_word' id='word_1_1146' title='bbox 1826 2634 1859 2661; x_wconf 90' lang='lat' dir='ltr'>X.</span> <span class='ocrx_word' id='word_1_1147' title='bbox 1881 2636 1919 2660; x_wconf 92' lang='lat'>10.</span> 
     </span>
     <span class='ocr_line' id='line_1_122' title="bbox 1082 2675 1920 2714; baseline -0.001 -10"><span class='ocrx_word' id='word_1_1148' title='bbox 1082 2689 1102 2704; x_wconf 89' lang='lat' dir='ltr'>c.</span> <span class='ocrx_word' id='word_1_1149' title='bbox 1116 2680 1157 2703; x_wconf 87' lang='grc'>20.</span> <span class='ocrx_word' id='word_1_1150' title='bbox 1178 2677 1210 2703; x_wconf 84' lang='lat' dir='ltr'>de</span> <span class='ocrx_word' id='word_1_1151' title='bbox 1229 2679 1302 2714; x_wconf 88' lang='lat' dir='ltr'>petit.</span> <span class='ocrx_word' id='word_1_1152' title='bbox 1323 2682 1348 2704; x_wconf 83' lang='lat' dir='ltr'>et</span> <span class='ocrx_word' id='word_1_1153' title='bbox 1368 2677 1436 2704; x_wconf 87' lang='lat' dir='ltr'>ultro</span> <span class='ocrx_word' id='word_1_1154' title='bbox 1457 2676 1507 2702; x_wconf 82' lang='lat' dir='ltr'>dat.</span> <span class='ocrx_word' id='word_1_1155' title='bbox 1544 2675 1663 2703; x_wconf 73' lang='lat' dir='ltr'><strong>HLCn.</strong></span> <span class='ocrx_word' id='word_1_1156' title='bbox 1683 2675 1712 2702; x_wconf 90' lang='lat' dir='ltr'>In</span> <span class='ocrx_word' id='word_1_1157' title='bbox 1728 2676 1850 2703; x_wconf 88' lang='lat' dir='ltr'>omnibus</span> <span class='ocrx_word' id='word_1_1158' title='bbox 1864 2687 1920 2703; x_wconf 82' lang='lat' dir='ltr'>cau-</span> 
     </span>
     <span class='ocr_line' id='line_1_123' title="bbox 1082 2718 1919 2757; baseline -0.002 -11"><span class='ocrx_word' id='word_1_1159' title='bbox 1082 2722 1131 2751; x_wconf 68' lang='lat' dir='ltr'>sis,</span> <span class='ocrx_word' id='word_1_1160' title='bbox 1156 2725 1338 2757; x_wconf 82' lang='lat' dir='ltr'>praeterquam</span> <span class='ocrx_word' id='word_1_1161' title='bbox 1357 2721 1383 2746; x_wconf 89' lang='lat' dir='ltr'>in</span> <span class='ocrx_word' id='word_1_1162' title='bbox 1403 2720 1527 2755; x_wconf 75' lang='lat' dir='ltr'>sanguine</span> <span class='ocrx_word' id='word_1_1163' title='bbox 1548 2718 1595 2751; x_wconf 88' lang='lat' dir='ltr'>[al.</span> <span class='ocrx_word' id='word_1_1164' title='bbox 1615 2719 1773 2755; x_wconf 70' lang='lat' dir='ltr'>sanguinis]</span> <span class='ocrx_word' id='word_1_1165' title='bbox 1794 2718 1824 2746; x_wconf 84' lang='lat' dir='ltr'>fr.</span> <span class='ocrx_word' id='word_1_1166' title='bbox 1845 2721 1866 2745; x_wconf 91' lang='lat'>7.</span> <span class='ocrx_word' id='word_1_1167' title='bbox 1887 2718 1919 2744; x_wconf 87' lang='lat' dir='ltr'>de</span> 
     </span>
     <span class='ocr_line' id='line_1_124' title="bbox 1081 2761 1918 2800; baseline -0.002 -11"><span class='ocrx_word' id='word_1_1168' title='bbox 1081 2773 1197 2800; x_wconf 85' lang='lat' dir='ltr'>praevar.</span> <span class='ocrx_word' id='word_1_1169' title='bbox 1222 2765 1262 2789; x_wconf 89' lang='lat'>47.</span> <span class='ocrx_word' id='word_1_1170' title='bbox 1290 2765 1329 2789; x_wconf 88' lang='lat'>15.</span> <span class='ocrx_word' id='word_1_1171' title='bbox 1368 2762 1421 2798; x_wconf 83' lang='lat' dir='ltr'>Qui</span> <span class='ocrx_word' id='word_1_1172' title='bbox 1445 2762 1597 2797; x_wconf 80' lang='lat' dir='ltr'>sanguinem</span> <span class='ocrx_word' id='word_1_1173' title='bbox 1620 2771 1696 2788; x_wconf 89' lang='lat' dir='ltr'>suum</span> <span class='ocrx_word' id='word_1_1174' title='bbox 1720 2778 1750 2782; x_wconf 84' lang='lat'>—-</span> <span class='ocrx_word' id='word_1_1175' title='bbox 1775 2761 1918 2788; x_wconf 82' lang='lat' dir='ltr'>redemtum</span> 
     </span>
    </p>
   </div>
   <div class='ocr_carea' id='block_1_8' title="bbox 1082 2802 1918 2874">
    <p class='ocr_par' dir='ltr' id='par_1_16' title="bbox 1082 2802 1918 2874">
     <span class='ocr_line' id='line_1_125' title="bbox 1082 2802 1918 2840; baseline -0.002 -8"><span class='ocrx_word' id='word_1_1176' title='bbox 1082 2805 1174 2832; x_wconf 81' lang='lat' dir='ltr'>voluit.</span> <span class='ocrx_word' id='word_1_1177' title='bbox 1199 2805 1229 2832; x_wconf 80' lang='lat' dir='ltr'>fr.</span> <span class='ocrx_word' id='word_1_1178' title='bbox 1251 2807 1272 2832; x_wconf 95' lang='lat' dir='ltr'>l.</span> <span class='ocrx_word' id='word_1_1179' title='bbox 1297 2805 1329 2832; x_wconf 88' lang='lat' dir='ltr'>de</span> <span class='ocrx_word' id='word_1_1180' title='bbox 1351 2806 1410 2832; x_wconf 92' lang='lat' dir='ltr'>bon.</span> <span class='ocrx_word' id='word_1_1181' title='bbox 1426 2806 1484 2831; x_wconf 76' lang='lat' dir='ltr'>¹eor.</span> <span class='ocrx_word' id='word_1_1182' title='bbox 1505 2814 1547 2840; x_wconf 91' lang='lat' dir='ltr'>qu.</span> <span class='ocrx_word' id='word_1_1183' title='bbox 1567 2808 1628 2831; x_wconf 86' lang='lat' dir='ltr'>ante</span> <span class='ocrx_word' id='word_1_1184' title='bbox 1646 2809 1712 2832; x_wconf 87' lang='lat' dir='ltr'>sent.</span> <span class='ocrx_word' id='word_1_1185' title='bbox 1732 2805 1773 2831; x_wconf 83' lang='lat'>48.</span> <span class='ocrx_word' id='word_1_1186' title='bbox 1792 2805 1832 2830; x_wconf 82' lang='lat'>21.</span> <span class='ocrx_word' id='word_1_1187' title='bbox 1871 2802 1918 2830; x_wconf 83' lang='lat' dir='ltr'>Ca·</span> 
     </span>
     <span class='ocr_line' id='line_1_126' title="bbox 1401 2848 1474 2874; baseline 0.014 -1"><span class='ocrx_word' id='word_1_1188' title='bbox 1401 2848 1474 2874; x_wconf 62' lang='lat'>108*</span> 
     </span>
    </p>
   </div>
  </div>
 </body>
</html>
