2197 3121
929 161 1012 192 CAL
1039 179 1077 184 —
1102 161 1205 193 CAM.

202 249 338 287 pecuniam
352 248 485 284 accepisse
498 245 606 272 dicetur.
627 245 656 271 fr.
672 246 694 270 1.
708 254 747 281 pr.
768 243 800 270 cf.
814 244 836 277 3.
852 244 874 269 l.
888 242 920 269 dc
932 242 1042 269 calumn.

201 294 226 318 3.
246 292 269 317 6.
312 290 417 317 Actoris
444 299 548 326 quoque
573 287 699 314 calumnia
725 290 873 313 coi⁵rcetur.
897 285 975 312 modo
1004 296 1043 311 ca-

202 334 315 360 lumniae
339 333 448 363 iudicio.
478 331 556 358 modo
581 331 726 361 contrario,
755 328 833 355 modo
862 328 1042 356 iureiurando.

202 376 280 403 modo
300 375 509 413 restipulatione.
543 373 599 399 Gai.
619 372 663 399 lv.
685 374 742 398 174.
762 382 821 408 sqq.
851 371 883 397 cf.
905 373 961 398 163.
986 374 1042 398 179.

203 421 260 445 181.
282 420 339 444 186.
377 417 452 453 Quae
471 416 570 443 aboleri
590 420 648 441 ante
669 416 830 442 censuimus,
851 415 926 440 novis
949 414 1043 441 calum-

202 463 303 488 niarum
322 461 437 487 fascibus
457 460 525 493 (ne)
545 457 719 489 inardescant,
740 462 787 483 etc.
817 456 866 483 Th.
882 456 912 483 C.
926 457 983 483 XII.
1002 459 1041 483 ll.

203 514 224 530 0.
238 507 262 530 2.
283 504 314 530 de
334 508 413 530 curat.
434 501 563 529 calendar.
584 500 615 527 cf.
635 501 667 527 X.
690 503 728 527 10.
749 510 770 526 c.
784 501 825 526 29.
839 499 861 533 3.
875 501 899 526 3.
920 499 1041 536 delictit.

203 552 229 573 et
248 546 317 573 ultro
339 546 390 573 dat.

239 588 486 616 Calumniari.
501 587 531 621 ξ.
544 589 578 613 l.
598 588 760 613 Invidiam
778 587 943 621 conflare,
962 586 1043 611 Insi-

202 634 273 658 dias
293 639 426 658 struere.
446 630 488 656 III.
503 627 567 657 (Ἦ.
587 629 647 655 'Non
661 633 783 665 oportere
796 629 836 654 ius
857 628 934 654 civile
948 627 1043 654 calum-

202 676 280 701 niari.
298 685 383 711 neque
401 673 480 699 verba
502 673 599 709 captari
619 677 667 698 etc.
688 671 718 698 l'r.
739 673 779 697 19.
800 671 832 697 ad
851 670 938 697 exhib.
960 673 999 696 10.
1018 672 1042 696 4.

203 718 256 753 Qui
276 717 303 744 id
323 717 493 743 calumniatur
512 720 537 741 et
557 714 692 752 reprobat.
717 714 788 750 quod
807 713 839 740 ad
858 713 1042 750 compendium

202 803 235 830 de
250 807 396 839 susceptor.
428 802 552 839 Princeps
567 817 599 820 -
611 810 659 837 per
671 799 803 836 legitimos
818 800 934 825 tramites
949 798 1043 825 calum-

202 847 328 872 niantium
341 846 492 881 iniquitates
506 844 650 881 expellens.
664 843 783 869 Prooem.
795 842 813 868 I.
824 843 850 868 in
862 852 901 879 pr.
916 858 948 861 —
963 842 992 874 §-
1007 843 1042 868 2.
1064 843 1065 868 i

202 891 304 916 Falsa
323 890 465 919 iudicia,
484 889 531 913 rel
549 888 704 918 crimina,
723 887 897 912 intendere.
922 884 1042 912 Π1.(ἠ.
1064 910 1066 916 ,

1064 923 1066 939 ”
1088 929 1153 963 3.1.
1178 929 1210 955 de
1229 929 1296 955 usus.
1317 931 1340 955 7.
1363 931 1383 955 l.

201 932 393 958 Accusatorum
413 931 544 956 temeritas
569 929 652 955 tribus
677 927 762 954 modis
786 927 928 963 detegitur.
948 944 980 947 ——
1001 933 1041 953 aut

202 975 270 1000 enim
291 973 487 1000 calumniantur.
508 977 551 998 aut
570 972 790 1008 praevaricantur.
810 976 854 997 autv
873 972 1044 1006 tergiversan—

201 1104 242 1128 43.
263 1104 304 1128 29.
342 1101 524 1127 Calumniator
544 1102 578 1127 ita
599 1099 702 1126 demum
721 1104 838 1127 notatur,
864 1100 887 1125 si
907 1099 984 1125 suerit
1003 1110 1043 1125 ca-

202 1145 314 1171 lumniae
328 1154 405 1170 causa
425 1144 575 1174 damnatus3
594 1153 679 1179 neque
697 1143 765 1168 enim
778 1142 885 1171 suflicit,
906 1142 1043 1168 calumnia—

200 1193 263 1214 tum.
292 1187 322 1214 fr.
342 1188 366 1213 4.
386 1187 407 1220 3.
428 1188 451 1212 4.
477 1186 510 1213 de
528 1187 554 1213 11.
575 1196 617 1223 qu.
639 1190 691 1212 not.
712 1185 798 1211 iufam.
818 1187 842 1212 3.
861 1187 886 1211 2.
916 1185 947 1211 01.
968 1185 998 1211 fr.
1020 1186 1041 1211 1.

201 1231 238 1265 33.
258 1233 282 1257 3.
303 1240 341 1266 sq.
368 1229 401 1256 ad
420 1229 447 1255 S.
468 1229 499 1255 C.
520 1229 602 1266 Turp.
621 1232 662 1255 45.
685 1229 725 1254 16.
746 1239 767 1255 c.
787 1230 811 1255 3.
837 1228 870 1254 de
889 1228 998 1254 calumu.
1018 1230 1042 1254 9.

200 1275 241 1300 46,
280 1272 309 1300 Si
328 1278 413 1299 tamen
439 1272 490 1298 alio
515 1273 622 1298 crimine
646 1271 797 1308 postuletur
816 1271 847 1297 ab
868 1271 972 1303 eodem,
998 1272 1043 1307 qui

200 1317 227 1343 in
246 1316 297 1342 alio
318 1317 425 1342 crimine
445 1325 502 1341 eum
522 1314 694 1342 calumniatus
714 1319 762 1341 est.
787 1313 817 1340 fr.
833 1316 856 1340 7.
872 1314 893 1347 3.
907 1316 931 1340 3.
952 1313 984 1340 de
1003 1324 1044 1340 ae-

201 1364 282 1386 cusat.
302 1361 343 1385 48.
362 1361 386 1385 2,

236 1401 510 1430 Calumniator.
540 1401 830 1428 calumniatrix.
857 1402 933 1434 Qui,
953 1410 1044 1434 quae-

200 1456 246 1478 ve,
672 1444 713 1470 111.
735 1445 800 1472 οη.
837 1443 866 1470 Si
885 1459 917 1462 —
938 1444 973 1475 is,
999 1443 1043 1479 qui

201 1489 407 1515 controversiam
427 1488 496 1519 facit,
516 1487 636 1519 humilis.
657 1486 837 1517 calumniator,
857 1491 934 1512 uotae
954 1487 1043 1522 nequi-

200 1533 259 1558 tiae.
289 1530 318 1557 fr.
338 1533 362 1557 3.
383 1531 404 1564 3.
424 1533 448 1556 4.
474 1530 506 1556 de
526 1530 600 1556 liber.
621 1530 708 1556 exhib.
728 1531 769 1556 43.
789 1531 830 1556 30.
870 1529 937 1556 Cum
957 1539 1042 1565 neque

200 1575 227 1600 111
251 1573 367 1601 delictis.
391 1583 476 1609 neque
501 1574 527 1599 111
551 1572 784 1598 calunmiatoribus
808 1571 960 1598 Praetorem
985 1582 1042 1598 sue-

201 1627 305 1643 currere
326 1621 448 1653 oportere
468 1617 532 1642 certi
552 1617 615 1642 iuris
636 1617 677 1641 sit.
712 1615 741 1641 sr.
761 1617 802 1642 37.
827 1616 894 1649 3.1.
922 1615 955 1641 (10
980 1616 1040 1641 min.

201 1662 225 1686 4.
245 1662 269 1686 4,

202 1702 233 1729 fr.
249 1705 271 1729 l.
285 1703 306 1736 3.
321 1705 344 1728 2.
365 1702 397 1728 ad
416 1701 443 1728 S.
464 1701 494 1728 C.
515 1701 597 1739 Turp.
617 1704 658 1728 48.
674 1703 714 1727 16.
742 1701 772 1727 cf.
793 1701 864 1727 Paul.
880 1700 910 1727 V.
926 1703 949 1727 4.
964 1702 985 1735 3.
1002 1703 1041 1727 ll.

202 1745 231 1771 Si
250 1745 385 1771 manifesta
405 1746 440 1770 sit
458 1744 648 1771 calumniatrix.
668 1744 699 1771 fr.
715 1746 737 1770 1.
757 1745 834 1778 3.14.
855 1744 888 1771 de
907 1750 998 1771 ventre
1016 1745 1042 1770 in

201 1798 274 1825 poss.
293 1789 335 1814 37.
355 1789 378 1813 9.

238 1830 489 1857 Calumniose.
518 1829 631 1863 (Advb.)
660 1831 914 1856 Fraudulenter.
946 1829 964 1855 1.
979 1831 1042 1864 Sy.

202 1872 252 1898 Per
271 1872 431 1898 calumniam.
460 1872 490 1898 fr.
510 1874 551 1898 43.
572 1872 604 1898 (1(-
623 1871 711 1898 lit-red.
731 1877 784 1909 pet.
804 1874 827 1898 5.
847 1874 871 1898 3.
892 1872 922 1898 fr.
935 1873 960 1898 3.
980 1872 1001 1905 3.
1019 1874 1041 1898 l.

202 1920 230 1941 ut
249 1916 274 1941 in
293 1925 366 1952 poss
389 1915 464 1951 legat.
484 1917 525 1942 36.
546 1917 569 1941 4.
589 1915 619 1941 fr.
636 1917 658 1941 l.
678 1915 700 1948 3.
714 1917 737 1941 9.
753 1914 782 1941 sr.
797 1916 820 1941 8.
841 1925 880 1952 pr.
900 1915 932 1941 de
951 1915 1041 1952 stipul.

202 1957 286 1984 Praet.
307 1960 348 1984 46.
369 1961 393 1984 5.

238 2000 511 2028 calumniosus.
532 2000 649 2033 (Subsi.)
677 2003 917 2027 Calumniator.
946 2001 964 2027 Ι,
980 2002 1041 2035 Sy.

202 2043 255 2078 Qui
283 2044 369 2069 sciens
397 2043 567 2080 prudensque
596 2054 642 2080 per
666 2043 782 2070 fraudem
806 2045 940 2080 negotium
965 2044 1041 2070 alicui

201 2091 343 2123 comparat.
380 2086 451 2112 Paul.
472 2086 489 2113 I.
509 2089 532 2113 5.
554 2086 635 2120 33.1.
656 2096 695 2123 sq.
717 2086 747 2113 fr.
766 2089 790 2113 3.
811 2087 843 2113 ad
863 2087 890 2113 S.
912 2087 942 2113 C.
958 2086 1041 2124 Turp.

201 2130 242 2155 48.
264 2130 303 2155 16.

239 2172 512 2199 Calumniosus.
538 2171 666 2205 (Adit-ct.)
705 2174 933 2205 calumnians,
954 2174 1042 2200 Com-

203 2216 380 2241 mentitius.
423 2214 465 2241 111,
491 2216 556 2242 Cn.
587 2214 666 2251 Apud
691 2215 802 2241 eundem
827 2215 939 2242 iudicem
967 2226 1042 2252 agen-

204 2256 265 2282 (111111
283 2262 330 2289 est,
350 2273 382 2276 —
403 2267 434 2283 ne
453 2258 479 2283 111
498 2262 629 2294 potestate
649 2257 809 2284 calumniosa
829 2258 971 2284 adversarii
991 2260 1041 2285 mei

204 2299 247 2330 sit,
267 2309 298 2325 an
317 2305 365 2326 etc.
395 2299 424 2326 fr.
447 2302 486 2326 11.
507 2301 571 2334 3.1.
597 2300 629 2327 (10
649 2301 740 2327 iurisd.
765 2304 788 2327 2.
811 2303 832 2327 l.
871 2300 1040 2328 Calumniosa

204 2346 244 2367 est
263 2342 331 2368 enim
349 2342 392 2368 illa
413 2342 555 2370 subnotatio.
575 2354 654 2380 posse
668 2349 716 2370 etc.
737 2344 767 2370 fr.
781 2346 822 2370 82.
838 2344 859 2377 3.
873 2346 897 2370 2.
920 2344 1040 2380 delegat.

203 2384 233 2410 11.
259 2386 334 2416 (31.)
376 2385 570 2412 calumniosam
594 2387 736 2413 inofliciosi
764 2388 892 2413 actionem
915 2387 1041 2414 adversus

203 2428 300 2453 iustum
320 2427 442 2454 iudicium
466 2431 600 2455 testatoris
624 2431 769 2456 instituere.
802 2441 823 2456 c.
844 2432 884 2457 12.
914 2430 946 2457 de
969 2431 1040 2457 inoff.

204 2474 304 2496 testam.
324 2472 403 2495 1525.
441 2470 512 2497 Neve
532 2471 683 2499 defensores
704 2483 793 2499 eorum
813 2472 980 2499 calumniosis
995 2475 1042 2500 cri-

204 2513 317 2539 minibus
346 2513 506 2540 insectentur
534 2515 696 2542 innocentes.
728 2516 759 2542 fr.
786 2518 809 2542 6.
837 2517 858 2550 3.
882 2518 906 2542 2.
936 2516 968 2542 de
997 2517 1040 2542 off.

204 2555 292 2581 Praes.
314 2557 335 2581 l.
356 2557 395 2581 15.

239 2598 387 2625 Calvor·
425 2600 591 2627 Frustror.
629 2601 646 2627 1.
667 2603 728 2636 Sy.
762 2601 791 2627 Si
809 2606 926 2627 moretur
945 2606 970 2628 et
990 2602 1042 2628 sru-

204 2645 308 2666 stretur.
346 2640 375 2666 Si
395 2641 512 2673 calvitur.
533 2643 670 2678 (pedemve
690 2645 788 2677 struit).
820 2644 850 2670 fr.
870 2646 929 2671 233.
949 2655 988 2682 pr.
1009 2645 1041 2671 de

206 2683 236 2709 V.
256 2684 283 2709 S.
304 2685 344 2709 50.
366 2685 405 2710 16.
430 2683 471 2710 Fr.
492 2684 520 2710 L.
541 2685 596 2712 ΧΠ.
617 2686 699 2713 Tabb.
720 2686 738 2712 1.
757 2689 782 2713 2.

275 1446 438 1472 calumnia
448 1455 472 1470 m
499 1451 634 1471 exercet.

310 1659 551 1686 Calumniatoribus
576 1669 660 1695 poena
684 1658 741 1694 lege
762 1658 880 1684 Remmia
905 1659 1041 1694 irrogatur.
1063 1665 1065 1671 ¹

240 2727 343 2753 salx.
381 2727 411 2759 §-
437 2728 469 2753 1.
501 2730 565 2754 Ima
588 2738 665 2762 pars
686 2731 788 2763 pedis.
826 2729 868 2756 III.
890 2731 954 2757 (711.
987 2730 1039 2766 Qui
1061 2751 1062 2755 .

205 2768 353 2801 adseverat,
378 2768 546 2795 homicidium
570 2780 598 2796 se
622 2780 673 2797 11011
690 2771 825 2799 voluntate
844 2773 891 2799 sed
910 2783 971 2799 casu
991 2774 1040 2799 for-

204 2813 270 2837 tuito
290 2812 396 2843 secisse,
422 2822 480 2838 cum
505 2812 583 2839 calcis
609 2814 661 2839 ictu
685 2816 776 2842 mortis
801 2817 903 2842 occasio
923 2816 1039 2852 praebita

1063 246 1066 253 ¹
1087 243 1216 270 videatur.

1869 162 1883 191 l
1889 164 1930 192 09

1255 243 1324 270 (¹011.
1349 243 1402 271 LL.
1427 243 1459 271 M.
1484 243 1502 269 I.
1530 245 1569 269 10.
1607 242 1635 269 Si
1666 253 1747 279 equus
1772 242 1927 269 calcitrosus

1088 286 1158 312 calce
1177 288 1346 323 percusserit.
1374 287 1403 313 fr.
1425 289 1447 313 l.
1467 287 1489 320 3
1510 288 1533 312 4.
1554 287 1576 312 si
1596 285 1686 322 quadr.
1706 287 1729 312 9.
1752 287 1773 311 1.
1794 301 1826 304 —
1845 286 1876 319 §-
1891 287 1927 311 2.

1091 330 1262 355 Terminus
1290 336 1465 361 extremus,
1489 331 1622 356 Exitus.
1660 328 1701 355 111.
1724 330 1789 356 (7η.
1821 328 1874 363 Qui
1894 344 1925 347 ——

1088 371 1239 408 inculpatim
1259 371 1290 397 ad
1310 371 1407 398 calcem
1426 373 1616 408 terminumque
1630 372 1737 398 militiae
1750 372 1925 408 pervenerint.

1088 414 1137 441 Th.
1163 415 1193 441 C.
1213 414 1256 441 Vl.
1281 416 1323 441 30.
1349 425 1370 441 0.
1390 417 1430 441 20.
1456 415 1488 441 de
1507 415 1617 441 Palatin.
1642 414 1669 441 S.
1694 414 1772 450 largg.
1811 413 1839 440 Si
1860 415 1926 439 intra

1063 461 1065 472 '¹
1087 457 1214 494 praedicti
1231 459 1358 494 temporis
1378 457 1474 484 calcem
1500 459 1555 484 suis
1579 458 1697 495 partibus
1722 457 1857 483 adfuisset.
1889 455 1925 482 lb.

1086 501 1143 527 XII.
1165 503 1187 527 1.
1208 511 1229 527 c.
1249 502 1289 526 64.
1310 500 1343 526 de
1363 500 1496 526 decurion.

1123 544 1226 571 calx.
1246 545 1348 578 Lapis
1367 550 1535 574 excoctu-³,
1554 545 1847 579 ad·nedifieior11111
1868 552 1926 568 ma-

1087 589 1202 613 teriam
1223 593 1325 620 aptus.
1364 586 1405 612 111.
1421 588 1487 613 Cn.
1506 586 1549 612 Ins
1570 586 1648 612 calcis
1669 585 1828 622 coquendae.
1848 590 1873 611 et
1892 584 1926 610 la-

1087 629 1156 666 pidis
1177 629 1320 657 eximendi.
1345 633 1371 655 et
1396 639 1488 655 arenae
1513 628 1663 658 fodiendae,
1688 627 1844 655 aedificandi
1870 629 1926 653 eius

1087 673 1180 708 gratia.
1200 672 1272 708 quod
1290 673 1316 698 in
1336 671 1417 698 fundo
1437 677 1485 698 est.
1519 671 1549 698 fr.
1569 673 1592 697 6.
1613 672 1634 705 3.
1656 674 1677 698 1.
1710 671 1741 698 cf.
1766 671 1796 697 fr.
1818 673 1840 696 l.
1861 671 1925 704 3.1.

1064 712 1065 718 ¹
1087 715 1117 742 fr.
1137 717 1160 741 5.
1181 715 1202 748 3.
1225 718 1245 742 l.
1266 715 1298 741 (le
1318 714 1344 741 S.
1365 714 1392 741 P.
1412 714 1443 741 R.
1464 716 1487 741 8.
1507 716 1531 740 3.
1552 714 1582 740 fr.
1606 717 1644 740 12..
1664 725 1703 751 pr.
1724 715 1756 741 (1(Δ
1776 713 1843 740 usus.
1864 715 1886 739 7.
1904 715 1926 739 1.

202 760 329 797 simplicis
344 759 530 785 satisfactionis
545 759 678 784 inventum
689 762 736 783 est.
757 756 806 783 Th.
819 756 849 783 C.
860 756 917 782 XII.
929 759 952 782 6.
965 767 986 782 0.
1002 758 1041 782 12.
1064 769 1065 781 ι

1088 758 1213 794 Tegulam
1231 769 1349 794 quoque.
1375 763 1400 784 et
1423 757 1550 795 lapidem,
1575 763 1597 783 et
1619 762 1725 784 testam.
1750 774 1781 777 —
1807 757 1857 783 hoc
1876 766 1926 782 aln-

1088 801 1157 838 plius
1178 806 1201 827 et
1222 801 1327 833 calcem,
1348 806 1373 827 et.
1392 811 1504 829 arenam.
1526 801 1654 836 tignorum
1674 800 1848 837 adpellatione
1868 809 1927 825 cou-

1088 844 1172 870 tineri.
1192 843 1222 870 fr.
1244 845 1265 870 1.
1286 845 1307 878 3.
1330 846 1351 870 l.
1377 844 1408 870 de
1428 845 1499 880 tigno
1519 844 1599 870 1111101.
1623 845 1664 869 47.
1683 844 1707 869 3.
1746 842 1774 869 Si
1793 842 1927 868 librarium

1088 897 1131 913 rus
1152 888 1249 913 mittat.
1270 891 1293 912 et
1315 886 1419 922 qualum
1439 891 1465 912 et
1484 886 1581 912 calcem
1600 891 1705 923 portare
1724 890 1806 922 cogat.
1836 885 1864 911 fr.
1886 887 1925 911 15.

1422 929 1502 965 Quod
1522 929 1692 955 comburendi
1713 939 1789 955 causa
1809 933 1927 965 paratum

1064 992 1065 1014 ζ
1088 977 1140 1003 est,
1160 989 1192 992 —
1212 973 1269 998 sive
1287 972 1319 999 ad
1339 972 1448 1000 calcem.
1474 972 1517 998 vel
1542 972 1572 998 ad
1597 972 1673 998 aliam
1691 982 1745 998 rem
1765 970 1926 1008 coquendam

201 1022 251 1043 tur.
272 1017 301 1043 fr.
323 1019 344 1043 1.
364 1025 403 1052 pr.
424 1015 455 1041 cf.
476 1015 541 1049 3.1.
562 1014 594 1040 ad
614 1014 641 1040 S.
662 1013 693 1040 C.
714 1013 816 1051 Turpil.
839 1015 880 1040 48.
903 1015 942 1039 16.
981 1013 1043 1039 Col-

202 1059 305 1091 ludere,
324 1058 366 1085 vel
386 1058 546 1084 calumniari.
567 1056 597 1083 fr.
611 1057 671 1090 3.3.
689 1058 727 1082 10.
749 1056 781 1083 de
800 1056 845 1082 lib.
866 1056 934 1082 110111.
955 1056 1042 1082 exhib.
1064 1062 1065 1066 ¹

1087 1015 1190 1042 solebat
1210 1016 1255 1041 uti.
1276 1014 1306 1041 fr.
1325 1017 1366 1041 55.
1387 1015 1408 1048 3.
1428 1017 1454 1041 3.
1473 1015 1504 1041 (1(-
1523 1015 1599 1051 legat.
1620 1015 1661 1041 111.
1683 1015 1749 1047 (32.)
1786 1014 1827 1041 Ex
1847 1014 1928 1040 omni-

1088 1059 1136 1085 bus
1156 1058 1285 1096 111-(10(11157
1309 1069 1374 1095 qnae
1394 1060 1443 1084 iam
1464 1057 1562 1084 (1111111111
1582 1058 1752 1094 praestationi
1772 1057 1850 1083 calcis
1871 1067 1927 1083 coe-

1086 1107 1182 1139 perunt
1201 1101 1315 1128 obnoxia
1340 1102 1463 1133 adtineri,
1489 1101 1639 1127 coctoribns
1664 1100 1742 1126 calcis
1767 1110 1814 1136 per
1839 1104 1926 1125 ternas

1086 1145 1166 1171 vehes
1186 1144 1303 1179 singulae
1322 1144 1462 1181 amphora·-
1475 1145 1528 1170 vini
1543 1144 1723 1181 praebeantur.
1749 1142 1798 1169 Τ11.
1814 1142 1844 1169 C.
1856 1141 1926 1168 XIV.

1087 1190 1110 1214 6.
1131 1199 1152 1214 c.
1174 1190 1196 1214 l.
1217 1188 1248 1214 cf.
1269 1198 1290 1213 c.
1309 1190 1333 1214 2,
1354 1198 1393 1224 sq.
1415 1198 1435 1214 c.
1456 1190 1479 1214 5.
1501 1187 1532 1213 de
1552 1187 1614 1213 calc.
1635 1191 1732 1212 coctor.

1123 1231 1371 1258 (amelarius.
1409 1232 1472 1257 Cui
1496 1233 1691 1257 camelorum
1718 1231 1927 1263 publicorum

1087 1284 1165 1301 cura
1190 1276 1358 1300 commissa
1381 1280 1434 1300 ese.
1482 1273 1524 1299 III.
1550 1274 1615 1300 (711.
1647 1272 1759 1298 Ratione
1786 1271 1873 1297 habita
1902 1275 1927 1296 et.

1088 1316 1270 1343 alimentorum
1299 1322 1324 1342 etv
1347 1316 1518 1348 camelormn,
1547 1321 1616 1342 certa
1642 1316 1752 1352 pecunia
1781 1313 1926 1340 camelariis

1088 1360 1143 1387 (lari
1162 1359 1253 1391 (lebet,
1278 1365 1305 1385 ut
1325 1359 1382 1385 solo
1403 1360 1522 1396 corporis
1542 1360 1688 1385 ministerio
1708 1357 1866 1394 obligentur.
1897 1355 1926 1382 fr.

1090 1404 1128 1429 18.
1148 1404 1231 1437 311.
1252 1402 1285 1429 de
1303 1413 1372 1428 muu.
1393 1408 1418 1428 et
1436 1402 1496 1429 hon.
1517 1404 1558 1428 50.
1579 1403 1602 1428 4.

1124 1446 1350 1474 Caluehlsia.
1389 1447 1589 1472 Camelormn
1619 1446 1845 1480 praefectura.
1884 1442 1926 1468 111.

1088 1491 1153 1517 (7η.
1182 1488 1333 1515 l'ersoualia
1353 1488 1439 1514 civilia
1458 1493 1519 1514 sunt
1532 1498 1650 1514 munera:
1671 1487 1789 1513 defensio
1805 1486 1927 1517 civitatis,

1087 1532 1224 1558 camelasia
1245 1537 1293 1558 etc..
1318 1531 1349 1558 fr.
1371 1533 1392 1557 1.
1413 1531 1435 1565 3.
1455 1534 1479 1557 2.
1500 1531 1531 1557 fr.
1553 1532 1592 1557 18.
1613 1531 1695 1564 3.11.
1716 1529 1732 1556 l.
1753 1529 1769 1556 l.
1789 1531 1830 1556 50.
1850 1530 1873 1555 4.

1123 1575 1310 1602 Camelus.
1337 1576 1526 1601 Bestiarum
1545 1576 1674 1608 species.
1699 1572 1741 1599 III.
1757 1573 1822 1600 Cn.
1835 1571 1926 1607 Longe

1086 1619 1167 1653 magis
1187 1617 1287 1644 bestiae
1305 1618 1331 1643 iu
1352 1628 1381 1644 eo
1401 1618 1454 1650 (sc.
1475 1616 1622 1654 pecudum)
1647 1626 1755 1642 numero
1779 1625 1832 1641 non
1857 1619 1926 1643 sunt.

1086 1661 1168 1687 veluti
1189 1662 1255 1693 ursi,
1280 1660 1384 1692 leones,
1409 1660 1563 1697 pantherae:
1589 1660 1719 1697 elephanti
1739 1663 1824 1684 autem
1844 1662 1869 1683 et
1888 1667 1927 1682 ea-

1086 1704 1147 1730 meli
1174 1705 1249 1740 quasi
1277 1704 1352 1729 mixti
1381 1708 1456 1733 suut,
1485 1714 1543 1729 nam
1571 1708 1596 1729 et
1623 1704 1797 1728 iumentorum
1821 1709 1927 1737 operam

1086 1751 1234 1783 praestant,
1263 1751 1289 1772 et
1316 1751 1407 1772 natura
1433 1756 1522 1772 eorum
1547 1746 1599 1772 fera
1626 1750 1674 1771 est.
1703 1744 1733 1770 fr.
1752 1746 1777 1770 2.
1803 1743 1825 1777 3.
1844 1744 1868 1768 2.
1894 1741 1925 1768 ad

1086 1789 1115 1815 L.
1137 1789 1205 1825 Aqu.
1225 1790 1248 1815 9.
1268 1791 1292 1815 2,
1313 1789 1344 1815 cf.
1365 1789 1422 1815 Gai.
1442 1788 1472 1815 11.
1494 1790 1532 1814 16.
1558 1787 1618 1825 Ylp.
1639 1787 1710 1814 XIX.
1732 1789 1754 1813 l.
1868 1782 1872 1783 ⁷

1123 1833 1296 1859 salucra.
1323 1835 1449 1858 Tecrum
1468 1833 1501 1857 in
1519 1833 1716 1857 curvitatem
1730 1831 1925 1865 formatum.

1086 1874 1128 1900 111.
1144 1876 1209 1902 Cn.
1234 1874 1308 1900 quta
1327 1884 1489 1900 communem
1507 1874 1633 1910 parietem
1650 1882 1777 1899 cameram
1790 1882 1822 1899 ex
1835 1871 1925 1907 figlino

1087 1927 1166 1954 opere
1186 1916 1291 1949 factam,
1316 1918 1338 1943 si
1358 1918 1392 1943 ita
1412 1918 1553 1943 retineatur
1573 1921 1621 1942 etc.
1650 1916 1680 1942 fr.
1701 1917 1741 1942 19.
1761 1916 1826 1949 3.1.
1847 1913 1879 1941 de
1898 1913 1924 1940 S.

1086 1959 1114 1985 P.
1135 1958 1166 1985 V.
1186 1962 1210 1985 8.
1229 1961 1253 1986 2.

1121 2002 1357 2029 Can-neratus.
1395 2002 1437 2029 Cf.
1457 2013 1480 2029 v.
1501 2002 1623 2029 Aet-atus.

1122 2045 1344 2078 Campania.
1383 2048 1508 2073 Italiae
1532 2046 1712 2082 inferioris
1736 2045 1826 2079 regio
1844 2044 1926 2080 seli-

1086 2090 1228 2115 eissima.
1276 2088 1318 2114 111.
1343 2090 1408 2116 Cn.
1441 2089 1483 2115 De
1506 2089 1600 2114 vicinis
1625 2088 1782 2125 provinciis.
1812 2087 1827 2112 i.
1848 2097 1868 2113 c.
1893 2085 1925 2112 de

1086 2130 1212 2158 Lucania.
1233 2147 1265 2150 —
1286 2130 1405 2158 Samnio.
1425 2147 1457 2150 —
1478 2131 1627 2168 Campania.
1662 2130 1729 2157 Nov.
1755 2130 1857 2156 Valent.
1883 2128 1924 2155 III.

1087 2173 1118 2199 de
1138 2184 1205 2199 suar.
1225 2173 1255 2200 11,
1275 2175 1316 2200 36.
1337 2185 1358 2200 c.
1374 2176 1395 2200 l.
1409 2175 1430 2208 3.
1447 2176 1468 2200 l.
1489 2174 1520 2201 cf.
1541 2173 1590 2200 Th.
1612 2173 1642 2200 C.
1663 2173 1707 2199 XI.
1727 2175 1769 2199 28.
1790 2184 1811 2199 0.
1833 2175 1872 2198 12.
1892 2171 1925 2197 de

1086 2216 1183 2252 iudulg.
1198 2216 1309 2243 debitor.
1339 2217 1489 2254 Campania.
1506 2216 1610 2247 Tuscia.
1630 2216 1762 2248 Picenum,
1782 2215 1923 2245 Samnium⁷

1085 2259 1181 2296 Apulia
1201 2265 1249 2286 etc.
1282 2260 1318 2286 11).
1338 2260 1355 2286 1.
1376 2260 1392 2286 l.
1414 2271 1434 2286 c.
1456 2262 1478 2286 7.
1516 2260 1671 2286 Consularis
1691 2258 1855 2296 Campaniae.
1886 2257 1922 2283 lb.

1086 2302 1152 2328 VIII.
1173 2304 1196 2329 5.
1217 2312 1238 2329 c.
1257 2304 1299 2329 24.
1320 2303 1352 2329 (Ie
1371 2313 1449 2329 cursu
1468 2303 1530 2340 pub.
1550 2303 1594 2329 IX.
1615 2305 1655 2328 40.
1676 2313 1697 2329 c.
1718 2304 1757 2328 12.
1778 2301 1809 2327 de
1828 2309 1905 2337 poen.

1122 2346 1348 2378 campanus.
1393 2348 1440 2372 Ad
1470 2348 1694 2380 Campaniam,
1725 2347 1770 2371 rel
1797 2345 1837 2369 ad
1863 2344 1923 2369 Ca-

1082 2398 1177 2422 puam
1198 2390 1381 2420 civitatem,
1404 2391 1580 2423 pertinens.
1617 2388 1658 2414 111.
1679 2389 1743 2414 (1η.
1768 2386 1922 2422 Municipes⁷

1086 2447 1117 2450 —
1138 2441 1199 2457 suae
1219 2432 1346 2467 cuiusque
1360 2432 1473 2458 civitatis
1494 2433 1572 2463 cives⁷
1593 2435 1683 2468 utputa
1698 2429 1853 2465 C-nnpanos.
1874 2427 1923 2455 Pu-

1086 2473 1214 2500 teolanos
1245 2474 1273 2500 fr.
1290 2476 1311 2500 1.
1326 2475 1347 2508 3.
1364 2476 1386 2501 l.
1407 2475 1437 2501 cs.
1452 2476 1472 2509 3.
1486 2477 1510 2501 2.
1531 2474 1563 2500 ad
1582 2474 1703 2509 municip.
1723 2473 1764 2497 50.
1787 2473 1808 2497 l.
1836 2471 1922 2498 Decu-

1086 2518 1175 2543 riones
1187 2516 1322 2553 Campani.
1342 2517 1372 2544 fr.
1393 2520 1433 2544 50.
1454 2517 1486 2544 de
1506 2522 1587 2543 contr.
1609 2520 1666 2541 enit.
1692 2514 1731 2540 18.
1753 2516 1775 2540 l.
1813 2514 1922 2552 Campa-

1086 2569 1178 2585 norum
1197 2559 1320 2596 populus.
1353 2559 1402 2587 Th.
1423 2560 1453 2587 C.
1473 2560 1531 2586 XV.
1553 2562 1591 2585 10.
1617 2569 1637 2584 c.
1658 2559 1682 2583 2.
1703 2557 1735 2583 de
1754 2567 1811 2593 equ.
1837 2558 1919 2584 curul.

1085 2601 1146 2628 Vini
1169 2602 1295 2639 Campani
1315 2604 1406 2640 optimi
1426 2603 1564 2640 amphorae
1579 2601 1609 2627 C.
1633 2599 1663 2626 fr.
1684 2601 1724 2626 74.
1744 2599 1774 2626 fr.
1795 2602 1835 2627 75.
1855 2602 1876 2635 3.
1896 2603 1919 2627 2.

1086 2644 1117 2670 de
1136 2643 1168 2670 V.
1189 2644 1222 2671 Ο.
1242 2647 1282 2672 45.
1303 2648 1326 2672 l.

1122 2688 1296 2721 Campus.
1333 2690 1508 2715 Planities.
1550 2685 1591 2712 III.
1617 2687 1682 2714 Cn.
1713 2685 1797 2714 Vsum
1820 2687 1919 2715 balnei.

1084 2730 1126 2756 vel
1145 2732 1271 2767 porticus.
1291 2731 1332 2758 vel
1347 2732 1438 2767 campi.
1458 2729 1662 2765 uniuscuiusque
1681 2730 1707 2755 in
1726 2730 1839 2757 solidum
1853 2740 1919 2756 esse.

1084 2773 1114 2799 fr.
1134 2776 1158 2799 5.
1179 2774 1261 2807 §.15.
1282 2774 1407 2800 commod.
1430 2774 1468 2797 13.
1489 2773 1512 2797 6.
1537 2771 1567 2798 fr.
1581 2774 1604 2798 2.
1623 2773 1643 2806 3.
1658 2774 1681 2799 9.
1701 2783 1733 2799 ne
1753 2783 1794 2809 qu.
1815 2774 1840 2799 in
1861 2772 1918 2798 loco

1084 2816 1145 2853 pub.
1166 2818 1207 2843 43.
1228 2818 1250 2842 S.
1276 2816 1403 2852 Campum
1416 2815 1542 2841 Martium.
1563 2820 1604 2841 aut
1618 2815 1702 2842 forum
1715 2825 1857 2842 romanum.
1877 2814 1917 2840 vel
