2197 3121
273 189 335 220 264

275 271 398 298 Demersi
423 271 465 303 (in
485 269 616 302 Tiberim,
641 279 678 296 sc.
698 268 826 306 lapides).
857 267 888 296 fr.
909 269 949 295 13.
968 278 1008 306 pr.
1034 267 1067 295 de
1085 268 1117 295 A.

276 313 307 341 R.
328 314 361 340 Ι).
382 316 422 340 41.
446 315 466 339 ι.
1139 299 1142 339 1

310 357 544 384 Demetator.
582 354 624 382 Cs.
643 365 668 381 v.
688 353 850 382 Temerator.
1139 333 1141 382 1

311 399 520 427 nemen-la.
561 400 715 426 Mulieris
734 408 848 425 nomen.
886 397 929 424 111.
950 397 1016 425 Cn.
1041 396 1071 424 Si
1091 401 1119 424 tu
1140 388 1141 435 1

276 442 435 470 Demetriae.
455 451 513 468 cum
533 452 588 467 eam
608 442 634 467 in
653 441 819 467 matrimonio
839 440 966 472 haberes,
991 456 1023 460 --
1048 450 1119 467 cura·
1140 446 1141 469 1

278 491 320 512 tor
339 486 498 511 constitutus
519 494 555 510 eS.
587 494 607 510 e.
628 486 652 510 4.
673 483 706 510 de
726 494 814 511 exous.
835 489 914 510 tutor.
934 485 958 510 5.
978 484 1020 509 62.

311 528 548 561 ”emigrata
586 527 617 560 §-
635 529 669 554 1.
700 528 863 561 Migrare,
883 528 986 553 Abire.
1024 525 1043 552 1.
1058 526 1143 565 Sy

276 570 436 599 Discedere.
465 570 549 597 Elabi.
584 569 634 596 Th.
655 569 686 596 C.
706 569 763 596 XII.
791 571 811 596 1.
837 580 858 595 c.
881 571 938 596 171.
963 579 984 596 e.
1004 571 1063 595 175.
1087 568 1142 595 de¹

277 613 411 640 decurion.
444 627 476 632 —
508 614 540 646 §-
566 614 601 640 2.
634 614 808 644 Transire,
839 613 983 648 Deferri.
1019 611 1037 638 I.
1058 613 1119 646 Sy.

277 656 436 683 Transl'erri.
470 667 491 683 c.
511 658 535 682 4.
560 655 593 682 de
616 657 672 682 iure
697 656 763 682 fisci.
791 656 830 681 10.
852 657 875 682 l.
912 654 955 681 111.
979 656 1046 682 Cn.
1078 654 1119 685 Hi.
1141 678 1142 683 ,

277 699 320 725 vel
345 699 376 725 ad
402 709 513 736 quorum
537 700 592 725 iura
622 698 736 725 terrulae.
766 697 976 734 demigraverim.
1014 697 1064 724 Th.

277 742 336 769 XV.
359 744 381 768 1.
402 752 423 769 c.
443 744 485 769 51.
506 741 539 768 de
559 752 620 779 opp.
640 741 702 778 pub.
741 741 816 776 Quae
836 743 886 774 (se.
907 741 1076 778 patrimonia)
1095 741 1121 766 in
1142 738 1144 763 1

278 791 461 812 extraneorum
481 784 595 811 dominia
616 784 805 820 demigrarunt.
830 785 856 810 in
881 785 1002 820 corporis
1021 784 1062 810 sui
1081 784 1122 810 ius

277 830 520 866 proprietatemque
544 832 667 854 remeent.
700 826 736 853 lb.
756 826 826 853 XIII.
846 828 870 853 6.
891 837 912 853 c.
931 828 956 853 2.
981 826 1015 853 de
1032 826 1145 864 praedm.

278 871 390 898 navicul.

313 914 559 942 ”eminuereh
602 913 633 946 ξ.
658 914 693 940 l·
728 913 886 940 Minorem
905 914 1036 949 facere,
1061 914 1122 939 De-

278 960 408 989 ducere,
436 958 637 984 Imminuere.
680 955 697 981 1.
723 957 784 990 Sy.
813 955 944 987 minuere.
969 955 1123 982 Imminuere

279 1000 402 1034 (dotem).
423 999 453 1026 1ι·.
467 1001 491 1025 5.
506 1009 544 1036 pr.
565 998 598 1025 de
611 1000 722 1036 impens.
737 1000 762 1025 iu
777 1008 819 1025 res
834 998 888 1025 dot.
907 1001 949 1025 25.
961 1001 984 1025 l.
1012 998 1042 1025 ll.
1056 1000 1122 1033 Op.

279 1042 414 1070 Excedere
434 1042 528 1075 (tinem
547 1042 652 1079 pretii).
683 1041 713 1068 1ι·.
733 1042 774 1067 66.
794 1042 815 1075 3.
835 1043 860 1068 3.
887 1041 919 1068 de
939 1043 1016 1068 evict.
1036 1043 1078 1068 21.
1097 1044 1123 1068 2.

278 1086 340 1113 Non
359 1085 452 1112 solida.
472 1084 520 1111 sed
539 1084 672 1111 deminuta
691 1085 717 1110 in
737 1083 872 1110 dimidium
893 1084 1011 1121 (legata).
1030 1085 1061 1111 fr.
1080 1086 1123 1111 20,

279 1130 301 1164 3.
321 1132 345 1155 2.
366 1128 398 1155 de
418 1128 447 1154 B.
469 1127 497 1154 P.
518 1137 539 1153 c.
560 1132 577 1153 t.
597 1129 639 1153 37.
659 1128 683 1153 4,
721 1126 763 1153 Ill.
785 1128 850 1154 Cn.
879 1126 974 1155 Solidi.
995 1138 1062 1164 quos
1082 1138 1125 1154 ex-

280 1171 385 1199 cidunt.
405 1176 449 1197 aut
468 1170 636 1199 deminuunt.
661 1174 705 1196 aut
724 1186 756 1189 —
776 1169 915 1196 adrodunt.
945 1169 994 1196 Th.
1015 1170 1047 1197 C.
1066 1170 1123 1197 XII.

280 1218 304 1242 7.
331 1226 352 1241 c.
371 1217 396 1241 2.
421 1214 453 1240 de
476 1213 645 1250 ponderator.
688 1212 727 1239 Ne
751 1217 953 1245 consumantur,
978 1218 1022 1239 aut
1046 1213 1125 1240 demi-

279 1263 394 1285 nuantur
413 1257 529 1293 (negotia
548 1255 718 1293 pupillorum,
739 1266 751 1281 a
772 1256 926 1289 tutoribus).
956 1256 1013 1283 Gai.
1032 1256 1052 1283 1.
1067 1258 1124 1283 199.

281 1301 377 1339 Capite
401 1300 524 1327 deminui.
558 1299 599 1326 Ct'.
618 1309 643 1325 v.
664 1298 758 1335 Caput.
788 1299 826 1333 33
845 1301 869 1326 5.
894 1309 934 1335 sq.
977 1298 1057 1336 Spem
1083 1298 1126 1325 de·
1147 1293 1148 1296 ¹

280 1345 406 1371 minuere.
427 1342 457 1370 sr.
473 1344 512 1368 l7.
533 1343 554 1376 3.
568 1344 592 1368 3.
613 1342 645 1368 de
663 1341 750 1379 adopt.
771 1343 794 1368 l.
810 1343 832 1368 7.
871 1341 939 1368 Cum
958 1341 990 1368 ad
1009 1341 1125 1368 osticium

281 1389 338 1414 eius
359 1387 408 1420 (sc.
428 1385 574 1419 Praetoris)
593 1386 737 1423 pertineat,
764 1384 824 1411 lites
845 1384 1004 1411 deminuere.
1032 1384 1064 1411 1ι·.
1083 1386 1125 1411 21.

281 1430 315 1458 de
333 1429 364 1456 R.
385 1429 416 1456 C.
442 1430 481 1455 l2.
504 1431 525 1455 l.
563 1444 596 1448 —-
633 1429 663 1461 §-
684 1429 719 1454 2.
753 1430 926 1460 Eximere,
959 1429 1124 1454 Alienare.

281 1473 300 1500 1.
321 1474 382 1507 Sy.
415 1472 540 1499 Minuere.
574 1471 604 1498 fr.
624 1473 648 1497 5.
668 1471 690 1504 3.
710 1472 734 1497 3.
762 1470 794 1497 de
819 1470 898 1497 Carb.
919 1470 996 1497 edict.
1021 1472 1063 1497 37.
1085 1472 1125 1497 10.

281 1517 397 1552 Erogare
415 1515 460 1548 (de
480 1514 578 1546 bonis).
599 1513 629 1540 fr.
648 1516 672 1540 5.
692 1514 770 1548 3.16.
790 1513 823 1540 de
842 1513 903 1540 don.
923 1514 969 1540 int.
990 1512 1022 1539 V.
1042 1515 1084 1540 24.
1102 1515 1125 1540 1.

282 1559 413 1586 Alienare..
437 1557 467 1584 fr.
483 1559 505 1584 l.
526 1558 548 1591 3.
562 1558 586 1583 6.
607 1557 628 1582 si
649 1567 692 1593 qu.
712 1557 738 1583 in
758 1556 788 1583 1ι·.
808 1561 876 1593 patr.
894 1558 936 1582 37.
951 1559 975 1583 5.
1011 1556 1043 1582 Π,
1059 1558 1126 1590 ΟΡ.

282 1601 457 1639 Locupletare
477 1600 706 1636 (patrimonium).
731 1599 761 1626 fr.
782 1602 806 1626 6.
826 1609 866 1636 pr.
886 1599 908 1632 3.
927 1601 951 1625 2.
976 1599 1029 1634 Qu.
1049 1600 1074 1625 in
1095 1599 1125 1625 fr.
1147 1593 1148 1601 ¹

283 1645 352 1672 cred.
376 1646 418 1670 42,
439 1644 463 1669 8.
505 1641 662 1678 Adquirere.
690 1641 722 1668 fr.
741 1642 766 1668 6.
789 1642 812 1675 3.
831 1644 855 1668 2.
875 1641 893 1667 l.
917 1643 959 1667 42.
979 1641 1149 1668 8.1ι·.2·2.“

282 1688 316 1715 de
339 1686 419 1714 solut.
442 1687 485 1712 46,
503 1687 528 1711 3.
558 1684 588 1711 tr.
609 1686 667 1711 134,
687 1695 727 1721 pr.
753 1684 785 1711 de
804 1684 835 1710 R.
855 1683 874 1711 I.
898 1686 940 1710 50.
966 1686 1006 1711 17.

283 1731 416 1758 deminuta
436 1733 504 1755 sunt.
524 1743 557 1747 —-
577 1727 657 1763 Quid
671 1729 810 1764 supererit
840 1726 870 1753 sr.
883 1729 914 1753 2.
928 1727 950 1761 3.
963 1729 988 1753 2.
1009 1727 1041 1754 de
1055 1738 1126 1754 usur.

282 1776 324 1801 22.
340 1772 438 1800 l.111.
454 1773 519 1799 Cn.
539 1770 612 1797 Nihil
633 1769 796 1797 deminutum
816 1779 875 1796 esse.
895 1769 927 1796 de
947 1769 1126 1803 facultatibus,
1148 1772 1149 1805 ¹

283 1816 332 1843 sed
350 1814 457 1842 eandem
477 1814 568 1840 faciem
581 1814 732 1851 patrimonii
746 1814 932 1850 permansisse.
958 1812 988 1839 1ι·.
1004 1816 1046 1840 55.
1066 1814 1087 1848 3.
1103 1815 1126 1839 4.
1148 1813 1149 1833 1

285 1859 318 1886 de
337 1858 430 1885 admin.
451 1862 476 1883 et
495 1858 576 1894 peric.
595 1858 637 1883 26.
652 1858 675 1882 7.
713 1856 817 1893 Expers
837 1855 930 1893 culpae
950 1855 1014 1892 quid
1033 1867 1065 1882 ex
1085 1855 1128 1882 he-
1148 1858 1149 1874 ³

284 1901 395 1929 reditate
413 1900 586 1932 deminuisse.
606 1900 770 1936 corrupisse
790 1898 947 1936 perdidisse.
980 1898 1010 1925 fr.
1030 1901 1072 1926 61
1091 1899 1126 1926 ib.

1051 1685 1126 1720 Quae
1148 1677 1149 1691 ¹

1148 1705 1149 1710 ,
1171 1697 1201 1713 ιι5
1191 1686 1253 1713 eust.
1274 1691 1327 1723 pet.

284 1947 326 1972 26.
341 1946 364 1970 7.
401 1944 476 1978 Quae
495 1942 527 1969 ad
546 1952 592 1969 eos
612 1958 644 1961 —
663 1943 856 1979 pervenissent.
877 1943 927 1968 etsi
947 1952 992 1968 eae
1011 1947 1070 1968 ante
1083 1952 1127 1979 pe-

286 1989 359 2014 titam
383 1985 555 2013 hereditatem
585 1984 765 2022 deperissent,
795 1984 977 2011 deminutaeve
1004 1984 1055 2011 suis
1059 1990 1125 2012 sent.
1147 1999 1150 2004 ·

286 2030 443 2064 (restituere
463 2027 585 2060 (1(··1)(ι“().
613 2028 644 2054 fr.
663 2029 705 2053 20,
730 2028 752 2061 3.
772 2028 796 2054 6.
826 2027 857 2054 ct.
879 2028 900 2061 3.
920 2030 960 2055 21.
986 2027 1126 2054 delieied.

286 2078 339 2110 pe.t
359 2074 383 2098 5.
397 2073 421 2098 3.
441 2071 471 2098 1ι·.
485 2073 509 2097 2
529 2071 589 2104 3.5.
609 2070 642 2097 dv
661 2070 715 2097 her.
735 2080 759 2097 v.
775 2075 823 2096 act.
837 2070 913 2097 vend.
935 2072 1011 2097 134.
1041 2048 1149 2106 Quem¹

286 2115 403 2147 Praetor,
423 2119 451 2141 ut
469 2118 622 2151 suspectum
636 2113 668 2140 ln
671 2113 767 2145 redun
787 2113 937 2140 deminuere
950 2114 1040 2140 ιυῑιιίῐ,
1061 2113 1117 2140 tr.'

287 2159 310 2193 3.
329 2160 352 2184 5.
372 2168 419 2195 pro
440 2162 499 2183 emt.
519 2158 560 2183 41.
580 2158 603 2183 4.
629 2156 660 2183 (·’.1
682 2156 712 2182 sr.
733 2158 755 2183 7.
776 2166 814 2193 pr.
835 2157 856 2190 3.
876 2158 900 2183 2,
921 2156 978 2183 de'
972 2167 1029 2183 lure
1047 2156 1126 2183 (1(.Ιί1).

286 2203 329 2227 23.
343 2204 367 2227 δ,
405 2200 484 2235 Quod
498 2199 583 2226 medio
599 2204 749 2237 temporea
738 2199 885 2226 alienatum.
904 2199 947 2226 sel
966 2199 1128 2226 deminutum

289 2249 337 2271 est.
357 2243 387 2270 fr.
401 2245 442 2269 54,
456 2253 494 2280 pr.
516 2242 547 2269 ad
567 2242 594 2269 S.
615 2242 646 2269 C.
667 2242 746 2269 Treb.
765 2244 807 2268 36.
824 2244 845 2268 l.
883 2242 913 2268 Si
932 2242 1064 2269 deminuat
1083 2243 1128 2276 (de

288 2285 486 2316 facultatibus).
511 2285 669 2323 locupletior
693 2290 779 2311 tamen
803 2295 855 2311 non
879 2285 922 2317 fit.
951 2286 995 2322 qui
1020 2287 1128 2322 aceepit.
1150 2277 1151 2284 ¹

289 2329 321 2356 fr.
340 2330 364 2354 5.
384 2328 460 2362 316.
481 2327 512 2353 de
532 2327 618 2355 donat.
634 2330 679 2355 int.
693 2327 725 2355 Υ.
744 2330 786 2354 24.
802 2330 824 2354 1.
862 2328 977 2355 Donare.
998 2328 1037 2354 vel
1053 2330 1129 2355 etiam

290 2369 457 2399 deminuendi
481 2380 557 2397 causa
577 2381 635 2398 rum
654 2373 686 2398 iis
705 2372 856 2407 transigere.
891 2371 923 2398 fr.
942 2373 984 2397 46.
1004 2372 1025 2405 3
1046 2373 1069 2398 7.
1098 2371 1130 2398 de

291 2414 357 2442 adm.
378 2418 403 2440 et
421 2414 501 2451 peric.
521 2414 562 2440 26.
583 2415 605 2440 7.

326 2456 557 2485 Beminusso-
599 2456 629 2489 §-
650 2457 1068 2489 1.Minntio‚Dece⁸sio.
1111 2457 1129 2484 l.

292 2501 356 2569 Syi
381 2499 500 2531 Minutio,
519 2498 678 2526 Permutatio
697 2500 803 2537 (capitis
823 2500 942 2537 prioris).
962 2499 1054 2526 Gatl.
1072 2502 1129 2526 159.

293 2544 322 2569 1ι·.
344 2545 366 2569 1.
386 2552 444 2579 sqq.
464 2541 497 2570 de
515 2552 570 2579 cap.
590 2543 650 2568 min.
670 2545 694 2568 4.
708 2544 732 2568 5.
769 2542 799 2568 ll.
816 2544 883 2576 ΟΡ.
912 2542 1082 2575 Incrementa,
1097 2559 1129 2563 —

293 2585 494 2612 Deminutiones
519 2584 614 2618 (Nili).
646 2584 677 2611 fr.
704 2587 742 2611 10.
772 2584 804 2611 de
835 2590 900 2612 mr.
926 2586 997 2612 crim.
1022 2587 1063 2612 47.
1090 2588 1129 2612 ll.

294 2628 475 2664 Augmentum.
509 2628 540 2654 1ι·.
559 2630 583 2655 8.
607 2629 630 2662 3
650 2629 672 2654 1.
698 2626 730 2654 de
749 2627 841 2654 edeud.
885 2630 951 2655 ..13
997 2628 1040 2655 III.
1064 2630 1130 2657 (711.
1151 2613 1153 2645 ¹

295 2670 430 2698 Ademtio.
458 2670 501 2697 vel
526 2670 669 2698 deminutio
693 2669 750 2706 (leg
753 2631 881 2703 atorum)..³
909 2670 939 2698 1ι·.
959 2673 984 2698 2,
1008 2672 1030 2705 3.
1052 2673 1074 2698 l.
1099 2671 1153 2698 de*

295 2712 407 2739 condiet.
426 2700 513 2739 indeb.
540 2715 580 2740 12.
599 2714 623 2739 6.
665 2711 725 2740 Non
744 2714 835 2749 aequis
855 2714 985 2749 partibus,
1006 2714 1054 2741 sed
1073 2724 1131 2740 cum

295 2754 381 2791 aliqua
401 2755 584 2782 deminutione.
610 2756 631 2790 3.
647 2757 669 2782 1.
689 2755 708 2782 I.
728 2755 759 2782 de
779 2765 849 2781 succ.
869 2762 969 2791 cognat.
988 2758 1012 2784 3.
1027 2759 1050 2784 5.
1083 2757 1132 2784 Ca-

296 2798 359 2835 pitis
383 2796 533 2824 deminutiu.
567 2798 598 2825 ct.
618 2809 642 2825 v.
663 2798 758 2836 Caput.
783 2798 820 2832 33.
845 2800 868 2824 5.
893 2808 934 2835 sq.
971 2815 1003 2819 —-
1040 2800 1072 2833 §0
1096 2801 1132 2826 2.

298 2841 476 2866 ΑΙίεηαῑίο.
520 2840 562 2866 ΙΙΙ.
586 2842 651 2869 (7η.
680 2841 753 2868 Nihil
777 2840 919 2868 transferre
937 2851 1018 2878 posse.
1037 2841 1070 2868 ad
1089 2842 1134 2869 ali-

1088 186 1194 217 DEM.

1164 278 1255 305 quem.
1275 268 1335 304 quia
1354 268 1381 294 iu
1399 267 1477 295 bonis
1497 278 1549 295 non
1568 268 1695 296 habeant.
1721 279 1779 296 cum
1804 272 1842 297 eis
1862 271 2007 298 deminutio

1163 312 1198 337 sit
1223 310 1370 337 interdicta.
1401 310 1433 337 sr.
1459 313 1498 338 10.
1523 322 1562 349 pr.
1588 311 1621 338 de
1647 298 1739 339 furios.
1769 314 1878 340 2710.
1920 315 2007 341 Causa

1164 355 1266 389 cognita
1286 369 1318 373 -
1332 353 1537 381 deminutionem
1550 365 1579 381 se
1593 365 1781 382 concessurum
1795 355 1902 384 Praetor
1915 357 2007 385 edixit.

1164 412 1196 416 —-
1216 396 1327 423 Funeris
1341 397 1422 433 gratia
1435 396 1640 424 deminutionem
1653 399 1790 435 permittit.
1804 414 1837 418 —
1851 399 1883 426 Et
1898 406 2008 438 propter

1163 438 1276 465 familiae
1295 439 1391 466 cibaria
1412 442 1558 467 necessaria
1578 442 1627 467 erit
1647 441 1801 468 deminutio.
1822 440 1854 469 1ι·.
1873 444 1896 468 5.
1916 453 1955 480 pr.
1975 443 2008 470 de

1140 481 1141 498 1
1164 481 1253 509 liered.
1273 487 1326 520 pit
1347 485 1370 509 5.
1384 484 1408 509 3.
1434 482 1466 509 cs.
1481 483 1512 509 fr.
1525 485 1566 510 33.
1581 494 1620 521 pr.
1641 483 1674 510 de
1692 484 1747 510 reb.
1767 489 1835 511 auct.
1855 484 1907 511 ind.
1927 487 1999 512 42.;)
1985 487 1996 492 ”“

1164 524 1193 551 Sl
1213 541 1245 544 —
1272 526 1328 551 Plus
1335 536 1410 562 (111
1404 536 1433 552 tt‘
1456 527 1493 552 rel
1517 526 1660 553 St‘l'V'lnda?
1687 536 1762 553 Causa
1788 528 1814 553 111
1837 507 2009 564 POSS(>.*SSi0ne⁴

1166 572 1245 595 esset.
1265 567 1336 594 dotis
1355 579 1418 595 suae
1437 570 1542 595 nomine
1562 569 1705 596 deminutio
1725 570 1792 596 tacta
1811 571 1853 596 sit.
1875 570 1904 597 fr.
1926 573 1966 597 15.
1986 571 2008 605 3

1141 616 1143 646 J
1164 613 1188 637 4.
1209 610 1242 637 de
1261 610 1313 637 div.
1334 616 1412 649 temp.
1432 622 1548 650 praescr.
1568 614 1609 639 44.
1628 614 1653 639 3.

1199 654 1423 682 Demisterc.
1443 656 1473 688 §-
1488 656 1523 681 l.
1544 656 1699 682 Deorsum
1718 658 1858 682 mittere.
1884 655 1928 682 Ill.
1943 657 2010 684 Cn.

1089 697 1120 724 C.
1142 726 1143 736 ¹
1166 697 1220 733 Qui
1240 697 1294 730 (sc.
1314 698 1424 731 servus)
1449 708 1497 735 per
1515 697 1693 724 catadromum
1712 698 1888 727 descendet-m
1913 705 1958 726 aut
1984 701 2011 726 in

1166 739 1280 767 cloacam
1301 739 1402 767 demitti
1421 740 1517 767 solitus
1537 745 1616 767 esset.
1645 741 1677 768 l'.r
1697 743 1739 768 54.
1758 752 1797 779 pr.
1824 741 1856 768 de
1875 741 1907 768 Α,
1927 742 1957 768 E.
1977 741 2010 768 V.

1168 785 1251 810 19.1.
1289 783 1400 809 Barbam
1420 783 1569 812 demittere
1589 783 1632 810 vel
1651 783 1762 821 capillos
1783 784 1947 811 submittem
1979 784 2010 811 sr.

1168 828 1208 852 15.
1228 826 1250 860 3.
1269 827 1312 852 27.
1332 826 1390 853 de'
1384 827 1489 853 iureinr
1509 828 1612 853 4710.
1644 842 1677 846 -
1707 827 1738 859 §.
1759 828 1794 853 2.
1825 828 2010 854 Dimittere.

1166 869 1209 896 III.
1233 870 1299 896 (711.
1332 869 1512 906 Quaecunque
1536 879 1616 895 naves
1641 880 1673 896 ex
1699 869 1818 906 quolibet
1843 875 1935 907 portu,
1964 880 2012 897 seu

1167 912 1245 939 litore
1270 912 1450 939 demittuntur.
1482 912 1532 939 Th.
1553 912 1583 939 C.
1604 912 1660 939 ΥΠ.
1681 914 1721 939 16.
1746 923 1767 938 e.
1787 914 1811 939 3.
1837 913 1869 939 de
1894 913 1965 940 litor.
1986 917 2013 939 et

1168 956 1224 982 itin.
1245 960 1311 982 cust.
1331 971 1364 975 —
1388 955 1418 988 §·
1440 956 1477 982 ³.
1508 957 1660 992 Deferre,
1683 958 1849 992 Redigere.
1886 956 1929 983 III.
1944 957 2012 984 Gn·

1144 998 1146 1018 ¹
1168 998 1236 1025 Cum
1255 1008 1297 1025 res
1317 999 1343 1025 in
1362 997 1542 1025 iusiurandum
1562 998 1676 1025 demissa
1696 999 1745 1033 [al.
1766 999 1892 1033 dimissa]
1911 1000 1954 1025 sit.
1980 998 2011 1025 [ι’.

1167 1044 1209 1068 34.
1229 1042 1252 1075 3.
1271 1043 1296 1068 9.
1316 1041 1349 1068 de
1367 1042 1473 1068 iureiur.
1494 1043 1534 1068 12.
1553 1043 1577 1068 2.

1202 1086 1594 1119 Demogrammateus.
1619 1086 1726 1111 Ptebie
1746 1086 1862 1111 scriba.
1887 1084 1930 1111 m.
1945 1085 2012 1112 οη.

1168 1127 1289 1154 Βοὲ11ιο5
1308 1126 1469 1163 logistarum.
1490 1126 1749 1164 demogrammateos.
1770 1127 1814 1161 [al.
1832 1127 1956 1160 boethus.
1976 1126 2013 1154 lo-

1170 1171 1267 1207 gistas,
1293 1170 1574 1206 demogrammateosL
1599 1170 1776 1208 logographos
1801 1175 1850 1197 etc.
1881 1181 1903 1197 c.
1927 1173 1952 1197 4,
1981 1169 2014 1197 de

1170 1213 1250 1240 tabul.
1269 1213 1349 1240 scrib.
1370 1215 1410 1239 10.
1429 1214 1471 1239 69,

1203 1256 1416 1287 ΒρυιοΙίι-θ,
1447 1266 1469 1282 S.
1494 1256 1692 1283 DemoHrR.
1735 1257 1889 1287 Diruere,
1912 1258 2013 1283 Erer-

1170 1307 1242 1327 tere.
1276 1299 1294 1326 1.
1309 1300 1371 1334 Sy.
1396 1299 1550 1330 Destruere
1570 1298 1678 1325 Tollere
1698 1299 1867 1332 (aediticium.
1886 1309 1911 1326 v.
1930 1300 2013 1336 parie-

1171 1344 1243 1376 tem).
1264 1342 1295 1369 fr.
1314 1344 1356 1368 24.
1376 1342 1397 1376 3.
1417 1343 1442 1368 9.
1462 1341 1492 1368 1ι·.
1511 1343 1554 1368 37.
1574 1341 1605 1368 fr.
1625 1343 1667 1368 43.
1688 1342 1709 1376 3
1731 1344 1753 1368 l.
1774 1342 1805 1368 1ι·.
1819 1343 1860 1368 45.
1881 1341 1914 1368 de
1927 1342 2013 1368 damn.

1170 1386 1215 1413 int.
1234 1387 1311 1412 39,2
1297 1404 1320 1412 ...
1350 1385 1380 1412 fr.
1400 1386 1442 1411 23.
1467 1384 1525 1418 §.⁰
1511 1403 1533 1411 ...
1559 1383 1592 1410 de
1611 1395 1702 1422 usurp.
1730 1386 1772 1411 41,
1791 1386 1815 1411 3,
1861 1383 1905 1411 Ad
1929 1395 2014 1411 aream

1170 1429 1295 1466 redigere.
1332 1428 1453 1455 Diruere.
1477 1427 1508 1454 fr.
1529 1429 1570 1454 10.
1589 1428 1611 1462 3.
1632 1429 1655 1454 l.
1680 1427 1732 1463 Qu.
1752 1427 1821 1454 mod.
1841 1427 1925 1454 usust‘.
1945 1429 1969 1455 7.
1987 1430 2013 1455 4.

1170 1472 1200 1499 fr.
1220 1474 1262 1499 45.
1283 1482 1322 1508 sq.
1347 1471 1380 1498 de
1399 1471 1484 1498 damn.
1505 1470 1550 1497 int.
1573 1473 1616 1497 39.
1635 1473 1660 1497 2.
1702 1470 1744 1497 111.
1765 1472 1830 1498 Gn.
1859 1470 1900 1497 Ne
1923 1471 1965 1497 vis
1989 1471 2013 1497 ei

1147 1537 1149 1549 ,
1170 1515 1228 1547 fiat,
1255 1515 1394 1551 quominus
1413 1513 1440 1540 id
1460 1524 1527 1551 opus
1547 1530 1580 1534 —
1600 1513 1708 1545 tollere,
1732 1513 1867 1545 demoliri,
1892 1523 2013 1550 purgare,

1170 1559 1323 1590 restituere.
1343 1573 1375 1577 -—
1394 1558 1489 1594 possit.
1523 1556 1553 1583 fr.
1575 1558 1597 1583 l.
1623 1557 1644 1591 3.
1666 1558 1705 1582 12.
1730 1556 1762 1583 de
1787 1556 1885 1583 flumin.
1909 1557 1950 1582 43.
1972 1558 2012 1582 12.

1172 1601 1226 1636 Qui
1246 1601 1354 1627 arbores
1374 1599 1523 1626 deiecisset.
1543 1605 1587 1626 aut
1607 1599 1754 1626 aediticium
1774 1598 1914 1626 demolitus
1934 1603 2013 1630 esset,

1172 1649 1215 1670 aut
1235 1644 1323 1680 aliquo
1343 1642 1422 1669 modo
1442 1642 1600 1669 deteriorem
1620 1642 1729 1669 usuinl'r.
1750 1642 1865 1669 fecisset.
1895 1641 1925 1668 sr.
1945 1643 1970 1668 2.
1990 1643 2014 1668 si

1348 1688 1371 1712 7.
1391 1687 1414 1712 6.
1453 1685 1482 1712 Si
1501 1701 1533 1705 -
1552 1687 1640 1722 paries
1660 1686 1818 1716 communis.
1843 1689 1867 1711 et
1894 1695 1952 1711 eum
1975 1694 2014 1711 re·

1172 1729 1263 1756 ficere.
1283 1728 1325 1754 vel
1345 1727 1484 1760 demolire.
1508 1727 1551 1754 vel
1575 1729 1600 1754 in
1625 1738 1683 1754 eum
1702 1729 1843 1754 immittere
1863 1727 1926 1764 quid
1946 1737 2014 1765 opus

1172 1773 1213 1798 sit.
1247 1771 1276 1798 fr.
1300 1773 1338 1797 12.
1364 1781 1455 1797 comm.
1481 1770 1533 1797 div.
1559 1773 1598 1797 10.
1617 1772 1641 1797 3.
1690 1770 1743 1805 Qui
1773 1770 1879 1796 domum
1902 1770 2013 1797 alienam

1172 1815 1253 1840 invito
1279 1813 1385 1840 domino
1409 1813 1530 1840 demolit.
1556 1818 1581 1840 et
1605 1824 1635 1840 eo
1660 1813 1719 1840 loco
1745 1813 1852 1840 balneas
1872 1813 2012 1840 exstruxit.

1172 1858 1201 1884 1ι·.
1221 1859 1262 1883 50.
1289 1856 1322 1883 ad
1344 1856 1373 1883 L.
1399 1856 1468 1893 Aqu.
1493 1858 1517 1883 9.
1539 1859 1564 1883 2.
1611 1856 1769 1893 Negotiandi
1796 1866 1873 1882 causa
1895 1855 2013 1883 aedificia

1148 1899 1304 1931 demoliri.
1329 1904 1355 1926 et
1380 1910 1508 1926 marmora
1527 1899 1672 1926 detrahere.
1708 1910 1728 1926 c.
1748 1901 1774 1926 2,
1798 1899 1831 1926 de
1849 1898 1925 1926 aedis.
1945 1899 2012 1936 priv.

1148 1947 1193 1970 ’3.
1216 1946 1254 1970 10.

1204 1985 1420 2013 Demolitio.
1459 1987 1660 2012 Destruetio.
1698 1985 1728 2011 11.
1750 1987 1817 2018 Op.
1845 1978 2012 2010 A'editicatio.

1148 2029 1200 2059 fi.
1223 2031 1243 2055 l.
1265 2030 1347 2063 §.12.
1368 2028 1400 2054 de
1420 2028 1452 2054 Ο.
1473 2027 1504 2054 N.
1524 2027 1556 2054 N.
1580 2029 1621 2054 39.
1643 2029 1665 2054 l.
1702 2027 1746 2053 Ill.
1764 2029 1830 2054 Cn.
1859 2026 1888 2053 Si
1909 2028 1953 2063 qui
1973 2037 2013 2053 re-

1171 2072 1241 2098 ditus
1261 2072 1294 2097 ob
1320 2071 1516 2097 demolitionem
1541 2071 1653 2096 amissus
1679 2074 1726 2096 est.
1752 2085 1783 2089 —
1809 2068 1920 2096 l'arietis
1946 2079 2014 2096 com-

1107 2126 1126 2139 A.
1148 2116 1256 2151 munis
1276 2113 1419 2140 demolitio.
1446 2113 1475 2139 1ι·.
1490 2115 1532 2140 37.
1553 2112 1584 2139 cf.
1605 2112 1635 2139 fr.
1649 2114 1691 2138 35.
1711 2112 1743 2138 de
1762 2112 1847 2138 damn.
1867 2112 1912 2139 int'.
1931 2113 1974 2139 39.
1987 2114 2013 2138 2.

1148 2158 1292 2185 ¹)lateria.
1318 2166 1384 2192 qnae
1410 2155 1528 2182 ordinata
1548 2155 1644 2182 dicitur
1663 2166 1694 2182 ex
1714 2154 1884 2182 demolitione
1904 2154 2014 2192 templo-

1173 2211 1237 2227 rum.
1267 2200 1317 2226 Th.
1337 2199 1367 2225 C.
1387 2198 1446 2225 XV.
1469 2201 1489 2225 l.
1511 2209 1532 2225 c.
1551 2200 1593 2225 36.
1614 2198 1646 2225 de
1665 2208 1726 2235 opp.
1746 2198 1808 2235 pub.

1206 2244 1491 2271 Demonstrare.
1529 2242 1559 2275 §-
1583 2243 1617 2268 l.
1651 2243 1851 2273 monstrare,
1880 2242 2017 2268 Descri-

1173 2289 1255 2318 bere,
1277 2287 1497 2321 Sigtzificare.
1527 2284 1545 2311 1,
1560 2286 1621 2319 Sy.
1641 2283 1874 2321 Comprehendere
1887 2283 2014 2321 (adpella-

1150 2330 1152 2354 ἶ
1174 2330 1266 2360 tione).
1286 2328 1438 2366 Adpellare.
1458 2328 1561 2354 Dicere.
1581 2327 1612 2354 1ι·.
1625 2329 1685 2353 201,
1705 2327 1735 2353 1ι·.
1749 2328 1808 2353 204.
1829 2326 1861 2353 de
1877 2325 1909 2352 V.
1923 2326 1951 2353 S.
1971 2328 2013 2353 50.

1176 2374 1215 2399 16.
1248 2372 1410 2407 Signiticare..
1430 2371 1462 2397 t'r.
1475 2372 1531 2397 123.
1552 2370 1586 2396 ib.
1601 2372 1642 2396 50.
1658 2372 1696 2396 16.
1718 2370 1800 2396 1“ι·.94,
1816 2370 1837 2403 3
1847 2370 1872 2395 3.
1888 2368 1921 2396 de
1933 2368 2013 2396 solut.

1175 2417 1215 2442 46,
1234 2417 1258 2441 3.
1296 2414 1338 2441 lll.
1354 2416 1419 2442 Cn.
1448 2412 1519 2439 Nihil
1539 2412 1643 2440 referre.
1664 2414 1772 2450 proprio
1791 2413 1896 2439 nomine
1915 2422 1958 2438 res
1971 2411 2014 2438 ad-

1151 2458 1296 2496 pelletur,
1316 2468 1347 2483 an
1367 2457 1410 2492 dig
1401 2458 1460 2524 ito6
1467 2456 1629 2482 ostenda.tur
1649 2467 1680 2482 ιιιι
1700 2454 1836 2482 vocabulis
1856 2454 2014 2491 quibusdam

1175 2501 1375 2528 demonstretur.
1401 2499 1431 2526 1ι·
1445 2502 1468 2525 b.
1489 2499 1522 2525 (1(1
1542 2499 1571 2525 R.
1586 2499 1616 2526 C
1638 2501 1678 2525 12,
1694 2501 1717 2525 1.
1754 2498 1790 2525 11
1809 2503 1835 2524 et
1854 2498 2014 2524 tle-monstra

1175 2549 1216 2570 tus
1236 2544 1271 2569 sit
1290 2544 1338 2575 (sc
1359 2543 1474 2578 scriptus
1494 2542 1569 2568 hem
1565 2543 1592 2575 ).
1612 2543 1719 2579 propria
1736 2541 1968 2573 demonstratione,
1987 2544 2013 2566 et

1174 2587 1261 2624 portio
1279 2585 1410 2622 adscripta
1427 2585 1450 2610 ei
1470 2586 1581 2611 inveniri
1600 2586 1694 2622 possit.
1715 2584 1745 2611 sr.
1762 2586 1800 2610 12.
1821 2583 1853 2610 de
1866 2584 1896 2610 B.
1910 2583 1938 2610 P.
1958 2593 1979 2609 s.
1992 2587 2012 2609 t.

1174 2631 1214 2656 37.
1237 2631 1276 2654 11.
1296 2628 1327 2654 cl'.
1347 2628 1378 2653 1ι·.
1398 2630 1439 2653 34.
1460 2637 1500 2665 pr.
1526 2627 1558 2655 de
1578 2627 1653 2655 cond.
1674 2633 1699 2654 et
1719 2627 1785 2654 dem.
1809 2628 1851 2653 35.
1872 2628 1895 2653 1.
1936 2625 2012 2652 Indu-

1151 2698 1153 2708 Α
1175 2671 1276 2698 bitabili
1295 2672 1369 2705 signo
1389 2670 1532 2697 demonstr.
1561 2670 1592 2697 fr.
1606 2673 1629 2697 9.
1649 2671 1672 2704 3.
1686 2672 1710 2696 8.
1730 2670 1763 2696 de
1781 2669 1870 2696 hered.
1889 2670 1950 2695 inst.
1969 2670 2012 2694 28.

1175 2717 1198 2741 5.
1236 2714 1265 2740 Si
1285 2713 1481 2740 demonstrandi
1501 2724 1578 2740 causa
1597 2713 1660 2739 haec
1678 2714 1761 2739 oratio
1775 2717 1923 2750 poneretur.
1943 2710 1973 2737 t'r.
1987 2712 2011 2737 6.

1176 2757 1208 2784 de
1226 2756 1301 2792 legat.
1322 2756 1339 2782 1.
1362 2757 1438 2790 (30.)
1475 2756 1556 2792 Magis
1581 2756 1757 2783 conditionem
1776 2755 1861 2791 legato
1880 2755 2012 2785 iniecisse,

1177 2809 1253 2836 quam
1272 2798 1416 2825 demonstr.
1436 2799 1562 2825 voluisse.
1586 2798 1617 2825 fr.
1637 2800 1661 2825 6.
1680 2798 1697 2825 l.
1722 2798 1752 2825 1ι·.
1771 2798 1812 2824 96.
1831 2806 1871 2833 pr.
1890 2796 1925 2822 ib.
1944 2797 2013 2829 (30.)

1178 2858 1209 2862 —-
1229 2842 1260 2876 §0
1282 2843 1317 2868 2.
1347 2843 1516 2878 Definire,
1537 2843 1709 2876 Prositeri.
1745 2840 1764 2867 1,
1783 2840 1843 2874 Sy·
1862 2839 2012 2870 Destinat-e,

1960 2881 2012 2908 De-
