2197 3121
267 160 331 191 228

303 241 475 269 Creator.
519 242 582 273 Qui
610 240 755 266 nominat
783 240 923 265 alterum
947 239 988 263 ad
1011 237 1110 263 hono-

269 294 329 316 res,
355 286 401 310 rel
423 292 561 309 munera.
606 281 650 308 Ill.
675 281 742 308 Cn.
775 279 841 306 Tam
865 279 1004 310 nominati,
1033 287 1112 314 quam

269 327 347 354 etiam
366 331 506 353 creatores.
541 324 590 352 Th.
611 324 642 350 C.
662 323 720 350 ΧΠ.
747 324 768 349 1.
794 332 816 348 0.
837 323 894 349 192.
919 322 952 348 de
975 321 1111 348 decurion.

268 369 390 397 Periculo
410 369 538 395 curatoris
558 366 713 397 calendarii,
733 370 759 392 et
777 366 983 401 magistratuum,
1003 369 1029 391 et
1043 374 1114 390 crea-

270 417 364 443 torum,
384 411 466 448 (apud
486 410 595 437 idoneos
616 425 648 429 —
668 409 779 446 pecunia
798 407 972 440 collocanda).
1002 406 1039 433 lb.
1053 406 1112 433 XII.

273 457 311 481 11.
332 465 352 480 c.
374 456 396 480 1.
417 455 438 488 5.
457 456 481 480 3.
507 453 539 479 de
559 463 612 479 cur.
633 451 762 479 calendar.
804 452 834 478 Si
853 461 884 477 eo
905 455 1035 486 tempore,
1061 459 1113 486 quo

270 499 418 524 nominatus
438 501 478 522 est
497 496 622 527 idoneus,
646 501 740 533 postea
764 494 854 532 lapsus
879 492 1062 524 facultatibus,
1081 508 1114 512 —

271 545 373 568 creator
393 540 436 574 [al.
458 539 574 572 curator]
595 538 645 565 hoc
664 540 769 565 11011ιί111-
788 536 854 564 nihil
873 540 1009 573 praestare
1027 535 1114 562 debet.

270 583 300 610 fr.
319 585 343 610 2.
370 583 392 617 5.
413 584 436 608 7.
461 581 493 608 de
514 581 580 608 adm.
602 592 652 608 rer.
673 581 705 608 ad
724 582 773 608 civ.
793 583 835 607 50.
854 580 878 606 8.
909 579 941 605 01”.
962 589 983 605 0.
1002 580 1027 604 2.
1053 578 1115 614 Quo

271 627 358 663 quisq.
379 625 435 652 ord.
456 626 497 652 ll.
515 627 558 652 35.

306 669 461 696 Creber·
487 667 627 701 (Adiect.)
664 670 845 702 Frequens,
866 667 1034 700 Copiosus.
1072 663 1115 690 111.

271 712 337 739 Cn.
376 711 476 748 Opinio
501 710 619 737 crebrior
644 715 685 736 est
709 709 796 747 (apud
819 708 950 739 veteres).
982 707 1013 734 fr.
1034 709 1056 734 l.
1077 716 1116 744 pr.

271 754 304 781 de
323 754 368 781 off.
389 753 500 789 Quaest.
523 755 544 780 1.
567 755 607 780 13.
646 753 762 780 Crebrae
786 763 799 778 a
825 752 902 778 nobis
922 751 993 787 leges
1012 751 1116 776 missae.

272 796 321 824 Th.
344 796 375 823 C.
395 795 439 823 Vl.
458 799 501 823 28.
521 807 543 823 c.
562 798 586 823 6.
607 796 639 822 de
658 795 744 822 Princ.
765 799 849 832 agent.
870 796 897 821 in
915 794 970 820 reb.
1008 793 1117 820 Crebris

271 839 370 867 vallare
396 839 525 866 excubiis.
558 838 594 865 lb.
614 838 670 865 Vll.
698 840 736 865 16.
766 848 787 865 c.
808 840 830 864 1.
860 837 893 864 dc
916 837 987 864 litor.
1011 841 1037 863 ct
1061 837 1117 862 itin.

272 887 338 910 cust.

308 926 468 956 Crebro,
495 935 515 951 s.
544 925 698 952 Crebro.
729 923 852 957 (Advb.)
893 922 936 949 111.
961 924 1027 950 011.
1058 920 1118 948 Non

271 970 360 996 minus
384 969 526 994 criminose
550 978 628 1004 quani
652 966 751 993 crebre.
789 965 826 992 Ib.
852 964 896 991 IX.
919 967 962 991 21.
992 975 1013 991 c.
1032 965 1056 990 6.
1086 963 1119 990 de

272 1011 338 1038 salsa
357 1016 454 1037 monet.
492 1010 610 1037 Verbera
636 1009 782 1046 caedesque
806 1008 899 1035 crebro
924 1024 956 1028 —
980 1007 1118 1034 admissae.

274 1065 295 1081 c.
315 1056 339 1081 6.
360 1054 392 1080 ad
411 1054 440 1080 L.
461 1053 508 1080 lul.
530 1053 563 1080 de
581 1054 606 1079 vi
626 1052 688 1090 pub.
709 1054 732 1079 9.
755 1054 794 1078 12.

309 1098 488 1125 Credere.
526 1097 557 1130 ἓ.
584 1097 619 1122 l.
649 1097 842 1132 Confidere,
870 1095 1119 1120 Auctoritatem

273 1143 468 1168 adtribuere.
506 1139 524 1165 1.
540 1140 601 1173 Sy.
630 1137 721 1164 Fidem
740 1137 837 1164 habere
857 1137 983 1170 (testibus
1004 1136 1066 1169 etc.)
1087 1135 1118 1162 fr.

272 1185 297 1210 3.
319 1183 400 1217 551.
421 1192 479 1219 sqq.
506 1182 538 1208 de
558 1180 646 1207 testib.
667 1183 708 1206 22.
728 1182 752 1206 5.
783 1180 814 1207 fr.
835 1182 857 1206 1.
882 1181 919 1214 55.
939 1181 981 1205 23.
1002 1189 1061 1215 sqq.
1086 1177 1119 1204 de

273 1227 420 1263 quaestion.
440 1227 482 1251 48.
505 1227 544 1251 is.
582 1223 626 1250 III.
648 1224 714 1251 Cu-
733 1223 774 1250 Ex
794 1224 923 1250 sententia
944 1223 1022 1248 animi
1042 1221 1080 1248 tui
1093 1226 1119 1248 te
1140 1239 1142 1242 -

273 1270 411 1296 aestimare
431 1272 564 1305 oportere.
584 1266 647 1303 quid
667 1271 710 1293 aut
729 1266 830 1299 credas,
853 1271 896 1293 aut
915 1275 1007 1303 parum
1025 1264 1120 1302 proba-

274 1317 329 1339 tum
347 1312 396 1338 tibi
415 1312 540 1349 opinaris.
571 1310 601 1336 l'r.
615 1312 639 1335 3.
660 1309 682 1344 ξ.
697 1312 720 1335 2.
741 1309 774 1336 de
793 1309 882 1336 testib.
901 1311 943 1335 22.
963 1311 987 1335 5.
1025 1308 1055 1334 Si
1073 1307 1119 1334 bo—

274 1365 324 1382 nus
342 1354 418 1381 miles
438 1359 512 1380 antea
532 1354 682 1379 aestimatus
703 1352 795 1384 suerit,
821 1362 905 1389 prope
931 1357 971 1378 est
995 1356 1024 1378 ut
1043 1350 1120 1377 adfir-

274 1399 381 1425 mationi
407 1399 462 1424 eius
487 1396 615 1423 credatur.
650 1396 679 1422 l'r.
700 1397 723 1421 5.
748 1396 770 1429 5.
790 1397 814 1422 6.
840 1395 872 1422 de
896 1395 927 1421 R.
948 1394 981 1421 M.
1015 1396 1056 1421 49.
1078 1395 1118 1420 16.

274 1441 419 1478 Requirere
438 1440 517 1467 debet
536 1449 607 1470 euni,
632 1439 675 1475 qui
701 1448 730 1464 se
754 1439 868 1465 instruat
887 1438 920 1464 de
939 1438 1053 1465 fortunis
1072 1444 1120 1474 pu-

275 1483 343 1521 pilli,
362 1494 410 1510 ncc
424 1484 531 1510 nimium
551 1482 683 1509 tutoribus
702 1481 745 1508 vel
764 1481 930 1508 curatoribus
951 1480 1067 1507 credere.
1088 1479 1118 1506 fr.

275 1529 299 1553 5.
320 1527 341 1561 5.
357 1528 397 1553 11.
418 1526 450 1553 de
470 1531 518 1552 tut.
539 1531 565 1552 et
584 1535 638 1551 cur.
658 1524 709 1551 dat.
728 1526 770 1551 27.
784 1526 808 1551 9.
845 1525 886 1551 Ex
906 1524 956 1556 his,
976 1534 1042 1560 quae
1061 1533 1121 1560 pro-

276 1574 447 1607 ponerentur,
468 1585 500 1588 —
520 1567 651 1595 credenda
671 1572 711 1594 est
730 1569 868 1604 scriptura.
888 1567 921 1594 fr.
939 1569 982 1593 37.
1002 1568 1024 1601 5.
1044 1569 1068 1593 5.
1088 1566 1121 1593 de

276 1613 352 1649 legat.
372 1612 415 1639 Ill.
435 1612 511 1645 (32.)
549 1610 627 1637 Tales
647 1611 793 1648 scripturas
813 1610 975 1637 omnifariam
994 1620 1054 1636 esse
1068 1619 1121 1635 cre-

277 1655 386 1683 dendas.
413 1666 434 1681 c.
450 1657 490 1681 14.
511 1654 543 1680 de
563 1658 646 1680 contr.
662 1658 688 1680 et
701 1663 792 1679 eonnn.
807 1653 897 1690 stipul.
917 1656 941 1679 ὅ.
955 1654 996 1679 38.
1028 1652 1121 1679 Iuliani

277 1700 339 1736 epit.
360 1708 419 1724 nov.
446 1708 466 1724 c.
486 1699 527 1723 66.
558 1698 579 1730 5.
599 1698 658 1723 229.
696 1712 724 1716 —
765 1696 796 1730 ς.
825 1698 860 1722 2.
897 1698 1120 1727 committere,

278 1744 442 1769 Mandare.
479 1740 497 1766 1.
512 1742 574 1774 Sy.
604 1740 784 1766 Committere.
814 1738 895 1765 (31.11.
915 1749 940 1765 v.
959 1739 980 1773 5.
995 1740 1018 1764 3.
1051 1737 1121 1765 lilan-
1142 1765 1144 1771 ,

278 1784 347 1811 dare.
377 1783 427 1810 Th.
449 1783 479 1810 C.
500 1782 567 1809 VIII.
587 1785 611 1809 δ.
632 1793 653 1809 0.
674 1784 697 1808 7.
722 1782 754 1808 de
774 1786 890 1808 exsecut.
912 1786 937 1807 et
957 1786 1040 1808 exact.
1077 1780 1120 1807 111.
1142 1774 1144 1785 ¹

279 1828 345 1855 Cn.
365 1827 432 1853 Cum
446 1826 515 1864 apud
530 1831 632 1852 veteres
652 1825 825 1851 dictatoribus
846 1824 878 1851 ad
897 1830 1001 1861 tenipus
1021 1834 1121 1850 summa

1089 151 1186 184 CRE.

1155 233 1235 261 dendi
1254 243 1331 260 causa
1355 238 1553 265 numeraturus,
1578 242 1626 259 uec
1651 234 1848 260 numeraverim.
1877 232 1934 260 Gai.
1953 231 1998 259 IV.

1156 278 1214 303 116.
1244 276 1276 303 cf.
1296 276 1326 302 i'r.
1346 277 1370 302 3.
1390 276 1412 309 5.
1433 277 1457 302 4.
1483 276 1514 303 sr.
1533 277 1558 302 6.
1578 275 1610 303 de
1630 275 1658 302 S.
1678 275 1709 302 C.
1729 275 1793 302 Mac.
1814 278 1854 303 14.
1874 277 1898 303 6.
1936 275 1999 303 Cre-

1157 319 1243 347 dendo
1263 328 1383 345 nummos
1408 318 1528 345 alienare.
1557 318 1587 345 fr.
1606 320 1648 345 4l.
1673 318 1706 345 de
1724 317 1756 344 R.
1776 317 1807 345 C.
1832 320 1873 345 12.
1894 320 1916 345 l.
1961 318 2000 345 ln-

1158 363 1237 389 certis
1257 361 1407 388 nominibus
1428 361 1498 388 cred.
1518 362 1662 399 pecuniam.
1685 377 1717 380 —
1736 361 1810 387 Bene
1827 360 1941 388 credere.
1968 361 1998 388 l'r.

1160 407 1233 442 l.pr.
1253 404 1286 431 de.
1305 404 1332 431 S.
1353 404 1384 431 C.
1405 404 1470 431 Mac.
1491 406 1531 431 14.
1551 405 1574 430 6.
1595 403 1625 431 t'r.
1646 405 1686 430 12.
1706 404 1728 438 5.
1749 405 1790 430 13.
1809 403 1895 430 mand.
1916 405 1955 430 17.
1976 405 1999 430 l.

1159 448 1213 484 Qui
1232 452 1347 474 mutuam
1366 448 1505 485 pecuniam
1529 452 1619 473 contra
1642 446 1813 473 interdictum
1831 462 1864 466 --
1885 446 2001 473 credide-

1158 492 1200 518 rit.
1230 490 1272 517 Fr.
1293 490 1326 517 de.
1345 490 1363 517 I.
1384 490 1412 516 F.
1432 490 1454 524 5.
1475 491 1498 516 7.
1526 506 1556 510 —
1581 490 1612 524 §0
1636 491 1674 517 5.
1702 492 1838 522 Patare,
1858 490 2000 516 Censet-e.

1159 534 1177 560 I.
1197 535 1259 568 Sy.
1287 533 1338 561 Per
1362 533 1606 570 interpretationem
1629 537 1765 569 acceptum
1790 537 1838 558 est.
1876 530 2001 558 Credide-

1160 581 1221 603 runt
1240 577 1377 609 (veteres).
1406 576 1448 603 l’r.
1463 575 1480 602 I.
1501 575 1616 611 delegit.
1631 580 1733 613 patron.
1748 579 1795 601 tut.
1816 576 1839 601 1.
1854 576 1894 601 17.
1924 574 2001 606 Esse,

1160 619 1289 656 Intelligi‚
1309 619 1391 646 Credi
1411 629 1470 646 esse
1489 618 1612 651 (alicuius
1632 619 1703 651 etc.).
1728 617 1784 644 Gai.
1804 617 1835 644 Π.
1849 618 1873 644 9.
1887 627 1945 654 sqq.
1959 618 2001 643 21.

1161 661 1205 689 111.
1228 663 1295 690 Cn-
1327 662 1360 689 D.
1385 662 1521 698 Augustus
1547 660 1651 693 maluit,
1674 677 1707 680 —
1731 670 1790 687 nain
1814 659 1928 687 credidit
1951 664 2001 687 etc.

1162 704 1192 731 sr.
1214 706 1236 731 l.
1257 704 1287 731 fr.
1306 706 1331 731 3.
1351 715 1390 742 pr.
1411 704 1444 731 de
1463 704 1507 730 oss.
1527 703 1580 730 Prf.
1600 702 1675 739 Vigg.
1695 705 1718 730 1.
1739 705 1779 730 15.
1800 702 1832 730 cf.
1852 702 1883 730 fr.
1899 704 1921 730 l.
1941 702 1963 737 5.
1979 704 2002 729 l.

1162 747 1194 774 de
1213 747 1257 774 oss.
1277 747 1329 774 Prf.
1345 747 1387 774 Pr.
1409 749 1431 774 l.
1447 749 1487 773 ll.
1523 745 1679 778 Vtebantur,
1698 762 1731 766 —
1750 747 1863 773 maxime
1875 746 1944 772 enim
1956 755 2004 772 sua

1162 800 1222 817 esse
1241 790 1395 822 credebant,
1415 800 1482 827 quae
1501 794 1550 816 etc.
1579 788 1637 815 Gai.
1655 788 1700 815 IV.
1720 790 1760 816 16.
1796 788 1853 816 Nec
1872 799 1913 815 me
1930 798 2004 826 prae-

1162 834 1232 866 terit,
1253 833 1403 860 Galatarum
1422 838 1525 870 gentem
1545 831 1653 859 credere
1672 836 1721 859 etc.
1748 832 1785 859 lb.
1804 832 1823 859 I.
1843 834 1885 858 55.
1922 830 2005 867 Quod

1162 887 1194 903 an
1214 876 1355 903 debeamus
1375 876 1482 903 credere
1506 876 1594 902 verius
1620 884 1693 907 esse,
1718 874 1869 911 diligentius
1889 875 2004 911 require-

1163 930 1229 946 mus.
1257 919 1295 946 Ib.
1314 918 1359 946 IV.
1378 920 1420 945 60.
1462 919 1497 945 Et
1521 923 1562 944 est
1584 917 1662 955 plane
1681 922 1833 944 nostrorum
1851 921 2005 955 praecepto-

1163 973 1219 989 rum
1239 962 1303 989 haec
1321 963 1460 994 sententia,
1480 966 1508 988 ut
1527 960 1664 988 credamus
1683 965 1732 987 etc.
1757 960 1788 987 l'r.
1806 962 1849 987 32.
1868 959 1901 986 de
1918 959 2003 987 damn.

1163 1006 1208 1032 inf.
1227 1008 1269 1032 39.
1288 1007 1313 1032 2.
1349 1005 1411 1032 Ideo
1430 1004 1538 1042 placuit,
1558 1005 1619 1041 quia
1638 1003 1767 1030 creditum
1780 1007 1822 1030 est
1840 1007 1890 1029 etc.
1910 1002 1941 1029 sr.
1960 1003 2002 1028 31.

1163 1049 1184 1083 5.
1198 1051 1220 1075 l.
1240 1048 1273 1075 de
1293 1048 1381 1075 hered.
1401 1049 1463 1075 inst.
1482 1048 1524 1074 28.
1535 1049 1559 1073 5.
1588 1046 1646 1073 Hoc
1658 1046 1728 1073 idem
1742 1051 1782 1072 est
1801 1045 1871 1083 apud
1891 1044 2005 1072 Scaevo-

1163 1092 1214 1119 lam
1233 1092 1369 1128 agitatum,
1394 1107 1426 1110 —
1446 1095 1472 1117 et
1490 1091 1526 1116 ait
1543 1089 1622 1126 vulgo
1643 1089 1772 1116 creditum
1791 1093 1840 1115 etc.
1871 1088 1901 1115 fr.
1919 1090 1962 1115 25.
1982 1088 2004 1122 5.

1163 1136 1187 1161 6.
1212 1134 1245 1161 de
1269 1134 1337 1161 usus.
1362 1135 1384 1160 7.
1406 1135 1428 1159 1.
1462 1132 1519 1160 Gai.
1539 1132 1558 1159 I.
1579 1134 1636 1159 190.
1680 1131 1753 1158 Olim
1777 1131 1940 1158 credebatur.
1972 1146 2005 1150 —

1163 1178 1259 1204 Postea
1278 1177 1405 1203 creditum
1425 1181 1472 1203 est.
1501 1175 1538 1202 Ib.
1559 1175 1589 1201 11.
1609 1176 1650 1201 54.
1692 1173 1804 1201 Veteres
1828 1173 2005 1200 crediderunt.

1163 1221 1200 1247 Ib.
1220 1220 1239 1247 I.
1260 1222 1318 1247 165.
1349 1219 1380 1246 cf.
1401 1230 1422 1246 c.
1442 1220 1466 1245 6.
1491 1218 1523 1245 de
1542 1218 1603 1245 don.
1623 1218 1670 1244 int.
1690 1216 1722 1244 V.
1747 1219 1770 1244 5.
1791 1218 1832 1244 16.
1868 1216 1939 1244 Haec
1958 1217 2007 1243 uti—

1164 1274 1215 1300 que
1233 1272 1310 1289 nemo
1330 1262 1419 1289 credet
1438 1263 1479 1296 (in
1497 1261 1661 1288 testamentis
1680 1269 1729 1286 uos
1749 1270 1809 1286 esse
1825 1260 2006 1297 probaturos).

1164 1306 1195 1333 l'r.
1216 1308 1239 1333 1.
1260 1306 1281 1340 5.
1303 1307 1325 1332 1.
1346 1305 1378 1332 de
1392 1305 1468 1342 legat.
1482 1305 1526 1332 111.
1547 1304 1614 1338 (32.)
1653 1302 1810 1330 credendus
1829 1307 1870 1329 est
1889 1302 2006 1339 (eligere,

1163 1360 1187 1376 v.
1208 1348 1365 1386 repudiasse
1383 1349 1454 1382 etc).
1475 1347 1505 1375 fr.
1519 1349 1544 1374 3.
1565 1347 1597 1374 de
1610 1346 1685 1373 milit.
1699 1351 1801 1373 testam.
1820 1348 1863 1373 29.
1878 1347 1900 1372 l.
1920 1345 1950 1372 fr.
1966 1346 2006 1372 17.

1163 1393 1185 1426 5.
1207 1394 1229 1418 1.
1250 1391 1283 1418 de
1301 1391 1333 1418 A.
1353 1402 1377 1418 v.
1398 1391 1430 1418 O.
1451 1390 1482 1417 H.
1502 1386 1546 1417 29.
1558 1392 1583 1417 2.
1603 1390 1634 1417 fr.
1648 1392 1673 1417 2.
1693 1390 1771 1424 §.16.
1791 1399 1824 1416 ne
1843 1399 1886 1425 qu.
1906 1389 1934 1415 in
1946 1387 2007 1415 loco

1163 1435 1226 1473 pub.
1245 1436 1286 1461 43.
1306 1436 1330 1461 8.
1363 1450 1395 1454 -
1427 1434 1458 1467 ξ.
1479 1435 1518 1461 6.
1547 1435 1660 1460 Fidem
1684 1434 1881 1468 religiosam
1897 1432 2008 1468 profi-

1163 1480 1234 1505 teri.
1271 1477 1314 1504 III.
1331 1478 1396 1505 Gn.
1418 1477 1578 1513 Quicunque
1598 1491 1630 1495 ——
1650 1476 1685 1502 ita
1704 1485 1757 1502 non
1776 1474 1895 1507 credunt,
1915 1478 1944 1500 ut
1955 1474 2008 1500 318

1165 1521 1192 1547 S.
1211 1525 1301 1558 patres
1322 1519 1500 1552 tradiderunt,
1521 1518 1677 1546 catholicam
1696 1518 1777 1545 fidem
1794 1519 1821 1545 in
1840 1516 1954 1544 Nicaeua
1974 1517 2008 1543 ci-

1164 1565 1246 1590 vitate
1265 1563 1413 1590 fundantes.
1439 1573 1460 1589 c.
1480 1563 1504 1590 8.
1526 1572 1565 1599 pr.
1586 1561 1619 1588 de
1637 1562 1760 1588 haeretic.
1780 1563 1803 1588 1.
1822 1563 1846 1587 5.
1866 1575 1899 1579 —
1923 1560 1954 1594 ξ.
1973 1560 2007 1586 ⁷.

1166 1609 1265 1634 Falso
1284 1608 1348 1634 sibi
1368 1608 1583 1640 persuadere,
1609 1607 1707 1632 Citra
1731 1606 1891 1631 rationem
1912 1612 2008 1637 prae-

1166 1660 1294 1677 sumere.
1336 1648 1366 1675 ll.
1393 1650 1461 1682 ⁰11.
1498 1648 1581 1675 Scire.
1615 1647 1673 1674 Gai.
1700 1647 1718 1674 I.
1743 1649 1785 1673 85.
1804 1656 1844 1683 sq.
1881 1646 1963 1678 Esse,
1982 1655 2007 1671 v.

1166 1692 1243 1718 Fieri.
1263 1708 1295 1711 —
1316 1691 1397 1718 Credi
1417 1701 1484 1717 esse.
1514 1691 1551 1718 111.
1570 1691 1589 1718 I.
1611 1693 1652 1717 71.
1672 1690 1713 1716 III.
1736 1691 1794 1716 198.
1831 1689 1874 1715 III.
1893 1690 1960 1717 Gn.
1979 1687 2009 1714 Si

1165 1734 1244 1761 modo
1264 1745 1307 1761 eas
1326 1736 1376 1768 (sc.
1396 1735 1450 1767 res)
1472 1734 1495 1761 b.
1517 1733 1532 1760 s.
1553 1735 1745 1771 acceperimus,
1765 1743 1823 1759 cuin
1843 1731 2009 1758 crederemus

1166 1783 1215 1805 etc.
1246 1778 1283 1804 lb.
1304 1777 1334 1804 II.
1354 1779 1396 1804 43.
1416 1777 1448 1803 cf.
1467 1779 1509 1804 50.
1551 1776 1670 1803 Latinam
1693 1781 1738 1803 aut
1760 1776 1926 1813 peregrinam
1945 1784 2009 1801 uxo-

1165 1831 1220 1847 rem
1240 1820 1336 1847 ducere
1355 1831 1402 1857 per
1426 1821 1612 1857 ignorantiam,
1638 1829 1696 1845 cum
1721 1829 1777 1845 eam
1796 1819 1879 1845 civem
1898 1817 1930 1844 R.
1949 1826 2009 1844 esse

279 1874 398 1907 potestas
423 1869 581 1896 crederetur.
614 1868 643 1894 l'r.
666 1870 687 1894 l.
707 1878 746 1904 pr.
777 1867 809 1894 de
834 1868 877 1894 off.
898 1867 950 1894 Prf.
970 1867 1012 1894 Pr.
1038 1869 1060 1893 1.
1082 1869 1121 1893 ll.
1167 1863 1293 1891 crederet.
1318 1863 1354 1889 lb.
1375 1863 1394 1889 1.
1414 1865 1455 1890 67.
1493 1863 1571 1889 Falso
1592 1862 1701 1889 credens
1721 1863 1763 1895 (se
1782 1861 1887 1894 debere,
1906 1859 2008 1892 solvit).

280 1912 339 1939 Non
360 1917 401 1938 est
420 1912 494 1938 facile
514 1912 592 1937 tironi
613 1910 732 1937 custodia
753 1910 891 1937 credenda.
917 1911 948 1937 fr.
970 1912 1009 1936 14.
1029 1920 1070 1947 pr.
1090 1909 1122 1936 de
1167 1907 1197 1933 fr.
1216 1908 1258 1933 26.
1296 1927 1300 1932 .
1320 1909 1344 1932 2.
1369 1906 1402 1933 de
1421 1906 1497 1934 cond.
1517 1905 1605 1932 indeb.
1634 1907 1672 1932 12.
1697 1906 1722 1931 6.
1764 1904 1793 1931 Si
1819 1905 1878 1940 quis
1898 1901 2010 1930 credidit

281 1960 347 1982 cust.
368 1960 393 1982 et
413 1955 499 1981 exhib.
524 1956 564 1980 45.
585 1956 608 1980 3.
647 1953 697 1980 Cui
718 1954 772 1979 iura
793 1954 984 1985 connnisimus,
1011 1954 1052 1979 0111
1072 1952 1122 1979 fata

280 1998 482 2036 provincialium
501 1997 623 2024 duximus
644 2006 702 2022 esse
721 1995 858 2022 credenda.
888 1996 954 2022 Nov.
970 1996 1020 2022 Th.
1039 1996 1070 2022 ΙΙ.
1091 2006 1123 2022 ne

282 2042 370 2069 decur.
391 2041 423 2068 ad
443 2041 531 2066 Svnat.
552 2040 569 2066 1.
592 2042 631 2066 15.
652 2050 673 2065 c.
694 2042 718 2065 2.
737 2039 759 2072 5.
781 2041 803 2065 l.
841 2039 895 2074 Qui
914 2055 946 2058 —
967 2038 999 2065 ad
1018 2040 1124 2076 provin-

283 2086 336 2111 cias
355 2083 541 2115 dvfendendas,
561 2082 643 2109 milite
658 2082 767 2113 credito,
782 2097 814 2101 --
828 2081 1001 2108 destinantur.
1026 2081 1076 2108 Th.
1092 2081 1123 2108 C.

282 2127 326 2154 Vl.
349 2129 387 2153 1-1.
408 2138 428 2153 c.
448 2129 472 2153 3.
494 2126 526 2152 de
545 2136 610 2152 coin.
631 2125 662 2152 R.
683 2125 715 2151 Μ.
737 2124 768 2151 cs.
788 2124 806 2150 1.
826 2126 850 2150 6.
871 2135 892 2151 c.
912 2126 935 2151 6.
957 2124 1072 2158 (ch.)
1093 2124 1125 2151 de

283 2171 327 2197 oss.
346 2170 398 2196 l'rt'.
426 2170 470 2196 Vr.
508 2185 540 2188 -
577 2170 607 2202 §0
632 2170 669 2195 3.
702 2169 871 2194 Debitoris
892 2170 997 2204 sidem
1026 2170 1124 2203 sequi.

284 2213 302 2239 I.
326 2214 388 2247 Sy·
417 2212 554 2244 Cra-ditor.
574 2212 702 2239 Cri-dens.
731 2210 767 2237 lb.
788 2210 817 2237 11.
839 2212 877 2236 13.
898 2221 919 2236 (τ.
941 2213 962 2237 l.
984 2211 1017 2237 de
1030 2212 1124 2237 action.

284 2255 317 2283 ad
335 2260 435 2293 potent.
457 2255 546 2282 transl.
588 2255 631 2281 111.
653 2256 718 2282 Gn.
747 2253 806 2279 Non
831 2253 954 2280 mandatu
976 2264 1048 2285 meo,
1078 2253 1125 2280 sed

284 2299 365 2334 magis
384 2297 446 2324 inihi
467 2298 615 2324 credentem
635 2298 698 2331 (hoc
717 2296 833 2329 secisse).
864 2296 894 2322 i'r.
914 2299 938 2322 ὅ.
958 2307 997 2334 pr.
1018 2297 1049 2323 de
1068 2307 1126 2334 pre-

286 2351 337 2367 car.
356 2342 397 2367 43.
416 2342 457 2366 26.
496 2341 529 2366 Et
548 2341 588 2366 his
609 2357 640 2360 —
661 2345 732 2367 recte
751 2339 834 2371 solvi,
859 2339 930 2376 quod
956 2339 1125 2372 crediderint,

285 2383 348 2410 licet
367 2393 463 2410 novare.
483 2394 534 2410 non
559 2385 670 2420 possint.
705 2384 734 2410 sr.
754 2384 796 2409 27.
822 2392 861 2420 pr.
891 2382 923 2408 de
947 2388 1014 2420 pact.
1039 2386 1063 2409 2.
1086 2385 1124 2409 14.

286 2426 383 2454 Verbis
408 2436 513 2463 quoqne
537 2426 676 2457 credimus,
696 2442 727 2445 ——
748 2425 829 2452 veluti
848 2425 1027 2462 stipulatione.
1051 2426 1082 2452 sr.
1101 2428 1125 2452 2.

287 2471 309 2504 5.
329 2473 353 2497 5.
378 2470 410 2496 de
430 2469 460 2496 li.
482 2468 513 2496 C.
538 2470 577 2495 12.
600 2471 621 2495 1.
652 2468 683 2495 es.
709 2468 739 2495 sr.
759 2470 799 2495 43.
824 2469 845 2502 5.
865 2470 889 2495 6.
919 2468 948 2495 sr.
970 2470 1011 2495 45.
1030 2479 1070 2506 pr.
1095 2468 1127 2495 de

288 2523 392 2549 procur.
412 2515 436 2539 3.
456 2514 480 2539 3.
507 2528 538 2532 -—-
563 2513 594 2546 ᾖ.
619 2513 657 2538 4.
689 2514 863 2538 Per-uniam
882 2513 1040 2538 creditam
1059 2514 1127 2538 lar-

286 2557 364 2590 giri.
402 2555 420 2581 I.
435 2556 497 2590 Sy.
526 2555 596 2581 Dare
610 2555 746 2592 pecuniam
766 2554 914 2587 (mutuam).
951 2554 980 2580 In
999 2555 1127 2581 creditum

290 2597 368 2624 abire.
395 2599 425 2624 l'r.
445 2600 486 2624 24.
507 2599 528 2632 5.
549 2600 572 2624 4.
598 2598 628 2624 l'r.
648 2599 689 2623 27.
709 2597 731 2630 5.
753 2598 774 2622 1.
795 2596 827 2622 11(-
846 2598 938 2623 minor.
957 2598 981 2623 4.
1000 2599 1024 2624 4.
1052 2597 1083 2624 fr.
1104 2600 1126 2624 l.

289 2650 329 2678 pr.
350 2641 414 2667 t‘1-.:3.
435 2642 456 2674 5
467 2644 491 2667 5
514 2640 546 2667 (1(-
566 2640 593 2667 S.
615 2640 645 2667 C.
666 2640 729 2667 Mac.
753 2640 791 2665 14.
811 2641 835 2665 6.
856 2640 886 2665 et'.
908 2640 937 2666 l'r.
954 2642 993 2666 19.
1013 2641 1035 2674 5.
1051 2643 1075 2667 5.
1095 2641 1129 2667 ad.
1149 2635 1150 2638 Ἴ

291 2684 319 2710 S.
340 2683 370 2709 C.
390 2683 483 2710 Vellei.
506 2685 544 2710 16.
568 2685 587 2710 1.
630 2683 672 2710 111.
698 2684 764 2711 Cn·
794 2681 932 2708 Rationem
951 2693 1019 2715 esse,
1038 2699 1070 2703 -—
1090 2683 1128 2710 ul-

293 2731 332 2753 tro
352 2726 417 2752 citro
443 2726 534 2758 dandi,
562 2725 720 2763 accipiendi,
745 2724 882 2757 credendi,
906 2725 1052 2761 obligandi,
1076 2725 1128 2752 sol-

292 2768 370 2795 vendi
389 2769 429 2794 sui
450 2779 525 2794 causa
545 2769 754 2804 negotiationem.
785 2767 815 2794 sr.
835 2769 859 2793 6.
879 2767 901 2800 5.
921 2770 944 2793 3.
965 2767 997 2793 de
1016 2767 1127 2794 edendo.

292 2814 316 2838 2.
338 2813 375 2837 13.
414 2810 442 2837 Si
463 2811 603 2847 stipulatus
623 2812 671 2837 sini
691 2822 704 2837 a
723 2816 749 2837 te
767 2811 912 2847 pecuniam,
933 2814 1061 2846 tamquam
1075 2820 1128 2837 cre-

1168 1960 1226 1976 esse
1245 1949 1432 1986 (patreinl'ani.)
1453 1949 1579 1986 deceptus
1599 1958 1652 1975 non
1671 1958 1736 1974 vana
1754 1946 1936 1984 simplicitate,
1960 1955 2009 1971 nec

1167 1994 1232 2020 iuris
1251 1994 1396 2029 ignorantia
1416 1998 1464 2019 etc.
1494 1992 1524 2019 l'r.
1543 1994 1568 2018 3.
1588 2002 1628 2029 pr.
1648 1990 1681 2017 de
1700 1990 1728 2016 S.
1749 1989 1779 2016 C.
1799 1988 1898 2016 Maced.
1924 1989 1964 2015 14.
1984 1989 2008 2014 6.

1169 2046 1190 2062 0.
1212 2037 1251 2061 11.
1272 2035 1304 2061 de
1324 2036 1357 2062 Ο,
1378 2040 1404 2062 et
1422 2036 1453 2062 A.
1473 2036 1553 2061 4.10.
1590 2033 1648 2060 Alia
1663 2034 1787 2070 opinione
1804 2031 1936 2063 inductus,
1956 2041 2010 2058 cre-

1169 2078 1231 2105 dere
1250 2082 1298 2104 etc.
1328 2078 1384 2104 Gai.
1399 2078 1443 2104 IV.
1465 2078 1521 2104 178.
1542 2076 1573 2103 cf.
1594 2086 1615 2103 0.
1629 2077 1653 2102 4.
1674 2076 1706 2102 de
1725 2074 1813 2102 hereti.
1833 2075 1895 2101 inst.
1915 2076 1940 2101 6.
1953 2076 1997 2101 24.

1205 2121 1418 2149 Credibilis.
1448 2119 1586 2154 (Adiect.)
1628 2121 1702 2146 Veri
1726 2119 1864 2150 similis,
1889 2119 2010 2144 Proba-

1168 2166 1252 2191 bilis.
1291 2164 1333 2190 111.
1358 2165 1425 2192 Gn.
1452 2163 1492 2190 Ex
1517 2172 1547 2189 co
1566 2163 1734 2200 potissimum
1753 2171 1835 2188 annos
1854 2161 2009 2198 computari,

1169 2218 1201 2234 ex
1221 2218 1273 2244 quo
1292 2208 1458 2245 praecipuam
1477 2205 1556 2232 Iidem
1575 2206 1601 2232 in
1621 2216 1650 2232 ea
1669 2216 1697 2232 re
1716 2209 1837 2231 constare
1856 2202 2009 2230 credibilius

1169 2251 1281 2277 videtur.
1306 2251 1336 2277 t'r.
1358 2252 1398 2277 13.
1418 2249 1451 2276 de
1469 2249 1572 2287 probat.
1590 2251 1632 2275 22.
1650 2249 1675 2275 3.
1713 2246 1793 2283 Quod
1812 2247 1941 2283 scriptum
1959 2251 2009 2279 est,

1170 2310 1202 2314 --
1222 2294 1349 2321 credibile
1368 2298 1409 2320 est
1432 2292 1464 2320 de
1489 2302 1519 2319 eo
1539 2292 1668 2328 cogitasse
1693 2295 1742 2317 etc.
1772 2290 1801 2316 l'r.
1823 2291 1862 2316 19.
1887 2290 1909 2323 5.
1929 2291 1952 2316 1.
1976 2289 2010 2316 de

1170 2338 1200 2364 Α.
1221 2348 1246 2364 v.
1266 2338 1297 2364 A.
1318 2337 1345 2364 P.
1370 2338 1411 2363 41.
1435 2338 1459 2362 2.
1507 2335 1634 2371 Quamvis
1658 2344 1711 2360 non
1734 2334 1769 2359 sit
1792 2331 1931 2365 credibile,
1960 2331 2010 2365 (de

1171 2381 1212 2407 his
1231 2381 1349 2407 sensisse
1368 2380 1438 2413 etc.).
1467 2379 1497 2405 I'r.
1517 2379 1558 2403 63.
1578 2376 1611 2403 de
1630 2377 1690 2403 don.
1710 2377 1756 2403 int.
1777 2375 1808 2402 V.
1828 2377 1870 2402 24.
1891 2377 1913 2402 1.

1207 2424 1392 2451 Cre-litor.
1424 2423 1458 2456 §2
1475 2422 1510 2447 1.
1534 2422 1580 2452 Ιε,
1598 2422 1651 2447 cui
1669 2431 1704 2447 ex
1724 2420 1930 2455 obligatione
1947 2420 2010 2446 ali-

1172 2477 1246 2502 qua,
1275 2473 1304 2493 et
1332 2467 1539 2501 potissimum
1570 2465 1681 2495 civili,
1711 2465 1841 2498 aliquid
1870 2463 2008 2488 debetur.

1171 2510 1189 2536 1.
1213 2512 1274 2544 Sy.
1307 2508 1434 2536 credens.
1467 2506 1517 2533 Th.
1538 2506 1569 2533 C.
1589 2506 1619 2532 11.
1645 2508 1683 2533 13.
1709 2517 1730 2533 c.
1751 2508 1774 2532 l.
1800 2505 1833 2532 de
1856 2506 1950 2531 action.
1976 2504 2008 2531 ad

1171 2557 1272 2589 potent.
1315 2551 1366 2578 Cui
1390 2561 1422 2578 ex
1446 2549 1564 2587 qualibet
1588 2560 1665 2576 eausa
1689 2549 1812 2580 debetur,
1836 2548 1879 2574 vel
1898 2558 1930 2574 ex
1949 2557 2009 2584 qua-

1173 2605 1275 2632 cunque
1294 2595 1404 2621 aetione.
1441 2593 1492 2619 Cui
1511 2593 1578 2619 actio
1599 2593 1733 2630 competit.
1758 2591 1788 2618 fr.
1810 2593 1849 2618 16.
1870 2592 1891 2625 5.
1911 2593 1934 2617 2.
1954 2590 2009 2626 Qui

1172 2644 1197 2665 et
1216 2650 1230 2665 a
1249 2648 1292 2675 qu.
1311 2647 1378 2664 man.
1399 2638 1439 2662 40.
1460 2638 1484 2662 9.
1514 2636 1543 2662 1“ι·.
1563 2638 1587 2662 4.
1607 2646 1646 2673 pr.
1671 2635 1703 2662 de
1729 2639 1840 2672 separat.
1866 2636 1906 2660 42.
1925 2634 1949 2659 6.
1976 2632 2007 2659 fr.

1173 2684 1212 2708 10.
1228 2691 1268 2718 sq.
1288 2680 1321 2707 de
1339 2679 1370 2706 V.
1391 2679 1418 2705 S.
1438 2681 1479 2705 50.
1496 2681 1535 2706 16.
1572 2679 1627 2715 Qui
1645 2678 1758 2714 aliquam
1777 2678 1904 2704 actionem
1922 2675 2008 2702 habet.

1172 2725 1202 2751 fr.
1222 2725 1263 2750 54.
1283 2733 1323 2759 sq.
1343 2723 1378 2749 ib.
1399 2724 1440 2749 50.
1462 2723 1501 2749 16.
1526 2722 1556 2749 fr.
1575 2724 1617 2748 42.
1636 2721 1658 2755 ξ.
1679 2723 1702 2747 1.
1723 2720 1756 2747 de
1775 2720 1808 2747 Ο.
1828 2724 1854 2746 et
1871 2718 1903 2746 A.
1922 2720 1963 2745 44.
1984 2720 2007 2744 7.

1171 2766 1327 2804 Stipulator.
1347 2765 1378 2792 fr.
1396 2767 1438 2791 30.
1458 2765 1496 2799 55.
1518 2767 1539 2792 l.
1560 2775 1599 2801 sq.
1620 2764 1652 2791 de
1670 2768 1738 2801 pact.
1757 2765 1781 2789 2.
1803 2763 1842 2788 14.
1879 2761 1921 2788 111,
1942 2762 2008 2789 Cn·

1171 2810 1241 2837 Inter
1259 2809 1417 2836 creditorem
1440 2812 1466 2834 et
1489 2808 1634 2834 debitorem
1659 2809 1824 2834 convenerat.
1855 2804 1886 2831 fr.
1907 2805 1948 2830 42.
1968 2804 2007 2839 111.
