2197 3121
1027 167 1124 198 PRO.

214 249 273 286 quis
292 248 484 286 progredietur,
503 258 555 275 non
572 247 681 274 multum
694 246 777 273 aberit
791 248 852 283 quin
868 262 897 267 —
913 248 1052 274 existimet.

213 292 244 318 fr.
266 293 305 318 l7.
330 291 362 317 de
385 291 502 317 statnlib.
526 293 567 317 40.
588 292 610 317 7.
656 289 711 316 Nec
737 290 847 316 ulterius
870 290 1052 327 progrediatur

212 339 298 361 metus
319 339 365 360 etc.
387 333 436 360 Th.
457 333 490 360 C.
510 333 554 359 IX.
574 334 615 359 40.
635 343 656 359 c.
678 334 717 359 18.
738 333 770 359 de
789 343 865 370 poen.

250 378 492 410 Progressus.
517 375 643 407 (Subst.)
669 378 857 407 Processus,
876 377 1049 402 promotio.

211 419 230 446 I.
246 421 307 454 Sy.
326 419 473 445 Provectio.
494 417 529 444 lb.
544 417 599 444 Vll.
619 420 643 445 3.
663 428 684 444 c.
703 421 727 444 2.
754 418 804 454 Qu.
825 419 850 444 in
868 417 949 454 gradu
968 418 1048 455 praef.

211 461 279 489 VIII.
301 464 323 488 7.
344 472 364 488 c.
384 462 425 487 23.
447 460 478 487 dc
498 460 550 486 div.
571 461 639 487 offic.

248 506 448 531 Proheres.
485 505 587 529 Heres
609 505 742 529 heredis.
779 503 822 529 III.
844 504 909 530 Cn.
930 502 1049 540 Proprie-

210 551 250 573 tas
270 548 452 583 accipientium
472 547 548 572 etiam
568 547 634 572 circa
654 545 765 572 heredes
779 550 805 572 et
818 545 978 581 proheredes
993 545 1049 582 Iege

209 589 362 615 firmabitur.
382 588 412 615 L.
432 588 508 615 Rom.
527 589 605 624 Burg.
627 587 678 614 Tit.
701 590 723 614 l.

248 632 469 658 Prohibere.
490 632 567 665 §.l.
588 633 760 665 Impetlire,
782 631 969 662 Deterrere,
989 633 1047 657 Αν-

208 684 283 701 cere.
321 674 339 700 I.
358 675 420 708 Sy.
444 673 580 710 [inpedire.
610 673 651 699 Cf.
676 673 700 699 h.
724 683 747 699 v.
785 673 826 699 111.
844 674 909 700 Gn.
935 673 1047 700 Tantum

208 717 273 742 iuris
292 716 417 742 habemus
437 716 469 742 ad
489 716 668 747 obtinendum,
688 720 811 752 quantum
831 715 944 752 quilibet
956 726 988 742 ex
1001 726 1047 753 po-

206 758 270 796 pulo
290 758 322 785 ad
342 758 534 796 prohibendum
554 758 639 785 habet.
659 759 687 784 I'r.
703 760 725 784 1.
745 759 766 792 3.
783 760 807 784 2.
828 768 860 784 ne
880 768 922 794 qu.
943 760 968 785 iu
988 758 1047 785 loco

206 801 269 838 pub.
295 803 336 827 43.
360 802 384 828 8.
422 801 465 833 Si,
491 811 548 828 cum
572 801 652 828 vellet
675 805 804 832 statuere,
830 800 980 837 prohibitus
1004 803 1047 833 sit,

206 854 254 870 nec
278 844 399 870 effectum
424 843 557 870 decretum
581 843 677 870 habuit.
703 843 732 869 fr.
754 845 775 869 l.
795 844 816 877 3.
836 845 861 869 2.
887 843 938 879 Qu.
960 845 1046 880 quisq.

205 887 254 912 iur.
273 888 297 913 2..
311 888 335 913 2.
363 886 501 913 Adversus
516 896 580 917 eum,
601 887 645 922 qui
665 885 760 912 furtum
775 896 901 922 quaerere
914 886 1046 913 volentem

204 928 383 966 prohibuerit,
408 930 466 962 (est
489 928 614 966 prohibiti
638 928 699 955 furti
723 930 816 962 actio.)
848 928 904 955 Gai.
925 928 967 955 111,
988 930 1045 955 15⁸8.

205 974 263 998 192.
284 981 324 1008 sq.
357 972 410 1007 Qui
431 988 462 992 —
483 976 664 998 testamentum
684 971 768 997 facere
787 971 931 1008 prohibuit,
951 977 994 998 aut
1013 982 1045 998 ne

204 1015 260 1040 iure
279 1014 437 1041 subsisteret
456 1024 560 1050 operam
580 1013 659 1040 dedit.
680 1013 751 1040 Paul.
772 1013 803 1040 V.
826 1017 864 1041 12.
886 1014 908 1048 3.
929 1016 953 1040 2.
982 1013 1045 1040 Pro-

204 1056 303 1083 hibitus
327 1056 483 1093 intelligitur
502 1056 621 1092 quolibet
639 1056 804 1092 prohibentis
827 1062 898 1089 actu,
926 1057 941 1084 i.
962 1067 982 1083 c.
1002 1056 1044 1083 vel

204 1099 316 1126 dicentis
333 1109 361 1125 se
375 1099 525 1136 prohibere,
544 1099 586 1125 vel
600 1109 701 1125 manum
716 1101 875 1136 opponentis
890 1105 937 1126 etc.
959 1100 988 1126 fr.
1002 1101 1043 1126 20.

203 1142 225 1175 3.
248 1144 269 1168 1.
290 1141 320 1168 cf.
341 1151 379 1178 pr.
399 1142 450 1177 Qu.
470 1143 496 1168 vi
515 1147 558 1168 aut
582 1141 613 1168 cl.
633 1144 673 1168 43.
693 1143 735 1168 ⁴24.
773 1142 858 1169 Fundi
882 1143 1045 1169 usufructua-

203 1185 257 1211 rius
277 1184 434 1220 prohibitus,
454 1189 497 1210 aut
518 1184 643 1211 deiectus.
664 1184 693 1210 fr.
714 1186 754 1211 60.
775 1195 812 1222 pr.
833 1186 854 1219 3.
868 1187 890 1212 l.
911 1185 942 1212 de
962 1185 1043 1212 usufr.

203 1229 227 1253 7.
249 1229 270 1253 l.
307 1226 337 1252 Si
362 1243 391 1246 —
417 1227 569 1264 prohibitus
594 1228 653 1264 quis
677 1228 711 1253 sit
736 1238 748 1253 a
774 1229 945 1265 possessione
970 1228 1000 1255 fr.
1022 1230 1043 1254 l.

200 1270 222 1303 3.
238 1271 261 1296 7.
280 1280 312 1296 ne
332 1270 372 1296 vis
391 1270 444 1296 fiat.
464 1271 504 1296 43.
519 1271 543 1296 4.
575 1270 598 1296 A
612 1270 797 1297 certaminibus
818 1271 957 1307 prohibere
976 1271 1044 1304 (ath-

200 1311 300 1344 letam.)
321 1312 351 1338 fr.
370 1314 412 1338 23.
432 1313 454 1346 3.
474 1314 498 1338 2.
519 1312 570 1347 Qu.
590 1318 650 1339 met.
671 1323 692 1339 c.
706 1315 729 1339 4.
744 1315 767 1339 2.
806 1314 859 1349 Qui
875 1329 907 1333 —
921 1314 1043 1345 funerari,

200 1354 341 1392 sepelirive
360 1354 474 1391 aliquem
493 1354 671 1392 prohibuerit,
698 1354 809 1382 sunusve
829 1358 967 1394 eripuerit,
991 1362 1043 1383 tur—

200 1397 312 1424 baverit.
332 1396 404 1424 Paul.
420 1396 450 1423 V.
463 1399 505 1424 26.
525 1397 547 1431 3.
563 1399 586 1424 3.
619 1397 671 1433 Qui
692 1399 750 1430 scit,
769 1399 815 1425 sed
835 1400 977 1437 prohibere
991 1409 1042 1425 non

198 1445 296 1477 potest.
317 1440 347 1467 fr.
361 1442 402 1466 50.
423 1440 455 1466 de
474 1439 505 1467 R.
519 1440 537 1467 Ι.
557 1442 654 1467 5017.
675 1440 745 1467 Paul.
766 1441 807 1468 III.
827 1444 851 1469 5.
871 1443 893 1476 3.
913 1444 937 1469 4.
970 1442 1041 1469 Nihil

197 1482 323 1520 prohibet
342 1482 423 1515 (solvi
443 1488 490 1510 etc.
510 1493 534 1510 v.
554 1493 605 1520 quo
626 1485 728 1520 magisu)
748 1483 778 1510 fr.
792 1487 834 1511 41.
855 1485 886 1511 de
906 1484 984 1511 solut.
999 1486 1040 1512 46.

197 1526 222 1551 3.
247 1535 268 1551 c.
287 1526 310 1551 3.
336 1525 369 1551 de
393 1525 470 1552 iudic.
495 1527 520 1552 3.
542 1527 564 1552 1.
595 1542 627 1545 -
656 1527 687 1560 ξ.
709 1528 743 1553 2.
777 1528 906 1560 Velare,
936 1529 1043 1554 Inter-

198 1570 312 1594 dicere.
357 1567 375 1594 I.
396 1569 457 1602 Sy.
486 1568 630 1605 Denegare.
659 1568 700 1595 Cf.
721 1569 744 1595 h.
765 1580 788 1596 v.
809 1570 829 1603 3.
849 1572 873 1596 2.
910 1570 1040 1597 Inhibcre.

198 1609 240 1637 Cf.
261 1610 286 1637 h.
306 1621 329 1637 v.
362 1610 529 1638 Interdicere.
549 1611 589 1638 Cf.
610 1611 634 1638 h.
655 1622 678 1638 v.
699 1613 720 1645 3.
742 1614 764 1638 l.
795 1612 932 1649 Impedire.
953 1612 994 1639 Cf.
1014 1613 1039 1639 h.

197 1662 222 1679 v.
242 1652 345 1679 Vetare.
375 1653 431 1679 Gai.
456 1653 486 1680 II.
512 1656 570 1680 110.
595 1664 633 1691 sq.
664 1654 725 1691 le.
751 1654 769 1681 I.
795 1657 818 1681 1.
838 1665 878 1692 sq.
919 1655 949 1682 II.
973 1658 1039 1690 ΟΡ.

197 1694 360 1722 Concedere.
381 1695 422 1722 Cf.
443 1696 467 1722 h.
487 1706 511 1723 v.
531 1697 553 1731 3.
573 1699 597 1723 2.
634 1696 796 1724 Permittere.
824 1697 865 1724 Cf.
885 1698 910 1724 h.
930 1708 953 1725 v.
973 1699 995 1731 3.
1016 1701 1038 1725 l.

198 1737 345 1764 Prohiberi.
375 1754 404 1758 —
435 1738 531 1771 Posse,
555 1739 654 1767 Licere.
684 1739 740 1766 Gai.
761 1740 778 1767 I.
799 1742 840 1766 59.
859 1742 901 1767 61.
921 1751 980 1777 sqq.
1007 1741 1038 1767 II.

199 1782 256 1806 110.
276 1782 333 1807 275.
353 1782 412 1808 285.
432 1791 471 1818 sq.
497 1782 528 1808 fr.
550 1784 572 1809 l.
591 1783 629 1816 33.
649 1784 673 1809 5.
692 1784 716 1809 8.
737 1793 776 1819 sq.
800 1783 832 1809 de
852 1783 949 1820 postul.
969 1785 994 1810 3.
1016 1786 1037 1810 1.

196 1822 240 1849 111.
257 1824 322 1850 Gn.
343 1823 393 1850 Per
412 1823 503 1860 legem,
523 1835 543 1851 s.
563 1825 641 1861 Lege,
661 1835 684 1851 v.
705 1825 805 1857 S.Cto,
826 1830 875 1852 etc.
895 1826 1037 1863 prohiberi.

197 1865 254 1892 Gai.
274 1865 291 1892 I.
311 1868 353 1892 27,
372 1866 403 1892 II.
423 1868 464 1893 63.
485 1869 542 1893 110.
562 1870 621 1894 275.
641 1877 680 1904 sq.
700 1869 758 1894 286.
784 1868 845 1905 le.
864 1869 933 1895 XIII.
955 1871 976 1895 l.
997 1879 1036 1905 sq.

195 1908 279 1935 XXII.
298 1910 323 1935 3.
343 1909 373 1935 fr.
394 1911 416 1935 l.
437 1909 474 1943 33.
496 1911 518 1935 l.
538 1912 561 1935 5.
581 1911 603 1936 7.
624 1920 682 1946 sqq.
703 1910 735 1937 de.
755 1911 853 1947 postul.
872 1912 896 1937 3.
918 1913 940 1937 1.
978 1911 1037 1938 Non

194 1956 293 1988 potest,
314 1967 343 1972 -
365 1951 391 1978 id
410 1953 478 1978 enim
497 1952 621 1989 prohibet
640 1953 690 1979 Iex.
710 1953 771 1990 le.
791 1954 836 1980 XI.
859 1955 898 1980 16.
917 1954 976 1981 XX.
997 1956 1036 1981 14.

194 1994 226 2020 t'r.
245 1996 270 2020 2.
295 1994 327 2020 de
351 1994 394 2020 off.
420 1994 520 2021 adsess.
541 1997 563 2021 l.
583 1998 624 2022 22.
660 1995 730 2032 Lege
755 1996 903 2033 prohiberI,
926 1998 990 2028 nisi,
1015 2007 1035 2023 s.

194 2041 375 2073 praeterquam
395 2038 418 2063 si
438 2042 485 2063 etc.
505 2047 529 2064 v.
550 2040 666 2076 exceptis
687 2038 850 2075 quibusdam.
871 2039 902 2066 fr.
918 2041 940 2066 1.
961 2040 998 2074 33.
1012 2041 1035 2066 8.

195 2088 234 2115 sq.
255 2079 271 2106 I.
290 2081 314 2106 3.
336 2081 358 2105 l.
378 2079 439 2116 le.
458 2079 477 2106 I.
498 2082 520 2106 l.
543 2082 581 2107 13.
620 2081 695 2116 Quos
715 2081 824 2108 Praetor
847 2083 873 2108 in
893 2087 990 2115 totum,
1015 2092 1035 2108 s.

196 2121 355 2155 omnimodo,
374 2122 498 2159 probibet
517 2123 686 2160 (postulare.)
704 2124 735 2151 fr.
757 2127 777 2151 l.
798 2125 835 2159 33.
852 2127 872 2151 l.
887 2126 911 2151 3.
926 2127 948 2151 7.
968 2124 997 2151 fr.
1013 2127 1036 2151 7.

197 2162 214 2189 1.
234 2163 250 2190 I.
270 2166 294 2191 3.
314 2167 337 2191 l.
374 2164 441 2192 Cum
465 2165 527 2202 quid
551 2167 657 2192 iusserit
681 2167 738 2193 fieri
758 2168 812 2201 (sc.
833 2167 973 2201 Praetor.)
993 2173 1037 2194 aut

196 2205 254 2231 fieri
273 2207 444 2242 prohibuerit.
465 2207 522 2234 Gai.
541 2207 585 2234 IV.
603 2211 660 2236 141.
680 2209 711 2236 cf.
732 2210 762 2236 fr.
781 2212 823 2237 23.
843 2221 881 2247 pr.
903 2210 955 2246 Qu.
975 2215 1035 2237 met.

197 2257 218 2274 c.
233 2249 256 2274 4.
269 2250 293 2274 2.
326 2249 440 2277 Decreto
460 2250 631 2278 decurionum
650 2251 793 2288 prohiberi.
813 2253 842 2279 fr.
858 2255 881 2279 6.
902 2254 923 2287 3.
938 2255 962 2280 2.
984 2253 1035 2288 Qu.

197 2291 246 2317 cui.
266 2292 335 2317 univ.
355 2302 422 2319 nom.
441 2295 466 2319 3.
485 2295 509 2319 4.
547 2293 639 2330 Neque
663 2294 732 2320 licita
752 2297 929 2331 negotiatione
948 2296 1036 2332 prohi-

195 2332 260 2365 beri.
279 2343 364 2369 neque
382 2334 513 2370 prohibita
533 2337 657 2363 exerceri.
678 2336 708 2363 sr.
722 2339 744 2364 6.
762 2337 784 2370 3.
798 2340 822 2364 4.
843 2337 875 2364 de
889 2339 933 2365 off.
948 2338 1035 2365 Praes.

196 2377 218 2402 l.
241 2377 280 2401 18.
300 2376 331 2402 cf.
356 2376 385 2402 fr.
408 2379 429 2403 l.
448 2378 470 2411 3.
490 2380 513 2405 9.
538 2378 570 2405 de
591 2380 632 2405 off,
653 2379 705 2406 Prt'.
726 2379 772 2406 Vr.
793 2382 815 2407 l.
837 2383 876 2407 12.
914 2381 983 2407 Saue
1003 2397 1034 2400 —-

196 2428 248 2444 non
268 2423 309 2444 est
328 2419 496 2454 prohibitum,
515 2422 562 2453 (ita
582 2423 689 2453 emere.)
710 2421 751 2448 Fr.
773 2422 804 2449 de
824 2423 841 2449 I.
862 2423 889 2450 F.
911 2424 993 2457 §.19.

233 2461 456 2488 Prohibitio.
493 2462 523 2494 §0
543 2465 578 2490 1.
602 2467 789 2499 Impeditio.
826 2465 868 2492 III.
890 2467 956 2493 Gn.
981 2466 1034 2502 Qui

196 2502 228 2529 de
247 2504 287 2529 via
305 2503 411 2540 publica
431 2505 494 2539 agit,
520 2509 545 2530 et
562 2508 664 2542 privato
685 2507 778 2534 damno
799 2519 829 2534 ex
854 2508 1033 2545 prohibitione

195 2545 322 2572 adficitur.
343 2546 372 2572 fr.
393 2548 433 2572 42.
454 2556 492 2582 pr.
513 2546 544 2573 de
563 2557 665 2584 procur.
684 2552 708 2577 3.
728 2553 752 2577 3.
777 2566 803 2570 —
826 2552 903 2584 §.2.
924 2553 1032 2578 Inter—

195 2590 305 2614 diceio.
342 2588 373 2614 II.
397 2590 463 2622 Op.
487 2588 572 2615 Hodie
596 2593 705 2626 primum
729 2593 850 2620 interdici
874 2594 980 2630 placuit.
1001 2611 1031 2615 —

194 2630 278 2658 Vetus
302 2631 453 2667 prohibitio.
478 2630 548 2658 Colt.
572 2631 624 2659 LL.
643 2633 675 2660 M.
695 2635 753 2662 XV.
773 2638 796 2662 2.
834 2636 876 2663 III.
897 2638 962 2664 011.
986 2637 1032 2664 Di-

194 2675 299 2709 gnitatis
320 2673 405 2709 aliqua
425 2674 570 2710 depositi0‚
595 2680 638 2701 aut
656 2675 765 2704 alicuius
785 2684 857 2705 actus
877 2679 1029 2716 prohibitio.

193 2716 223 2743 I'r.
243 2720 267 2743 ὅ.
287 2726 324 2753 pr.
345 2716 377 2742 de
396 2726 472 2753 poen.
492 2718 533 2743 48.
555 2719 595 2744 19.

231 2759 519 2786 Prohibitorius.
551 2760 689 2793 (Adiect.)
722 2764 768 2788 Ad
794 2766 1028 2798 prohibendum

194 2808 406 2837 comparatus.
442 2801 474 2828 II.
495 2803 561 2836 Op.
586 2802 803 2838 Prohiffitorium,
830 2822 862 2826 —
891 2807 1028 2835 Exhibito·

1876 170 1936 199 773

1096 250 1171 281 rium,
1192 265 1222 269 »-
1242 248 1443 276 Restitutorium
1463 249 1672 283 (interdictum.)
1695 250 1736 276 Cf.
1757 260 1780 276 v.
1800 250 1936 276 Exhibitu-

1096 293 1158 318 rius.
1196 291 1238 318 III.
1259 293 1325 319 011.
1349 292 1405 319 IIoc
1425 293 1590 320 interdIctum
1611 293 1825 330 prohibitorium,
1852 299 1877 319 et
1897 294 1935 319 in-

1095 333 1197 360 terdum
1216 335 1407 361 restitutorium
1428 340 1475 362 est.
1496 336 1525 362 fr.
1544 338 1565 362 l.
1586 336 1607 369 3.
1624 337 1645 361 l.
1665 335 1697 362 de
1717 346 1781 372 aqua
1801 341 1872 373 quot.
1893 338 1934 362 43.

1094 378 1135 402 20.
1172 376 1228 403 Hoc
1253 377 1420 404 interdictum
1440 378 1640 411 prohibitorium
1660 383 1713 410 est.
1737 389 1769 405 ne
1793 380 1852 415 quis
1877 389 1935 416 pro-

1094 419 1183 445 hibeat
1202 419 1286 446 facere
1305 420 1443 447 volentem.
1465 420 1494 446 fr.
1514 424 1555 447 20.
1576 422 1596 454 3.
1619 423 1640 447 1.
1661 421 1693 448 de
1709 421 1741 448 Ο.
1755 421 1786 448 N.
1801 421 1833 447 N.
1853 423 1895 447 39.
1912 423 1932 447 1.

1094 461 1289 499 Inspiciendum
1318 464 1380 494 erit,
1409 473 1440 489 an
1469 473 1520 489 nou
1544 464 1714 500 prohibeatur
1736 469 1934 502 procuratorem

1094 504 1169 535 dare3
1189 506 1248 541 quia
1268 505 1318 531 hoc
1337 505 1451 532 edictum
1471 506 1673 543 prohibitorium
1692 512 1739 533 est.
1759 506 1789 533 fr.
1806 508 1846 533 43.
1867 507 1888 540 3.
1911 508 1933 532 l.

1093 547 1125 573 de
1145 558 1247 584 procur.
1267 550 1290 575 3.
1310 550 1333 575 3.

1130 599 1332 626 Proiectio.
1370 600 1538 635 Aedificii
1558 609 1649 632 pars,
1674 602 1861 633 prominens
1882 609 1933 625 ex-

1092 646 1143 667 tra
1165 643 1333 675 parietem.
1376 641 1396 669 l.
1416 642 1477 675 Sy.
1502 641 1638 667 Proiectus
1662 643 1711 674 (ex
1735 642 1843 669 aedibus
1868 643 1932 668 mels

1092 684 1117 709 in
1144 683 1221 710 aedes
1245 685 1329 717 tuas.)
1358 684 1489 710 Proiectis)
1510 685 1605 721 (supra
1625 685 1704 710 vicini
1723 684 1833 714 solum.)
1858 684 1888 710 fr.
1908 686 1932 710 3.

1091 726 1128 759 33.
1149 728 1171 752 5.
1192 736 1230 763 sq.
1253 728 1289 753 uti
1309 727 1438 763 possidet.
1458 728 1498 753 43.
1521 729 1560 753 17.

1129 778 1340 804 Proiectus.
1360 777 1477 809 (Subst.)
1498 777 1575 803 Idem.
1613 777 1631 803 I.
1649 778 1710 812 Sy.
1730 777 1868 804 Proiectio.
1889 777 1930 804 Cf.

1092 819 1116 845 h.
1137 830 1161 845 v.
1198 819 1240 845 111.
1261 821 1326 847 Cn.
1347 819 1481 846 Stillicidii
1502 821 1584 856 rigor,
1605 825 1630 846 et
1650 821 1778 856 tignorum
1798 822 1931 857 proiectus

1092 861 1135 895 [al.
1155 863 1314 898 protectus]
1336 862 1365 889 fr.
1385 865 1426 889 41.
1446 864 1467 896 3.
1490 865 1510 889 l.
1531 863 1562 889 de
1582 862 1608 889 S.
1629 862 1656 889 P.
1672 862 1703 889 V.
1723 864 1746 889 8.
1767 866 1790 889 2.
1829 863 1856 889 Si
1873 863 1931 899 quis

1090 905 1249 941 proiectum,
1278 910 1322 931 aut
1345 905 1508 932 stillicidium
1536 907 1562 932 in
1591 905 1759 942 sepulchrum
1787 907 1929 932 immiserit.

1089 946 1120 973 fr.
1140 948 1181 973 22.
1202 947 1223 980 3.
1243 948 1266 972 4.
1287 947 1338 982 Qu.
1359 949 1384 974 vi
1404 953 1447 974 aut
1467 947 1498 974 cl.
1518 949 1559 974 43.
1579 950 1621 974 24.

1127 997 1337 1024 Proiectus.
1357 997 1486 1030 (Pan-tic.)
1510 998 1588 1024 Idem.
1626 998 1643 1024 l.
1661 999 1721 1032 Sy.
1742 998 1785 1030 Id⁷
1805 998 1876 1035 quod
1897 1000 1930 1024 ita

1088 1040 1292 1077 proveheretur,
1326 1045 1354 1066 ut
1385 1050 1512 1076 nusquam
1544 1042 1728 1077 requiesceret.
1774 1041 1929 1068 Proiectum.

1089 1083 1119 1109 sr.
1139 1085 1198 1109 242.
1219 1083 1240 1116 3.
1263 1084 1283 1108 l.
1304 1082 1336 1108 de
1352 1082 1381 1109 V.
1402 1083 1429 1109 S.
1449 1085 1489 1109 50.
1506 1085 1543 1109 16.
1581 1083 1611 1109 II.
1631 1085 1697 1117 011.
1718 1083 1872 1110 immissum.
1893 1084 1929 1110 Ib.

1089 1125 1131 1152 III.
1149 1127 1215 1153 Cn.
1236 1126 1311 1161 Quae
1331 1136 1362 1152 ex
1381 1126 1445 1151 meis
1466 1125 1573 1152 aedibus
1594 1127 1620 1152 in
1640 1132 1696 1153 tuas
1716 1127 1793 1153 aedes
1814 1128 1930 1163 proiecta

1089 1173 1164 1201 sunt,
1189 1169 1234 1201 (ut
1258 1179 1286 1194 ea
1310 1168 1373 1194 mihi
1398 1168 1433 1194 ita
1458 1168 1553 1195 habere
1576 1168 1678 1202 liceat.)
1702 1169 1732 1195 fr.
1752 1172 1792 1196 80,
1813 1171 1834 1203 3
1857 1172 1877 1196 l.
1898 1169 1931 1195 de

1089 1216 1171 1238 contr.
1193 1216 1251 1237 emt.
1273 1212 1312 1236 18.
1334 1213 1356 1237 l.

1126 1262 1335 1289 Proiieere.
1373 1262 1403 1294 ξ.
1419 1263 1453 1288 l.
1474 1263 1636 1293 Deiieere,
1658 1265 1810 1289 Ahz'icere.
1834 1262 1851 1288 I.
1867 1263 1928 1297 Sy.

1088 1305 1183 1336 Iacere.
1202 1304 1300 1330 lactare
1320 1304 1454 1337 (merces.)
1474 1304 1515 1330 Cf.
1536 1304 1559 1331 h.
1580 1315 1622 1331 vv.
1648 1305 1778 1332 Abiicere.
1799 1305 1839 1331 Cf.
1860 1305 1884 1331 h.
1905 1316 1927 1330 v.

1088 1347 1131 1374 III.
1152 1348 1218 1375 Cn.
1238 1347 1279 1373 De
1297 1351 1387 1383 ponte,
1407 1352 1451 1373 aut
1470 1348 1533 1384 ripn,
1553 1348 1579 1373 in
1599 1348 1695 1374 flumen
1714 1349 1851 1385 proiicere.
1872 1348 1927 1373 Gai.

1087 1390 1131 1416 III.
1150 1391 1209 1416 219.
1248 1389 1362 1416 Puellam
1382 1391 1525 1426 proiectam
1545 1389 1577 1416 de
1597 1390 1674 1417 domo
1693 1392 1785 1428 patris,
1806 1407 1836 1409 —
1857 1390 1929 1416 colli>

1087 1443 1154 1469 gere.
1175 1432 1225 1459 Th.
1244 1432 1274 1459 C.
1296 1431 1327 1458 V.
1348 1434 1371 1459 7.
1392 1443 1413 1459 c.
1434 1434 1456 1458 l.
1481 1432 1513 1459 de
1533 1435 1645 1470 exposit.
1683 1433 1820 1469 Quosdam
1841 1449 1870 1453 —
1892 1443 1929 1459 Γρ-

1087 1477 1138 1512 cipi
1157 1476 1183 1502 in
1203 1480 1300 1502 sectam
1319 1485 1405 1506 suam.
1430 1491 1462 1495 -—-
1487 1485 1554 1511 quos
1577 1477 1628 1513 ipsi
1652 1492 1683 1496 ——
1708 1477 1858 1514 proiiciunt.
1891 1476 1927 1502 lb.

1086 1518 1155 1545 XVI.
1175 1519 1199 1545 8.
1220 1528 1240 1544 c.
1261 1519 1284 1544 8.
1305 1517 1338 1544 de
1357 1518 1412 1544 Iud.
1437 1533 1461 1538 —
1493 1519 1525 1551 §0
1545 1519 1580 1545 2.
1601 1520 1790 1546 Imminere.
1828 1519 1847 1545 I.
1866 1520 1928 1553 Sy.

1084 1561 1172 1587 Iacere
1192 1560 1299 1594 (molem
1318 1561 1344 1586 in
1363 1560 1454 1594 mare.)
1475 1560 1504 1587 fr.
1518 1563 1542 1587 2.
1563 1561 1600 1594 33.
1614 1562 1638 1587 8.
1652 1571 1691 1597 sq.
1714 1571 1746 1588 ne
1765 1571 1808 1598 qu.
1828 1563 1854 1588 in
1868 1561 1927 1588 loco

1084 1604 1146 1641 pub.
1166 1606 1207 1630 43.
1227 1605 1250 1630 8.
1288 1603 1330 1629 III.
1351 1604 1416 1630 Cn.
1436 1603 1519 1629 Moles
1539 1604 1564 1629 in
1584 1613 1663 1636 mare,
1682 1604 1724 1630 vel
1744 1604 1849 1636 flumen,
1869 1615 1929 1641 pro-

1084 1648 1174 1673 iectae.
1194 1646 1225 1673 fr.
1247 1648 1269 1672 1.
1289 1647 1310 1680 3.
1329 1647 1352 1672 3.
1374 1646 1406 1672 de
1426 1647 1487 1683 imp.
1508 1647 1534 1672 in
1554 1656 1597 1672 res
1617 1646 1670 1673 dot.
1690 1649 1732 1673 25.
1754 1649 1776 1673 l.
1796 1663 1828 1666 —
1848 1648 1878 1680 ξ.
1891 1649 1927 1673 3.

1084 1692 1279 1717 Protendere
1307 1691 1466 1725 aedificii
1487 1695 1612 1722 partem
1637 1692 1846 1724 superiorem.
1883 1689 1926 1716 III.

1084 1734 1151 1760 Gn.
1170 1732 1336 1758 Vrbanorum
1355 1731 1520 1768 praediorum
1540 1732 1610 1763 iura,
1630 1748 1661 1751 —
1681 1733 1838 1759 immittendi
1856 1734 1927 1769 tigna

1083 1775 1109 1800 in
1123 1776 1248 1811 parietem
1262 1774 1350 1806 vicini.
1371 1778 1396 1800 et
1415 1773 1528 1810 denique
1547 1774 1711 1811 proiiciendi,
1730 1775 1926 1812 protegendive.

1083 1816 1113 1843 fr.
1133 1819 1157 1843 2.
1179 1816 1210 1843 cf.
1236 1816 1267 1843 fr.
1289 1818 1310 1843 l.
1335 1827 1374 1854 pr.
1398 1816 1430 1843 de
1450 1816 1477 1842 S.
1498 1816 1524 1843 P.
1546 1816 1576 1844 V.
1601 1818 1625 1844 8,
1647 1820 1671 1843 2.
1709 1817 1738 1844 Si
1763 1819 1926 1845 maenianum

1082 1861 1108 1885 in
1128 1864 1200 1886 tuum
1223 1860 1368 1886 immissum
1393 1859 1521 1891 habuero,
1546 1865 1589 1886 aut
1614 1860 1778 1887 stillicidium
1802 1862 1828 1887 in
1853 1866 1925 1887 tuum

1082 1903 1226 1939 proiecero.
1250 1902 1281 1929 sr.
1301 1905 1341 1929 20.
1366 1913 1404 1940 pr.
1430 1902 1464 1928 ib.
1484 1903 1508 1928 8.
1533 1904 1557 1928 2.
1579 1902 1611 1929 cf.
1636 1903 1664 1930 fr.
1686 1905 1710 1929 5.
1734 1904 1756 1937 3.
1778 1905 1818 1930 10.
1839 1903 1870 1930 de
1890 1904 1924 1930 Ο.

1082 1944 1113 1971 N.
1136 1944 1168 1971 N.
1192 1946 1233 1971 39.
1255 1947 1277 1971 l.
1302 1945 1332 1971 fr.
1351 1947 1410 1971 242.
1435 1945 1455 1978 3.
1478 1946 1499 1971 l.
1525 1944 1556 1971 de
1580 1944 1610 1972 V.
1635 1945 1662 1972 S.
1687 1948 1728 1972 50.
1750 1947 1790 1972 16.
1820 1946 1879 1979 (Cf.
1899 1957 1923 1973 v.

1081 1987 1240 2020 Proiectus.)
1261 2004 1292 2007 —
1313 1989 1344 2022 ξ.
1368 1989 1407 2014 4.
1429 1989 1608 2020 insistere,
1630 1991 1790 2021 Abiicere,
1810 1991 1924 2015 Prodi-

1078 2041 1161 2066 gere.
1198 2030 1216 2056 I.
1237 2031 1299 2065 Sy.
1324 2030 1466 2057 Effundere
1487 2031 1646 2067 (pecunias.)
1671 2030 1700 2057 fr.
1720 2034 1761 2058 25.
1781 2032 1861 2065 331.
1882 2041 1922 2067 sq.

1082 2073 1114 2099 de
1133 2073 1235 2110 probat.
1261 2076 1301 2100 22.
1321 2075 1345 2100 3.
1383 2072 1539 2110 Expendere
1563 2074 1637 2107 (sine
1657 2074 1775 2105 effectu.)
1801 2084 1822 2100 c.
1841 2076 1865 2100 2.
1891 2074 1924 2100 de

1082 2115 1160 2142 Coss.
1183 2118 1222 2142 12.
1241 2117 1265 2142 3.
1303 2115 1346 2142 III.
1361 2117 1428 2143 011.
1448 2115 1477 2141 Si
1497 2115 1558 2142 dolo
1579 2127 1632 2142 rem
1652 2116 1739 2143 viliori
1757 2117 1843 2153 pretio
1863 2127 1922 2153 pro—

1081 2159 1205 2184 iecerunt.
1227 2158 1256 2184 fr.
1276 2160 1317 2184 50.
1338 2158 1371 2185 de
1390 2159 1511 2185 eviction.
1531 2160 1573 2185 21.
1591 2161 1615 2185 2.

1119 2213 1300 2240 Proinde.
1338 2213 1368 2245 ξ.
1389 2215 1423 2239 1.
1449 2215 1539 2245 Inde,
1560 2215 1690 2240 Exinde.
1728 2212 1747 2239 I.
1763 2213 1824 2247 Sy.
1843 2213 1920 2248 Ergo.

1081 2254 1111 2281 fr.
1132 2257 1154 2281 7.
1180 2255 1213 2281 de
1237 2255 1316 2281 solut.
1341 2256 1382 2281 46.
1401 2257 1426 2281 3.
1464 2255 1505 2281 111.
1527 2256 1592 2282 s'n.
1616 2255 1755 2281 Actionem
1780 2255 1869 2286 edere.
1894 2260 1920 2281 ut

1080 2308 1118 2334 pr.
1138 2298 1205 2324 sciat
1223 2307 1298 2330 reus,
1324 2303 1409 2324 utrum
1430 2303 1478 2323 etc.
1502 2297 1531 2323 fr.
1554 2299 1575 2323 l.
1595 2307 1635 2334 pr.
1655 2297 1687 2324 de
1707 2297 1816 2324 edendo.
1836 2300 1859 2323 2.
1880 2299 1921 2323 13.

1079 2340 1249 2367 Matremfam.
1274 2341 1393 2376 accipere
1415 2340 1541 2366 debemus
1561 2350 1615 2365 eam
1636 2345 1684 2366 etc.
1704 2356 1736 2359 ——
1755 2340 1866 2376 proinde
1885 2341 1921 2366 ni-

1079 2383 1116 2409 hil
1137 2384 1256 2409 intererit
1277 2389 1324 2409 etc.
1346 2383 1376 2408 fr.
1396 2384 1436 2408 46.
1457 2383 1478 2416 3.
1500 2384 1521 2408 1.
1542 2382 1574 2408 de
1590 2381 1622 2409 V.
1637 2382 1664 2408 S.
1684 2384 1724 2409 50.
1740 2385 1778 2409 16.
1800 2382 1830 2408 cf.
1851 2382 1882 2408 fr.
1895 2384 1918 2408 8.

1079 2425 1111 2452 de
1130 2425 1161 2452 Ρι.
1182 2425 1213 2452 C.
1240 2428 1278 2452 12.
1300 2428 1321 2452 l.
1364 2425 1397 2450 Et
1422 2430 1486 2461 puto
1512 2424 1736 2456 constituendum,
1761 2430 1788 2451 ut
1813 2430 1861 2451 etc.
1887 2439 1920 2443 -

1078 2468 1120 2494 Pr.
1146 2469 1202 2494 sive
1225 2473 1273 2494 etc.
1299 2466 1382 2493 vatic.
1408 2467 1507 2500 §.192
1546 2467 1586 2493 Pr.
1608 2468 1630 2493 si
1650 2472 1696 2493 etc.
1723 2483 1751 2487 —-
1778 2467 1831 2493 Sed
1851 2472 1876 2493 et
1895 2468 1918 2493 si

1080 2516 1128 2537 etc.
1154 2511 1184 2537 fr.
1204 2512 1228 2536 8.
1249 2520 1287 2547 pr.
1308 2509 1340 2535 de
1359 2509 1382 2536 h.
1404 2520 1446 2546 qu.
1467 2511 1514 2536 sui.
1537 2512 1557 2535 l.
1578 2511 1600 2535 6.
1621 2509 1650 2536 fr.
1671 2511 1694 2535 6.
1715 2509 1747 2535 de
1766 2509 1784 2535 I.
1805 2509 1822 2536 Ι.
1842 2509 1873 2537 R.
1894 2512 1918 2536 4.

1079 2556 1100 2580 l.
1126 2569 1157 2573 -—
1185 2554 1216 2586 §-
1235 2554 1270 2579 2.
1290 2554 1440 2585 Perinde,
1467 2555 1570 2587 Aeque
1593 2562 1636 2578 ac.
1672 2551 1690 2577 I.
1710 2553 1772 2586 Sy.
1798 2551 1918 2579 PerInde.

1078 2595 1118 2622 Cf.
1139 2596 1162 2621 h.
1183 2605 1207 2621 v.
1244 2594 1286 2620 III.
1309 2596 1374 2622 Cn.
1398 2595 1451 2621 Sed
1472 2595 1532 2621 huic
1550 2604 1588 2631 pr.
1610 2595 1676 2619 aetio
1697 2596 1834 2630 competit,
1859 2605 1918 2632 pro-

1077 2638 1191 2674 indeque
1210 2638 1233 2663 ei
1253 2642 1323 2664 recte
1343 2637 1456 2664 solvitur
1475 2648 1503 2663 ac
1517 2637 1602 2663 nobis.
1623 2636 1679 2662 Gai.
1694 2636 1735 2663 III.
1752 2639 1808 2664 111.
1835 2637 1917 2664 onri

1077 2691 1142 2717 quae
1162 2681 1188 2706 in
1207 2690 1284 2706 mann
1304 2685 1357 2712 est,
1382 2690 1419 2716 pr.
1446 2690 1474 2705 ac
1494 2679 1576 2710 filiae.
1600 2680 1662 2705 item
1681 2681 1758 2706 nurui
1778 2696 1809 2700 ——
1829 2691 1868 2718 pr.
1889 2691 1918 2706 ae

1076 2724 1162 2760 nepti.
1192 2727 1264 2749 tutor
1288 2722 1342 2749 dari
1367 2726 1462 2759 potest.
1492 2721 1528 2747 Id.
1552 2720 1569 2747 I.
1591 2723 1648 2748 148.
1669 2722 1700 2748 cf.
1729 2722 1759 2749 ll.
1779 2725 1838 2749 212.
1857 2725 1916 2748 221.

1075 2766 1118 2792 III.
1137 2767 1178 2792 56.
1216 2765 1258 2792 Pr.
1284 2765 1359 2791 heres
1384 2764 1426 2795 fit.
1455 2780 1484 2784 ·-
1510 2774 1539 2790 ac
1564 2765 1586 2790 si
1610 2765 1668 2802 ipse
1691 2765 1767 2792 heres
1786 2765 1915 2801 legitimus

1078 2813 1156 2835 esset.
1177 2807 1238 2845 le.
1253 2807 1323 2834 XIX.
1340 2809 1378 2833 14.
1393 2806 1424 2833 cf.
1444 2806 1473 2833 II.
1493 2806 1517 2833 6.
1548 2806 1589 2834 Pr.
1609 2808 1635 2834 in
1655 2808 1747 2835 eodem
1765 2813 1834 2835 statu
1854 2809 1915 2835 sint.
