2197 3121
273 175 330 205 194
1083 170 1186 202 CON.

269 256 311 283 111.
332 257 397 284 (Υη.
428 255 461 281 Vt
485 254 647 291 singulorum
672 256 738 281 intra
758 254 884 281 ecelesias
905 254 1110 290 confugientium
1132 284 1133 292 ἵ
1154 253 1294 289 Adgnatio.
1323 252 1373 279 Th.
1393 252 1424 280 C.
1446 253 1476 280 V.
1498 255 1520 280 l.
1541 264 1562 280 c.
1585 256 1606 280 1.
1630 254 1662 281 dc
1682 255 1751 291 legit.
1772 256 1882 283 heredIt.
1914 256 1997 282 Erunt

269 309 397 337 personas
418 308 562 335 causasque
576 300 738 324 incessanter
751 298 907 334 conquirant
927 298 1110 331 (oeconomuS.
1132 299 1133 317 ἶ
1155 295 1206 322 sibi
1226 297 1420 330 consanguinei.
1449 296 1506 323 Iura
1521 299 1756 333 consanguinitatis
1776 299 1908 325 habebunt
1927 302 1998 332 (cum

271 344 327 369 sive
347 341 469 368 defensor
488 341 642 373 ecclesiae).
664 351 685 366 c.
705 341 729 366 6.
749 340 770 374 5.
791 342 815 367 6.
836 340 868 367 de
887 340 912 366 b.
932 350 975 376 qn.
995 339 1028 366 ad
1047 339 1111 366 eccl.
1155 338 1209 366 his.
1229 349 1253 364 v.
1275 340 1342 365 inter
1361 340 1410 371 se).
1431 338 1461 366 fr.
1482 341 1504 366 1.
1525 340 1617 374 5510.
1634 351 1674 377 sq.
1695 341 1727 367 de
1746 343 1802 368 suis
1822 347 1847 368 et
1866 342 1936 377 legit.
1955 343 1997 368 38.

272 388 294 412 1.
316 388 355 412 12.
388 401 419 404 —
452 385 482 417 ξ.
503 386 540 411 3.
572 386 749 416 Quaerere,
781 384 969 417 Adquirere.
1006 382 1024 408 1.
1050 384 1111 417 Sy.
1158 383 1196 407 16.
1226 381 1259 407 fr.
1270 382 1294 408 6.
1315 381 1385 408 unde
1403 381 1473 417 legit.
1493 384 1534 409 38
1550 385 1572 409 7.
1610 383 1640 410 ll.
1657 386 1724 418 ΟΡ.
1745 385 1997 417 consanguinitatis.

271 430 405 464 Quaerere
429 427 610 463 (dignitatem,
637 436 660 452 v.
686 425 841 458 honorem).
879 425 929 452 Th.
949 425 980 452 C.
1001 425 1043 452 Vl.
1069 427 1110 452 26.
1132 414 1134 442 ⁴¹
1157 440 1189 444 —
1209 423 1389 451 Proximitatis
1409 425 1484 458 (ius).
1509 425 1539 452 fr.
1559 427 1583 452 4.
1604 427 1672 453 unde
1693 438 1766 463 cogn.
1785 430 1827 454 35.
1847 414 1870 453 6.
1892 437 1912 453 c.
1934 429 1955 454 1.
1976 438 1997 454 c.

271 483 292 498 c.
314 474 353 497 14.
374 481 412 508 pr.
439 470 460 504 5.
480 473 503 496 2.
529 469 560 495 de
584 479 659 506 prox.
689 470 775 495 comit.
815 468 856 495 111.
878 470 942 496 Gn.
975 468 1112 505 Quidquid
1133 470 1135 504 ζ
1156 469 1180 494 3.
1201 477 1222 493 e.
1242 469 1266 493 5.
1286 467 1318 494 dc
1336 467 1408 503 legit.
1428 467 1516 494 bered.
1537 470 1561 495 6.
1581 471 1622 496 5⁸.
1660 470 1702 497 ΠΙ.
1722 472 1788 498 Cn.
1808 470 1999 505 Consanguini-

271 526 303 542 vx
323 514 472 541 huiusmodi
497 512 677 549 professione,
701 512 744 538 vel
769 513 852 549 ipsius
877 513 1029 544 occasione,
1054 522 1113 538 con·
1134 535 1135 539 ,
1157 511 1231 537 tatis.
1251 511 1366 547 itemque
1385 511 1550 547 adgnationis
1569 512 1624 539 iura
1644 524 1656 539 a
1676 518 1750 550 patre
1770 515 1898 540 oriuntur.
1923 512 1953 539 l'r.
1973 514 1997 539 4.

272 558 418 594 quisicrint.
452 556 489 582 lb.
511 554 541 581 II.
564 557 603 581 10.
629 566 650 581 r.
669 557 693 581 ’3.
719 555 751 581 de
776 554 874 592 postul.
904 554 936 581 cf.
955 554 1026 582 XVI.
1046 557 1070 582 2.
1091 565 1112 581 c.
1134 549 1135 561 ³
1158 553 1174 580 l.
1198 555 1240 580 38.
1259 554 1283 580 8.
1321 553 1497 581 Necessitudo
1522 557 1763 592 consanguinitatis.
1807 556 1999 592 Consangnini-

273 603 312 627 14.
333 611 372 638 pr.
393 600 424 626 (1(-
444 599 524 636 episc.
550 597 614 624 eccl.
1158 597 1219 622 tatis
1239 596 1368 632 adgnatio.
1395 608 1416 624 c.
1438 599 1476 624 13.
1496 597 1529 624 de
1547 598 1651 635 probat.
1673 601 1696 626 4.
1713 601 1752 626 19.
1782 599 1832 626 Th.
1847 599 1878 625 C.
1898 598 1998 625 Lx'.>1·.‘.

271 644 376 670 soribus
397 642 571 668 emolumenta
591 642 786 678 conquirantur.
817 640 884 667 1h.1.
897 644 922 667 2.
937 651 957 667 c.
969 642 992 667 4.
1009 641 1137 675 (ch.).}
1159 650 1180 666 c.
1200 641 1224 666 9.
1245 640 1266 673 5.
1283 641 1310 666 3.
1332 639 1364 666 de
1383 640 1444 666 bon.
1464 651 1567 677 proscr.
1605 641 1634 668 Si
1653 653 1701 680 per
1720 644 1745 669 in
1765 652 1868 669 manum
1889 652 2001 668 couven-

272 687 305 714 de
325 687 377 713 div.
397 695 478 712 rescr.
1108 691 1113 697 ·
1136 682 1137 710 ἶ
1160 684 1258 709 tionem
1277 684 1511 719 consanguinitatis
1531 685 1586 711 iura
1600 686 1668 712 inter
1684 696 1729 711 eos
1744 687 1919 712 constiterint.
1942 684 1999 711 Gai.

658 597 693 624 Vt
718 608 831 634 congrue
855 598 992 634 impetrata
1011 608 1114 624 succes·
1135 611 1136 617 ¹

308 728 555 761 conquisitio.
589 728 824 759 Coacervcttim
846 728 1114 762 Couglutinatio.
1136 742 1137 762 ;
1158 726 1200 752 111.
1220 728 1262 752 24.
1283 726 1314 752 cf.
1337 728 1376 752 14.
1414 726 1573 764 Quicunque
1597 728 1721 766 deinceps
1746 729 1848 766 adgnati
1873 733 1962 758 erunt.
1987 739 2000 754 a

270 772 313 799 111.
329 773 395 800 Cn.
415 770 564 798 formulam
583 771 647 796 iuris
668 771 780 806 antiqui.
808 775 833 796 et
852 771 955 796 inanem
974 770 1115 796 verborum
1136 781 1138 793 ὲ
1159 769 1256 805 quibus
1276 770 1509 805 consanguinitatis
1524 772 1579 797 iure
1592 776 1675 797 mater
1689 777 1792 808 poterat
1807 771 1921 798 excludi.
1950 770 2000 797 Tb.

271 816 505 852 conquisitionem.
533 823 584 839 non
610 814 783 839 necessariam
808 813 941 840 iudicavit.
978 812 1045 840 Nor.
1066 812 1116 839 Va·
1136 809 1138 838 i
1160 812 1190 838 C.
1205 811 1233 838 Υ.
1247 814 1268 838 l.
1284 822 1305 838 c.
1321 814 1343 838 l.
1364 812 1396 839 dc
1411 812 1480 849 legit.
1495 813 1583 840 hered.
1611 814 1642 840 cf.
1663 813 1733 841 Coll.
1747 814 1800 841 LL.
1814 814 1847 841 M.
1867 813 1938 840 XVI.
1958 815 1982 839 3.

218 1418 226 1421 ’
271 1428 292 1444 c.
313 1419 336 1443 7.
369 1416 401 1443 de
425 1426 492 1442 suar.

271 858 333 885 lent.
353 857 395 884 III.
416 857 448 883 de
468 862 569 883 testam.
594 855 625 882 Il.
646 857 687 881 21.
709 866 730 882 c.
753 857 774 882 l.
794 867 833 893 pr.

306 901 560 933 Conquisitus.
591 898 721 932 (Panic.)
760 901 964 936 Artifieinse
983 900 1115 934 excogi-

270 951 368 971 tatus.
406 943 423 969 I.
445 944 506 977 Sy.
536 942 735 973 Commentum.
756 941 839 969 Fraus
858 944 1014 980 conquisita.
1049 953 1069 969 c.
1089 945 1113 969 2.

270 987 303 1014 de
322 988 376 1014 reb.
397 986 428 1012 al.
449 996 509 1012 non.
529 985 561 1011 al.
582 986 605 1011 4.
625 987 666 1011 51.

309 1030 539 1058 conradere.
576 1028 618 1054 Cf.
638 1039 662 1055 v.
683 1028 838 1055 Corraderc.

307 1074 487 1101 Conrfus.
526 1071 567 1098 Cf.
587 1082 612 1098 V.
632 1071 757 1098 Correus.

307 1118 538 1144 Consanare.
577 1116 825 1141 Conranescere.
862 1114 904 1141 111.
930 1116 995 1142 (¹11.
1020 1114 1050 1140 Si
1070 1114 1115 1141 ho·
1136 1109 1137 1122 ¹

270 1160 333 1186 mini
353 1158 450 1195 digitus
475 1159 509 1184 sit
534 1158 681 1185 abscissus.
706 1158 849 1184 membrive
875 1157 938 1193 quid
963 1157 1103 1184 laceratum

270 1203 389 1239 quamvis
410 1202 601 1232 consanaverit,
622 1201 665 1234 [al.
687 1201 868 1232 consanuerit,
889 1210 912 1226 v.
933 1200 1103 1227 consolidave

270 1247 329 1280 ritj.
349 1245 379 1272 fr.
401 1246 441 1270 10.
460 1254 500 1281 pr.
521 1244 553 1271 de
573 1244 658 1270 Aedil.
679 1243 755 1270 edict.
776 1245 817 1270 21.
839 1245 862 1270 l.

307 1287 630 1321 Consanguineus.
666 1286 805 1320 (Adieet.)
843 1287 874 1319 §.
899 1287 933 1313 1.
969 1289 1112 1322 Sangui-

270 1334 321 1358 nis
341 1332 562 1358 communione
580 1332 788 1361 coniunctus,
809 1331 987 1364 Cognatas.
1015 1330 1033 1356 l.
1051 1332 1112 1365 Sy.

270 1374 411 1401 successio
431 1374 547 1409 generis.
568 1372 772 1409 Consanguinei.
801 1372 851 1399 Tb.
872 1372 903 1399 C.
916 1372 988 1399 XIV.
1008 1375 1032 1399 4.
1052 1383 1073 1399 c.
1088 1375 1112 1399 5.

1106 1179 1113 1190 7

271 1460 387 1493 (silius).
417 1459 454 1486 lb.
475 1459 506 1486 V.
529 1461 549 1486 1.
575 1470 596 1485 c.
616 1462 640 1485 2.
666 1458 698 1485 de
717 1458 787 1493 legit.
808 1458 918 1485 beredit.
955 1459 1111 1486 Exn-ancus.

268 1548 379 1581 patris
403 1548 578 1572 communia
602 1546 829 1580 cognationem
854 1547 1056 1572 coniunctus.
1093 1545 1111 1572 Ῑ.

270 1590 331 1623 Sy.
364 1588 491 1626 Adgnati,
512 1590 555 1625 qui
576 1598 624 1615 nos
643 1598 691 1624 per
709 1588 792 1624 patris
813 1588 994 1624 cognationem
1014 1589 1114 1615 contin·
1134 1578 1136 1629 Ξ

270 1637 341 1669 gunt.
372 1631 442 1658 Coll.
462 1631 514 1658 LL.
535 1632 568 1658 M.
587 1630 658 1658 XVI.
680 1633 719 1657 17.
740 1630 771 1657 cf.
797 1630 827 1657 sr.
850 1633 872 1657 l.
896 1631 917 1664 5.
940 1633 979 1657 10.
1006 1631 1038 1658 de
1057 1633 1112 1658 suis
1135 1635 1136 1639 ’

271 1681 296 1702 et
315 1675 386 1712 legit.
406 1677 448 1702 33.
471 1676 509 1701 16.
546 1674 652 1701 Fratres
677 1678 702 1700 et
725 1683 831 1700 sorores
858 1684 890 1700 ex
914 1673 1007 1700 eodem
1030 1680 1111 1712 patre.
1134 1685 1136 1700 1

271 1718 475 1755 Consanguinei.
504 1717 564 1755 ΠΡ.
584 1717 681 1744 XXVI.
703 1719 725 1743 1.
754 1717 811 1743 Gai.
831 1716 874 1743 111.
900 1718 939 1743 10.
969 1717 1038 1744 Coll.
1058 1717 1111 1745 LL.

271 1762 303 1788 Μ.
323 1762 394 1788 XVI.
414 1764 437 1788 2.
458 1771 498 1797 sq.
542 1760 571 1787 11.
591 1762 658 1794 Op.
685 1759 819 1787 Yterinus.
853 1760 874 1794 5.
894 1762 918 1786 3.
942 1759 961 1786 Ι,
982 1759 1014 1787 de
1032 1761 1063 1787 B.
1084 1761 1112 1788 P.

269 1806 293 1830 3.
314 1806 337 1831 9.
363 1804 396 1831 cs.
415 1805 437 1838 5.
457 1806 481 1831 4.
506 1804 539 1831 de
558 1803 628 1840 legit.
649 1813 704 1840 agn.
724 1813 794 1830 succ.
819 1804 843 1829 3.
863 1805 887 1829 2.
926 1803 972 1829 Sui
992 1803 1111 1831 heredes.

270 1863 303 1866 —
323 1846 526 1884 Consanguinei.
547 1863 579 1867 ——
599 1846 705 1883 Reliqui
724 1846 835 1883 adgnati.
861 1845 922 1883 le.
936 1846 1034 1873 XXVI.
1051 1849 1073 1874 1.
1089 1849 1111 1874 7.

271 1899 310 1926 sq.
340 1889 410 1916 Coll.
430 1890 482 1916 LL.
503 1890 536 1917 M.
556 1889 627 1916 XVI.
646 1892 670 1916 3.
695 1889 726 1915 fr.
749 1891 770 1915 l.
795 1890 816 1923 5.
837 1891 860 1915 9.
885 1888 915 1916 fr.
934 1891 958 1916 2.
984 1900 1024 1927 pr.
1045 1891 1066 1924 5.
1089 1892 1111 1917 1.

271 1932 304 1959 de
323 1933 378 1959 suis
398 1937 423 1959 et
442 1932 511 1969 legit.
530 1934 572 1959 38.
594 1934 633 1959 16.
658 1932 688 1958 fr.
708 1933 731 1958 6.
752 1933 773 1966 5.
795 1934 816 1958 l.
837 1932 869 1958 ad
889 1932 916 1959 S.
932 1932 962 1959 C.
977 1932 1049 1959 Tert.
1069 1935 1111 1960 38.

272 1977 312 2002 17.
358 1975 400 2002 111.
427 1977 492 2003 Cn.
525 1976 661 2012 Adgnosci
687 1974 793 2007 debeat,
819 1991 851 1994 —
876 1985 935 2001 esse.
960 1985 1045 2002 suum.
1079 1992 1111 1996 —

272 2018 361 2054 Quare
380 2023 406 2044 et
425 2018 549 2045 fratribus
570 2018 780 2053 consanguineus
801 2018 857 2044 erit.
883 2018 914 2044 sr.
936 2019 957 2044 l.
978 2019 999 2052 5.
1022 2020 1060 2045 16.
1080 2019 1111 2046 fr.

270 2064 295 2088 2.
315 2061 348 2088 de
368 2061 442 2097 adgn.
463 2066 489 2089 et
507 2061 592 2088 alend.
612 2063 655 2087 25.
674 2062 698 2087 3.
736 2060 863 2096 Adgnati.
887 2061 956 2087 inter
976 2071 1042 2098 quos
1061 2063 1113 2098 pri-

272 2114 342 2130 mum
367 2104 452 2131 locum
477 2105 662 2141 consanguinei
686 2103 812 2130 obtinent.
843 2103 912 2130 Coll.
932 2103 984 2130 LL.
1004 2104 1038 2131 Μ.
1058 2104 1075 2131 1.
1095 2105 1111 2131 l.

272 2146 337 2173 Tam
358 2148 575 2183 consanguineus,
595 2157 671 2184 quam
691 2153 808 2184 patruus,
829 2147 976 2183 caeterIque
994 2147 1110 2184 legitimi.

273 2200 294 2217 c.
313 2191 337 2216 3.
358 2189 390 2216 dc
410 2190 479 2227 legit.
500 2195 546 2217 tut.
567 2193 591 2217 5.
610 2192 652 2217 30.
690 2190 828 2222 Pau-uelis,
849 2191 1067 2225 consanguineus,
1087 2195 1113 2217 et

273 2235 480 2269 consanguineus
504 2235 615 2261 maxime
638 2234 724 2260 frater.
754 2232 804 2259 Th.
823 2232 854 2259 C.
875 2232 918 2259 lX.
941 2235 963 2259 7.
988 2244 1009 2260 c.
1029 2236 1053 2260 2.
1080 2233 1112 2260 ad
1134 2235 1135 2249 ¹

273 2276 302 2303 L.
322 2276 369 2303 Iul.
389 2276 421 2303 de.
440 2276 520 2303 adult.
548 2277 576 2303 In
596 2277 698 2304 feminis
718 2275 826 2302 tutelam
845 2275 985 2312 legitimam
1004 2286 1113 2303 consan-

273 2321 382 2356 guineus
402 2324 510 2356 patruus
531 2330 582 2346 non
602 2324 712 2346 recuset.
740 2318 778 2345 lb.
798 2319 839 2346 111.
862 2321 902 2345 17.
927 2329 947 2345 c.
967 2321 991 2345 2.
1012 2318 1044 2345 (le
1063 2324 1111 2346 tut.

273 2367 298 2389 et
319 2372 372 2389 cur.
392 2372 427 2388 cr.
465 2361 577 2389 Nostrae
601 2362 759 2389 hereditates
780 2362 833 2396 (sc.
852 2362 1000 2398 legitimae)
1026 2362 1058 2388 ad
1078 2361 1113 2388 se-

273 2407 355 2432 minas
383 2404 450 2431 ultra
480 2407 731 2441 consanguineorum
762 2405 868 2441 gradum
894 2415 946 2431 non
971 2405 1111 2442 pertinent.

274 2447 330 2475 Gai.
355 2447 397 2474 111.
423 2449 462 2474 14.
489 2450 530 2474 23.
554 2450 596 2475 29.
630 2448 699 2474 Coll.
718 2447 771 2474 LL.
790 2448 824 2475 M.
848 2447 919 2475 XVI.
944 2450 968 2474 2.
1050 2447 1112 2485 le.

274 2490 371 2517 XXVI.
391 2492 414 2517 6.

310 2533 639 2568 Consanguinltas.
669 2534 699 2567 ξ.
717 2535 750 2565 1.
777 2535 961 2561 Consmunio
980 2535 1112 2569 sangui-

275 2578 332 2602 nis.
362 2578 536 2612 Cognatio.
569 2576 587 2603 I.
603 2578 664 2611 Sy.
688 2576 858 2603 *Necessariae
877 2576 928 2603 sibi
948 2577 1114 2603 coniunctae·

275 2628 326 2654 que
341 2629 475 2655 personae.
514 2619 748 2655 Consanguinitate
763 2618 813 2644 sibi
827 2619 950 2645 devincti.
979 2619 1046 2646 Nov.
1061 2618 1110 2645 Th.

277 2660 306 2686 11.
327 2660 358 2686 dc
379 2661 401 2687 b.
423 2673 464 2698 qn.
479 2672 518 2699 sp.
539 2672 608 2689 mun.
628 2662 646 2688 1.
665 2664 707 2688 22.
728 2672 749 2687 c.
768 2663 792 2687 2.
813 2662 834 2695 5.
856 2664 895 2688 12.
927 2662 970 2689 111.
991 2664 1056 2690 Gn.
1076 2662 1112 2689 Vt

276 2709 364 2729 sancta
386 2705 608 2732 nvwssitndinum
628 2706 730 2731 nomina
750 2703 885 2730 obtineant
904 2706 973 2741 apud
992 2705 1111 2732 adfectus

276 2756 339 2772 suos
359 2747 426 2782 piam
447 2758 475 2773 ac
499 2748 647 2783 religiosam
671 2749 888 2784 consanguinitati
912 2748 1025 2774 debitam
1050 2750 1112 2775 cari-

998 2458 1016 2474 l.

277 2794 362 2815 tatem.
394 2789 462 2815 (Joll.
484 2789 534 2816 m..
554 2790 586 2817 Μ.
607 2790 650 2817 H.
670 2794 693 2817 4.
714 2807 746 2810 —
772 2791 802 2824 §.
828 2792 862 2817 2.
889 2793 1111 2825 Adgnativnis

276 2834 338 2864 iun,
362 2842 417 2866 per
440 2835 551 2866 pueris
576 2844 743 2867 perannum
769 2835 976 2860 intercedens.
1015 2834 1031 2859 1.
1048 2835 1110 2868 Sy.

1134 1318 1136 1339 Ι

540 1416 568 1442 11.
596 1418 662 1450 01).
698 1415 749 1442 Per
782 1415 949 1453 adoptionem
978 1401 1136 1452 quaesitus⁵

1134 1472 1136 1495 ¹.
1158 1458 1242 1485 saciat.
1270 1458 1320 1485 Th.
1335 1458 1366 1485 C.
1385 1458 1430 1485 IX.
1452 1460 1492 1485 17.
1513 1469 1534 1485 c.
1556 1460 1578 1485 l.
1598 1458 1631 1485 de
1650 1458 1750 1496 sepulc.
1770 1457 1832 1485 viel.
1870 1458 1912 1485 III.
1934 1459 1999 1486 Gn·

271 1503 307 1530 lb.
328 1503 372 1530 ΙΥ.
392 1505 433 1529 21.
459 1513 480 1529 c.
502 1504 524 1528 1.
549 1503 614 1536 5.1.
645 1502 727 1538 Quor.
749 1502 840 1529 bonor.
873 1518 905 1521 ——
937 1503 968 1535 ξ.
989 1504 1024 1529 2.
1052 1505 1113 1530 Per
1134 1502 1136 1520 ⁴¹

1196 855 1497 883 Conseeleratus.
1525 856 1656 890 (Partic.)
1695 859 1820 884 Scelere
1835 860 2000 893 pollutus,

1137 893 1138 924 l
1161 901 1331 925 Scelestus.
1368 898 1411 924 III.
1437 899 1502 926 Gn.
1531 899 1585 934 Qui
1605 901 1654 932 (sc.
1675 899 1820 933 advocati),
1840 899 2001 927 conscelera-

1137 961 1138 964 .
1160 942 1193 967 tis
1214 941 1416 978 depectionibus
1436 951 1498 968 suae
1517 943 1575 979 opis
1595 947 1701 978 egentes
1722 943 1837 980 spoliant
1856 948 1934 979 atque
1958 942 2001 969 de—

1136 992 1137 1022 ]
1159 984 1266 1011 nudant.
1296 983 1346 1010 Th.
1372 984 1403 1010 C.
1423 984 1465 1011 III.
1487 986 1527 1011 10.
1547 995 1568 1011 c.
1589 986 1613 1010 4.
1634 985 1738 1020 (ch.)
1759 985 1791 1012 (le
1809 985 1907 1023 postnl.

1195 1028 1471 1055 Conscendere.
1514 1029 1725 1059 Adscendere,
1757 1031 1937 1055 Per-venire.
1981 1027 1998 1054 1.

1135 1059 1220 1105 lSy.
1265 1069 1466 1097 Transcendere
1493 1070 1544 1104 (ad
1573 1072 1736 1108 superiorem
1765 1071 1885 1107 gradum,
1916 1081 1940 1098 v.
1969 1070 2001 1097 ad

1158 1124 1258 1140 summa
1283 1113 1385 1150 fastigia
1409 1113 1591 1149 dignitatum).
1621 1114 1658 1140 lb.
1678 1113 1721 1140 Yl.
1747 1116 1789 1141 23.
1815 1125 1835 1141 e.
1855 1117 1879 1141 2.
1899 1124 1940 1151 sq.
1969 1113 2001 1140 de

1135 1170 1137 1188 ,ι
1158 1156 1246 1183 decur.
1267 1161 1292 1183 et
1311 1156 1398 1183 silent.
1418 1156 1462 1183 H.
1481 1158 1523 1184 24.
1548 1167 1569 1183 c.
1591 1159 1630 1183 10.
1659 1157 1691 1183 de.
1710 1157 1821 1184 domest.
1852 1157 1908 1184 VII.
1934 1160 1957 1184 8.
1979 1167 1999 1184 c.

1134 1202 1136 1227 l
1159 1201 1199 1226 14.
1220 1199 1252 1226 de
1271 1204 1359 1226 metat.

1195 1243 1450 1270 Conscientia.
1479 1243 1510 1276 §0
1527 1244 1561 1270 l.
1582 1245 1730 1270 scientia
1745 1245 1914 1279 factorum
1933 1253 2000 1270 cnm

1158 1288 1239 1313 aliis
1257 1288 1504 1313 communIcata.
1541 1285 1571 1312 II.
1593 1287 1658 1320 01).
1689 1286 1717 1312 Si
1743 1287 1800 1323 ipse
1824 1286 1901 1313 lieres
1926 1295 2001 1312 accu-

1158 1334 1267 1356 saretur.
1287 1345 1320 1348 —
1340 1328 1369 1355 Si
1390 1328 1456 1355 alins
1475 1334 1634 1365 argueretur,
1655 1330 1718 1355 citra
1732 1330 1920 1355 conscientiam
1934 1330 1999 1355 eius.

1158 1372 1188 1398 l'r.
1208 1374 1249 1398 46.
1279 1371 1312 1399 de
1335 1372 1366 1398 A„
1387 1382 1411 1398 v.
1432 1372 1465 1398 Ο.
1484 1372 1515 1398 H.
1540 1374 1581 1399 29.
1601 1375 1626 1399 2.
1668 1372 1697 1398 Si
1723 1372 1821 1399 domini
1846 1373 2000 1399 auctoritate

1158 1415 1199 1442 vel
1219 1416 1337 1442 iussione
1355 1419 1468 1451 urgetur.
1491 1431 1524 1435 —
1548 1414 1578 1442 Si
1598 1415 1625 1441 id
1644 1416 1700 1441 sine
1720 1415 1819 1442 domini
1839 1416 2000 1442 conscientia

1158 1502 1211 1528 Aut
1230 1501 1296 1528 sacta
1315 1502 1472 1539 puniuntur,
1493 1518 1525 1521 —
1545 1506 1588 1528 aut
1608 1501 1727 1534 consilia,
1746 1506 1775 1528 ut
1794 1502 1999 1533 coniurationes,

1158 1550 1183 1572 et
1202 1545 1333 1571 latronum
1357 1545 1526 1571 conscientia.
1557 1544 1586 1571 sr.
1608 1546 1648 1571 16.
1673 1555 1712 1582 pr.
1737 1544 1769 1571 de
1792 1555 1870 1582 poen.
1896 1546 1938 1571 45.
1959 1545 1998 1571 19.

1158 1589 1211 1624 Qui
1232 1598 1290 1614 cum
1309 1589 1377 1625 ipso.
1397 1589 1442 1624 qui
1462 1588 1566 1614 occisus
1586 1587 1695 1619 dicitur.
1716 1588 1829 1619 fuerunt,
1849 1592 1875 1614 et
1894 1588 1939 1624 qui
1958 1597 2000 1613 su-

1157 1632 1277 1668 spicione
1297 1630 1393 1663 caedis.
1413 1635 1457 1656 aut
1478 1631 1638 1657 conscientia
1659 1631 1756 1667 adtingi
1776 1630 1944 1657 videbuntur.
1968 1630 1998 1656 l'r.

1160 1676 1182 1700 1.
1201 1675 1223 1708 5.
1242 1676 1284 1701 30.
1304 1674 1336 1700 dc
1356 1674 1384 1699 S.
1399 1672 1429 1699 C.
1445 1672 1526 1699 Silan.
1546 1675 1587 1700 29.
1602 1676 1625 1700 5.
1664 1673 1722 1700 Nisi
1742 1674 1768 1700 id
1788 1674 1855 1700 forte
1874 1673 2000 1700 velandae

1158 1717 1334 1744 conscientiae
1354 1726 1416 1743 suae
1435 1717 1525 1752 gratia,
1545 1726 1622 1752 quam
1642 1727 1700 1743 cum
1719 1727 1764 1743 reo
1784 1717 1883 1749 habuit,
1904 1716 1999 1743 secisse

1158 1759 1290 1786 doceatur.
1320 1758 1392 1785 Paul.
1417 1758 1448 1785 Υ.
1475 1760 1514 1785 16.
1540 1759 1623 1793 5.10.
1670 1759 1699 1786 Si
1724 1770 1781 1786 cum
1807 1770 1837 1786 eo
1863 1759 2000 1786 contrabat

1134 1805 1135 1829 i
1157 1802 1325 1839 simpliciter,
1345 1803 1402 1829 sine
1422 1802 1520 1828 fraudis
1540 1804 1709 1829 conscientia.
1738 1803 1768 1830 fr.
1790 1805 1830 1830 10.
1850 1804 1872 1837 5.
1891 1805 1915 1830 4.
1946 1804 1998 1839 Qu.

1157 1847 1184 1872 in
1203 1846 1232 1872 l'r.
1253 1845 1323 1872 cred.
1343 1847 1384 1871 42.
1404 1846 1428 1872 8.
1449 1862 1481 1865 -—
1506 1846 1536 1878 §.
1557 1847 1593 1872 2.
1624 1847 1722 1873 Certa
1746 1849 1834 1881 apud
1857 1849 1998 1873 αιιίηιιιηι

1157 1896 1304 1916 nostrum
1337 1890 1480 1915 scientia
1513 1890 1684 1925 factorum
1712 1896 1906 1916 nostrornm.
1955 1888 1997 1915 111.

1157 1933 1224 1960 Cn.
1255 1932 1309 1967 Qui
1327 1941 1418 1957 manus
1439 1931 1490 1957 sibi
1509 1932 1662 1964 intulerunt⁷
1683 1942 1734 1958 non
1755 1932 1840 1959 taedio
1854 1933 1930 1964 vitae.
1950 1931 1997 1959 sed

1157 1975 1223 2002 mala
1243 1975 1411 2002 conscientia.
1437 1974 1467 2001 fr.
1489 1976 1528 2001 11.
1548 1975 1561 2008 5
1589 1976 1613 2001 3.
1633 1975 1666 2001 de
1685 1975 1709 2001 h.
1730 1985 1772 2011 qu.
1792 1980 1846 2001 not.
1866 1974 1952 2001 infam.
1971 1976 1996 2001 3.

1156 2021 1180 2045 2.
1207 2019 1237 2045 i'r.
1257 2020 1281 2045 6,
1307 2018 1328 2051 5.
1352 2019 1375 2044 7.
1402 2017 1434 2044 de
1458 2018 1546 2044 iniust.
1572 2022 1640 2054 rupt.
1665 2020 1705 2044 28.
1731 2019 1755 2043 3.
1800 2018 1997 2044 Conscientiam

1156 2071 1230 2088 suam
1255 2060 1367 2087 diversis
1386 2060 1516 2097 polluisse
1535 2060 1697 2086 criminibus
1731 2059 1780 2086 Th.
1804 2059 1835 2087 C.
1859 2061 1892 2087 X.
1914 2062 1954 2086 10.
1975 2071 1995 2087 c.

1156 2106 1198 2130 30.
1223 2103 1256 2130 de
1274 2104 1349 2140 petit.
1375 2108 1400 2129 et
1425 2103 1493 2129 ultro
1513 2102 1565 2129 dat.
1609 2102 1672 2129 Sive
1697 2113 1754 2129 cum
1777 2103 1870 2140 populi
1892 2103 1996 2140 plausu.

1157 2148 1213 2173 sive
1233 2147 1309 2173 etiam
1332 2145 1496 2172 verecundae
1520 2150 1545 2172 et
1570 2147 1662 2172 tacitae
1686 2147 1862 2172 conscientiae.
1880 2156 1997 2173 remune-

1157 2191 1257 2216 ratione
1276 2193 1423 2215 contentus.
1452 2188 1488 2215 lb.
1508 2188 1564 2215 XII.
1589 2190 1608 2214 l.
1629 2199 1650 2215 c.
1672 2191 1729 2215 177.
1749 2199 1788 2225 pr.
1809 2188 1841 2215 de
1860 2189 1995 2216 decurion.

1157 2233 1188 2259 cf.
1210 2232 1276 2258 Nov.
1296 2231 1400 2259 Valent.
1421 2231 1462 2258 111.
1483 2231 1515 2258 de
1535 2231 1632 2267 indnlg.
1653 2231 1745 2268 reliqu.
1770 2231 1800 2258 II.
1829 2234 1849 2258 1.
1871 2243 1891 2258 e.
1911 2234 1935 2258 3.
1956 2243 1994 2269 pr.

1157 2292 1189 2296 —
1219 2276 1250 2310 ξ.
1275 2276 1312 2302 3.
1342 2277 1487 2306 notitia.
1521 2276 1685 2310 Cognitio.
1723 2275 1740 2301 1.
1761 2276 1822 2309 Sy.
1853 2275 1996 2313 Comperta

1156 2318 1278 2346 voluntas
1293 2317 1443 2351 (defuncti).
1472 2317 1641 2344 Conscientia
1656 2316 1775 2351 (relicti).
1798 2328 1819 2343 c.
1833 2320 1857 2344 2.
1878 2317 1910 2344 de
1924 2318 1996 2345 fidei-

1157 2372 1249 2389 comm.
1279 2362 1302 2387 6.
1321 2363 1363 2387 42.
1401 2360 1528 2392 Scientia⁷
1557 2360 1657 2386 Nuntia
1681 2359 1855 2397 (Principis).
1889 2360 1938 2387 Th.
1963 2360 1994 2388 C.

1156 2405 1214 2432 XV.
1236 2406 1257 2430 l.
1278 2414 1299 2430 c.
1318 2405 1360 2430 26.
1380 2413 1420 2440 sq.
1441 2413 1461 2429 c.
1475 2404 1516 2429 30.
1536 2402 1567 2429 (le
1588 2414 1648 2440 opp.
1669 2403 1731 2440 pub.
1769 2403 1811 2430 111.
1829 2405 1894 2431 Gn.
1915 2404 1995 2439 Quod

1157 2450 1220 2475 citra
1240 2447 1426 2474 conscientiam
1445 2447 1535 2472 uxoris
1555 2451 1622 2475 tuae.
1642 2451 1667 2473 et
1681 2458 1709 2472 ea
1723 2447 1812 2478 invita⁷
1832 2446 1928 2473 sactum
1945 2452 1994 2473 est.

1157 2490 1279 2518 Consult.
1303 2494 1354 2516 vet.
1378 2488 1456 2515 l.Cti.
1483 2499 1504 2515 c.
1526 2490 1548 2515 l.
1578 2489 1609 2515 cl'.
1634 2499 1655 2515 c.
1681 2491 1704 2516 7.
1729 2489 1761 2516 dc
1788 2489 1879 2526 repud.
1904 2491 1927 2516 5.
1953 2491 1993 2516 17.

1157 2534 1214 2561 Nisi
1235 2532 1379 2560 scientibus
1399 2531 1583 2558 defensoribus
1598 2532 1682 2561 detur.
1702 2542 1754 2569 quo
1768 2532 1817 2559 sub
1832 2542 1922 2558 eorum
1935 2542 1994 2559 con-

1157 2578 1280 2609 scientia,
1308 2591 1340 2595 —
1371 2574 1507 2601 solvantur
1530 2575 1625 2602 debita.
1662 2575 1711 2602 Th.
1737 2575 1767 2602 C.
1786 2574 1831 2601 XI.
1857 2577 1880 2601 1.
1905 2585 1925 2601 c.
1952 2576 1992 2601 19.

1157 2620 1189 2646 de
1219 2629 1277 2646 ann.
1302 2623 1328 2645 et
1352 2618 1441 2644 tribut.
1484 2618 1552 2645 Cum
1575 2618 1607 2645 ad
1631 2619 1780 2645 serenitatis
1805 2622 1911 2644 nostrae
1934 2627 1994 2643 con—

1156 2664 1292 2690 scientiam
1321 2660 1486 2687 referendum
1512 2666 1559 2687 est.
1592 2661 1628 2688 lb.
1653 2661 1720 2688 illl.
1744 2663 1767 2687 5.
1794 2671 1814 2687 c.
1836 2662 1876 2687 14.
1895 2670 1933 2697 pr.
1960 2659 1992 2686 dc

1157 2716 1235 2733 cursu
1254 2704 1316 2742 pub.

1192 2747 1459 2776 conscindere.
1949 2744 1991 2771 111.

1501 2749 1668 2779 Scindere,
1706 2748 1902 2774 Discindere.

1156 2792 1221 2819 Gn.
1259 2790 1326 2817 Cum
1346 2789 1475 2827 spoliatur
1494 2792 1543 2822 (sc.
1564 2791 1660 2822 navis),
1680 2795 1723 2816 aut
1742 2789 1877 2825 mergitur.
1897 2804 1929 2807 —
1949 2793 1992 2814 aut

1155 2833 1230 2861 funes
1250 2834 1306 2859 eius
1332 2833 1531 2870 praeciduntur,
1556 2837 1600 2859 aut
1623 2832 1680 2859 vela
1705 2831 1923 2860 conscinduntur.
1948 2836 1989 2857 aut

1706 2953 1722 2965 ‚-
