2197 3121
266 198 308 229 64

267 278 352 306 liberi.
380 277 409 304 fr.
430 277 470 303 18.
495 275 528 303 de
547 280 663 303 excusat.
687 276 729 302 27.
750 275 772 301 l.
805 272 890 301 vatic.
913 274 952 308 55.
972 275 1030 301 197.
1051 274 1109 300 199.

267 321 298 348 fr.
320 322 358 347 14.
380 330 418 357 pr.
439 319 471 346 de
489 329 544 346 vac.
563 324 588 346 et
603 329 658 345 exc.
678 320 718 344 50.
733 318 756 344 5.
776 333 809 337 -
829 317 859 351 §.
875 319 914 345 ⁴¹.
935 318 1109 349 Amittere,

267 374 328 402 pro:
349 364 577 397 Corrumpere,
598 364 728 388 Peneum
747 362 833 387 dare.
868 359 886 386 Ι.
901 361 964 394 Sy.
982 359 1110 386 luten-ver·

268 413 335 438 tere,
356 406 533 442 corrumpere
553 403 666 437 (tutelas
686 403 756 435 eto).
784 402 815 430 I'r.
834 403 858 429 6.
879 402 909 429 fr.
930 404 953 429 7.
973 413 1012 440 pr.
1033 402 1064 429 fr.
1084 402 1108 428 8.

268 449 300 476 de
320 459 376 486 rap.
396 449 487 474 minut.
507 450 531 474 4.
552 450 575 473 5.
613 446 655 472 III.
677 447 742 473 Cn.
763 444 866 483 Capitis
884 446 995 472 minutio
1015 446 1110 471 amittit

267 493 381 530 (privata
401 491 523 519 hominis.
544 494 566 515 et
588 488 700 515 familia·-
719 489 775 515 eius
796 488 872 521 iura).
892 488 922 515 fr.
937 489 960 515 6.
981 487 997 514 l.
1012 487 1028 514 l.
1049 489 1073 514 4.
1084 490 1108 514 5.

267 534 384 562 illu-dirus
404 549 435 554 -
455 532 600 570 periculum
619 531 821 558 amittendorum
841 541 931 557 eornm
953 531 1002 564 (sc.
1021 530 1110 558 oculo-

267 578 340 611 rum)
360 587 408 614 per
427 576 534 602 adversa
555 574 743 602 medicamenta
762 574 898 601 inferendo
918 579 967 600 etc.
988 573 1018 600 I'r.
1032 575 1056 600 3.
1077 574 1109 601 de

267 626 333 648 extr.
353 630 426 656 cogn.
446 621 487 645 50.
508 620 548 645 13.

302 663 493 691 Amnicus.
523 661 661 695 (Adieet.)
700 663 746 687 Aa
778 670 898 687 amnem
929 662 1108 695 pertinens.

267 706 309 733 III.
331 707 395 733 Cn.
425 704 584 731 Navicularii
604 705 706 731 amnici.
740 702 808 730 Nov.
826 703 930 730 Valent.
950 703 992 730 III.
1016 702 1050 730 de
1067 713 1111 730 na-

268 749 344 776 vicnl.
365 758 432 774 amn.
452 747 482 774 II.
502 749 544 774 29.
565 758 585 773 c.
608 749 630 773 1.

301 791 444 819 Amnis.
482 792 624 817 Flumen.
656 789 673 816 Ι.
695 790 757 824 Sy.
786 788 903 816 Fluv'ius.
935 789 1054 816 Flumen.
1078 789 1110 816 fr.

266 837 307 861 56.
328 834 360 861 de
379 833 410 860 A.
431 833 462 859 R.
483 833 516 860 D.
537 835 578 859 41.
600 834 622 859 1.
643 832 672 858 fr.
694 834 716 858 l.
737 832 774 866 55.
796 834 818 859 7.
838 843 878 870 sq.
898 832 931 860 de
950 833 1048 859 flumin.
1067 834 1109 859 43.

268 880 307 904 12.
344 876 386 904 111.
407 878 473 904 (ἠ.
506 875 540 902 Vt
561 877 674 912 regionis
700 875 813 912 qualitas
837 876 940 907 tulerit,
962 875 1006 902 vel
1029 877 1055 902 in
1074 876 1111 902 vi-

267 922 354 948 cinum
373 930 451 946 mare.
472 919 513 945 vel
533 920 558 945 in
578 929 679 945 amnem
698 919 799 956 proiiei.
837 918 887 946 Th.
909 918 940 946 C.
960 918 1004 946 IX.
1027 921 1066 945 15.
1088 929 1110 946 c.

268 966 290 990 l.
310 963 343 990 de
362 962 485 1000 parricid.

301 1005 532 1034 Amocnitas.
561 1005 737 1039 Voluptas,
758 1006 961 1032 lue-unditus.
987 1005 1028 1032 111.
1043 1006 1109 1033 οη.

267 1050 342 1086 Quae
362 1050 439 1075 etiam
458 1049 551 1084 gratia.
571 1052 595 1073 et
616 1058 682 1084 quae
701 1049 844 1074 amoenitas
864 1048 897 1074 sit
918 1047 1043 1075 locorum.
1072 1048 1109 1075 ΙΙ).

266 1094 310 1120 lx.
331 1094 372 1118 4‘.'.
388 1103 408 1118 c.
422 1093 444 1118 7.
465 1091 497 1117 de
516 1091 578 1117 bon.
591 1101 692 1128 proscr.
730 1090 765 1117 Vt
785 1092 862 1117 etiam
881 1101 934 1118 non
954 1091 986 1118 ad
1005 1092 1111 1128 irrigan-

266 1137 341 1168 dum.
366 1134 413 1161 sed
437 1135 542 1172 peeoris
567 1144 657 1165 eausa.
686 1134 728 1160 vel
753 1135 932 1167 amoenitatis,
960 1145 1026 1172 aqua
1050 1135 1110 1162 duci

265 1180 360 1218 possit.
385 1178 416 1205 fr.
435 1179 460 1204 3.
480 1188 519 1215 pr.
540 1176 572 1203 de
591 1187 649 1213 aqu.
671 1182 743 1214 quot.
763 1179 805 1204 43.
824 1179 866 1204 20.
887 1177 918 1204 cs.
938 1177 969 1204 sr.
990 1179 1029 1204 16.
1049 1179 1071 1212 5.
1087 1179 1109 1205 l.

266 1223 318 1259 Qu.
339 1223 365 1249 vi
385 1226 429 1248 aut.
448 1220 479 1247 rl.
499 1221 541 1247 43.
560 1221 601 1246 24.

301 1268 503 1294 Amoenus.
534 1263 662 1296 (Adit-vt.)
702 1265 836 1296 Sauria,
856 1265 1030 1291 Iucundiu.
1065 1263 1108 1291 III.

266 1311 332 1338 Cn.
372 1307 521 1334 Arboribus
553 1306 725 1332 infructuosis
755 1316 852 1344 opacae
879 1311 957 1344 atque
988 1317 1110 1334 amoenae

266 1352 457 1388 (gestationeS,
477 1349 519 1376 vel
539 1349 790 1383 deambulationes).
820 1350 850 1376 sr.
872 1351 912 1377 13.
932 1350 970 1384 55.
989 1352 1013 1376 4.
1033 1351 1057 1377 8.
1078 1349 1111 1377 de

266 1394 335 1422 usus.
356 1395 378 1420 7.
395 1395 417 1420 1.
454 1391 555 1419 Viridis.
570 1392 672 1421 tollere.
693 1398 736 1420 aut
750 1394 925 1420 amoeniorem
939 1398 1110 1431 prospectum

266 1442 408 1476 praestare.
436 1435 467 1462 sr.
488 1437 527 1462 15.
548 1436 614 1469 5.1.
634 1435 666 1463 de
685 1437 775 1472 servit.
794 1437 818 1462 8.
840 1438 861 1463 l.

301 1481 512 1507 Amomum.
538 1481 668 1513 Species
688 1486 870 1506 aromatum
889 1485 918 1506 el
936 1480 1111 1506 condimen-

272 1529 384 1550 torum.
432 1521 474 1547 ΙΙΙ.
500 1522 566 1549 Cn.
598 1520 708 1559 Species
732 1523 898 1560 pertinentes
923 1522 955 1549 ad
984 1522 1109 1559 vectigal:

272 1566 477 1596 cinnamomum,
502 1580 534 1584 -
559 1570 674 1597 costum.
704 1571 893 1592 costamomum
916 1582 949 1585 —
973 1575 1110 1599 amomum,

270 1608 395 1645 zingiberi
416 1612 464 1634 etc.
485 1607 515 1634 fr.
536 1609 576 1634 16.
596 1609 618 1642 5.
639 1610 662 1635 7.
682 1608 714 1634 de
733 1608 865 1645 public-an.
884 1609 926 1635 39.
946 1610 970 1635 4.

302 1652 428 1678 Amor.
466 1651 496 1683 §.
517 1652 551 1677 l.
591 1653 756 1683 Studium,
787 1653 960 1688 Adfectio,
988 1653 1109 1679 Pietas.

267 1693 310 1720 III.
331 1694 397 1721 Cn.
421 1692 492 1720 Inter
505 1692 536 1720 V.
557 1699 581 1720 et
594 1693 628 1721 ἴ.
648 1694 804 1721 donationes
823 1694 1024 1731 prohibuerunt,
1044 1705 1111 1721 amo-

267 1747 321 1764 rem
341 1736 481 1762 honestum
506 1736 572 1763 solis
596 1737 688 1763 animis
713 1739 890 1764 aestimantes.
920 1737 951 1764 fr.
970 1739 995 1764 3.
1014 1748 1053 1775 pr.
1078 1737 1111 1764 de

268 1779 355 1806 donat.
385 1780 430 1805 int.
457 1778 489 1805 Υ.
518 1781 559 1806 24.
587 1781 609 1806 1.
655 1780 754 1806 Amore
785 1781 854 1807 vitae
887 1781 1038 1818 (recepisse.
1064 1791 1111 1819 po-

268 1824 334 1850 tius.
355 1832 431 1858 quam
451 1821 578 1856 dedisse).
605 1822 635 1849 fr.
652 1824 693 1849 35.
713 1823 735 1857 5.
753 1825 778 1849 2.
798 1823 830 1849 de
849 1823 910 1850 don.
930 1833 963 1850 m.
984 1834 1005 1851 c.
1024 1825 1066 1851 39.
1085 1826 1109 1851 6.

268 1866 350 1892 Amor
375 1870 399 1890 et
423 1864 545 1891 voluntas
570 1866 750 1899 (morientis).
788 1866 855 1893 Nov.
880 1865 985 1893 Valent.
1011 1866 1052 1893 ΠΙ.
1077 1867 1110 1894 de

268 1909 355 1936 libert.
380 1913 405 1933 ct
425 1917 494 1933 succ.
520 1907 549 1934 II.
573 1910 615 1934 25,
641 1919 662 1934 c.
685 1910 706 1935 1.
732 1908 754 1941 5.
774 1911 797 1935 4.
840 1908 960 1936 Provisio
989 1914 1015 1936 et
1039 1920 1111 1936 amor

269 1953 356 1985 (circa
376 1951 439 1987 reip.
461 1949 622 1983 commoda).
661 1951 743 1977 Amor
761 1951 892 1988 publicus
921 1951 988 1978 Nov.
1009 1951 1058 1978 Th.
1078 1952 1109 1979 II.

269 1995 301 2022 de
325 1994 436 2021 Iudaeis.
461 1993 479 2019 I.
503 1994 526 2019 6.
553 2004 574 2019 c.
603 1995 624 2020 l.
645 2004 684 2031 pr.
710 1993 742 2020 de
767 1994 817 2020 lor..
843 1996 907 2032 reip.
932 1994 950 2021 Ι.
974 1996 1016 2021 23.
1043 2005 1064 2021 c.
1086 1997 1108 2022 1.

268 2039 291 2072 5.
310 2040 334 2064 2.
371 2037 484 2074 Propter
512 2036 594 2063 «livini
619 2038 714 2063 amoris
739 2037 903 2064 electionem.
933 2048 953 2064 c.
980 2039 1019 2064 19.
1044 2038 1108 2072 5.1.

269 2080 302 2108 dv
316 2081 412 2107 haeret.
435 2082 455 2106 1.
470 2081 493 2106 5.
514 2094 547 2097 —
567 2080 597 2113 ξ.
612 2081 647 2106 2.
668 2081 785 2107 Libido
809 2081 956 2107 Venerea.
986 2080 1028 2107 III.
1044 2082 1109 2109 Gn.

270 2123 338 2161 Capi
357 2133 444 2150 amore
463 2123 580 2159 virginis.
610 2122 640 2149 fr.
659 2124 684 2149 2.
704 2124 725 2157 5.
745 2125 787 2150 24,
808 2123 840 2150 (Ie
860 2123 892 2150 Ο.
912 2123 931 2150 Ι.
953 2125 974 2150 l.
994 2125 1019 2151 2.
1051 2123 1110 2151 Ser-

269 2166 316 2193 vili
349 2176 435 2192 amore
465 2165 596 2191 bacrhata.
631 2165 653 2199 5.
682 2168 703 2192 l.
729 2166 746 2193 Ι.
771 2166 804 2193 d«-
827 2176 898 2193 succ.
922 2166 991 2193 subl.
1019 2169 1043 2194 3.
1070 2168 1109 2193 13.

269 2208 322 2236 Vbi
336 2208 426 2235 Yeuus
440 2214 553 2235 mutatur
572 2209 598 2235 in
617 2208 724 2235 alteram
745 2209 860 2241 formam,
881 2209 925 2236 ubi
945 2220 1017 2236 amor
1036 2220 1112 2247 quae-

270 2253 349 2283 ritur.
370 2262 418 2278 nec
437 2251 547 2278 videtur.
582 2251 631 2278 Th.
653 2252 684 2279 C.
705 2252 748 2279 IX.
769 2254 792 2279 7.
817 2262 838 2278 c.
857 2253 882 2278 3.
912 2251 943 2279 ad
963 2252 992 2279 L.
1012 2252 1059 2279 Iul.
1079 2252 1112 2279 de

271 2295 351 2322 adult.

306 2337 465 2365 Αιιιοΐίο.
502 2339 671 2369 privatio,
692 2340 842 2365 Amin-vio.
880 2337 1006 2366 [ILCn.
1037 2338 1113 2365 Exsi-

272 2382 347 2407 lium.
372 2385 416 2406 τιυὶ
442 2379 640 2415 relegationem.
662 2386 705 2407 aut
731 2380 841 2407 Ordinis
861 2382 1031 2413 amotionem,
1049 2382 1112 2419 pati,

272 2424 301 2450 fr.
322 2425 363 2450 43.
383 2423 415 2449 de
434 2423 510 2449 iniur.
529 2425 570 2449 47.
594 2425 631 2449 lo.

306 2467 504 2493 Amovere.
542 2466 573 2499 §.
594 2467 628 2492 1.
661 2468 745 2493 Loco
765 2477 893 2494 movere.
930 2467 949 2493 1.
970 2468 1032 2502 Sy.
1059 2466 1113 2493 Μο-

272 2518 333 2534 vere
353 2509 443 2541 (loco.
464 2519 500 2535 sc.
520 2509 671 2541 terminos).
700 2508 772 2536 I‘aul.
793 2509 809 2535 Ι.
832 2511 871 2536 16.
892 2511 914 2544 5.
936 2512 958 2536 l.
978 2509 1008 2536 fr.
1027 2511 1052 2536 3.
1072 2520 1111 2547 pr.

273 2550 305 2577 (Ie
330 2555 401 2577 term.
416 2556 478 2578 mot.
498 2553 592 2578 4221.
614 2568 645 2571 —
666 2552 696 2584 ξ.
715 2553 750 2578 2.
775 2554 986 2585 Subtrahere,
1006 2554 1113 2579 Inter-

273 2595 389 2628 riperr.
417 2597 637 2629 Supprimere.
675 2594 692 2620 Ι.
714 2596 774 2628 Sy.
807 2594 992 2624 contrectare,
1022 2595 1134 2623 Subri-.

273 2647 343 2674 pere..
373 2636 429 2662 Cui.
451 2636 491 2662 III.
513 2638 570 2664 195.
589 2648 630 2674 sq.
649 2637 708 2663 208.
729 2636 759 2662 fr.
779 2638 802 2663 3.
823 2648 861 2674 pr.
881 2638 902 2671 5.
923 2639 946 2663 4.
966 2637 996 2663 sr.
1018 2639 1057 2664 19.
1072 2647 1111 2674 sq.

274 2679 305 2705 [ι’.
329 2681 370 2704 28.
400 2689 449 2705 rer.
474 2684 579 2706 amotar.
602 2682 645 2706 25.
670 2681 694 2706 2.
732 2679 905 2711 Subtrahere..
934 2680 1112 2716 Supprimere.

274 2722 304 2748 sr.
326 2723 365 2748 15.
386 2732 424 2758 pr.
449 2721 478 2747 fr.
497 2724 539 2748 25,
558 2723 593 2749 ih.
612 2725 654 2749 25.
672 2724 697 2748 2.
717 2722 747 2749 sr.
766 2724 790 2748 3.
810 2722 832 2755 5.
849 2724 872 2748 6.
901 2722 933 2749 de
953 2723 1004 2748 tab.
1025 2723 1111 2749 rxhib.
1133 2744 1134 2749 ,

998 190 1094 223 AMN
1118 208 1157 215 —
1181 190 1281 222 AMP.

1154 271 1186 300 cs.
1206 272 1238 299 V.
1257 273 1299 298 25.
1319 272 1342 306 5.
1362 272 1385 298 l.
1405 271 1435 298 fr.
1454 273 1479 299 2.
1503 271 1537 298 de
1555 271 1585 299 L.
1605 271 1668 300 Cor.
1688 272 1721 299 de
1741 272 1797 300 fals.
1816 274 1858 300 48.
1879 275 1919 301 1⁰.
1956 273 1994 305 ld,

1154 315 1225 352 quod
1244 324 1338 342 servus
1357 330 1390 334 —
1410 319 1469 341 ante
1487 314 1582 342 aditam
1602 315 1786 344 hereditatem.
1806 326 1837 343 ex
1854 316 1933 343 bonis
1952 317 1995 344 he-

1153 358 1285 385 reditariis
1304 358 1460 389 amovisset,
1480 359 1684 391 consumsisset,
1705 360 1875 396 corrupisset.
1900 359 1931 386 fr.
1951 361 1994 386 27.

1152 401 1174 435 5.
1197 402 1218 427 l.
1239 400 1272 427 de
1289 400 1374 437 pecul.
1396 402 1436 426 15.
1458 401 1479 426 l.
1509 400 1541 427 cf.
1561 401 1592 428 fr.
1611 403 1635 428 2.
1656 411 1696 438 sq.
1720 402 1743 428 si
1763 402 1786 428 is
1806 412 1848 439 qu.
1869 407 1928 429 test.
1948 401 1994 429 lib.

1152 445 1194 470 47.
1214 445 1238 470 4.
1275 442 1341 470 Rem
1359 453 1492 475 amovere,
1511 443 1554 470 vel
1573 454 1649 481 opem
1668 444 1718 470 suri
1739 444 1813 471 ferre.
1833 444 1864 471 fr.
1881 446 1924 471 20.
1943 454 1996 472 rer.

1153 491 1230 513 amot.
1249 488 1291 513 25.
1310 488 1335 512 2.
1355 485 1386 512 cf.
1406 485 1438 512 fr.
1457 487 1498 512 53.
1518 496 1557 523 pr.
1577 486 1609 513 de
1627 486 1687 514 furt.
1707 489 1749 514 47.
1769 489 1793 514 2.
1831 487 1860 514 Si
1880 497 1922 514 res
1937 492 1996 514 tuas

1154 534 1255 567 raptas.
1274 529 1317 556 vel
1337 534 1436 556 amotas
1446 538 1515 555 ‘esse
1533 528 1607 556 dicis.
1639 540 1660 556 c.
1679 531 1703 556 6.
1728 530 1761 556 de
1779 529 1835 556 ord.
1855 530 1951 567 cognit.
1971 531 1994 556 7.

1156 574 1195 599 19.
1225 571 1257 599 cf.
1282 572 1312 599 fr.
1332 574 1356 598 3.
1382 573 1404 606 5.
1423 574 1447 598 5.
1473 572 1505 598 de
1528 572 1630 599 incend.
1654 574 1736 599 ruina.
1765 574 1806 599 47.
1832 574 1856 600 9.
1902 572 1932 600 Si
1955 573 1996 599 vir

1155 625 1275 644 uxorem.
1299 616 1356 642 sive
1379 625 1446 642 uxor
1469 616 1563 647 virum,
1587 615 1701 653 expulit.
1726 621 1751 642 et
1770 626 1812 643 res
1833 620 1995 642 amoverunt.

1156 658 1185 684 Ir.
1207 660 1246 684 ll.
1267 668 1306 695 pr.
1325 668 1375 685 rer.
1395 664 1501 685 amotar.
1520 660 1562 684 25.
1581 660 1606 685 2.
1630 674 1663 678 —-
1681 659 1712 692 §.
1733 660 1770 685 3.
1798 660 1994 691 Excludere,

1154 703 1337 736 Expellere.
1373 701 1392 728 l.
1412 703 1473 736 Sy.
1500 701 1659 732 Removere.
1678 701 1835 728 Excludere.
1860 701 1890 728 sr.
1913 703 1952 728 12.
1971 702 1994 736 5.

1156 746 1178 770 1.
1199 744 1231 770 de
1249 744 1280 771 B.
1300 744 1328 771 P.
1349 755 1370 771 c.
1389 750 1408 771 t.
1431 746 1474 771 37.
1493 745 1517 771 4.
1546 744 1576 771 sr.
1598 746 1620 770 1.
1644 744 1682 778 55.
1702 746 1725 771 l.
1744 754 1784 781 sq.
1808 744 1838 771 I'r.
1857 745 1882 771 3.
1906 744 1928 778 5.
1954 745 1994 770 ll.

1155 787 1187 814 de
1206 797 1279 824 susp.
1300 792 1346 814 tut.
1366 788 1408 814 26.
1429 789 1468 814 10.
1505 786 1548 813 III.
1564 788 1629 815 (7η.
1650 787 1822 814 Examinandi
1841 788 1946 823 flagitia,
1966 797 1996 814 ac

1155 840 1236 868 super
1255 830 1295 857 his
1315 830 1456 863 referendi,
1477 840 1529 857 non
1548 830 1699 861 amovendi,
1725 830 1767 856 vel
1786 830 1912 868 puniendi
1933 830 1996 867 (po-

1155 873 1258 904 testas).
1289 872 1339 900 Th.
1360 873 1390 900 C.
1410 873 1428 900 I.
1450 875 1489 900 14.
1510 884 1531 900 c.
1550 875 1575 899 2.
1595 872 1712 906 (ch.)
1739 873 1772 900 de
1793 873 1836 900 off.
1855 872 1908 900 l’rt'.
1928 873 1995 909 Aug.

1155 917 1251 943 Amoto
1271 916 1362 950 (filio)
1382 918 1470 954 potior
1490 926 1556 943 esse.
1584 916 1615 943 fr.
1637 918 1676 942 12.
1696 917 1762 950 5.1.
1786 916 1819 942 de
1837 916 1867 943 B.
1887 915 1915 942 P.
1935 926 1956 942 c.
1977 921 1996 943 t.

1154 962 1196 986 37.
1215 961 1240 986 4.
1282 959 1492 991 Obscuritatem,
1518 959 1703 996 Suspicionem
1728 964 1777 985 etc.
1802 969 1884 985 alnov.
1917 958 1946 986 I'r.
1969 960 1994 985 2.

1155 1003 1177 1037 5.
1198 1004 1221 1029 1.
1241 1002 1286 1029 fin.
1311 1002 1417 1039 regund.
1440 1004 1479 1029 10.
1501 1004 1522 1029 l.
1548 1002 1578 1028 Ir.
1597 1004 1639 1029 27.
1659 1012 1698 1039 pr.
1724 1002 1757 1028 de
1777 1002 1852 1029 cond.
1872 1003 1933 1029 inst.
1952 1003 1994 1029 28.

1155 1048 1178 1073 7.
1199 1061 1232 1065 —
1259 1046 1291 1080 δ.
1313 1047 1351 1072 4.
1380 1047 1567 1077 Absolvere,
1587 1047 1762 1079 Expedire.
1798 1045 1816 1072 I.
1838 1046 1900 1080 Sy.
1930 1045 1997 1072 Post

1155 1089 1302 1127 depositam
1314 1088 1573 1115 administrationem.
1601 1088 1698 1114 Amoto
1712 1088 1810 1120 officio,
1824 1088 1896 1125 quod
1908 1098 1996 1116 susce-

1154 1137 1254 1170 perant.
1290 1131 1339 1158 Th.
1366 1131 1398 1158 C.
1418 1131 1462 1158 VI.
1487 1133 1510 1158 7.
1535 1142 1555 1158 c.
1576 1133 1599 1158 1.
1628 1131 1661 1158 de
1680 1133 1767 1158 comit.
1788 1142 1830 1169 qu.
1850 1141 1925 1169 prov.
1950 1131 1995 1159 w.

1153 1177 1195 1202 20.
1216 1185 1238 1202 c.
1259 1177 1281 1202 1.
1302 1174 1334 1201 de
1353 1185 1419 1202 com.
1439 1174 1495 1201 ord.
1514 1175 1590 1212 prim.

1188 1226 1471 1260 Amphitapum.
1491 1225 1621 1259 (Atliect.)
1650 1227 1817 1261 Vtrimque
1834 1227 1994 1253 villosum.

1154 1270 1196 1297 ΙΙΙ.
1215 1271 1281 1298 Cn.
1300 1269 1394 1296 virilia
1414 1269 1463 1302 (sc.
1483 1269 1651 1302 vestimenta)
1671 1273 1741 1296 sunt.
1760 1284 1793 1288 -—
1812 1268 1892 1295 veluti
1911 1273 1996 1306 togae,

1154 1314 1270 1342 tunicae.
1294 1311 1415 1350 palliola,
1439 1312 1595 1338 vestimenta
1619 1311 1746 1348 stragula.
1775 1311 1923 1350 amphitapa
1947 1317 1995 1339 etc.

1154 1356 1184 1383 fr.
1203 1359 1246 1384 23.
1265 1357 1287 1390 5.
1306 1357 1330 1382 2.
1351 1355 1383 1382 de
1403 1365 1465 1381 auro
1486 1365 1537 1391 arg.
1556 1356 1598 1381 34.
1618 1356 1642 1381 2.

1188 1407 1533 1440 Amphitheam-um.
1560 1407 1682 1433 Scaeua
1701 1408 1864 1438 ludorum,
1882 1409 1930 1434 vel
1949 1417 1996 1434 ve-

1154 1452 1268 1477 naliou
1277 1460 1332 1476 um.
1358 1449 1400 1475 111.
1413 1450 1478 1477 Cn.
1499 1448 1602 1481 Circus,
1617 1449 1755 1481 theatrum.
1768 1449 1995 1486 amphitheatrum.

1155 1493 1185 1520 fr.
1204 1495 1229 1520 3.
1248 1503 1287 1531 pr.
1308 1492 1340 1519 de
1359 1502 1420 1529 opp.
1440 1492 1504 1529 pub.
1523 1493 1564 1518 50.
1586 1494 1625 1518 10.

1189 1545 1393 1577 Amphora.
1430 1544 1462 1577 §.
1482 1545 1516 1570 1.
1551 1545 1723 1570 Mennnrae
1751 1545 1915 1578 liquorum
1939 1554 1996 1579 ge-

1155 1597 1220 1614 nus.
1262 1586 1304 1614 III.
1328 1588 1394 1614 Gn.
1429 1586 1460 1613 C.
1484 1586 1587 1613 modios
1612 1597 1644 1613 ex
1668 1586 1714 1613 illo
1739 1586 1849 1619 horreo,
1875 1592 1918 1614 aut
1942 1588 1997 1614 vini

1155 1630 1294 1667 amphoras
1319 1640 1351 1656 ex
1376 1629 1422 1656 illo
1447 1629 1527 1656 dolio.
1554 1629 1583 1656 fr.
1603 1632 1644 1656 38.
1670 1629 1702 1656 de
1726 1630 1804 1656 indic.
1828 1632 1852 1656 5.
1873 1632 1895 1656 l.
1933 1629 1996 1656 Yini

1156 1673 1283 1710 Campani
1302 1673 1395 1709 optimi
1414 1672 1554 1709 amphorae
1573 1671 1604 1699 C.
1625 1677 1673 1698 ete.
1705 1672 1735 1699 fr.
1757 1674 1796 1699 74.
1817 1672 1847 1699 sr.
1868 1674 1909 1699 83.
1929 1673 1951 1707 5.
1971 1675 1995 1700 5.

1155 1716 1187 1743 de
1206 1716 1238 1743 V.
1258 1716 1292 1742 O.
1311 1717 1353 1742 45.
1369 1717 1392 1742 1.
1429 1715 1458 1742 Si
1473 1715 1623 1742 conduxisti
1638 1726 1729 1742 navem
1748 1716 1930 1754 amphorarum
1943 1716 1996 1743 duo

1154 1759 1273 1786 millium.
1303 1758 1334 1785 fr.
1355 1761 1396 1785 10.
1420 1758 1441 1793 5.
1460 1760 1485 1784 2.
1510 1757 1543 1785 de
1561 1757 1591 1784 L.
1612 1758 1697 1785 Rhod.
1724 1761 1763 1785 lt.
1783 1762 1807 1786 2.
1839 1776 1872 1779 -
1907 1760 1939 1793 §.
1959 1761 1996 1786 2.

1159 1805 1314 1830 Vasornm
1342 1803 1545 1828 vinariorum
1572 1812 1682 1837 genus.
1729 1802 1771 1829 III.
1797 1803 1862 1830 Gn.
1895 1802 1995 1840 Ytputa

1154 1845 1242 1873 doliis.
1262 1860 1295 1865 —
1314 1844 1385 1871 Idem
1405 1850 1429 1871 et
1450 1846 1475 1871 in
1494 1845 1584 1876 seriis,
1604 1849 1630 1871 et
1649 1846 1736 1882 cupis,
1756 1850 1781 1871 et
1801 1846 1882 1875 cadis.
1901 1851 1927 1872 et
1946 1856 1996 1872 am-

1153 1889 1254 1926 phoriS.
1275 1888 1304 1914 fr.
1326 1890 1365 1914 15.
1385 1888 1407 1922 5.
1427 1889 1450 1914 6.
1476 1887 1509 1913 de.
1528 1887 1609 1914 ususr.
1631 1889 1653 1914 7.
1676 1890 1697 1914 l.
1723 1888 1755 1915 es.
1776 1888 1806 1915 I'r.
1825 1890 1884 1915 206,
1910 1888 1942 1915 de
1962 1887 1994 1914 V.

1155 1932 1182 1959 S.
1201 1934 1243 1958 50.
1264 1932 1304 1957 16.
1342 1930 1410 1957 Cum
1428 1932 1517 1957 vinum
1537 1930 1649 1957 habeant
1668 1931 1815 1968 amphorae,
1835 1936 1889 1957 tum
1908 1932 1934 1957 in
1953 1940 1995 1956 va-

1154 1976 1191 2002 sis
1210 1975 1318 2001 vinariis
1337 1975 1398 2000 sint.
1419 1973 1449 2000 fr.
1468 1975 1527 2001 206.
1547 1973 1564 2000 l.
1583 1976 1624 2000 50.
1646 1976 1685 2000 16.
1704 1974 1734 2000 [ι’.
1754 1975 1795 2000 51.
1816 1973 1848 2000 de
1867 1974 1898 2000 A.
1918 1983 1942 2000 v.
1962 1973 1993 2000 A.

1153 2018 1182 2045 Ρ.
1200 2020 1242 2044 41.
1261 2019 1286 2043 2.

1188 2067 1474 2101 Amphornrlus.
1504 2066 1644 2100 (Adiect.)
1680 2066 1699 2093 I.
1720 2067 1782 2101 Sy.
1814 2066 1842 2093 In
1861 2066 1995 2104 amphoris

1154 2111 1292 2142 diffusum,
1311 2109 1514 2147 Amphorarium
1535 2110 1666 2143 (vinum).
1696 2109 1726 2136 sr.
1745 2111 1770 2136 6.
1791 2109 1822 2136 sr.
1844 2111 1883 2137 16.
1902 2120 1941 2148 pr.
1962 2126 1994 2130 —

1154 2155 1176 2189 5.
1196 2156 1220 2181 2.
1241 2153 1272 2180 de
1291 2154 1370 2179 tritIc.
1389 2153 1459 2179 vino.
1477 2154 1520 2179 33.
1539 2153 1563 2179 6.

1189 2203 1388 2238 Amplecti.
1427 2203 1457 2237 ξ.
1482 2204 1516 2230 1.
1554 2204 1746 2238 Complecti.
1780 2205 1994 2238 Comprehen-

1155 2250 1233 2275 dere.
1274 2247 1319 2273 ΙΙΙ.
1345 2248 1410 2274 οη.
1445 2245 1588 2283 Postquam
1615 2246 1747 2272 radicibus
1776 2251 1870 2273 terram
1898 2246 1995 2273 suerint.

1156 2291 1291 2328 amplexae
1310 2291 1359 2323 (sc.
1373 2289 1499 2326 plantae).
1520 2300 1540 2316 c.
1557 2291 1596 2315 11.
1616 2289 1648 2315 de
1662 2288 1692 2315 R.
1708 2288 1738 2315 Υ.
1757 2291 1781 2316 3.
1794 2290 1836 2315 32.
1874 2289 1994 2316 Testium

1156 2344 1235 2361 voces
1254 2333 1455 2360 adtestationem
1474 2337 1536 2358 sunt
1554 2331 1695 2368 amplexae.
1717 2342 1738 2358 e..
1760 2334 1781 2358 1.
1801 2332 1822 2366 5.
1841 2334 1866 2358 2,
1885 2332 1918 2358 de
1936 2331 1991 2359 Lat.

1156 2377 1242 2404 libert.
1263 2378 1286 2403 7.
1306 2377 1330 2402 6.
1362 2391 1395 2395 —
1427 2375 1457 2408 ἓ.
1478 2376 1512 2401 2.
1545 2376 1656 2408 Sequi,
1687 2377 1842 2407 Probare,
1867 2377 1993 2410 Adgno-

1156 2430 1249 2447 ucere.
1287 2419 1305 2445 1.
1328 2420 1389 2453 Sy.
1419 2418 1600 2453 Adgnoscuwe.
1634 2417 1756 2444 Probare.
1789 2418 1819 2444 sr.
1843 2420 1885 2444 25.
1909 2418 1931 2451 5.
1953 2419 1991 2443 12.

1156 2463 1186 2489 sr.
1197 2464 1238 2489 29.
1254 2462 1286 2489 de
1305 2461 1406 2488 liberat.
1422 2460 1469 2497 leg.
1484 2462 1525 2486 34.
1545 2462 1568 2486 3.
1606 2460 1648 2486 III.
1670 2462 1735 2488 sn.
1761 2460 1873 2487 Sensum
1898 2462 1992 2497 magis,

1156 2516 1233 2542 quam
1256 2505 1350 2533 verba.
1375 2503 1451 2541 ampl.
1486 2503 1515 2529 I'r.
1535 2505 1559 2529 3.
1579 2504 1600 2537 5.
1619 2505 1642 2530 9.
1662 2503 1694 2530 (Ie
1713 2502 1790 2529 adim.
1811 2503 1883 2539 legat.
1907 2505 1949 2529 34.
1968 2505 1991 2529 4.

1156 2548 1300 2585 Optionem
1319 2549 1385 2574 intra
1405 2551 1503 2573 eertum
1524 2551 1626 2584 tempus
1646 2546 1730 2573 datam
1750 2545 1826 2583 ampl.
1846 2546 1876 2572 t'r.
1891 2547 1933 2572 28.
1953 2556 1991 2583 pr.

1156 2590 1188 2617 de
1207 2590 1238 2617 V.
1259 2591 1287 2617 S.
1306 2592 1347 2616 50.
1368 2591 1407 2616 16.
1445 2589 1644 2626 Qualiseunqnt·
1668 2590 1772 2615 testatio
1796 2587 1992 2625 ampleetendae

1155 2633 1308 2661 hereditatis
1328 2632 1489 2659 ostendatur.
1510 2643 1530 2658 r.
1550 2634 1574 2659 9.
1599 2633 1653 2668 Qui
1673 2631 1738 2658 adm.
1758 2631 1790 2658 ad
1809 2631 1839 2657 B.
1860 2630 1887 2657 P.
1907 2632 1930 2657 6.
1949 2631 1973 2657 9.

1189 2679 1420 2713 Amplexafi.
1464 2681 1638 2714 Amplecli,
1676 2680 1818 2713 Eligere.
1858 2677 1900 2703 Ill.
1925 2677 1991 2704 cn.

1156 2722 1211 2749 Illis
1230 2723 1424 2749 adsertionibus
1444 2723 1563 2752 remotis.
1588 2721 1683 2758 quibus
1707 2720 1826 2746 nonnulli
1845 2718 1992 2756 amplexan-

274 2766 315 2791 43.
344 2766 369 2790 5.
416 2763 457 2790 111.
483 2765 548 2791 Cn.
586 2765 639 2800 Qui
666 2770 850 2791 testamentum
880 2765 973 2791 salsum
1001 2767 1113 2802 scripse·
1133 2752 1135 2783 l
1155 2770 1210 2797 tur.
1231 2775 1297 2801 quae
1316 2770 1364 2791 etc.
1389 2765 1438 2792 Th.
1453 2765 1484 2792 C.
1498 2764 1566 2792 XIII.
1585 2767 1609 2791 6.
1622 2775 1645 2791 c.
1660 2765 1684 2790 3.
1705 2763 1737 2790 de
1756 2762 1843 2801 praed.
1863 2761 1973 2788 navicul.

275 2808 322 2834 rit.
359 2808 520 2834 recitaverit.
552 2807 705 2837 subin-cerit.
737 2808 890 2844 signaverit.
922 2807 1112 2845 suppresserit.

276 2851 413 2878 :unoverit.
443 2850 626 2885 resignaverit,
657 2850 790 2877 deleverit.
828 2850 898 2878 Paul.
928 2850 972 2877 IV.
993 2852 1015 2876 7.
1043 2851 1065 2884 5.
1090 2852 1111 2877 l.

1190 2809 1405 2842 Amplexus.
1431 2808 1547 2842 (Subst.)
1573 2809 1774 2835 Consuetudo
1792 2806 1990 2839 coniugalis.

1873 2846 1992 2874 Thorum

1923 2891 1991 2927 prio-

1156 2850 1174 2877 l.
1198 2851 1254 2886 Sy.
1293 2850 1410 2877 Alterius
1439 2850 1534 2888 eligere
1563 2850 1710 2886 coniugium
1739 2849 1831 2876 mariti.
