2197 3121
278 154 317 184 12
1079 152 1176 186 ACC.

276 235 505 263 acclamationibus
525 235 675 263 collaudari.
711 235 748 262 lb.
769 235 787 262 l.
808 236 847 262 16.
867 245 888 262 c.
908 236 932 262 6.
952 235 1061 270 (ch.)
1081 235 1113 262 de

276 278 320 305 off.
340 278 413 305 lieet.
434 278 474 306 Pr.

311 335 462 364 Accola,
482 335 713 362 v.Ae‹·01ens.
745 335 807 366 Qui
824 335 915 360 circa
935 335 1028 368 ripun
1041 335 1114 370 flu-

277 379 391 403 minum
416 387 515 411 agros
538 379 627 404 colit.
672 376 690 402 I.
710 377 772 411 Sy.
805 376 858 412 Qui
883 386 966 414 prope
990 380 1114 412 utrasque

276 419 347 456 ripas
366 418 512 456 possident.
540 419 635 446 ticini.
666 418 773 446 Circum
792 419 918 451 colentes,
938 429 958 445 s.
976 418 1053 445 Circa
1073 428 1114 444 co-

276 461 369 487 lentes.
405 462 575 490 Act-olentes.
595 472 616 488 s.
636 462 758 488 Accolae.
786 462 817 488 sr.
838 464 860 488 l.
880 463 917 496 55.
932 463 955 488 1.
971 462 995 487 6.
1016 460 1049 487 de
1067 460 1114 487 ssu-

276 505 337 530 min.
366 506 407 531 43.
434 507 472 531 12.
501 505 530 532 sr.
553 507 574 531 1.
594 505 630 539 55.
649 506 674 531 3.
699 514 738 541 sq.
762 505 786 531 6.
806 514 845 541 sq.
876 514 970 541 nequ.
998 504 1025 530 in
1042 503 1112 530 flum.

276 547 338 584 pub.
358 549 398 573 43.
421 549 459 574 13.
479 547 508 574 sr.
531 549 551 573 1.
571 548 593 581 5.
613 549 637 574 4.
657 547 690 574 de
709 549 758 585 rip.
778 558 847 574 mun.
866 549 907 574 43.
928 549 968 573 15.

310 602 617 629 Accommodare.
658 603 690 637 ἕ.
710 604 744 629 1.
776 604 965 636 Adplicat-e,
990 603 1113 638 Effar-

276 655 361 671 mare
384 648 423 672 nd
444 648 617 679 exemplum
648 648 799 673 alterins.
841 644 858 671 l.
878 646 940 679 Sy.
972 644 1113 682 Adplicare

276 688 506 724 (significationem
520 688 589 721 eun).
610 688 640 715 l'r.
655 690 678 715 8.
693 688 725 715 de
738 698 800 715 auro
814 698 865 724 arg.
885 689 925 714 34.
939 689 964 714 2.
992 687 1035 714 ΠΙ.
1047 689 1112 715 οη».

276 731 319 757 Ad
338 730 484 768 exexuplum
503 730 568 767 legis
588 731 709 768 Aquiliae
734 731 821 758 noxali
844 730 940 757 iudicio
964 732 1060 758 acturis
1080 747 1113 750 —

275 774 400 801 iudicium
418 773 622 800 accommodare.
659 773 794 801 C011.LL.
808 773 841 800 M.
855 773 911 800 XII.
932 775 955 800 7.
975 773 1007 800 cf.
1027 773 1057 800 fr.
1072 776 1112 800 11.

275 816 308 843 de
326 827 426 854 praesc.
446 827 488 843 vv.
510 818 549 844 19.
569 818 592 843 5.
624 816 740 854 Ipsarum
760 816 845 853 legum
864 816 952 843 verbis
971 827 1114 844 accommo-

275 859 350 885 datae
373 864 445 886 erant
470 860 527 893 (sc.
554 859 618 895 legis
643 859 784 893 actiones).
826 859 882 886 Gai.
901 859 945 887 IV.
966 862 1006 887 ll.
1042 860 1115 887 Idem

275 903 340 929 iuris
358 918 391 922 —
415 913 447 930 ex
471 904 598 929 sententia
622 901 686 938 legis
712 903 928 930 accommodatur.
962 902 992 930 fr.
1012 904 1053 930 48.
1073 914 1112 941 pr.

275 945 316 972 de.
340 944 371 972 R.
392 944 424 972 N.
447 947 489 972 23.
513 948 536 972 2.
577 945 842 972 Accommodabimus
871 951 984 973 mentem
1013 946 1040 973 S.
1060 946 1112 974 Cti.

276 989 306 1015 fr.
325 990 366 1015 30.
386 989 408 1023 5
428 990 451 1015 4.
472 988 504 1015 de
523 987 566 1014 tid.
586 987 650 1014 libb.
670 990 711 1015 40.
731 990 755 1015 5.
792 989 963 1026 Respondere
983 989 1061 1016 debet
1080 1005 1112 1009 -

276 1037 302 1058 ut
323 1032 354 1058 ad
374 1042 428 1058 eam
447 1036 547 1069 partem
566 1030 762 1068 stipulationem
776 1032 1010 1059 accommodemus.
1030 1032 1112 1059 sr.·20.

275 1076 298 1109 5.
317 1077 340 1101 2.
371 1075 403 1101 de
422 1076 510 1101 interr.
531 1075 556 1100 in
577 1075 640 1100 iure.
661 1076 701 1101 ll.
723 1077 744 1100 1.
769 1091 801 1094 -
825 1075 855 1108 §.
875 1076 911 1102 2.
939 1077 1111 1108 Praebere,

278 1119 440 1145 Tribuere.
478 1117 496 1144 Ι.
517 1118 577 1152 Sy.
606 1117 676 1144 Dare
695 1117 845 1151 (actiones).
874 1118 930 1145 Gai.
944 1117 988 1145 IV.
1004 1120 1060 1145 110.
1072 1128 1111 1155 sq.

275 1160 306 1187 fr.
325 1162 366 1186 31.
390 1162 412 1195 5.
431 1162 473 1187 22.
502 1160 534 1187 de
553 1160 618 1187 Aod.
640 1160 680 1187 ed.
704 1162 746 1187 21.
768 1162 790 1187 1.
831 1160 967 1188 Praestare
990 1161 1111 1195 (fidem).

276 1203 305 1230 fr.
326 1205 366 1230 40.
385 1204 416 1230 fr.
436 1205 477 1231 49.
502 1203 534 1231 de
552 1205 608 1230 iure
626 1204 693 1230 fisci.
717 1205 758 1230 49.
779 1205 818 1230 14.
857 1204 1031 1231 Commodare
1051 1204 1112 1239 (ad-

274 1257 396 1279 sensum,
423 1257 447 1274 v.
472 1247 687 1280 conniventiam).
731 1246 780 1274 Th.
806 1247 836 1274 C.
861 1246 905 1274 IX.
929 1249 953 1274 2.
981 1258 1002 1274 c.
1021 1249 1045 1274 3.
1079 1247 1112 1274 (18

275 1289 362 1317 exhib.
386 1290 446 1317 reis.
478 1289 523 1317 XI.
547 1292 588 1316 30.
613 1300 634 1316 c.
660 1293 682 1316 8.
713 1289 745 1316 de
768 1300 826 1327 app.
851 1295 877 1317 et
895 1300 972 1328 poen.
1009 1290 1110 1317 Tribui.

275 1332 414 1360 Prodesse.
442 1332 610 1359 Patrocinari.
638 1333 837 1360 Accommodari
857 1334 919 1367 (ius,
938 1344 962 1360 v.
981 1335 1112 1371 exceptio-

276 1377 358 1410 nem).
388 1376 418 1403 fr.
437 1378 461 1402 2.
481 1377 503 1410 5.
523 1378 546 1402 8.
566 1377 588 1402 si
608 1386 650 1412 qu.
671 1380 748 1402 cautt.
767 1378 791 1402 2.
813 1378 852 1403 11.
872 1376 902 1403 fr.
917 1378 957 1403 48.
976 1387 1015 1414 pr.
1034 1378 1072 1411 55.
1088 1378 1110 1403 l.

275 1429 315 1456 sq.
340 1419 372 1446 de
390 1418 422 1446 R.
442 1418 473 1446 N.
493 1420 534 1445 23.
554 1421 578 1445 2.
621 1419 663 1446 III.
684 1421 749 1447 Cn·
783 1419 884 1447 Inducti
905 1420 958 1454 (sc.
978 1421 1061 1453 servi,
1084 1421 1111 1446 in

275 1462 410 1500 praedia),
435 1467 463 1489 nt
482 1462 517 1489 ibi
536 1467 663 1499 perpetuo
683 1467 784 1495 essent,
808 1473 860 1490 non
884 1465 1010 1501 temporis
1034 1473 1111 1490 causa

276 1505 540 1532 accommodarentur.
572 1505 601 1532 fr.
620 1507 662 1531 32.
687 1505 718 1531 de
737 1507 806 1543 pign.
835 1508 876 1533 20.
897 1509 920 1533 1.
955 1506 1036 1543 Quod
1059 1516 1111 1533 non

275 1548 353 1575 habet
372 1553 488 1575 naturam
506 1548 662 1584 legatorum,
681 1548 731 1575 hoc
750 1550 773 1575 ei
792 1559 824 1576 ex
842 1549 1054 1576 fideicommissis
1073 1560 1112 1577 ac-

277 1591 462 1619 commodetur.
487 1601 507 1618 c.
527 1594 551 1618 2.
571 1602 661 1618 comm.
683 1591 714 1618 de
733 1591 782 1628 leg.
801 1593 824 1618 6.
844 1594 885 1619 43.
922 1592 1060 1620 Praetores
1078 1609 1111 1613 ——

276 1645 320 1661 cas
337 1644 464 1672 personas
482 1634 514 1661 ad
530 1636 737 1667 successionem,
761 1635 791 1662 B.
806 1634 861 1662 Pne
878 1634 975 1665 ..Unde
992 1638 1112 1673 cognati‘*

276 1677 481 1710 accommodata,
509 1677 644 1704 vocabant.
685 1677 728 1704 Pr.
747 1677 766 1705 l.
795 1678 826 1705 de
850 1677 878 1705 S.
898 1678 929 1705 C.
949 1678 1020 1706 Tert.
1043 1681 1067 1706 3.
1086 1681 1110 1706 3.

275 1720 355 1748 Fides
368 1731 421 1747 non
434 1720 643 1747 accommodatur
660 1722 760 1755 (servo,
779 1731 803 1748 v.
821 1723 967 1758 quaestioni
979 1722 1110 1757 latronis).

276 1762 348 1790 Paul.
368 1762 399 1789 V.
421 1764 460 1789 16.
485 1764 521 1797 55.
541 1765 564 1790 4.
586 1765 626 1790 10.
663 1763 844 1795 Voluntatem,
868 1763 1034 1797 Patientiam,
1058 1776 1110 1792 acc.

276 1806 307 1833 sr.
328 1808 367 1833 17.
392 1817 430 1844 pr.
462 1806 513 1842 Qu.
533 1811 558 1833 et
577 1817 590 1832 a
610 1817 652 1843 qu.
671 1817 737 1834 man.
757 1808 798 1834 40.
817 1808 841 1834 9.
861 1817 882 1834 c.
898 1809 920 1834 l.
939 1809 962 1834 si
980 1818 1062 1835 manc.
1076 1810 1110 1835 ita

276 1860 334 1876 ven.
354 1852 377 1876 4.
397 1850 438 1875 56.
476 1848 591 1886 Operam
610 1860 695 1882 snam,
715 1860 738 1876 v.
758 1849 939 1883 Ministerium,
959 1861 1011 1878 acc.
1042 1851 1072 1878 fr.
1087 1853 1110 1878 l.

276 1893 299 1927 5.
317 1894 359 1919 20,
379 1892 411 1918 (18
430 1892 460 1918 A.
480 1902 504 1919 v.
524 1892 555 1918 Α.
576 1892 602 1919 P.
622 1894 663 1919 41.
682 1894 706 1919 2.
728 1892 757 1919 fr.
776 1894 800 1919 3.
825 1892 856 1919 de
874 1904 983 1930 proxcn.
1008 1896 1049 1921 50.
1070 1897 1110 1922 14.

277 1936 445 1962 Interdictum
465 1935 642 1962 accommodat
666 1934 707 1962 Pr.
738 1934 793 1962 Gai.
814 1935 858 1962 lv.
878 1938 935 1963 144.
963 1936 993 1963 fr.
1015 1939 1054 1964 11.
1083 1943 1111 1964 ut

277 1978 352 2015 legat.
373 1989 441 2006 serv.
460 1989 481 2005 c.
501 1980 542 2005 36.
561 1980 585 2005 3.
610 1994 642 1998 —
666 1979 697 2013 ᾖ.
718 1979 754 2005 3.
784 1980 989 2006 Permittere.
1016 1979 1034 2006 I.
1049 1981 1110 2015 Sy.

276 2021 430 2049 Pcrmittcre
449 2021 605 2058 (obligare).
642 2022 704 2048 Ace.
725 2020 932 2057 (obligandum).
961 2022 991 2049 fr.
1010 2024 1052 2050 38.
1071 2033 1110 2061 pr.

276 2065 361 2092 mand.
387 2067 426 2091 17.
448 2067 469 2091 l.
507 2064 548 2091 III.
569 2066 630 2092 (7²1.
664 2064 692 2091 Si
717 2064 821 2101 quidem
845 2064 992 2092 ediscendis
1011 2066 1111 2093 artibus

277 2109 359 2135 otium
382 2109 415 2135 sit
438 2107 692 2134 accommodandum.
730 2107 779 2134 Th.
800 2106 830 2134 C.
850 2107 919 2134 XIII.
938 2109 962 2135 4.
986 2118 1007 2135 c.
1026 2111 1050 2135 2.
1080 2109 1111 2136 de

277 2161 365 2178 cxcus.
390 2150 456 2177 artif.
497 2150 556 2177 Non
581 2155 621 2176 est
649 2151 765 2187 iniquum
793 2149 843 2177 boc
867 2152 890 2178 ei
914 2151 1111 2179 accommodari.

276 2193 358 2221 ludex
381 2209 413 2213 „.
438 2194 487 2220 iam
511 2193 724 2220 accommodabit.
758 2203 778 2219 c.
799 2195 822 2220 l.
851 2193 883 2220 de
907 2195 979 2221 inoff.
1003 2200 1062 2222 test.
1086 2196 1110 2222 3.

276 2238 318 2264 28.
338 2247 359 2263 c.
378 2238 401 2263 9,
422 2236 454 2262 de
473 2247 557 2263 accus
576 2238 600 2263 9.
619 2239 643 2263 2.
664 2253 695 2256 —
715 2237 745 2271 ς.
762 2237 800 2263 «Ι.
820 2238 993 2270 Exltibere,
1013 2241 1112 2266 Prae-

277 2287 373 2307 stare.
416 2278 458 2305 Ill.
480 2280 543 2307 Cn.
572 2278 743 2306 Turhulentis
767 2290 795 2305 se
819 2279 1048 2308 acclamationibus
1066 2291 1112 2318 po-

277 2323 406 2360 pularium
424 2332 546 2348 accomm.
575 2322 605 2348 sr.
624 2324 666 2348 28.
686 2323 707 2356 5.
726 2324 750 2349 3.
770 2322 802 2348 de
821 2333 896 2360 poen.
916 2325 957 2350 48.
978 2325 1018 2351 19.
1044 2323 1111 2351 Cum

277 2366 413 2403 pecuniam
432 2370 501 2391 tuam
520 2364 651 2397 crederes,
676 2365 869 2392 accommodato
889 2367 993 2393 nominc
1011 2366 1110 2393 Iuliani.

279 2418 299 2434 c.
318 2409 342 2434 3.
363 2408 394 2434 de
413 2412 494 2434 contr.
515 2412 540 2433 et
559 2418 649 2434 comm.
669 2409 731 2444 stip.
749 2411 772 2434 8.
791 2410 833 2434 38.

311 2463 624 2490 Accua-monacus
657 2461 797 2495 (ΡΜ-118).
837 2464 956 2497 Apina,
988 2465 1111 2491 conne-

278 2507 376 2532 m'ens.
418 2505 459 2531 111.
484 2506 548 2533 Cn.
586 2504 640 2531 Nec
662 2504 750 2531 verbis
773 2515 821 2531 nec
843 2505 972 2532 voluntati
995 2506 1111 2533 defuncti

312 2603 583 2630 Acco-amodum
600 2602 705 2636 (Adi).
741 2603 940 2635 Commodus,
964 2605 1110 2630 Idoneus.

278 2644 320 2671 HI.
335 2646 400 2672 (ἠ.
431 2644 461 2670 Si
475 2655 558 2681 neque
572 2647 638 2675 usui.
657 2655 742 2682 neque
760 2646 862 2671 ornatui
881 2647 994 2672 civitatis
1013 2656 1111 2672 accom-

279 2687 385 2714 modum
402 2687 505 2713 vid-*tur
528 2698 594 2714 esse.
631 2688 680 2715 ΤΙι.
701 2688 732 2715 C.
751 2687 809 2714 XV.
832 2689 853 2714 l.
878 2698 898 2714 c.
919 2690 959 2714 41.
989 2688 1020 2715 cf.
1039 2688 1109 2715 XYI.

282 2732 320 2756 10.
340 2740 361 2756 c.
384 2732 422 2756 19.
441 2731 462 2763 5.
481 2732 504 2756 2.
529 2730 561 2756 de
580 2741 668 2767 pagan.
706 2730 797 2767 Neque
821 2731 891 2757 enim
912 2730 982 2757 aliud
1001 2731 1111 2768 Impera-

280 2773 360 2799 toriae
372 2773 499 2798 maiestati
520 2788 550 2792 -—-
564 2773 666 2800 videtur
679 2773 880 2801 accommodum.
907 2773 973 2800 δον.
988 2773 1109 2800 Anthou.

280 2815 312 2842 dt:
330 2815 389 2841 bon.
410 2825 463 2841 vac.
483 2814 525 2841 11.
544 2817 568 2842 3.
589 2826 609 2842 c.
632 2818 652 2842 1.
672 2817 694 2850 5.
713 2818 737 2843 2.

1191 236 1437 264 Accumbere-
1473 238 1646 265 :it-cubare.
1682 238 1713 265 Π.
1735 240 1801 273 01).
1838 239 1944 267 Sedere..
1965 257 1998 260 —

1157 278 1307 305 Ambulare.
1334 279 1364 305 fr.
1385 280 1443 305 124.
1468 278 1500 305 de
1519 279 1550 306 V.
1570 281 1598 308 S.
1618 283 1659 308 50.
1682 283 1721 308 16.

1191 323 1457 349 Accumulare.
1493 324 1631 358 Anger-e.
1672 323 1714 351 III.
1735 326 1801 353 θη.
1829 324 1865 352 Vt
1883 326 1997 353 adcmtio

1158 364 1307 391 facultatum
1326 375 1437 402 poenam
1456 367 1615 401 praemissae
1634 367 1820 403 indignationis
1844 368 1996 396 accumulet.

1158 407 1208 434 Th.
1228 407 1259 434 C.
1279 408 1313 434 X.
1334 410 1374 434 10.
1395 417 1416 434 c.
1435 409 1477 434 29.
1497 407 1529 434 de
1548 411 1621 445 petit.
1641 415 1667 436 et
1686 410 1755 437 ultro
1774 410 1826 437 dat.

1191 452 1397 478 Accu-are.
1436 452 1570 478 Curare.
1606 452 1648 479 ῙΠ.
1669 455 1734 481 Cn.
1764 452 1838 480 Nova
1857 464 1926 480 arma
1945 463 1998 480 non

1157 493 1260 525 faciant,
1279 498 1378 520 tautum
1391 493 1445 525 illa,
1461 504 1527 530 quae
1540 494 1650 523 militum
1663 501 1733 528 sunt,
1747 502 1877 523 accurent.
1905 496 1996 524 Iulian.

1158 537 1219 574 cpit.
1239 547 1299 563 nov.
1320 547 1341 564 c.
1362 538 1402 563 79.
1422 537 1444 570 5.
1463 538 1523 563 301.

1191 580 1416 607 Accurrere·
1443 580 1476 613 δ.
1495 581 1530 606 l.
1559 581 1666 609 Cursu
1685 583 1847 609 advolare.
1874 582 1916 609 ΠΙ.
1931 583 1997 611 Cn.

1157 621 1199 648 Ad
1218 622 1492 659 comprehendendum
1511 633 1569 649 eum
1589 634 1641 651 acc.
1664 624 1694 651 fr.
1709 627 1731 651 7.
1745 626 1767 659 5.
1781 627 1805 651 2.
1825 624 1857 652 de
1876 625 1935 652 furt.
1954 627 1996 652 47.

1156 668 1180 692 2.
1195 681 1227 684 -
1246 665 1277 699 §.
1292 666 1327 692 2.
1347 667 1460 697 Adire,
1479 667 1623 693 Prodire.
1652 666 1670 693 l.
1685 668 1745 702 Sy.
1765 667 1875 695 Prodire
1893 669 1933 702 (in
1951 678 1998 706 pu-

1157 708 1267 741 blicum,
1291 718 1316 735 v.
1336 707 1368 734 ad
1386 708 1538 742 iudicium).
1576 708 1626 736 Tb.
1646 709 1677 736 C.
1695 709 1740 737 lX.
1758 712 1800 738 27.
1825 721 1846 738 c.
1867 713 1890 738 7.
1915 711 1947 738 ad
1965 710 1996 738 L.

1157 751 1203 778 Iul.
1223 761 1278 788 rep.

1192 795 1439 826 Accreseere,
1464 805 1489 821 v.
1508 794 1678 821 Adcrescere.

1191 838 1394 864 Accusare.
1431 838 1462 871 §.
1482 839 1517 864 l.
1555 839 1684 865 Crimen
1712 840 1840 876 deferre
1865 846 1895 867 et
1920 850 1996 875 per-

1157 881 1254 914 nequi.
1291 879 1310 906 I.
1330 881 1392 914 Sy.
1422 880 1558 918 Experiri,
1578 891 1601 907 v.
1620 880 1705 908 Reum
1724 882 1817 914 facere,
1833 882 1941 920 publico
1960 884 1996 910 iu-

1157 922 1233 949 dicio.
1258 922 1288 949 l'r.
1308 924 1349 950 43.
1369 924 1390 957 5.
1406 925 1446 950 10.
1466 923 1499 950 de
1511 923 1542 950 R.
1557 923 1589 950 N.
1607 925 1649 950 23.
1668 926 1693 950 2.
1712 924 1742 951 fr.
1758 927 1780 951 1.
1800 925 1833 952 de
1851 935 1936 953 accus.
1953 927 1995 953 48.

1155 968 1181 992 2.
1218 965 1364 992 postulare.
1392 966 1494 993 Nomen
1513 966 1622 993 deferre.
1657 966 1726 994 Coll.
1739 967 1792 994 LL.
1806 967 1839 995 Μ,
1852 967 1896 995 IV.
1916 970 1940 995 4.
1954 979 1995 1006 sq.

1157 1011 1180 1035 7.
1199 1008 1230 1035 sr.
1251 1011 1291 1036 10.
1317 1009 1349 1035 de
1362 1010 1418 1036 iure
1430 1014 1496 1046 patr.
1514 1011 1556 1036 37.
1571 1011 1611 1036 14.
1639 1009 1777 1037 Intendere
1790 1012 1895 1038 crimen.
1923 1010 1995 1038 Paul.

1156 1051 1188 1078 V.
1208 1054 1233 1078 4.
1257 1052 1340 1086 5.12.
1373 1052 1498 1089 Argue-re.
1526 1052 1556 1079 sr.
1579 1054 1621 1079 46.
1646 1053 1678 1080 de
1702 1054 1734 1081 A.
1752 1064 1776 1081 v.
1797 1054 1830 1081 O.
1849 1053 1881 1081 H.
1904 1055 1947 1081 29.
1970 1056 1995 1081 2.

1157 1094 1198 1121 ΠΙ.
1223 1096 1289 1123 Gn.
1330 1095 1383 1131 Qui
1407 1097 1433 1122 in
1457 1097 1648 1122 accusationem
1671 1097 1849 1124 innocentium
1873 1098 1996 1130 coierint,

1157 1139 1235 1174 quive
1253 1138 1287 1164 ob
1307 1139 1493 1171 accusandum,
1513 1139 1555 1165 vel
1574 1150 1625 1166 non
1639 1139 1820 1171 accusandum,
1840 1139 1997 1167 denuncian-

1156 1181 1230 1213 dum,
1258 1181 1301 1208 vel
1329 1191 1381 1208 non
1409 1181 1618 1209 denunciandum
1642 1183 1833 1214 testimonium,
1857 1184 1995 1220 pecuniam

1155 1225 1311 1262 acceperint.
1334 1224 1364 1251 fr.
1383 1226 1408 1251 2.
1432 1224 1465 1251 de
1493 1235 1613 1252 concuss.
1637 1227 1678 1252 47.
1699 1227 1738 1252 13.
1767 1225 1797 1252 sr.
1817 1227 1840 1252 4.
1864 1225 1895 1252 fr.
1914 1227 1938 1252 8.
1963 1225 1996 1253 (18

1155 1277 1241 1293 accus.
1260 1268 1301 1294 48.
1320 1269 1345 1294 2.
1381 1267 1444 1294 Ace.
1465 1272 1490 1294 et
1509 1269 1672 1294 convincere.
1698 1285 1731 1288 -—
1759 1268 1836 1300 Acc.,
1861 1279 1910 1296 nec
1928 1268 1996 1296 obti-

1155 1320 1225 1337 nere.
1253 1310 1284 1337 [Γ.
1304 1312 1362 1338 197.
1386 1310 1419 1337 dc
1438 1310 1469 1337 V.
1490 1310 1517 1337 S.
1537 1312 1578 1337 50.
1599 1312 1639 1337 16.
1668 1310 1698 1337 [r.
1717 1313 1741 1337 2.
1761 1312 1783 1346 5.
1803 1313 1844 1338 46.
1870 1311 1903 1338 de
1922 1312 1955 1339 Ο.
1975 1311 1994 1339 1.

1156 1355 1178 1380 l,
1197 1356 1222 1380 2.
1258 1353 1386 1380 Accusari
1405 1358 1431 1380 et
1449 1353 1573 1380 damnari.
1601 1353 1632 1380 fr.
1645 1356 1686 1381 22.
1706 1354 1739 1381 (18
1757 1364 1843 1381 accus.
1862 1356 1904 1381 48.
1917 1356 1941 1381 2.
1965 1354 1995 1382 In

1154 1395 1258 1423 iudiciis
1277 1396 1391 1433 publicis
1411 1407 1463 1423 acc.
1487 1396 1517 1424 fr.
1539 1398 1578 1424 16.
1603 1397 1638 1424 ib.
1652 1398 1693 1424 48.
1712 1399 1736 1424 2.
1764 1398 1805 1425 Ex
1819 1408 1848 1424 ea
1863 1397 1920 1434 lege
1939 1408 1993 1425 acc.

1155 1439 1186 1466 fr.
1206 1441 1229 1466 5.
1259 1439 1292 1466 dc
1310 1449 1427 1477 praevar.
1455 1442 1496 1467 47.
1521 1442 1561 1466 15.
1598 1439 1656 1466 Iure
1679 1441 1776 1473 mariti,
1800 1451 1824 1467 v.
1848 1442 1944 1478 patris,
1968 1451 1993 1467 v.

1156 1483 1284 1515 extranei,
1308 1493 1360 1509 acc.
1386 1482 1537 1510 adulteram.
1569 1482 1638 1510 Coll.
1662 1482 1715 1509 LL.
1739 1483 1772 1510 M.
1792 1482 1836 1510 IV.
1861 1485 1885 1510 4.
1906 1485 1928 1510 7.
1961 1500 1993 1504 -

1155 1525 1186 1559 ᾖ.
1211 1526 1246 1552 2.
1288 1527 1459 1559 Ιιιοιιεανε,
1492 1527 1707 1553 Deuunciare.
1753 1526 1772 1553 I.
1795 1527 1857 1561 Sy.
1888 1526 1993 1554 Dicere.

1154 1568 1272 1605 Arguere
1304 1568 1428 1602 (falsum,
1456 1579 1480 1596 v.
1509 1569 1698 1601 inofficiosum.
1727 1579 1763 1596 sc.
1782 1569 1993 1603 testamentum).

1155 1611 1227 1638 Paul.
1251 1610 1295 1638 IV.
1318 1613 1342 1638 5.
1367 1612 1404 1646 55.
1424 1614 1448 1639 3.
1472 1622 1512 1649 sq.
1541 1612 1572 1639 fr.
1591 1615 1614 1639 5.
1638 1623 1678 1650 pr.
1702 1613 1739 1647 55.
1758 1613 1782 1638 3.
1804 1614 1828 1638 5.
1848 1622 1887 1648 sq.
1912 1612 1944 1639 ‹le
1967 1612 1993 1639 h.

1156 1664 1198 1691 qu.
1218 1659 1246 1681 ut
1264 1653 1317 1681 iud.
1336 1656 1378 1681 34.
1398 1656 1422 1682 9.
1446 1655 1476 1682 sr.
1496 1657 1520 1681 6.
1539 1655 1572 1681 de
1591 1655 1679 1682 hored.
1698 1661 1751 1693 pet.
1770 1657 1794 1681 5.
1813 1656 1838 1682 3.
1870 1654 1912 1682 HI.
1927 1656 1993 1683 Cn.

1155 1697 1214 1723 Nou
1233 1702 1386 1724 accusantes
1406 1699 1460 1731 (sc.
1479 1698 1566 1732 servi)
1585 1698 1719 1730 domiuos3
1738 1698 1785 1725 sed
1804 1699 1827 1725 si
1845 1697 1994 1725 verecunde

1155 1740 1326 1777 expostulent
1344 1745 1393 1767 etc.
1417 1740 1449 1768 fr.
1471 1743 1492 1767 l.
1517 1741 1554 1775 55.
1576 1743 1598 1768 1.
1617 1743 1641 1768 8.
1661 1741 1694 1768 de
1713 1741 1757 1767 off.
1776 1740 1828 1767 Prf.
1848 1740 1894 1768 Vr.
1915 1743 1937 1768 1.
1952 1743 1992 1768 12.

1154 1782 1218 1810 Tiro
1238 1788 1315 1820 atquc
1335 1794 1417 1810 uxore
1440 1794 1526 1810 mores
1550 1785 1661 1811 invicem
1681 1784 1872 1811 accusantibus.
1900 1783 1931 1810 fr.
1949 1785 1992 1811 39.

1132 1837 1133 1843 ¹
1154 1825 1203 1852 sol.
1223 1831 1296 1852 matr.
1315 1828 1357 1853 24.
1375 1828 1400 1853 3.
1437 1826 1473 1853 Vt
1496 1828 1624 1863 ingratum
1647 1837 1778 1854 accusare.
1806 1827 1837 1853 fr.
1859 1828 1902 1854 35.
1926 1827 1948 1861 5.
1969 1828 1992 1854 l.

1155 1869 1187 1895 de
1205 1879 1278 1906 proc.
1297 1870 1321 1896 3.
1340 1871 1364 1896 3.
1401 1869 1548 1907 Suspectus
1568 1871 1621 1904 (sc.
1641 1871 1728 1904 tutor)
1748 1871 1872 1897 accusari.
1899 1869 1930 1896 fr.
1949 1870 1991 1896 39.

1155 1913 1177 1946 5.
1197 1914 1219 1938 7.
1239 1912 1273 1938 ib.
1292 1913 1317 1939 3.
1336 1914 1360 1939 3.
1380 1929 1413 1932 —
1431 1913 1462 1947 §0
1483 1915 1520 1940 ³.
1548 1915 1756 1947 VHuperare,
1776 1914 1991 1947 Exprobrare.

1155 1955 1184 1982 Π.
1206 1957 1273 1990 01).
1299 1955 1426 1982 Laudare.
1454 1956 1484 1982 fr.
1503 1958 1545 1983 27.
1565 1966 1604 1993 pr.
1623 1955 1656 1982 de
1675 1955 1750 1981 cond.
1769 1956 1830 1981 inst.
1849 1957 1890 1981 28.
1911 1956 1934 1981 7.

1189 1999 1402 2026 Accusatio.
1439 1999 1470 2032 ξ.
1490 2000 1525 2025 l.
1554 2000 1713 2025 Criminis
1731 2000 1922 2032 persecutio
1941 2008 1992 2026 so-

1132 2058 1134 2063 ν
1155 2044 1274 2069 lemnia.
1311 2041 1329 2068 I.
1350 2043 1411 2076 Sy.
1444 2041 1563 2073 Crimen,
1588 2040 1789 2067 Accusationem
1813 2041 1991 2076 (intendere).

1156 2085 1281 2112 Criminis
1300 2085 1492 2111 accusationem
1510 2085 1655 2110 instituere.
1679 2083 1708 2110 fr.
1723 2085 1746 2109 4.
1766 2082 1796 2110 fr.
1811 2085 1834 2110 5.
1855 2084 1887 2111 de
1905 2094 1990 2111 accus.

1155 2130 1196 2155 48.
1215 2130 1239 2155 2.
1260 2138 1281 2154 c.
1301 2129 1324 2154 7.
1345 2137 1365 2153 c.
1385 2128 1409 2153 8.
1430 2137 1451 2154 c.
1472 2129 1511 2153 12.
1531 2137 1551 2153 c.
1568 2128 1607 2152 15.
1628 2137 1648 2153 c.
1664 2128 1703 2153 17.
1732 2126 1783 2162 Qu.
1803 2137 1854 2153 acc.
1874 2137 1898 2154 n.
1917 2137 1990 2164 poss.

1155 2173 1179 2198 9.
1200 2173 1222 2198 l.
1251 2171 1356 2198 Dcl'erri
1380 2170 1477 2208 (super
1501 2170 1633 2203 crimine).
1673 2169 1776 2196 Deduci
1799 2170 1825 2196 in
1849 2171 1991 2197 accusatio-

1156 2224 1213 2241 nem
1233 2213 1278 2248 (de
1292 2214 1419 2247 crimine).
1440 2224 1461 2240 c.
1475 2214 1498 2240 9.
1514 2213 1546 2239 de
1559 2222 1644 2239 accuS.
1658 2217 1683 2238 ct
1696 2213 1774 2239 inscr.
1788 2214 1811 2239 9.
1822 2214 1846 2239 2.
1870 2212 1912 2240 111.
1923 2214 1991 2241 Gn·

1154 2257 1226 2284 Reus
1246 2256 1351 2293 quidem
1374 2255 1535 2294 postulatur,
1559 2255 1606 2282 sed
1630 2255 1748 2281 differtur
1771 2256 1827 2281 cius
1850 2256 1990 2283 accusatio.

1155 2300 1185 2327 fr.
1203 2302 1245 2327 38.
1270 2300 1291 2334 5.
1313 2301 1352 2326 1⁰.
1381 2299 1413 2325 ad
1435 2298 1465 2326 L.
1485 2298 1532 2325 Iul.
1557 2297 1589 2325 de
1608 2297 1647 2324 ad.
1667 2299 1708 2324 48.
1727 2300 1751 2324 5.
1788 2297 1817 2325 ln
1835 2299 1893 2335 ipsa
1911 2308 1990 2336 expo-

1155 2345 1250 2370 sitione
1274 2343 1423 2374 criminum,
1452 2346 1530 2378 atque
1557 2341 1729 2367 accusationis
1758 2341 1875 2368 exordio.
1907 2351 1928 2368 c.
1946 2342 1988 2367 20.

1155 2387 1207 2423 Qu.
1227 2396 1279 2413 acc.
1304 2395 1328 2412 n.
1347 2395 1420 2422 poss.
1443 2385 1467 2411 9.
1488 2386 1511 2410 l.
1553 2383 1633 2410 Coire
1655 2384 1682 2409 in
1705 2385 1896 2411 accusationem
1917 2384 1989 2410 inno-

1155 2431 1276 2458 centium.
1305 2429 1335 2456 fr.
1355 2430 1380 2455 2.
1399 2427 1431 2454 de
1450 2436 1570 2453 concuss.
1589 2427 1631 2452 47.
1651 2427 1691 2452 13.
1720 2426 1789 2453 Coll.
1802 2426 1855 2453 LL.
1874 2426 1906 2454 Μ.
1920 2425 1988 2453 UH.

1156 2476 1178 2501 7.
1216 2473 1318 2510 Capitis
1338 2481 1390 2498 acc.
1419 2469 1448 2496 sr.
1469 2471 1508 2496 10.
1535 2469 1567 2496 de
1586 2470 1641 2495 iure
1659 2473 1760 2506 patron.
1783 2471 1825 2496 37.
1846 2471 1884 2496 14.
1921 2468 1989 2506 Sup-

1132 2543 1133 2547 ,
1154 2517 1234 2554 positi
1254 2520 1343 2553 partus
1363 2523 1415 2540 acc.
1441 2512 1471 2539 fr.
1493 2513 1533 2539 19.
1552 2512 1573 2546 5.
1595 2514 1616 2538 l.
1637 2511 1670 2538 (le
1687 2511 1717 2539 L.
1738 2512 1800 2540 Cor.
1819 2512 1851 2539 de
1870 2511 1926 2538 fals.
1945 2513 1987 2538 48.

279 2547 470 2574 accommodata
489 2548 552 2575 haee
570 2548 698 2574 sententia
718 2552 764 2574 est.
786 2547 815 2574 sr.
825 2548 866 2574 63.
887 2548 918 2575 de
932 2548 980 2585 leg.
994 2549 1012 2576 1.
1032 2550 1098 2583 (30.)
1132 2551 1133 2589 J
1156 2562 1197 2585 10-
1216 2574 1248 2578 —-
1267 2559 1298 2592 ς.
1318 2558 1354 2584 8.
1390 2557 1448 2584 Rei
1464 2558 1632 2590 privatae,
1657 2566 1677 2582 17.
1698 2566 1756 2582 uon
1775 2556 1986 2586 criminouae,

1154 2603 1336 2636 persecutio
1362 2600 1503 2639 pttblifa.
1541 2597 1559 2624 I.
1579 2600 1640 2633 Sy.
1672 2598 1758 2624 Actio.
1795 2597 1909 2633 Querela
1932 2598 1986 2630 (in-

1155 2645 1267 2671 ofliciosi
1291 2642 1466 2674 testanwnti).
1496 2641 1527 2667 sr.
1547 2642 1572 2667 6.
1595 2641 1616 2675 5.
1636 2643 1659 2667 2.
1685 2641 1717 2667 de
1740 2640 1811 2666 inoff.
1837 2645 1895 2667 test.
1919 2642 1942 2665 5.
1960 2641 1984 2664 2.

1155 2697 1176 2713 c.
1198 2689 1236 2712 11.
1260 2696 1300 2722 sq.
1325 2685 1382 2712 eod.
1406 2687 1430 2711 3.
1443 2686 1484 2711 28.
1527 2683 1672 2710 postulatio
1705 2684 1838 2720 (suspecti
1865 2681 1984 2714 tutoris).

1154 2729 1184 2756 [r.
1206 2731 1228 2755 l.
1252 2730 1288 2763 55
1313 2730 1336 2755 4.
1357 2730 1380 2754 7.
1408 2727 1438 2754 sr.
1457 2729 1481 2754 3.
1507 2727 1544 2761 55.
1563 2728 1587 2753 6.
1607 2737 1648 2763 sq.
1670 2725 1703 2753 de.
1721 2735 1794 2762 susp.
1814 2730 1860 2752 tut.
1882 2725 1923 2750 26.
1947 2725 1983 2750 10.

1154 2773 1238 2799 Actio.
1258 2771 1289 2798 cs.
1304 2771 1328 2798 h.
1342 2781 1365 2797 v.
1386 2771 1461 2805 55.-1.
1481 2771 1504 2796 6.
1542 2769 1582 2797 lli.
1604 2771 1668 2797 Gn.
1696 2768 1725 2795 In
1744 2768 1933 2795 accusationem
1952 2767 1985 2792 ci—

1154 2815 1213 2843 vilis
1233 2825 1333 2848 causae,
1352 2813 1393 2841 vel
1413 2812 1562 2847 criminalis,
1581 2812 1682 2840 deduci.
1711 2822 1732 2838 c.
1747 2812 1786 2837 14.
1800 2820 1838 2848 pr.
1859 2809 1890 2836 de
1909 2819 1982 2847 prox.
