2197 3121
975 148 1060 179 EXH
1085 167 1123 172 —
1148 149 1226 180 EXI.

236 233 260 258 6.
297 231 420 258 mandare
439 231 591 264 (actiones.)
611 230 641 256 fr.
660 231 701 256 25.
722 229 757 256 ih.
780 230 818 256 18.
838 231 862 256 6.
883 230 912 256 sr.
929 232 970 257 57.
991 230 1023 257 de
1042 230 1077 257 le-

236 279 285 311 gat.
309 274 327 300 l.
355 275 431 307 (30.)
468 274 511 300 111.
538 275 604 301 οη.
641 272 669 299 Si
691 273 747 299 eius
772 272 890 305 roboris,
910 273 953 299 vel
973 273 1076 299 artificii

235 318 302 348 sint⁷
327 322 355 342 nt
375 317 451 353 digne
470 316 569 354 populo
594 316 625 342 R.
650 315 768 342 exhiberi
792 317 905 352 possint.
926 315 956 342 fr.
975 318 1016 342 31.
1037 326 1076 353 pr.

235 359 268 386 de
286 369 363 396 poen.
383 361 423 386 48.
446 362 484 387 19.
523 359 635 396 Operas,
650 369 670 385 S.
685 359 868 390 Ministerium,
888 358 975 385 exhib.
989 358 1020 385 fr.
1036 361 1075 385 17.

234 412 274 440 pr.
295 402 327 428 ad
347 403 440 428 munic.
461 404 501 428 50.
524 404 545 428 1.
584 401 750 438 Obsequium
763 401 850 428 exhib.
870 401 1036 438 (parentibus
1051 406 1076 428 et

235 446 376 482 patronis)
397 445 426 471 fr.
446 446 469 471 9.
489 445 511 477 Q.
530 446 555 470 3.
575 444 607 470 (le
627 445 670 471 011'.
692 444 767 471 Proc.
789 449 814 471 et
832 443 893 479 Leg.
915 446 937 470 1.
954 445 992 469 16.
1024 443 1076 470 Hu-

235 489 393 516 manitatem.
412 498 436 514 V.
457 487 561 518 Fidem.
588 487 674 514 exhib.
701 488 730 514 fr.
752 490 774 514 l.
794 488 816 521 Q.
836 488 860 513 4.
881 486 913 513 (le
933 486 1030 523 postul.
1050 488 1073 512 3.

236 531 259 557 l.
280 530 309 557 fr.
333 533 354 557 l.
374 531 395 564 Q.
415 533 439 556 2.
460 530 491 556 de
510 540 624 566 praescr.
645 540 686 556 vv.
709 532 748 557 19.
768 532 792 556 5.
813 544 843 549 -
865 530 896 563 ᾖ.
921 530 958 556 5.
983 531 1075 556 Tole-

234 584 322 605 rare,
343 576 543 600 Sustentare.
582 573 599 599 1.
630 574 691 607 Sy.
728 573 815 599 Alere.
841 571 882 599 Cf.
908 571 932 598 h.
957 582 981 598 v.
1008 572 1030 605 Q.
1049 574 1073 598 2.

234 615 278 642 111.
298 618 363 644 οη.
388 616 415 642 Si
441 615 471 642 ad
497 615 645 642 armandam
670 616 882 642 instruendamve
901 625 1006 646 navem,
1031 615 1074 642 vel

234 658 517 689 nautasexhibendos.
537 664 669 685 mutuatus
689 663 736 685 est.
756 658 786 684 l'r.
808 659 829 684 l.
850 659 871 692 Q.
892 661 916 684 8.
936 657 968 684 de
987 668 1072 685 exerc.

234 706 283 728 act.
306 703 344 727 14.
366 703 386 727 1.
408 701 436 727 fr.
459 703 497 727 lo.
518 702 538 735 Q.
561 704 583 728 7.
604 701 636 728 de
655 702 682 728 in
701 711 753 727 rem
768 710 854 727 verso.
872 702 910 727 15.
924 702 949 727 3.
988 701 1017 728 Si
1031 701 1073 728 de·
1095 710 1096 725 i

234 743 305 770 deris
326 760 354 763 —
376 743 502 775 athletae.
531 745 599 771 unde
619 754 648 770 se
672 743 808 770 exhiberet
827 749 1021 780 exerceretque.
1042 745 1072 771 fr.

233 788 258 812 5.
278 796 316 823 pr.
341 785 373 812 de
398 792 467 813 naut.
494 787 562 813 foen.
588 789 629 813 22.
648 789 672 813 2.
715 786 744 813 Si
765 786 832 813 sorte.
852 788 909 823 ipse
928 797 1021 813 servus
1041 798 1073 814 ex

233 830 331 865 operis7
351 828 392 855 vel
413 829 524 856 artilicio
539 839 595 861 suo,
615 829 718 856 solebat
732 840 761 855 se
775 829 908 861 exhihere,
928 840 997 857 nunc
1010 841 1072 856 vero

233 872 336 907 cogitur
354 882 454 898 vau-are.
475 872 504 898 l'r.
526 874 565 899 11.
586 873 607 906 Q.
629 874 650 898 1.
671 872 702 898 ad
722 872 809 899 exhib.
831 875 870 899 10.
884 874 909 898 21.
947 873 969 898 A
990 873 1073 899 milite

232 924 338 951 quoque
358 914 422 942 tilio.
442 916 486 951 qni
506 916 532 941 in
552 914 720 941 facultatibus
740 916 783 948 sit,
804 915 968 942 exhibendos
983 926 1073 953 paren·

232 962 273 983 tes
294 968 360 983 esse.
381 958 411 983 sr.
431 960 455 983 5.
476 958 497 990 Q.
519 960 557 984 15.
579 957 611 984 de
630 958 705 994 adgu.
730 963 756 984 et
780 958 811 985 al.
831 960 872 984 25.
891 960 916 985 3
942 959 973 986 cs.
997 959 1028 985 l'r.
1049 961 1070 985 l.

231 1000 253 1033 ς.
273 1002 297 1026 2.
318 1000 350 1026 de
370 1000 412 1026 off.
434 1000 485 1026 prr.
506 1000 550 1026 vr.
573 1002 594 1027 l.
616 1002 656 1027 12.
805 992 807 1001 ‘
883 1032 887 1035 „

266 1043 471 1070 Exhibitio.
509 1043 539 1075 §·
559 1045 593 1070 l.
614 1046 898 1078 Repraesentaeio.
936 1044 978 1071 111.
1005 1046 1070 1072 Gn.

232 1085 337 1121 Quodsi
356 1087 477 1121 ignorans
502 1086 609 1112 iusserit
632 1086 763 1117 exhiberi,
788 1087 830 1113 vel
854 1093 915 1124 post
937 1087 1070 1114 decretum

232 1129 288 1154 eius
311 1133 369 1154 ante
394 1128 462 1154 diem
487 1128 658 1155 exhibitionis
683 1129 835 1156 decesserit.
861 1130 891 1156 i'r.
911 1132 934 1157 4.
961 1130 1012 1166 Qu.
1033 1141 1071 1157 sa-

230 1170 291 1197 tisd.
312 1181 367 1207 cog.
391 1173 415 1197 2.
442 1172 465 1198 8.
504 1171 532 1197 In
552 1173 697 1198 continenti
722 1178 879 1210 potestatem
904 1174 1070 1210 inspiciendi.

229 1213 273 1240 vel
292 1213 458 1240 describendi
479 1215 576 1241 iubere.
597 1231 628 1234 —
649 1215 818 1242 Desideranh'
838 1221 941 1253 tempus
962 1216 1024 1243 dare
1038 1217 1070 1243 ad

230 1256 428 1283 exhibitionem.
454 1256 483 1284 fr.
502 1260 526 1284 2.
552 1258 572 1292 Q.
594 1260 616 1284 7.
642 1263 744 1285 testam.
770 1259 889 1295 quemad.
915 1270 954 1297 ap.
979 1262 1020 1286 29.
1045 1262 1069 1286 3.

229 1299 273 1330 Vt.
293 1300 316 1326 si
335 1300 439 1326 tabulae
459 1302 607 1327 testamenti
626 1311 679 1328 non
699 1302 849 1338 adpareant,
869 1302 901 1329 de
921 1313 1007 1329 earum
1028 1314 1070 1330 ex-

228 1342 357 1369 hibitione
377 1343 516 1370 interdicto
530 1344 634 1370 reddito
648 1346 714 1371 intra
728 1355 822 1371 annum
837 1346 875 1381 agi
889 1346 983 1382 possit.
998 1345 1069 1372 Paul.

228 1384 273 1411 IV.
293 1387 316 1412 7.
337 1386 358 1420 Q.
379 1387 487 1419 6.—§.
506 1388 541 1413 2.
564 1389 752 1414 Mandatum
772 1399 875 1415 rerum
894 1395 1070 1422 praestan—

228 1431 338 1455 darum
383 1429 426 1456 111.
450 1431 516 1456 (711.
549 1430 601 1465 Qui
621 1430 685 1457 adeo
706 1430 868 1467 quorundam
889 1433 1069 1467 querimoniis,

227 1470 271 1497 vel
285 1471 491 1498 exhibitionibus
506 1472 670 1499 diversorum
683 1473 799 1500 iudicum
813 1474 919 1501 adflicti.
940 1474 1007 1501 Nov.
1019 1475 1068 1502 Th.

227 1513 259 1540 11.
278 1524 311 1540 ne
330 1514 432 1541 ducian.
452 1526 476 1541 v.
496 1515 570 1542 limit.
590 1516 608 1542 I.
628 1518 652 1542 2.
678 1527 699 1543 c.
721 1518 742 1543 1.
767 1527 806 1553 pr.
827 1533 859 1536 —
880 1518 911 1550 ξ.
935 1519 972 1544 3.
993 1520 1069 1545 Edi-

228 1558 289 1589 tio,
309 1559 488 1593 Profexsio.
518 1558 558 1585 III.
574 1560 639 1586 (3¹²1.
658 1559 728 1585 Ante
747 1559 934 1586 exhibitionem
955 1562 1068 1593 testium,

229 1604 289 1626 autc
308 1601 482 1627 examinatum
502 1601 626 1627 iudicium
646 1607 694 1628 etc.
715 1601 764 1628 Th.
786 1601 817 1628 C.
831 1602 875 1629 IX.
898 1605 936 1630 16.
958 1614 977 1630 c.
998 1606 1021 1630 3.
1036 1615 1069 1631 ne

228 1652 269 1678 pr.
289 1644 360 1669 crim.
382 1645 439 1669 mai.
460 1659 492 1664 —
516 1645 547 1677 §.
570 1646 609 1670 4.
629 1646 827 1671 praestatio.
866 1645 908 1672 ΙΙΙ.
930 1647 995 1674 Cn.
1015 1647 1068 1682 Qui

229 1683 386 1712 thermarum
412 1686 600 1713 exhibitionem
624 1686 722 1713 Romae
747 1693 844 1714 curant.
870 1688 919 1715 Th,
945 1689 975 1715 (3.
995 1689 1067 1716 XIV.

229 1728 254 1752 5.
273 1737 293 1753 c.
316 1729 337 1754 l.
357 1728 388 1754 dc
408 1739 490 1755 manc.
510 1730 631 1756 thermar.
651 1729 754 1757 Publici
769 1741 861 1758 cursus
876 1731 1011 1759 exhibitio.
1030 1733 1067 1759 lb.

230 1769 296 1796 VIII.
316 1771 340 1796 4.
361 1780 381 1797 c.
402 1773 424 1797 7.
446 1771 478 1798 de
492 1772 619 1798 cohortal.
634 1771 701 1798 VIII.
722 1775 745 1799 5.
760 1784 780 1800 c.
800 1776 841 1800 51.
861 1774 893 1800 de
913 1784 991 1801 cursu
1004 1775 1066 1812 pub.

229 1828 261 1832 -
281 1813 312 1846 §0
334 1814 370 1839 5.
392 1816 610 1841 Sustentatio.
647 1814 690 1841 111.
712 1817 777 1842 Cn..
806 1816 974 1843 Frumentum
993 1828 1068 1854 repo-

228 1857 307 1881 situm
332 1856 363 1882 ad
388 1857 575 1893 mancipiorum
600 1857 797 1884 exhibitionem.
823 1858 852 1885 fr.
880 1861 918 1885 18.
945 1860 964 1893 Q.
986 1862 1009 1886 9.
1034 1860 1067 1886 de

228 1899 302 1924 instr.
323 1898 370 1934 leg.
390 1901 431 1925 33.
453 1901 475 1925 7.
514 1899 571 1925 Non
597 1899 716 1925 cumulus
741 1902 904 1937 patrimonii.
928 1903 975 1929 sed
996 1903 1066 1939 quod

227 1941 383 1968 exhibitioni
402 1941 536 1977 frugaliter
554 1942 665 1974 sufficit,
686 1943 802 1975 (modum
822 1944 952 1971 alimentis
971 1945 1065 1979 dabit.)

227 1985 258 2011 fr.
282 1986 306 2010 3.
335 1986 356 2018 Q.
379 1987 404 2011 3.
430 1985 474 2011 ubi
498 1995 559 2021 pup.
584 1985 657 2011 educ.
682 1988 722 2012 27.
751 1988 775 2012 2.
822 1987 848 2013 In
877 1988 1065 2015 exhibitionem

227 2032 361 2064 praestare
386 2028 498 2060 (certam
518 2028 672 2060 summam.)
697 2028 726 2055 i'r.
747 2030 788 2055 98.
813 2029 845 2056 de
869 2030 900 2057 Α.
926 2042 949 2058 v.
975 2033 1008 2058 0.
1033 2032 1064 2058 H.

226 2072 268 2097 29.
287 2073 311 2096 2.

263 2113 535 2140 Exhibitor'ius.
573 2112 701 2145 (Adiect.)
739 2116 986 2143 Exhibitionem
1009 2127 1065 2151 pa-

228 2165 311 2182 rans.
348 2155 366 2182 1.
380 2157 440 2189 Sy.
461 2155 598 2181 Pel-tineus
624 2155 657 2182 ad
681 2156 876 2184 exhibitionem.
903 2158 933 2185 fr.
952 2161 977 2185 3.
997 2160 1018 2193 Q.
1041 2162 1064 2186 1.

230 2196 262 2222 de
280 2197 354 2224 liber.
374 2198 461 2224 exhib.
481 2200 522 2224 43.
542 2200 583 2224 30.
608 2198 639 2224 II.
661 2200 727 2233 Op.
747 2199 1065 2231 Prohibitorium.—Ex-

230 2239 389 2272 bibitorium,
402 2257 434 2260 —
447 2241 649 2267 Restitutorium
663 2242 862 2276 (interdictum.)
877 2243 933 2271 Gai.
947 2244 991 2271 IV.
1007 2247 1063 2272 140.

231 2292 288 2318 sqq.
310 2284 366 2308 157.
386 2293 425 2319 sq.
446 2285 501 2310 162.

264 2326 479 2353 Exhortari.
520 2328 721 2354 Vehementer
740 2329 878 2356 hortari.
903 2329 921 2356 Ι.
945 2331 1006 2364 Sy.
1025 2331 1064 2357 In-

231 2367 347 2402 stigator.
385 2367 438 2402 Qui
466 2369 625 2396 exhortatur.
654 2370 684 2396 sr.
708 2372 750 2396 20.
779 2370 811 2397 de
834 2371 858 2397 h.
885 2382 927 2408 qu.
954 2379 1007 2400 not.
1028 2375 1064 2400 in—

230 2410 288 2435 sani.
307 2412 331 2435 3.
350 2412 374 2435 2,

266 2453 500 2479 Exhortatio.
538 2456 747 2483 Adltortatio.
768 2455 797 2482 ΙΙ.
813 2458 879 2491 ΟΡ.
899 2457 983 2484 Metus
1003 2469 1063 2495 poe-

231 2504 328 2520 narum.
349 2510 380 2514 —-·
399 2495 553 2521 Exhortatio
573 2500 753 2533 praemiorum.
773 2498 803 2525 sr.
825 2501 846 2525 1.
867 2500 888 2532 Q.
910 2503 931 2526 1.
953 2501 984 2535 de
1004 2502 1021 2528 Ι.
1038 2507 1063 2528 et
1084 2492 1085 2517 i

231 2537 249 2562 1.
276 2538 295 2562 1.
324 2538 343 2562 1.
370 2536 400 2563 cf.
427 2536 476 2563 Th.
502 2537 532 2564 C.
557 2538 600 2565 IX.
626 2543 665 2567 10.
690 2552 711 2567 c.
736 2544 759 2568 4.
786 2552 824 2579 pr.
850 2542 882 2568 ad
906 2542 934 2569 L.
960 2543 1005 2570 lul.
1031 2544 1063 2570 de

230 2580 257 2605 vi
276 2579 337 2616 puh.

266 2622 442 2655 Exigere.
467 2623 543 2655 §.1-
564 2625 742 2658 Expellere.
770 2627 788 2653 I.
809 2629 870 2662 Sy.
890 2628 998 2654 Eiicere.
1019 2628 1060 2655 Cf.

232 2664 256 2691 h.
269 2675 292 2691 v.
307 2665 328 2698 Q
340 2666 363 2690 2.
385 2664 427 2690 111.
440 2666 504 2692 Gn.
517 2666 624 2692 Exactis
643 2668 754 2703 regibus.
774 2669 839 2696 Post
857 2681 931 2707 reges
948 2677 1061 2698 exactos.

231 2707 262 2734 fr.
282 2709 305 2733 2.
331 2708 367 2741 QQ
387 2709 410 2733 3.
432 2709 471 2733 16.
495 2710 536 2734 20.
563 2709 595 2735 de
619 2709 652 2735 Ο.
676 2710 694 2736 1.
720 2713 742 2737 l.
761 2714 785 2739 2.
823 2713 851 2739 In
871 2713 992 2741 exsilium
1012 2716 1063 2741 exi-

233 2759 300 2785 gere.
320 2750 350 2776 fr.
371 2754 394 2776 ὅ.
415 2750 446 2776 ad
465 2749 494 2777 L.
514 2750 594 2778 Corn.
614 2752 646 2779 de
665 2754 738 2779 sicar.
757 2755 798 2782 48.
818 2757 841 2782 8.
854 2772 883 2776 —
897 2757 927 2789 ἓ.
939 2759 973 2784 2.
994 2760 1063 2784 Per·
1084 2757 1086 2777 ἶ

236 2802 346 2827 agere,
370 2795 516 2827 Implere.
539 2794 589 2826 (cs.
613 2805 637 2821 v.
655 2795 795 2830 Exaetns.)
832 2797 850 2824 1.
872 2800 933 2833 Sy.
956 2800 1064 2827 Emetiri

1898 156 1961 187 315

1124 232 1272 269 (tempus).
1301 231 1351 258 Th.
1378 232 1408 259 C.
1433 232 1462 259 ΙΙ.
1482 235 1524 259 27.
1549 244 1570 260 c.
1592 234 1613 259 l.
1640 234 1661 267 Q.
1681 235 1705 260 3.
1731 235 1754 260 si
1773 240 1835 261 cert.
1855 241 1906 272 pet.
1927 237 1959 263 de

1123 274 1186 300 chir.
1223 274 1265 301 111.
1289 276 1355 302 Gn.
1386 276 1527 311 Exegimus
1552 277 1683 313 negotium
1711 279 1837 315 temporis
1865 281 1957 306 nostri.

1122 317 1216 344 Const.
1236 317 1285 344 Th.
1305 317 1335 344 11.
1357 318 1389 344 dc
1410 318 1460 345 Th.
1480 318 1511 346 C.
1532 325 1598 346 auct.
1618 320 1639 353 Q.
1661 322 1682 346 1.
1703 320 1799 353 (We-k.
1819 332 1844 358 p.
1864 323 1905 355 9.)
1926 338 1958 342 -

1121 360 1151 392 ς’.
1172 362 1209 386 3.
1231 362 1354 393 Iubere,
1375 363 1521 393 Poscere,
1543 364 1715 397 Imperare.
1747 363 1765 389 1.
1780 365 1842 398 Sy.
1862 364 1958 401 Requi-

1120 412 1185 428 rere..
1209 402 1239 429 fr.
1262 405 1282 429 1.
1307 404 1329 438 Q.
1349 406 1373 430 2.
1399 404 1431 430 de
1451 405 1573 441 superlic.
1598 407 1639 431 43.
1666 408 1706 433 18.
1747 406 1864 442 Irrogare
1884 408 1957 444 (poe-

1120 446 1187 479 nas.)
1208 446 1237 473 l'r.
1259 449 1282 473 7.
1303 447 1324 480 Q.
1346 449 1367 473 l.
1388 446 1420 473 dc
1438 448 1494 473 iure
1513 453 1614 484 patron.
1634 450 1676 475 37.
1697 451 1736 476 14.
1773 449 1806 477 11.
1822 452 1888 484 Op.
1908 451 1957 478 Re-

1119 490 1235 520 mittere.
1259 500 1280 516 s.
1304 489 1497 516 Remissionem
1522 490 1591 517 dare.
1616 491 1645 517 fr.
1666 493 1706 518 15.
1731 492 1753 525 Q.
1773 494 1796 519 4.
1817 492 1893 520 locat.
1916 496 1955 521 19.

1118 533 1142 557 ⁴2.
1180 531 1223 558 ΙΙΙ.
1250 534 1316 559 Cn.
1336 532 1391 559 Lex
1411 543 1498 570 parem
1518 534 1544 559 in
1564 543 1609 559 eos
1630 550 1660 553 —
1682 534 1885 571 indignationem
1905 539 1956 564 exi-

1118 575 1167 610 git,
1193 579 1218 600 et
1241 577 1408 602 severitatem
1431 577 1548 612 requirit.
1575 576 1604 602 l'r.
1625 578 1666 603 32.
1692 588 1731 614 pr.
1756 578 1787 604 ad
1807 578 1835 605 L.
1856 578 1903 606 Iul.
1923 580 1956 607 dc

1118 616 1199 643 adult.
1225 619 1266 644 48.
1290 621 1313 645 5.
1352 618 1406 645 Nec
1430 621 1497 646 enim
1521 620 1648 655 exigimus
1672 625 1711 652 ut,
1736 637 1768 640 —
1792 621 1840 648 sed
1858 622 1957 650 sufficit

1119 664 1167 686 etc.
1188 660 1218 686 l'r.
1239 663 1278 687 10.
1299 662 1320 695 Q.
1343 664 1364 688 l.
1385 662 1417 688 de
1436 662 1467 688 B.
1488 662 1515 688 P.
1536 672 1556 688 c.
1578 667 1594 688 t.
1614 664 1656 688 37.
1671 665 1694 689 4.
1732 663 1791 690 Non
1811 675 1956 702 usquequa-

1118 713 1182 738 que.
1208 703 1254 730 sed
1279 709 1407 740 quatenns
1432 706 1511 741 exigit
1536 706 1717 741 (negotiorum
1743 707 1955 742 administratio.)

1118 745 1148 771 sr.
1177 748 1215 772 12.
1242 746 1275 773 de
1299 758 1352 773 cur.
1378 747 1470 774 furios.
1493 750 1535 774 27.
1562 750 1601 775 10.
1650 748 1689 774 Eo
1715 749 1793 775 modo
1822 750 1954 778 relictum:

1118 788 1228 825 ..Exng
1248 790 1392 821 Desidem,
1412 791 1449 816 uti
1470 790 1516 817 des
1528 792 1551 816 Ψ
1576 791 1807 818 fideicommissum
1827 793 1904 820 valet.
1924 795 1953 822 i'r.

1119 833 1175 857 118.
1197 832 1229 858 dc
1249 832 1324 868 legat..
1344 833 1361 859 1.
1383 834 1462 866 (30.)
1499 833 1592 865 Aetas,
1619 844 1632 860 a
1652 844 1701 870 qua
1721 834 1764 861 lex
1784 834 1882 862 liberos
1901 839 1954 865 exi—

1116 875 1160 910 git.
1181 874 1241 911 le.
1261 875 1331 902 XVI.
1354 878 1374 902 l.
1413 876 1575 903 Durissimas
1600 887 1642 903 res
1662 878 1766 913 exigere
1785 879 1810 911 (a
1830 878 1955 913 libertis.)

1116 917 1146 943 fr.
1168 919 1189 943 1.
1209 927 1248 954 pr.
1273 918 1305 944 de
1330 918 1390 945 bon.
1414 918 1501 945 libert.
1525 921 1566 946 38.
1586 922 1610 946 2.
1635 919 1666 946 cf.
1692 920 1721 946 i'r.
1747 922 1787 946 70.
1812 931 1850 957 pr.
1871 922 1903 949 de
1922 923 1953 951 V.

1116 959 1143 986 S.
1168 962 1209 986 50.
1236 962 1276 987 16.
1315 961 1367 996 Qui
1392 961 1483 993 ludos.
1508 963 1678 998 pecuniamve
1702 962 1733 988 ab
1758 963 1846 1000 aliquo
1871 966 1953 993 invito

1115 1002 1245 1039 polliceri,
1265 1004 1371 1040 publice
1391 1006 1554 1041 privatimve,
1573 1015 1621 1041 per
1640 1006 1760 1032 iniuriam
1779 1010 1902 1043 exegerit.
1922 1009 1952 1037 fr.

1118 1047 1157 1072 10.
1171 1056 1210 1082 pr.
1222 1046 1253 1072 ad
1264 1046 1293 1073 L.
1305 1046 1351 1073 Iul.
1364 1047 1396 1073 de
1411 1048 1436 1073 vi
1451 1047 1512 1084 pub.
1527 1049 1568 1074 48.
1582 1049 1605 1074 6.
1627 1048 1680 1083 Qui
1692 1059 1819 1076 annonam
1833 1053 1953 1089 suscipit,

1115 1088 1157 1114 vel
1177 1090 1266 1125 exigit,
1287 1089 1327 1116 vel
1348 1095 1443 1126 erogat.
1464 1090 1493 1116 t'r.
1516 1091 1555 1116 18.
1575 1090 1596 1123 Q.
1610 1092 1633 1117 8.
1654 1091 1686 1117 de
1705 1102 1773 1118 mun.
1794 1098 1819 1119 et
1837 1093 1897 1121 hon.
1911 1098 1953 1122 50.

1115 1133 1138 1158 4.
1177 1131 1272 1158 Omnia
1296 1133 1392 1159 tributa
1413 1134 1530 1169 exigere,
1558 1134 1707 1170 suscipere,
1732 1141 1866 1171 postremo
1886 1148 1954 1165 com-

1115 1174 1223 1211 pellere.
1248 1175 1297 1202 Th.
1323 1176 1352 1202 C.
1374 1175 1391 1202 l.
1414 1177 1452 1202 14.
1473 1186 1494 1202 e.
1516 1178 1538 1202 l.
1559 1175 1674 1209 (ch.)
1700 1177 1732 1203 de
1751 1178 1794 1204 0112
1816 1178 1866 1206 Prt'.
1886 1180 1952 1217 Aug.

1116 1217 1146 1244 cf.
1167 1218 1197 1244 fr.
1219 1221 1258 1245 17.
1279 1220 1300 1252 Q.
1316 1221 1338 1245 7.
1360 1218 1391 1245 ad
1411 1220 1505 1245 munic.
1520 1220 1561 1245 50.
1577 1221 1599 1246 1.
1637 1218 1759 1251 Poenam,
1779 1231 1802 1247 v.
1822 1221 1953 1256 Muli-tam,

1115 1262 1182 1297 exig.
1204 1261 1234 1287 sr.
1253 1264 1277 1288 4.
1298 1262 1319 1295 Q.
1339 1264 1362 1288 2.
1384 1261 1416 1288 de
1435 1272 1496 1288 nox.
1522 1266 1571 1288 act.
1591 1263 1614 1288 9.
1634 1264 1658 1288 4.
1685 1262 1734 1289 Th.
1756 1263 1785 1290 C.
1806 1263 1849 1290 VI.
1868 1267 1910 1292 35.
1930 1277 1952 1293 c.

1116 1306 1138 1330 l.
1160 1304 1191 1330 de
1210 1305 1276 1341 priv.
1298 1314 1349 1330 eor.
1370 1315 1412 1341 qu.
1433 1306 1459 1331 in
1485 1305 1512 1331 S.
1532 1304 1584 1341 pal.
1626 1304 1703 1331 Ratio
1722 1311 1747 1332 et
1767 1307 1881 1334 vindicta
1901 1310 1953 1335 exi-

1114 1352 1188 1382 gatur
1207 1347 1238 1373 ab
1259 1348 1334 1384 ipsis.
1353 1347 1383 1374 sr.
1403 1349 1426 1374 «1.
1448 1348 1469 1381 Q.
1488 1350 1511 1374 2.
1533 1347 1565 1374 de
1584 1348 1628 1374 off.
1649 1347 1723 1375 Proc.
1743 1354 1769 1375 et
1786 1348 1848 1386 Leg.
1870 1353 1892 1377 1.
1912 1353 1952 1378 16.

1115 1390 1257 1426 Diligentia
1278 1390 1403 1426 exigenda
1424 1391 1467 1424 (ab
1487 1390 1605 1424 herede.)
1630 1391 1659 1417 fr.
1679 1393 1721 1418 47.
1741 1392 1762 1425 Q.
1782 1395 1806 1418 5.
1826 1393 1858 1419 de
1876 1393 1952 1430 legat.

1114 1433 1132 1459 I.
1153 1434 1219 1467 (30.)
1252 1449 1283 1452 ——
1315 1434 1346 1466 §-
1367 1436 1407 1460 4.
1429 1436 1626 1468 compellere
1644 1444 1699 1468 per
1718 1437 1862 1462 iadicem.
1900 1439 1952 1464 Iu-

1113 1478 1198 1503 dicio
1217 1478 1358 1511 exsequi.
1396 1476 1414 1502 1.
1439 1478 1500 1511 Sy.
1530 1476 1631 1508 Petere,
1650 1477 1801 1513 Efssagitare
1820 1479 1952 1515 (poenam,

1113 1529 1137 1545 v.
1158 1518 1295 1551 debitum.)
1322 1518 1351 1545 l'r.
1376 1520 1399 1545 4.
1419 1520 1441 1553 Q.
1462 1521 1484 1546 7.
1510 1519 1541 1545 de
1561 1519 1585 1546 d.
1605 1530 1638 1546 m.
1663 1530 1719 1547 exc.
1744 1522 1784 1547 44.
1805 1523 1829 1547 4.
1850 1521 1899 1549 Th.
1920 1523 1951 1550 C.

1113 1561 1158 1588 XI.
1178 1563 1201 1588 7.
1222 1572 1242 1588 c.
1266 1563 1304 1587 10.
1325 1572 1346 1589 c.
1368 1564 1406 1589 13.
1428 1562 1460 1589 de
1479 1564 1607 1588 exaction.
1636 1562 1679 1589 ΙΙΙ.
1692 1565 1757 1591 Gn.
1777 1563 1859 1591 Heres
1878 1576 1951 1592 meus

1114 1604 1220 1630 damnas
1246 1609 1303 1630 esto
1328 1604 1439 1631 liberare
1463 1605 1548 1637 illum,
1569 1622 1600 1625 —
1621 1611 1647 1632 et
1670 1607 1692 1632 si
1719 1606 1781 1643 quid
1807 1617 1864 1634 eum
1888 1608 1951 1635 mihi

1113 1647 1175 1673 dare
1194 1647 1278 1674 facere
1297 1653 1415 1684 oportet.
1440 1648 1471 1673 ab
1496 1659 1526 1674 eo
1547 1658 1599 1674 non
1619 1650 1729 1685 exigere.
1757 1649 1786 1676 fr.
1808 1652 1847 1677 19.
1868 1651 1900 1678 cf.
1919 1651 1950 1678 fr.

1115 1692 1153 1716 15.
1174 1690 1204 1716 fr.
1223 1693 1265 1717 20.
1286 1701 1324 1727 pr.
1350 1690 1382 1716 de
1406 1690 1507 1716 liberat.
1532 1690 1580 1726 leg.
1600 1692 1641 1717 34.
1660 1693 1684 1717 3.
1722 1691 1778 1718 Nec
1797 1693 1823 1718 in
1843 1693 1950 1731 stipula-

1112 1734 1209 1758 tionem
1229 1732 1331 1763 deduci.
1351 1742 1398 1758 nec
1419 1734 1485 1767 exigi
1509 1738 1635 1770 possunt,
1662 1738 1688 1760 et
1707 1734 1809 1761 solutae
1828 1741 1950 1773 repetun-

1112 1779 1154 1800 tur
1173 1776 1227 1807 (sc.
1248 1776 1367 1807 usurae.)
1393 1775 1422 1801 l'r.
1442 1777 1482 1801 26.
1507 1776 1528 1809 Q
1552 1778 1572 1802 1.
1599 1775 1631 1802 de
1656 1776 1732 1803 cond.
1756 1777 1844 1805 indeb.
1866 1781 1905 1806 12.
1924 1781 1948 1806 6.

1112 1817 1143 1843 cf.
1165 1818 1221 1843 Gai.
1237 1817 1278 1844 lv.
1299 1820 1340 1844 23.
1378 1818 1528 1844 Cmnvenire.
1547 1828 1651 1851 nomen,
1672 1824 1697 1845 et
1716 1821 1819 1856 exigere
1837 1821 1864 1848 id
1878 1822 1949 1858 quod

1111 1860 1228 1886 debetur.
1255 1860 1284 1886 sr.
1308 1862 1347 1887 15.
1371 1861 1392 1894 Q.
1415 1863 1453 1887 10.
1479 1861 1510 1887 de
1531 1872 1558 1888 re
1577 1861 1629 1888 iud.
1653 1864 1694 1888 42.
1716 1864 1738 1889 l.
1776 1862 1804 1889 Si
1824 1866 1949 1901 pecunias

1111 1903 1259 1935 crediderit.
1280 1919 1311 1923 -—
1332 1913 1440 1939 quarum
1460 1903 1642 1940 exigendarum
1658 1904 1714 1931 dies
1733 1906 1849 1933 nondum
1868 1909 1947 1934 venit.

1110 1946 1140 1972 i'r.
1160 1947 1183 1972 8.
1204 1946 1236 1972 de
1260 1946 1325 1972 adm.
1351 1951 1376 1972 et
1400 1956 1454 1983 per.
1478 1949 1518 1973 26.
1545 1949 1567 1973 7.
1610 1946 1673 1973 Sive
1697 1949 1746 1974 iam
1770 1951 1868 1986 exegit⁷
1892 1951 1948 1977 sive

1110 1990 1213 2025 exigere
1238 1994 1339 2026 potest.
1364 1990 1423 2025 quia
1449 1991 1516 2016 actio
1540 1991 1563 2016 ei
1587 1990 1673 2016 delata
1697 1996 1744 2018 est.
1770 1992 1800 2018 fr.
1820 1995 1860 2019 64.
1882 1993 1903 2027 Q.
1923 1995 1946 2019 6.

1110 2031 1158 2058 sol.
1179 2033 1287 2058 matrim.
1307 2035 1349 2058 24.
1368 2034 1392 2058 3.
1430 2032 1458 2058 Si
1484 2043 1539 2059 eam
1558 2035 1694 2070 pecuniam
1713 2051 1746 2054 —
1765 2045 1849 2071 neque
1867 2037 1947 2072 petis-

1110 2080 1162 2105 set.
1187 2085 1272 2111 neque
1296 2076 1434 2111 exegisset.
1460 2074 1489 2102 fr.
1509 2078 1550 2102 20.
1570 2087 1609 2114 pr.
1629 2076 1662 2103 de
1686 2077 1761 2104 cond.
1781 2079 1841 2104 inst.
1860 2080 1902 2105 28.
1923 2081 1945 2105 7.

1109 2118 1237 2155 Recipere
1260 2128 1353 2154 posse.
1378 2118 1552 2155 exigendique
1577 2119 1715 2156 privilegio
1739 2121 1783 2147 uti.
1808 2121 1837 2147 fr.
1862 2124 1902 2148 52.
1923 2123 1944 2155 Q.

1112 2164 1149 2187 10.
1171 2171 1218 2198 pro
1239 2171 1292 2187 soc.
1316 2163 1355 2187 17.
1374 2164 1398 2187 2.
1419 2161 1450 2188 cf.
1471 2161 1500 2187 fr.
1522 2164 1542 2188 1.
1564 2162 1595 2188 de
1616 2173 1682 2189 cess.
1703 2163 1794 2190 bonor.
1815 2166 1856 2190 42.
1870 2166 1893 2190 3.
1914 2164 1943 2190 fr.

1109 2206 1150 2230 24.
1170 2205 1192 2238 Q.
1214 2206 1235 2230 l.
1256 2204 1288 2230 de
1307 2204 1361 2230 reb.
1381 2209 1446 2230 auct.
1471 2204 1523 2230 iud.
1544 2206 1583 2231 42.
1604 2207 1627 2231 5.
1664 2205 1707 2232 Ad
1730 2206 1868 2232 locandum
1891 2212 1944 2232 tau-

1109 2252 1176 2277 tum,
1202 2257 1254 2273 non
1278 2246 1309 2273 ad
1334 2247 1489 2283 exigendum
1507 2249 1675 2284 praepositus
1695 2250 1850 2285 (magister.)
1870 2249 1899 2275 fr.
1920 2251 1941 2275 1.

1109 2291 1146 2324 QQ.
1167 2292 1206 2316 12.
1227 2300 1266 2326 sq.
1287 2289 1319 2316 de
1339 2300 1422 2316 exerc.
1443 2295 1491 2316 act.
1513 2292 1551 2316 14.
1573 2293 1594 2317 l.
1638 2291 1667 2317 Si
1687 2297 1791 2318 exactae
1811 2292 1942 2328 pecuniae,

1109 2338 1134 2359 et
1153 2343 1245 2359 rursus
1265 2332 1408 2359 collocatae
1427 2337 1523 2359 essent.
1543 2332 1573 2359 fr.
1593 2334 1634 2359 64.
1655 2334 1685 2361 cf.
1705 2334 1736 2360 fr.
1756 2336 1796 2360 86.
1816 2334 1847 2359 de
1866 2333 1940 2370 legat.

1108 2376 1149 2402 111.
1170 2378 1236 2409 (32.)

1142 2418 1352 2452 Exiguitas.
1392 2419 1562 2451 Tanaitas,
1585 2420 1715 2446 Vilitas.
1753 2419 1770 2444 1.
1785 2420 1845 2453 Sy.
1860 2419 1940 2446 Imbe—

1108 2461 1202 2487 cillitas
1223 2461 1367 2494 (humana.)
1392 2459 1455 2486 (2⁴2.
1482 2462 1518 2495 QQ.
1540 2463 1579 2487 14.
1602 2463 1640 2487 16.
1661 2462 1692 2488 de
1711 2466 1760 2486 vet.
1781 2461 1835 2487 iure
1855 2462 1938 2488 cnucl.

1108 2506 1129 2529 l.
1152 2505 1191 2529 17.
1228 2503 1269 2530 111.
1295 2504 1360 2530 (ln.
1392 2502 1459 2529 Cum
1479 2504 1582 2540 quidam
1603 2505 1634 2531 de
1653 2504 1781 2529 fructuum
1800 2504 1939 2539 exiguitate
1963 2518 1967 2521 ·

1107 2551 1268 2583 quereretur.
1288 2546 1318 2572 sr.
1340 2548 1378 2572 15.
1398 2547 1419 2580 Q.
1439 2549 1462 2573 5.
1483 2547 1559 2573 locat.
1580 2548 1619 2573 19Δ
1638 2548 1661 2571 2.

1141 2589 1321 2623 Exiguus.
1359 2589 1488 2621 (Adiect.)
1526 2591 1683 2620 Pusillus,
1707 2590 1835 2622 Exilis,
1862 2590 1936 2616 Con-

1084 2641 1085 2645 *
1106 2634 1298 2658 temnendus.
1334 2631 1352 2657 I.
1373 2633 1433 2666 Sy.
1459 2632 1543 2659 Minor
1561 2631 1631 2663 fieri,
1651 2630 1740 2663 Minui,
1760 2631 1885 2667 Exiguior
1903 2631 1936 2658 es·

1107 2673 1158 2699 sici.
1178 2673 1208 2699 fr.
1228 2675 1268 2699 46.
1289 2673 1321 2700 de
1340 2674 1414 2711 legat.
1435 2675 1475 2701 111.
1496 2674 1562 2705 (32.)
1585 2672 1615 2699 fr.
1637 2675 1659 2699 1.
1685 2674 1706 2707 Q.
1728 2675 1766 2700 15.
1787 2673 1819 2700 dc
1838 2674 1935 2700 flumin.

1107 2718 1148 2742 43.
1169 2717 1209 2742 12.
1246 2716 1288 2743 111.
1314 2718 1380 2745 Gn.
1398 2718 1439 2746 .Si
1464 2718 1571 2751 exiguus
1593 2715 1687 2742 modus
1710 2717 1791 2743 silvae
1811 2716 1892 2748 desit.
1911 2722 1936 2743 et

1108 2758 1168 2796 plus
1188 2760 1214 2784 in
1233 2760 1316 2786 vineis
1336 2760 1435 2786 habeat.
1462 2759 1490 2784 fr.
1511 2760 1550 2784 42.
1575 2758 1607 2785 de
1630 2758 1661 2785 Α.
1686 2759 1714 2785 Ε.
1734 2759 1766 2785 V.
1788 2761 1826 2786 19.
1848 2762 1869 2785 1.
1906 2759 1934 2785 Si

1108 2806 1159 2828 tam
1178 2803 1296 2838 exiguam
1315 2812 1372 2828 esse
1392 2800 1497 2828 tutelam
1515 2801 1653 2838 probatur,
1679 2806 1707 2828 ut
1726 2812 1757 2828 ex
1777 2812 1879 2828 nummo
1898 2811 1934 2827 re-
