2197 3121
921 164 1000 196 ING
1024 183 1062 189 —
1087 165 1172 196 INH.

195 250 407 288 Vniuscuiusque
430 250 556 277 sedulitas
579 248 742 287 principibus
766 248 821 274 suis
843 247 904 274 talia
930 248 1029 283 ingerat
1049 248 1051 276 l

193 304 297 331 semper
316 298 342 320 et
361 293 468 320 deserat.
488 293 537 320 Th.
557 292 587 319 C.
607 291 623 318 1.
639 291 655 318 l.
692 291 848 317 Debitornm
868 300 896 316 ac
915 290 1028 326 reliquo-

193 346 250 363 rum
268 336 373 363 modum
393 336 543 372 frequenter
562 336 687 371 ingerere,
707 333 755 360 sub
771 338 887 360 aetorum
906 333 1028 359 testilica·

192 379 272 405 tione.
292 379 327 406 lb.
348 378 414 405 VIII.
436 381 457 405 1.
478 389 499 405 c.
513 379 537 405 9.
557 388 596 415 pr.
616 377 648 403 de
668 386 796 403 numerar.
833 375 896 402 Sive
915 385 958 402 eas
978 375 1026 408 (sc.
1049 406 1050 410 Ἰ

193 421 277 457 leges)
296 421 372 448 nobis
396 426 557 458 spontaneus
580 424 667 447 motus
690 419 918 456 ingesserinsive
937 423 985 444 etc.
1006 428 1026 444 e.
1049 447 1050 456 ἵ

191 465 216 490 3.
237 464 269 490 de
288 463 340 490 LL.
361 466 383 490 l.
404 464 444 489 14.

230 507 412 541 Ingestio.
450 508 550 532 Actus
574 507 758 541 ingerendi,
782 514 802 530 s.
826 505 1027 539 infundendi.

193 549 236 575 III.
257 551 321 577 Gn.
340 549 479 586 Liquentis
497 548 598 586 plumbi
616 548 737 584 ingestio.
759 546 808 573 Tb.
829 545 860 573 C.
879 545 924 572 IX.
943 546 985 572 2-1.
1006 556 1027 572 c.

195 593 217 618 l.
237 592 259 626 ξ
282 594 303 618 1.
323 591 355 618 de
374 597 449 629 raptu
468 592 549 627 virgg.

228 636 416 669 Ingestus.
437 634 565 667 (Adiect.)
586 635 652 660 Nan
668 638 788 669 gestus.
826 631 868 658 ΙΙΙ.
890 632 956 659 Cn.
975 630 1027 658 Pro

193 678 301 713 ingestis
329 676 418 703 baberi
447 678 500 711 (se.
529 676 682 713 responsa.)
715 685 736 703 e.
766 675 806 701 13.
839 673 873 700 de
900 674 1026 701 cohortal.

193 721 233 746 12.
253 720 294 746 58.

227 762 430 796 lungun-ius.
458 761 587 795 (Adiect.)
618 761 762 788 Honoris
781 766 811 786 e!
827 761 958 795 gloriae
975 770 1027 786 ex-

189 814 270 840 pers.
307 804 349 831 III.
369 806 435 832 οη.
454 804 583 840 inglorios
602 813 660 830 esse
673 813 726 829 non
739 803 860 840 patimur,
879 802 927 829 sed
940 818 971 822 —-
985 802 1027 829 his

191 857 296 884 quoque
314 847 439 874 honorem
460 856 600 883 congruum
619 845 805 872 condonamus.
825 844 862 871 lb.
880 844 923 872 VI.
941 846 983 871 24.
1003 855 1025 872 c.

190 891 214 916 9.
234 889 267 916 de
286 889 396 916 domest.
417 895 443 916 et
461 894 571 927 protect.

225 933 479 967 Ingratitudo.
504 933 534 966 §.
552 933 586 958 1.
615 932 740 958 Vitium
759 933 895 967 ingrati
913 933 1024 958 animi.

190 977 353 1009 Impietas.
377 975 411 1001 III
440 976 505 1003 Cn.
525 973 561 1001 Vt
579 976 633 1000 iura
651 988 685 992 —
705 973 848 1000 liberorum
866 975 964 1010 integra
984 984 1026 1000 eu-

189 1018 346 1049 stodiautur,
365 1019 416 1044 nisi
435 1018 501 1044 torte
515 1016 709 1053 ingratitudinis
722 1016 851 1053 adlegatio
870 1016 1025 1043 reclamave-

189 1061 231 1086 rit.
251 1060 297 1086 Iul.
318 1070 358 1097 ep.
379 1070 438 1087 nov.
458 1070 479 1087 e.
498 1061 540 1086 35.
560 1060 581 1094 §.
603 1060 659 1085 127.
691 1074 724 1079 —
754 1060 785 1093 ᾖ.
804 1061 840 1087 2.
865 1061 1024 1096 Indigna-

190 1105 244 1130 tio.
281 1102 324 1129 111.
339 1104 404 1130 (7η.
424 1101 453 1128 Si
473 1102 659 1139 ingratitudine
677 1102 759 1128 malae
778 1103 847 1129 vitae
865 1118 897 1122 —
916 1108 1025 1130 mortem

188 1145 239 1172 sibi
258 1145 382 1172 intulerit.
419 1145 530 1182 Interpr.
550 1145 582 1171 ad
601 1144 674 1171 Paul.
693 1144 725 1171 V.
747 1146 786 1172 12.
806 1146 828 1179 ξ.
850 1146 871 1172 l.

224 1190 416 1223 Ingratum
453 1187 583 1220 (Adieet)
620 1188 650 1220 §0
675 1189 710 1214 1.
733 1189 865 1224 Officii
881 1188 1025 1222 pietatis

187 1233 358 1258 immemor.
395 1230 438 1257 III.
458 1232 526 1258 Gn.
555 1230 651 1266 Ingrati
670 1230 797 1257 adversus
816 1231 971 1257 beneficium
990 1230 1023 1256 D.

187 1273 301 1305 Traiani,
321 1289 353 1293 —
373 1283 431 1300 cum
449 1273 653 1310 possessoribus
672 1274 825 1310 transigunt.
844 1273 877 1300 fr.
897 1275 938 1300 42.
957 1273 980 1307 §.
1001 1274 1023 1299 l.

187 1316 219 1343 de
237 1317 293 1343 iure
312 1316 378 1342 fisci.
398 1317 440 1342 49.
461 1317 500 1342 14.
539 1315 568 1342 Si
591 1326 644 1342 non
668 1315 817 1343 donationis
841 1321 963 1353 acceptor
986 1316 1023 1341 in-

185 1364 273 1396 gratus
293 1360 360 1386 circa
380 1358 533 1385 donatorem
552 1359 706 1386 inveniatur.
726 1369 747 1386 c.
768 1362 808 1386 10.
828 1359 860 1386 (18
878 1369 965 1386 revoc.
979 1358 1024 1384 do-

186 1407 237 1429 nat.
260 1404 284 1429 8.
309 1403 350 1428 56.
395 1401 514 1437 Ingratus
537 1401 648 1428 libertus
668 1407 721 1434 cst,
746 1403 791 1439 qui
814 1407 926 1440 patrono
947 1401 1022 1428 obse-

185 1445 275 1481 quium
294 1454 347 1471 11011
365 1449 490 1482 praestat.
511 1444 542 1470 fr.
558 1446 598 1471 19.
618 1444 650 1471 de
669 1446 725 1471 iure
738 1450 839 1482 patron.
853 1447 894 1472 37.
910 1446 950 1471 14.
968 1444 1022 1471 Mu-

184 1487 234 1514 lier
258 1492 347 1514 contra
370 1492 509 1524 patronum
532 1497 608 1514 suum
639 1488 738 1524 ingrata
762 1488 837 1515 facta.
861 1488 892 1515 fr.
915 1489 956 1514 21.
981 1497 1020 1524 pr.

185 1530 238 1566 Qu.
257 1535 317 1556 met.
338 1540 359 1557 c.
379 1532 403 1556 4.
422 1532 446 1556 2.
467 1529 497 1556 cf.
518 1529 548 1556 fr.
567 1532 609 1557 29.
629 1530 662 1557 de
681 1530 756 1558 adim.
776 1531 852 1567 legat..
871 1532 912 1557 34.
932 1533 956 1558 4.
980 1529 1022 1556 Li-

184 1572 287 1600 bertum
306 1577 451 1610 paternum.
472 1577 500 1599 ut
518 1573 654 1608 ingratum,
674 1584 804 1600 accusare.
825 1574 854 1600 sr.
869 1575 909 1600 70.
929 1583 968 1611 pr.
989 1573 1021 1599 de

184 1614 217 1641 V.
241 1615 269 1642 S.
293 1617 334 1642 5⁰.
360 1617 400 1642 16.
448 1614 499 1642 Per
525 1621 722 1652 procuratorem
746 1617 875 1652 ingratum
897 1616 1021 1643 libertum

184 1667 265 1695 posse
283 1659 362 1694 argui.
383 1658 413 1685 fr.
433 1660 457 1684 4.
477 1658 509 1685 de
528 1658 637 1695 obsequ.
657 1663 757 1696 parent.
770 1660 812 1685 37.
828 1660 868 1686 15.
888 1659 920 1686 el'.
934 1659 964 1686 fr.
978 1660 1021 1685 35.

185 1700 208 1733 §.
228 1702 250 1726 1.
270 1699 302 1726 de
321 1711 425 1738 procur.
444 1702 468 1727 3.
487 1703 511 1728 3.
549 1700 664 1733 Poenae,
688 1711 754 1738 quae
773 1712 787 1728 a
806 1701 901 1728 liberto
920 1703 1020 1738 ingrato

185 1743 330 1778 exiguntur.
350 1743 380 1770 fr.
401 1746 423 1770 7.
443 1744 465 1778 ξ,
486 1744 507 1769 l.
528 1743 561 1770 de
579 1745 635 1770 iure
654 1749 754 1781 patron.
774 1746 816 1770 37.
838 1746 877 1771 14.
916 1745 1021 1780 Quibus

184 1786 277 1821 ingrati
296 1786 364 1811 actio
384 1801 414 1806 —
435 1785 577 1813 deseretur.
610 1786 659 1813 Th.
680 1786 710 1813 C.
731 1786 774 1813 lV.
797 1788 835 1813 ll.
857 1797 878 1813 c.
897 1788 921 1812 2.
941 1786 974 1812 de
993 1786 1022 1812 li-

184 1828 250 1854 bert.
270 1832 296 1853 et
315 1837 367 1854 eor.
387 1827 431 1854 lib.
470 1828 588 1864 Ingratus
607 1830 670 1866 reip.
691 1829 833 1863 (iudicari.)
853 1829 919 1855 Νῦν.
931 1829 1021 1856 Maior.

184 1869 217 1896 ‹le
236 1875 295 1896 ortu
314 1871 404 1907 imper.
425 1870 468 1897 lV.
490 1872 512 1897 l.
537 1881 558 1897 c.
586 1873 607 1898 1.
632 1882 671 1908 pr.
703 1885 735 1889 —
766 1873 797 1905 ξ.
817 1873 853 1898 2.
883 1873 1020 1898 Invitus.

183 1912 225 1939 III.
247 1914 312 1940 Gn.
332 1913 451 1945 Eveniet‚
472 1918 500 1939 ut
518 1914 541 1939 is
561 1928 592 1931 —
612 1914 729 1952 periculo
748 1924 796 1941 suo
810 1915 913 1941 interim
932 1919 1020 1951 partes

183 1960 258 1987 emat,
279 1960 312 1987 et,
332 1956 383 1981 nisi
401 1960 485 1982 totum
504 1958 602 1989 emerit.
622 1959 738 1994 ingratus
759 1957 803 1991 [al.
826 1957 955 1993 ingratiis]
977 1967 1020 1983 eas

183 2000 300 2025 retineat.
321 1997 351 2024 fr.
371 1999 412 2024 36.
432 1999 453 2032 ς’.
473 2000 496 2024 2.
517 2000 601 2026 mand.
623 2002 662 2026 17.
685 2002 705 2026 1.

217 2043 443 2075 Ingravssre·
483 2042 631 2069 Onerare.
669 2042 686 2069 Ι.
712 2044 774 2077 Sy.
797 2042 918 2075 multare,
938 2043 1020 2070 Multa

183 2083 268 2116 ferire,
288 2084 354 2120 Ingr.
375 2084 528 2121 dispendiis.
550 2084 597 2111 Th.
618 2085 676 2112 XV.
696 2088 720 2112 2.
741 2096 762 2112 c.
780 2087 803 2112 l.
823 2096 882 2122 sqq.
903 2096 924 2113 c.
944 2087 968 2113 9.
989 2085 1021 2112 de

184 2126 290 2162 aquaed.
326 2126 368 2152 III.
389 2128 454 2154 Gn.
475 2127 560 2162 Quem
584 2127 660 2165 culpa
684 2138 736 2154 non
760 2129 884 2165 ingravet.
911 2139 932 2155 c.
952 2130 975 2156 6.
998 2129 1021 2163 §-

183 2169 207 2194 6.
228 2168 260 2194 de
277 2169 345 2195 mod.
365 2169 438 2196 mult.
459 2172 480 2196 1.
501 2172 541 2196 54.

219 2211 451 2244 Ingravatio.
489 2215 676 2239 Gravtrmen.
713 2213 743 2239 II.
764 2214 830 2241 (7η.
859 2213 914 2240 Nec
940 2213 1020 2246 ullus,

184 2253 228 2288 qui
247 2252 401 2281 relevandus
421 2255 507 2287 suerit,
527 2260 668 2292 perpetuae
687 2256 857 2291 ingravationi
870 2256 956 2284 addici
969 2257 1019 2291 (sc.

184 2295 303 2331 poterit.)
324 2295 373 2322 Th.
394 2297 424 2323 C.
445 2297 501 2324 Vll.
524 2299 562 2324 13.
584 2308 604 2324 c.
624 2299 647 2324 7.
667 2308 705 2335 pr.
725 2298 758 2325 de
776 2300 853 2326 tiron.

220 2338 408 2371 lugi-avis.
444 2340 486 2367 Cf.
505 2351 530 2367 v.
551 2341 653 2367 Gravis.
673 2341 694 2374 ξ.
715 2342 739 2367 4,

220 2380 388 2414 Ingredi.
424 2382 454 2414 §.
474 2384 508 2409 1.
546 2385 705 2415 Introire,
726 2386 833 2410 Adire.
854 2383 872 2410 I.
888 2385 949 2418 Sy.
968 2383 1018 2410 Ve—

184 2423 240 2448 nire.
259 2423 285 2448 in
309 2423 510 2459 (provinciam.)
529 2426 559 2453 fr.
583 2428 606 2452 4.
631 2427 668 2461 §§.
692 2428 716 2452 3.
742 2437 800 2463 sqq.
829 2426 858 2453 sr.
878 2429 902 2453 5.
922 2426 955 2453 de
974 2427 1017 2453 off.

184 2465 259 2491 Prnc.
280 2469 305 2490 et
324 2464 384 2501 Leg.
406 2467 427 2491 1.
450 2467 489 2492 16.
508 2467 538 2494 fr.
559 2470 580 2494 l.
601 2469 633 2495 de
653 2469 696 2495 off.
716 2469 768 2496 Prf.
788 2470 854 2505 Aug.
870 2471 947 2496 1.17.
972 2469 1018 2496 Fa-

184 2507 268 2534 cultas
287 2507 457 2543 ingrediendi.
481 2508 582 2537 Aditus.
603 2510 644 2537 Cf.
664 2512 688 2538 h.
708 2522 731 2538 v.
752 2513 774 2546 §.
795 2514 817 2538 1.
838 2512 868 2539 II.
886 2514 953 2545 Op.
972 2512 1018 2539 Di-

183 2550 263 2586 gredi.
284 2549 325 2576 Cf.
345 2550 369 2576 h.
389 2560 412 2576 v.
449 2550 492 2576 III.
515 2553 580 2578 Gn.
604 2553 656 2588 Qui
675 2555 701 2580 in
721 2554 832 2581 alienum
851 2554 961 2581 fundum
980 2556 1017 2581 in-

183 2592 307 2629 greditur.
327 2593 437 2619 venandi
457 2594 634 2630 aucupandive
653 2598 739 2631 gratia.
764 2597 793 2624 fr.
812 2599 836 2624 3.
857 2598 879 2631 §.
901 2599 922 2624 l.
943 2597 972 2624 fr.
992 2600 1016 2624 5.

182 2635 204 2668 ς.
224 2637 247 2661 3.
269 2635 300 2661 (18
319 2635 350 2661 A.
371 2634 401 2661 R.
421 2635 454 2662 D.
474 2637 515 2662 41.
537 2638 558 2662 1.
579 2636 611 2663 cf.
634 2637 664 2665 fr.
684 2641 723 2666 13.
743 2640 764 2674 ξ.
785 2642 807 2666 7.
828 2640 860 2667 de
878 2641 954 2667 iniur.
974 2642 1016 2667 47.

184 2679 224 2704 10.
260 2677 296 2704 Vt
308 2692 341 2696 —
355 2677 466 2704 decedat
484 2678 516 2705 de
535 2679 624 2711 fundo.
643 2684 705 2707 tunc
722 2681 825 2709 demum
844 2687 872 2709 tu
891 2683 1016 2719 ingredia-

182 2721 219 2746 ris
239 2721 444 2757 possessionem.
465 2720 494 2747 sr.
515 2722 554 2749 78.
574 2723 595 2755 ᾗ.
617 2723 638 2748 1.
659 2722 691 2749 de
710 2729 791 2751 contr.
811 2730 870 2752 emt.
885 2727 962 2752 18.1.
983 2725 1014 2752 cf.

183 2762 213 2788 l'r.
233 2766 257 2789 ὃ,
277 2773 325 2800 pro
345 2763 419 2799 legat.
440 2765 480 2790 41.
501 2765 524 2790 8.
569 2764 598 2791 Si
622 2765 680 2800 quis
704 2767 858 2794 creditorem
875 2768 1015 2805 prohibue-

184 2805 217 2830 rit
243 2805 310 2832 bona
335 2806 462 2833 debitoris
486 2806 592 2842 ingredi.
619 2807 648 2834 fr.
675 2809 713 2834 14.
738 2819 775 2845 pr.
810 2810 861 2845 Qu.
885 2821 917 2838 ex
943 2821 965 2838 c.
986 2812 1012 2838 iu

1849 166 1911 197 469

1072 257 1144 283 poss.
1163 248 1205 273 42.
1224 247 1248 273 4.
1284 245 1390 274 Procas.
1414 253 1515 285 portam
1539 246 1638 273 Romae
1657 248 1808 282 ingressus,
1828 246 1908 284 depo-

1049 298 1050 307 *
1072 291 1109 315 nit
1128 289 1271 327 imperium.
1298 289 1327 316 fr.
1349 291 1387 316 16.
1414 290 1446 316 de
1470 291 1514 317 oll’.
1539 290 1613 317 Proe.
1639 294 1665 316 et
1688 289 1749 326 Leg.
1773 291 1794 316 l.
1817 291 1855 316 16.
1875 306 1907 309 —

1072 333 1102 365 ξ.
1123 334 1158 359 2.
1190 334 1377 366 Auspicari.
1415 333 1433 359 I.
1453 334 1514 367 Sy.
1539 333 1637 359 Intrare
1661 333 1768 366 (annum
1793 333 1908 366 aetatis.)

1073 375 1121 401 Th.
1143 374 1173 402 C.
1192 374 1250 401 XII.
1269 376 1292 400 1.
1313 384 1334 401 c.
1355 376 1394 401 19.
1414 375 1446 402 de
1465 376 1598 402 decurion.
1635 375 1665 402 11.
1692 377 1759 408 Op.
1782 375 1907 412 Explere,

1072 417 1190 455 lmplere,
1209 416 1304 453 Egredi
1324 418 1464 451 (annum.)
1490 418 1519 444 sr.
1541 420 1580 444 74.
1606 418 1627 451 ς.
1648 420 1669 444 1.
1690 417 1722 444 ad
1742 417 1807 444 S.C.
1828 417 1907 445 Treb.

1071 462 1112 487 36.
1135 462 1156 488 1.
1176 460 1206 486 fr.
1225 462 1250 486 3.
1269 459 1302 486 de
1325 461 1380 486 iure
1403 461 1507 487 immun.
1533 462 1573 487 50.
1593 462 1616 487 6.
1653 460 1695 486 111.
1716 461 1781 488 Gn.
1800 461 1907 487 Annum

1072 512 1149 539 agens
1168 502 1275 539 plenum
1293 503 1378 535 XIX„
1403 507 1429 529 et
1447 503 1581 539 ingressus
1600 503 1711 529 XXnin.
1730 502 1761 530 sr.
1781 505 1822 529 74.
1841 503 1862 536 ξ.
1884 504 1906 528 1.

1072 545 1088 571 l.
1107 546 1149 572 36.
1171 547 1193 571 1.
1233 545 1273 572 Ex
1299 545 1354 572 Cal.
1380 545 1432 572 Ian.
1457 545 1621 572 consulatum
1645 546 1779 582 ingressus
1803 550 1851 572 est.
1875 544 1905 572 fr.

1071 589 1113 615 36.
1132 598 1171 625 pr.
1191 587 1223 614 de
1242 587 1317 614 cond.
1338 593 1363 614 et
1382 588 1449 615 dem.
1468 590 1510 614 35.
1532 590 1554 614 1.

1107 632 1318 665 Ingressus.
1354 630 1480 664 (Subst)
1517 631 1547 664 §.
1568 632 1602 657 1.
1641 632 1774 662 Aditus,
1795 632 1906 657 Acces-

1072 684 1132 700 8118.
1169 673 1212 700 III.
1242 675 1307 701 Gn.
1338 673 1462 700 Liberum
1486 684 1544 700 cum
1563 673 1701 700 ordinariis
1720 673 1851 700 iudicibus
1870 673 1907 699 iu·

1071 726 1190 752 gressum
1208 717 1235 742 in
1253 718 1431 749 secretarium,
1451 725 1657 752 consessumque
1676 716 1779 742 habere.
1804 715 1854 742 Th.
1874 714 1906 742 C.

1072 758 1114 785 VI.
1133 760 1175 786 26.
1196 769 1216 785 e.
1238 760 1277 786 16.
1303 759 1333 786 cf.
1359 770 1380 786 c.
1400 761 1424 786 5.
1449 759 1481 786 de
1504 769 1578 796 prox.
1603 769 1668 785 com.
1689 758 1757 796 disp.
1793 757 1853 784 Non
1872 759 1908 784 sit

1071 801 1163 828 venale
1182 801 1312 828 iudicibus
1331 802 1426 834 velum,
1446 812 1498 829 non
1518 803 1652 838 ingressus
1672 801 1782 828 redemti
1801 806 1849 828 etc.
1869 801 1906 827 lb.

1071 845 1087 871 l.
1110 847 1149 871 16.
1171 854 1192 870 e.
1212 846 1235 871 7.
1255 843 1358 877 (ch.)
1378 844 1410 871 de
1430 845 1473 872 off.
1492 844 1566 871 Rect.
1587 844 1628 871 Pr.
1658 861 1688 865 -
1721 844 1751 877 ξ.
1772 845 1807 870 20
1838 845 1905 870 Ini-

1070 889 1158 914 tium.
1196 887 1214 913 1.
1237 887 1299 920 Sy.
1318 886 1422 913 Initium
1442 888 1535 921 (anni.)
1556 887 1586 914 sr.
1606 889 1630 914 2.
1649 886 1678 914 sr.
1698 888 1722 913 8.
1743 886 1775 913 de
1793 896 1852 912 ann.
1871 886 1906 912 le-

1069 935 1119 966 gat.
1138 930 1180 955 33.
1202 930 1224 955 l.
1260 929 1300 955 Ex
1320 931 1472 963 continenti,
1492 930 1519 957 In
1539 931 1659 967 ingressu
1677 932 1848 963 (contractus,
1869 939 1906 955 sc.

1069 977 1144 1010 pacta
1163 971 1326 1004 subsecuta.)
1346 972 1376 998 fr.
1396 974 1418 999 7.
1438 974 1459 1007 §.
1480 975 1503 1000 5.
1524 973 1556 1000 de
1575 978 1642 1010 pact.
1661 975 1686 1000 2.
1707 974 1746 999 14.
1778 971 1820 998 [ll.
1840 972 1906 999 Cn.

1069 1016 1206 1052 Ingressus
1226 1019 1252 1041 et
1270 1015 1344 1051 quasi
1363 1015 1533 1052 primordium
1552 1015 1738 1052 (gerendorum
1756 1015 1907 1047 honorum.)

1069 1058 1099 1085 sr.
1121 1059 1143 1085 l.
1163 1058 1186 1091 ξ.
1205 1058 1230 1084 3.
1251 1057 1284 1084 de
1302 1058 1346 1084 osl'.
1367 1058 1475 1094 Quaest.
1497 1061 1519 1085 1.
1535 1060 1574 1085 13.
1611 1059 1681 1085 Dum
1700 1059 1726 1084 in
1745 1057 1842 1085 iudicio
1861 1057 1906 1083 ho-

1068 1111 1117 1128 nor
1136 1102 1247 1139 petitur‚
1273 1102 1317 1137 qui
1336 1102 1362 1128 in
1381 1102 1500 1138 ingressu
1526 1102 1679 1127 sacramenti
1698 1101 1786 1127 offerri
1806 1100 1904 1127 debuit.

1069 1144 1099 1171 sr.
1120 1146 1143 1171 1.
1163 1144 1184 1178 §.
1204 1146 1227 1170 5.
1252 1143 1285 1171 de
1309 1149 1374 1171 extr.
1399 1154 1472 1181 cogn.
1492 1145 1533 1171 50.
1556 1146 1594 1171 13.
1619 1143 1649 1170 cf.
1674 1154 1695 1170 c.
1716 1145 1756 1170 15.
1775 1142 1808 1169 de
1826 1142 1904 1169 iudic.

1067 1190 1092 1214 3.
1113 1189 1135 1214 1.

1104 1232 1304 1264 Ingruere.
1341 1231 1480 1256 Irruere.
1517 1229 1535 1256 1.
1561 1230 1623 1263 Sy.
1642 1229 1761 1255 Introire.
1782 1228 1853 1254 Paul.
1872 1227 1904 1254 V.

1067 1274 1091 1300 4.
1112 1273 1134 1307 ξ.
1154 1276 1178 1299 8.
1214 1272 1257 1299 III.
1276 1273 1342 1300 Gn.
1364 1271 1408 1303 Vt.
1428 1273 1450 1299 si
1469 1272 1552 1299 hiems
1572 1272 1706 1308 ingruerit,
1725 1271 1834 1298 habeam
1853 1281 1905 1307 quo

1067 1326 1107 1342 me
1130 1315 1261 1352 recipiam.
1286 1314 1316 1341 fr.
1341 1316 1364 1342 6.
1390 1315 1411 1349 ξ.
1439 1317 1461 1341 1.
1486 1315 1518 1341 de
1542 1314 1570 1341 S.
1596 1314 1623 1341 l'.
1644 1314 1675 1341 R.
1694 1316 1717 1341 8.
1737 1315 1762 1341 3.
1799 1313 1906 1340 Debitis

1067 1359 1200 1385 dumtaxat
1218 1357 1354 1384 fiscalibus
1373 1358 1556 1394 ingruentibus
1576 1357 1620 1391 [al.
1635 1356 1808 1394 urgentibus]
1829 1366 1850 1383 c.
1865 1356 1904 1382 18.

1066 1401 1099 1428 de
1117 1400 1205 1439 praed.
1225 1401 1317 1427 minor.
1338 1400 1368 1427 cf.
1389 1400 1439 1428 Th.
1461 1400 1491 1428 C.
1511 1400 1554 1427 Ill.
1573 1401 1617 1427 21.
1639 1411 1659 1427 e.
1679 1402 1703 1427 2.
1724 1399 1781 1426 eod.

1101 1443 1301 1471 lnhabilis.
1338 1443 1466 1477 (Adiect.)
1504 1445 1572 1470 Non
1598 1445 1736 1470 idoneus.
1772 1442 1816 1469 III.
1838 1443 1905 1470 Cn.

1066 1487 1124 1523 Qua
1144 1487 1220 1517 viam,
1239 1485 1281 1512 vel
1301 1487 1350 1512 iter
1368 1487 1479 1518 invium,
1503 1485 1546 1512 vel
1565 1485 1680 1512 inhabile
1699 1485 1767 1512 sacit.
1788 1485 1818 1512 fr.
1838 1487 1862 1511 4.
1882 1485 1905 1518 ξ.

1065 1532 1089 1557 5.
1109 1530 1131 1556 si
1151 1529 1241 1556 servit.
1260 1528 1357 1556 vindic.
1382 1530 1406 1556 8.
1431 1531 1456 1555 5.
1494 1528 1582 1555 Naves
1601 1545 1634 1548 —
1653 1528 1685 1555 ad
1709 1538 1787 1555 onera
1806 1527 1906 1555 inhabi-

1064 1573 1112 1603 les,
1132 1588 1164 1592 -
1184 1571 1216 1598 ad
1235 1581 1305 1597 mare
1329 1581 1382 1597 non
1405 1572 1578 1598 sufficientes.
1604 1571 1634 1598 sr.
1657 1573 1680 1598 l.
1703 1571 1724 1605 ξ.
1747 1573 1786 1597 12.
1811 1570 1844 1597 (18
1862 1581 1905 1597 ex·

1065 1626 1116 1642 erc.
1136 1620 1183 1642 act.
1206 1616 1245 1640 14.
1267 1616 1288 1640 1.
1326 1613 1393 1641 Cum
1413 1616 1435 1641 is
1455 1615 1532 1646 absit.
1553 1619 1597 1641 aut
1612 1613 1762 1640 valetudine
1780 1613 1904 1650 impedie-

1066 1664 1116 1691 tur.
1135 1662 1179 1685 aut
1197 1656 1321 1684 inhabilis
1340 1658 1376 1683 sit
1394 1657 1427 1684 ad
1446 1657 1583 1693 agendum.
1600 1656 1631 1683 fr.
1652 1659 1674 1683 1.
1695 1657 1715 1691 §.
1735 1659 1759 1682 2.
1782 1656 1833 1691 Qu.
1854 1657 1904 1683 cui.

1066 1703 1135 1728 univ.
1156 1710 1224 1726 nom.
1244 1701 1268 1726 3.
1288 1701 1313 1726 4.
1349 1699 1404 1731 Illi,
1428 1701 1503 1736 quasi
1521 1699 1651 1726 inhabiles
1670 1709 1752 1736 remp.
1772 1699 1852 1732 tueri,
1871 1698 1904 1726 ad

1066 1749 1169 1780 tempus
1188 1747 1353 1769 excusantur.
1374 1741 1403 1768 fr.
1426 1744 1465 1769 11.
1485 1742 1517 1768 de
1537 1741 1668 1768 decurion.
1688 1744 1730 1768 50.
1749 1744 1773 1768 2.

1101 1785 1340 1813 Inhabitare.
1378 1786 1600 1811 Hahimtione
1619 1786 1674 1811 uti.
1706 1784 1724 1811 1.
1745 1786 1806 1819 Sy.
1825 1783 1904 1810 Habi-

1065 1834 1127 1855 tare.
1152 1827 1194 1854 Cl'.
1219 1827 1243 1853 h.
1262 1837 1288 1854 v.
1326 1826 1379 1862 Qui
1403 1827 1536 1853 inhabitat.
1561 1827 1706 1854 Habitator.
1731 1826 1772 1854 Cf.
1793 1827 1817 1853 h.
1837 1837 1861 1853 v.
1881 1827 1903 1860 ξ.

1064 1874 1087 1897 2.
1125 1870 1281 1906 Inquilinus,
1301 1870 1459 1896 Inhabitans.
1480 1869 1510 1896 fr.
1529 1871 1553 1896 3.
1579 1871 1616 1904 ἐξ.
1638 1872 1661 1896 l.
1680 1872 1704 1896 4.
1731 1869 1764 1896 de
1787 1870 1831 1896 off.
1850 1868 1902 1896 Pri.

1064 1914 1137 1950 Vigg.
1160 1915 1181 1940 1.
1202 1914 1241 1939 15.
1278 1912 1320 1939 III.
1335 1914 1400 1940 Gn.
1420 1912 1449 1939 Si
1469 1913 1596 1950 excipiat,
1616 1918 1644 1939 ut
1662 1922 1771 1950 pascere
1790 1912 1841 1938 sibi
1860 1912 1903 1938 vel

1064 1956 1209 1983 inhabitare
1228 1955 1313 1982 liceat.
1333 1955 1363 1982 fr.
1382 1957 1424 1982 32.
1444 1955 1477 1982 de
1496 1954 1576 1982 usufr.
1597 1957 1620 1982 7.
1641 1957 1663 1982 1.
1701 1955 1751 1982 Vel
1770 1954 1902 1991 inquilini,

1066 2000 1108 2026 vel
1128 1999 1227 2026 domini
1247 1998 1357 2029 aedium.
1377 1999 1433 2025 sive
1456 1998 1604 2025 inhabitent
1627 1999 1684 2025 sive
1702 2008 1763 2025 non.
1787 1998 1816 2024 fr.
1836 2000 1860 2024 5.
1880 1998 1902 2031 ξ.

1064 2044 1087 2069 8,
1108 2042 1141 2068 (18
1160 2042 1184 2068 11.
1205 2051 1247 2078 qu.
1268 2040 1346 2067 effud.
1366 2043 1390 2068 9.
1409 2043 1434 2068 3.
1471 2040 1588 2073 Fundus,
1608 2051 1666 2067 cum
1684 2042 1740 2067 suis
1759 2040 1903 2067 inhabitan-

1064 2085 1143 2112 tibus.
1164 2084 1194 2111 sr.
1214 2084 1254 2110 78.
1274 2083 1296 2117 ξ.
1317 2085 1338 2110 1.
1360 2083 1392 2110 (18
1410 2083 1486 2120 legat.
1505 2083 1548 2110 III.
1568 2085 1643 2117 (32.)
1685 2083 1846 2110 Ilereditaria
1865 2084 1902 2110 in-

1065 2128 1130 2160 sula,
1150 2144 1182 2147 -
1202 2127 1224 2153 si
1244 2126 1320 2152 heres
1340 2136 1392 2152 non
1411 2131 1504 2158 exstet,
1524 2136 1572 2153 nec
1591 2126 1765 2153 inhabibetur.
1785 2125 1815 2152 fr.
1834 2128 1858 2152 4.
1878 2126 1901 2160 §.

1064 2172 1088 2197 6.
1108 2171 1141 2197 de
1159 2170 1244 2196 damn.
1267 2169 1312 2195 inf.
1332 2171 1373 2196 39.
1392 2172 1416 2196 2.
1463 2169 1516 2204 Qui
1536 2169 1697 2195 inhabitabat
1717 2178 1771 2195 eam
1791 2173 1900 2206 partem,

1065 2214 1133 2241 unde
1153 2213 1264 2240 effusum
1283 2217 1330 2238 est.
1351 2212 1381 2239 sr.
1400 2214 1423 2239 5.
1444 2222 1482 2249 pr.
1502 2211 1534 2238 de
1553 2212 1578 2238 h.
1598 2222 1640 2248 qu.
1661 2211 1742 2238 deiec.
1757 2213 1780 2238 9.
1794 2213 1818 2237 3.
1847 2211 1900 2246 Qui

1064 2257 1209 2283 inhabitant
1228 2265 1280 2281 non
1299 2256 1422 2282 momenti
1442 2266 1526 2287 causa,
1546 2255 1607 2281 licet
1625 2255 1661 2281 ibi
1675 2254 1834 2281 domicilium
1848 2262 1899 2279 non

1063 2299 1182 2326 habeant.
1203 2298 1233 2325 fr.
1253 2300 1277 2325 5.
1297 2298 1318 2332 §.
1339 2300 1362 2324 5.
1383 2298 1415 2324 de
1435 2299 1511 2324 iniur.
1530 2300 1571 2324 47.
1593 2300 1633 2324 10.

1098 2341 1354 2369 Inhabitator.
1392 2343 1597 2368 Inlcabitans.
1634 2341 1653 2367 1.
1673 2338 1896 2374 Sy.11al›itat0r.

1063 2384 1105 2411 Cl'.
1125 2384 1150 2411 h.
1170 2394 1194 2410 v.
1214 2383 1235 2416 ξ.
1255 2385 1279 2409 2.
1317 2383 1370 2419 Qui
1394 2383 1527 2410 habitandi
1552 2394 1627 2410 causa
1652 2382 1687 2409 ibi
1708 2386 1755 2408 est.
1780 2381 1810 2406 fr.
1831 2382 1854 2406 1.
1874 2381 1897 2414 ᾗ.

1062 2428 1085 2453 6.
1106 2427 1167 2453 l'urti
1189 2426 1246 2452 adv.
1266 2431 1336 2452 naut.
1355 2427 1397 2452 47.
1417 2428 1440 2452 5.
1478 2426 1508 2452 II.
1534 2428 1601 2459 Op.
1628 2425 1725 2451 Viator.
1746 2439 1778 2442 —
1797 2422 1898 2449 111113111-

1062 2474 1131 2496 tator
1149 2473 1294 2506 perpetuus
1314 2478 1454 2505 cauponae.
1473 2468 1504 2495 fr.
1525 2471 1547 2495 l.
1567 2470 1589 2502 ξ.
1608 2469 1632 2494 6.
1652 2467 1668 2492 l.
1688 2467 1728 2491 47.
1748 2467 1771 2491 5.

1098 2514 1321 2539 Inhaerere.
1341 2512 1371 2545 ἓ.
1386 2513 1420 2538 l.
1442 2513 1634 2541 Cohfaerere,
1654 2510 1803 2544 Infixum
1823 2518 1895 2535 esse.

1061 2554 1079 2581 1.
1094 2556 1155 2589 Sy.
1175 2554 1300 2580 Adfixum
1320 2558 1346 2580 et
1365 2553 1515 2581 adiunctum
1535 2562 1593 2579 esse
1611 2550 1789 2588 (parietibus.)
1809 2550 1839 2577 fr.
1853 2552 1896 2577 41.

1061 2598 1098 2632 ᾖς’.
1117 2599 1140 2624 9.
1162 2599 1202 2623 12.
1222 2606 1262 2633 sq.
1282 2596 1315 2623 de
1333 2596 1408 2633 legat.
1428 2597 1445 2623 1.
1465 2597 1532 2628 (30.)
1563 2610 1595 2614 —-
1626 2594 1656 2626 ξ.
1676 2595 1712 2620 ².
1744 2595 1895 2628 Compre-

1060 2642 1162 2667 hendi.
1198 2639 1217 2666 Ι.
1238 2641 1299 2674 Sy.
1318 2638 1416 2666 Inesse.
1440 2638 1480 2665 Cf.
1501 2638 1525 2664 h.
1545 2647 1569 2663 v.
1606 2636 1647 2662 III.
1669 2638 1736 2664 Cn·
1764 2636 1832 2663 Cum
1851 2637 1895 2663 do-

1059 2683 1140 2709 minio
1159 2683 1252 2720 pignus
1273 2683 1418 2718 quaesitum
1443 2685 1496 2712 est,
1520 2684 1545 2705 et
1568 2679 1599 2705 ab
1622 2680 1696 2705 initio
1716 2678 1839 2716 obligatio
1859 2681 1895 2706 in·

1059 2725 1151 2752 haesit.
1176 2724 1205 2751 fr.
1229 2727 1253 2751 2.
1279 2724 1311 2751 de
1336 2724 1389 2751 reb.
1414 2733 1466 2749 eor.
1490 2731 1532 2758 qu.
1558 2731 1580 2748 s.
1606 2726 1652 2748 tut.
1677 2723 1719 2749 27.
1743 2724 1767 2749 9.
1803 2722 1893 2749 Altera

1061 2777 1146 2800 causa,
1166 2777 1218 2794 non
1237 2772 1354 2804 utraque,
1372 2765 1489 2792 inhaeret
1506 2764 1677 2801 stipulationi.
1692 2765 1721 2792 fr.
1738 2767 1778 2792 13.
1797 2776 1836 2802 pr.
1857 2766 1894 2790 iu-

1058 2811 1137 2838 dicat.
1157 2810 1233 2838 solvi.
1253 2812 1295 2838 46.
1315 2812 1337 2836 7.
1358 2824 1389 2829 —-
1409 2808 1440 2842 ξ·
1460 2808 1496 2835 2.
1516 2810 1644 2841 Adesse,
1663 2810 1801 2836 Praesto
1819 2817 1889 2834 esse.
