2197 3121
235 175 300 205 242

238 256 307 283 cred.
336 258 377 282 42.
401 259 425 282 8.
474 255 518 282 Ill.
543 257 607 283 (ἠ.
646 254 776 281 Damnum
811 259 837 280 et
870 253 1017 285 damnatio.
1051 253 1082 279 ab
1104 261 1107 292 1

237 299 386 326 ademtione
406 304 431 325 et
451 300 524 335 quasi
545 298 724 324 deminutione
748 297 899 334 patrimonii
925 296 994 323 dicta
1013 301 1082 323 sunt.
1104 298 1107 334 1

238 343 268 369 l'r.
288 344 312 368 3.
333 342 366 368 de
384 342 467 368 damn.
489 342 534 368 inl'.
554 343 595 367 39.
614 343 638 366 2.
676 340 716 367 Ne
734 340 845 377 languor
864 341 941 366 animi
961 340 1084 366 damnum
1103 339 1106 358 1

239 387 314 412 etiam
335 386 360 411 in
380 384 457 411 bonis
478 384 584 410 adserat.
619 382 650 410 sr.
670 385 712 410 44.
738 384 760 418 5.
781 386 804 410 6.
830 383 862 410 ile
882 393 971 420 usurp.
997 385 1038 410 41.
1058 385 1082 410 3.
1104 371 1106 386 l

239 428 368 464 Quamvis
390 427 493 454 lucrosa
513 428 548 453 sit
568 426 743 459 (lu-reditas).
761 437 809 453 nec
828 426 910 453 ullum
929 425 1024 452 habeat
1042 425 1074 452 da
1105 408 1106 465 1

237 481 334 497 mnum.
354 470 385 496 fr.
406 472 430 496 9.
451 471 472 503 5.
492 472 516 496 3.
537 469 570 495 de
590 474 658 495 auct.
679 474 704 495 et
725 480 797 496 cons.
816 471 857 496 26.
878 473 901 496 S.
940 469 1015 505 Quae
1034 470 1083 503 (sc.
1105 474 1106 493 1

238 514 361 546 munera)
387 512 517 539 sumtibus
537 513 689 550 patrimonii
709 518 735 539 et
754 513 856 539 (lamnis
875 512 1083 539 administrantis
1105 502 1106 554 1

239 556 423 594 expediuntur.
456 555 486 582 fr.
513 558 553 582 18.
582 556 670 590 518.
700 555 732 582 (18
755 566 824 582 mun.
851 560 876 582 et
900 555 961 582 hon.
990 557 1032 582 50.
1059 558 1083 582 4.

238 600 337 626 Mortes
361 609 511 626 servorum.
537 615 570 618 —
596 598 676 629 furta.
701 600 820 636 rapinae.
846 615 879 618 —
898 599 939 625 vis
958 598 1083 625 bostium.
1105 634 1106 637 Ἴ

238 659 271 662 -
291 644 317 669 in
337 652 436 668 summa
463 642 640 678 quodeunque
665 641 795 668 damnum.
826 641 856 668 fr.
875 644 917 668 30.
937 652 977 679 pr.
1002 641 1034 668 ad
1052 641 1082 667 L.

239 686 308 713 Falc.
327 688 369 712 35.
388 687 413 712 2.
434 684 466 712 cf.
486 684 517 711 fr.
537 687 561 711 5.
581 685 603 719 5.
622 687 646 712 4.
668 684 797 711 commod.
823 686 863 712 13.
884 686 908 712 6.
950 684 985 711 Yt
1006 684 1107 725 fatale..¹

238 728 370 760 damnum,
390 727 433 755 vel
452 730 493 755 vis
513 738 612 765 magna.
632 729 667 754 sit
687 733 848 754 excusatum.
877 728 908 754 fr.
922 730 946 754 2.
966 728 988 762 5.
1008 730 1030 755 l.
1051 727 1084 754 de
1105 735 1107 756 t

237 773 318 809 peric.
344 776 370 797 et
394 781 485 798 comm.
513 773 553 797 15.
574 773 597 797 6.
632 771 663 797 1“1·.
683 773 725 797 52.
752 771 773 805 5.
793 773 817 798 3.
840 781 889 808 pro
914 781 968 798 soc.
994 773 1034 798 17.
1058 773 1082 797 2.

237 816 305 842 Eum
324 829 356 834 —-
376 814 427 841 hoc
448 814 534 841 edicto
555 824 606 839 non
627 815 723 845 teneri.
748 819 858 851 propter
881 819 1000 841 naturam
1022 819 1083 841 met.
1105 807 1106 826 1

239 869 260 885 c.
281 859 401 890 actionis.
422 868 488 894 quae
507 857 630 883 damnum
650 858 738 893 exigit.
768 857 798 884 fr.
815 860 854 884 12.
875 858 896 892 5.
910 860 934 884 2.
956 858 1008 893 Qu.
1022 862 1083 884 met.
1105 857 1107 893 1

239 912 260 928 c.
286 904 311 928 4.
338 903 362 927 2.
405 901 485 936 Quod
515 901 574 937 quis
603 910 635 926 ex
664 899 741 937 culpa
769 910 815 927 sua
844 900 966 927 damnum
990 902 1083 929 sentit.

238 955 291 971 non
320 944 475 980 intelligitur
507 943 629 970 damnum
662 944 769 970 sentire.
806 944 836 970 l‘r.
859 947 918 971 203.
949 945 981 971 ile.
1008 944 1040 971 R.
1065 944 1107 982 l.v

237 990 280 1014 50.
302 990 340 1014 17.
380 986 460 1022 Quod
479 996 556 1013 causa
576 988 632 1013 eius
652 986 775 1013 damnum
795 989 919 1024 cepisset.
944 988 975 1015 fr.
989 990 1031 1015 30.
1052 988 1084 1014 de

238 1030 270 1057 N.
291 1031 322 1057 G.
342 1032 366 1057 3.
390 1033 414 1057 5.
443 1029 500 1056 Gai.
520 1029 563 1056 111.
588 1031 648 1056 212.
702 1029 771 1065 Quia
796 1041 848 1057 nou
877 1031 971 1057 debeat
998 1031 1084 1058 videri

238 1076 261 1100 is
280 1074 402 1101 damnum
426 1073 524 1105 facere,
549 1074 594 1109 qui
619 1078 668 1099 etc.
700 1072 730 1099 l‘r.
751 1074 792 1099 26.
819 1073 852 1099 de
871 1074 956 1101 damn.
977 1074 1021 1101 ins.
1041 1076 1083 1101 39.

237 1120 261 1143 2.
298 1117 413 1153 Erogare
433 1116 497 1153 quid
516 1132 548 1136 -—
568 1116 662 1142 damno
682 1116 780 1142 inl'ecto
804 1118 997 1154 promittendo⁷
1024 1117 1083 1151 (vel

238 1170 316 1186 servo
345 1159 434 1186 noxali
462 1159 560 1185 iudicio
590 1159 726 1192 defenso).
766 1159 796 1186 fr.
817 1162 840 1186 9.
869 1161 891 1195 5.
915 1162 939 1187 3.
973 1161 1005 1187 de
1028 1161 1107 1206 ”³¹⁸1

238 1208 306 1230 auct.
325 1202 378 1230 iud.
398 1204 440 1229 42.
460 1204 484 1229 5.
522 1202 563 1230 Cf.
588 1212 612 1229 v.
635 1202 771 1229 Insectum.
808 1218 841 1222 ——
878 1204 909 1237 ξ.
933 1205 968 1230 2.
1007 1206 1084 1231 Ρη.
1105 1219 1106 1225 .

238 1249 317 1274 tium
338 1248 387 1273 rei
404 1249 608 1278 interemtae,
635 1248 681 1272 vel
703 1247 881 1273 deterioris
898 1248 1026 1282 factae.
1063 1247 1082 1274 I.

237 1291 300 1324 Sy.
334 1289 425 1325 *Quod
448 1289 530 1315 abest.
560 1289 590 1316 fr.
612 1290 652 1315 12.
673 1288 695 1322 5.
715 1291 739 1315 2.
768 1288 798 1315 l'r.
821 1291 860 1315 14.
880 1299 919 1327 pr.
945 1290 997 1326 Qu.
1022 1295 1082 1317 met.

239 1342 260 1359 c.
279 1335 303 1359 4.
323 1334 348 1358 2.
386 1332 429 1358 111.
444 1334 509 1360 (ιή-
539 1332 593 1367 Qui
607 1333 645 1358 rei
665 1331 787 1358 damnum
806 1334 977 1369 praestiterit.
997 1334 1082 1361 11:23.

237 1376 260 1410 5.
279 1377 304 1401 3.
324 1375 359 1401 ib.
378 1378 402 1402 4.
423 1378 446 1401 2.
467 1375 497 1401 l'r.
517 1377 558 1401 sl.
584 1374 616 1401 (18
636 1374 668 1401 V.
688 1375 716 1401 S.
740 1377 782 1402 50.
804 1378 843 1402 16.
887 1376 967 1412 Quod
986 1376 1083 1403 factum

238 1419 313 1456 dupli
332 1419 426 1445 damno
446 1435 478 1438 -—
497 1423 631 1455 pensatur.
660 1417 702 1445 Fr.
723 1418 755 1444 de
774 1418 792 1445 I.
814 1418 842 1446 F.
863 1420 884 1453 5.
899 1422 922 1446 6.
961 1420 1012 1446 Pro
1026 1421 1082 1447 l'ure
1104 1446 1105 1449 ,

238 1462 360 1489 damnum
379 1461 508 1488 decidere.
538 1461 594 1488 Gai.
614 1460 659 1488 IV.
679 1463 720 1488 37.
742 1461 772 1488 l'r.
792 1463 834 1488 46.
854 1463 876 1496 5.
897 1465 920 1489 5.
946 1462 976 1490 fr.
997 1465 1038 1490 61.
1059 1464 1080 1497 5.
1104 1458 1105 1463 1

237 1508 262 1532 2.
283 1505 315 1532 de.
335 1506 396 1532 furt.
416 1507 458 1531 47.
478 1508 502 1531 2.
535 1521 567 1524 —
599 1505 630 1538 §-
653 1506 689 1531 ³.
720 1507 922 1538 valamine,
943 1507 1105 1541 Dispenv

238 1551 336 1580 dium,
358 1550 486 1582 Cuptio.
523 1547 542 1574 1.
563 1548 624 1582 Sy.
649 1547 749 1575 Iactura
769 1548 885 1583 (saluae).
914 1549 964 1576 Th.
986 1549 1017 1577 C.
1036 1550 1081 1577 ΙΧ.

237 1593 278 1617 36.
299 1602 320 1617 c.
340 1594 364 1617 2.
391 1596 419 1617 ut
438 1592 505 1617 intra
525 1601 584 1616 auu.
613 1591 685 1617 XVI.
705 1593 728 1617 2.
755 1602 776 1618 c.
796 1594 838 1618 41.
864 1592 896 1618 de
916 1594 997 1630 episc.
1017 1593 1081 1620 eccl.

236 1634 280 1660 III.
301 1635 366 1662 Cn.
395 1634 527 1660 Damnum
551 1635 671 1671 corporis
696 1634 830 1671 expedire..
859 1635 895 1662 lb.
917 1635 972 1662 Vll.
999 1638 1039 1663 13.
1059 1647 1080 1663 c.

236 1679 260 1703 5.
282 1677 313 1703 de
333 1678 410 1703 tiron.
441 1677 580 1714 Proposita
601 1677 662 1703 huic
676 1679 775 1704 nomini
789 1677 882 1705 damna
895 1689 948 1705 nou
961 1684 1080 1714 noceant.

237 1720 274 1747 Ib.
294 1720 364 1747 VIII.
384 1722 424 1747 16.
446 1731 466 1747 c.
489 1722 510 1747 1.
532 1721 597 1754 5.1.
618 1719 650 1746 (18
669 1721 764 1747 infirm.
784 1731 861 1758 poen.
882 1722 974 1749 eaelib.
1007 1722 1081 1749 Citra
1103 1731 1104 1734 ’

237 1763 360 1790 damnum
383 1763 528 1790 voluntatis
552 1762 688 1790 redimere.
722 1764 752 1790 l'r.
772 1766 814 1791 23.
839 1765 860 1799 5.
884 1768 908 1792 2.
938 1765 970 1792 de
994 1766 1080 1793 fideic.
1102 1785 1104 1790 ι

239 1807 302 1833 libb.
321 1809 362 1833 40.
382 1809 406 1833 5.
444 1806 577 1833 ludicialis
597 1807 741 1839 sententia,
761 1808 818 1834 sine
837 1809 908 1834 omni
927 1808 1021 1835 damno
1042 1818 1082 1835 ce-

238 1849 347 1876 lebrata.
368 1861 388 1876 c.
403 1852 444 1876 25.
465 1850 497 1876 (18
512 1849 606 1876 admin.
622 1854 701 1876 tutor.
722 1852 745 1876 5.
759 1852 800 1878 37.
837 1851 905 1878 Litis
925 1851 1019 1878 damno
1040 1862 1082 1879 co·
1102 1875 1104 1880 .

239 1895 329 1920 erceri.
359 1893 388 1919 fr.
409 1895 449 1919 53.
469 1904 508 1930 pr.
529 1893 562 1919 de
581 1903 608 1919 re
628 1893 680 1919 iud.
701 1895 742 1920 42.
760 1896 782 1921 l.
820 1895 849 1921 Iu
868 1894 974 1932 publica
988 1895 1081 1922 damna
1102 1909 1103 1913 ¹

239 1946 375 1974 occupare.
405 1936 454 1963 Th.
472 1937 502 1963 C.
522 1936 581 1963 XV.
602 1938 624 1962 1.
645 1947 666 1963 c.
688 1938 727 1963 12.
749 1937 781 1964 de
801 1949 861 1975 opp.
881 1939 944 1975 pub.
971 1938 1003 1965 cl'.
1022 1938 1080 1965 XII.
1102 1948 1103 1959 ³

240 1981 280 2006 19.
302 1990 322 2005 c.
342 1981 367 2005 3.
387 1979 419 2005 de
439 1979 463 2006 h.
485 1990 527 2016 qu.
543 1979 619 2005 cond.
639 1990 729 2017 propr.
759 1997 791 2000 —
821 1982 850 2014 §-
877 1983 915 2008 —l-
945 1983 1080 2008 Factum
1102 1979 1103 2006 J

238 2025 435 2054 damnosum,
470 2024 633 2049 Delictum
664 2026 734 2058 lege
761 2026 900 2058 Aquilia
932 2026 1104 2060 vindica-f

238 2072 310 2092 tum.
348 2065 366 2092 1.
387 2066 448 2100 Sy.
477 2065 588 2092 Nocere.
617 2066 748 2093 Damnum
767 2066 837 2093 dare.
864 2066 905 2093 Cl‘.
925 2077 948 2093 v.
969 2066 1080 2094 Nocere.
1102 2075 1104 2107 1

239 2108 281 2135 111.
297 2110 361 2136 Cn.
390 2108 521 2135 Damnum
541 2109 636 2141 dando.
656 2109 742 2136 damni
761 2111 870 2136 iniuriae
884 2111 974 2136 teneri.
994 2110 1023 2136 fr.
1039 2112 1081 2137 54.
1102 2120 1104 2144 1

238 2152 261 2185 5.
280 2155 304 2178 2.
325 2151 356 2178 de
376 2152 407 2178 Α.
427 2152 457 2178 R.
478 2152 511 2178 D.
531 2154 572 2179 41.
594 2155 616 2179 1.
654 2153 785 2179 Damnum
804 2154 896 2180 iniuria
916 2153 982 2189 legis
1000 2153 1082 2190 Aqui-
1103 2149 1104 2169 1

240 2194 296 2221 liae.
323 2194 395 2221 Paul.
416 2195 434 2221 1.
456 2197 495 2222 19.
516 2196 580 2230 5.1.
601 2196 633 2223 cs.
654 2196 711 2223 Gai.
732 2196 773 2223 111.
793 2199 853 2223 202.
872 2198 932 2223 210.
952 2196 982 2222 sr.
997 2198 1038 2223 49.
1058 2197 1080 2231 5.
1103 2216 1104 2226 .

240 2239 262 2264 1.
283 2237 315 2263 ad
334 2237 363 2263 L.
382 2238 448 2274 Aqu.
469 2241 493 2265 9.
508 2242 532 2265 2.
570 2240 599 2265 Si
619 2241 678 2276 quis
698 2250 810 2277 corpore
829 2250 877 2265 suo
897 2239 1019 2266 damnum
1040 2240 1082 2267 de.-
1103 2235 1105 2274 Ξ

239 2281 315 2307 dvi-it.
336 2296 368 2300 -—
388 2281 448 2307 Alio
468 2282 546 2308 modo
561 2282 655 2308 damno
670 2282 738 2309 (lato.
768 2282 825 2309 Gai.
840 2282 882 2309 111.
896 2284 954 2310 219.
976 2283 1007 2310 cf.
1021 2285 1081 2310 211.
1103 2279 1104 2286 1

240 2324 269 2351 l'r.
289 2325 330 2350 29.
351 2324 372 2358 5.
392 2326 415 2350 2.
437 2324 452 2350 l.
474 2324 489 2350 l.
510 2328 533 2351 9.
553 2328 576 2351 2.
606 2325 635 2352 fr.
656 2328 698 2353 57.
719 2325 796 2353 locat.
818 2328 858 2352 19.
877 2329 901 2353 2.
940 2326 1002 2361 Qui‚
1023 2337 1081 2353 cum

239 2368 314 2394 aliter
332 2368 399 2394 tueri
420 2378 448 2393 se
469 2378 520 2394 11011
540 2374 660 2405 possunt,
682 2369 768 2396 damni
783 2368 886 2406 culpam
901 2368 944 2403 [al.
960 2369 1081 2396 damnum
1102 2396 1104 2403 ι

239 2411 333 2448 eulpa]
355 2410 483 2437 dederint.
509 2410 539 2437 sr.
560 2413 600 2437 45.
621 2413 642 2446 5
663 2414 686 2438 4.
707 2412 738 2438 ad
757 2411 786 2438 L.
806 2412 875 2449 Aqu.
895 2414 918 2438 9.
939 2415 963 2439 2.
989 2412 1018 2439 sr.
1040 2415 1079 2439 15.
1102 2408 1104 2448 1

239 2456 260 2489 5.
281 2456 321 2480 ⁴115.
342 2454 375 2480 de
394 2455 470 2480 iniur.
490 2455 531 2480 47.
554 2456 592 2480 lo.
631 2456 659 2481 Si
679 2455 795 2481 nondum
814 2455 878 2481 milii
897 2454 1018 2481 damnum
1039 2455 1081 2481 de·
1102 2449 1103 2480 1

239 2497 318 2529 deris,
339 2497 386 2523 sed
406 2498 441 2523 ita
460 2498 545 2533 ignem
565 2497 669 2526 babeas,
689 2504 715 2525 ut
735 2504 847 2525 metuam
867 2508 899 2524 118
918 2498 981 2524 mihi
995 2498 1079 2524 detur.
1101 2487 1103 2532 1

240 2540 310 2566 con.
329 2539 382 2566 LL.
401 2540 434 2567 m.
453 2540 511 2567 ΧΠ,
533 2542 555 2566 τ.
587 2540 619 2566 cf.
644 2540 715 2567 paui.
738 2541 768 2568 v,
788 2544 829 2568 ρο.
854 2542 891 2575 §§-
911 2543 935 2567 3.
955 2544 979 2567 (i.

1103 2331 1104 2357 ζ
1127 2337 1148 2353 c.
1171 2328 1210 2352 10.
1238 2324 1269 2351 cf.
1290 2335 1311 2351 c.
1334 2326 1356 2350 1.
1382 2323 1495 2358 (ch.)
1521 2322 1554 2348 de
1578 2321 1621 2348 off.
1642 2321 1694 2348 Prf.
1714 2321 1760 2348 Vr.

966 171 1025 201 DA
1033 171 1059 202 N*
1085 189 1122 194 —
1147 170 1248 202 DAR.

1128 256 1172 280 lis
1192 255 1371 280 maximum.
1415 254 1458 280 111.
1482 255 1548 282 Cn.
1580 254 1708 282 Lusoriae
1727 256 1851 283 Danubii.
1889 256 1931 284 Cf.
1950 267 1973 283 v.

1128 296 1264 323 Lusoriae..

1162 339 1419 373 Daphne-usis.
1449 340 1587 374 (Adii-ct.)
1625 343 1672 368 Ad
1693 342 1851 376 Daphnen
1869 345 1973 376 pcrti-

1128 393 1216 414 nens,
1242 384 1440 409 Antioc-Iliae
1463 386 1659 410 suburbium.
1697 384 1740 410 III.
1765 385 1831 412 Gn.
1859 385 1889 411 si
1914 386 1974 421 quis

1128 424 1301 462 Daplmensis
1321 425 1374 452 luci
1394 427 1420 452 in
1439 426 1532 462 Syria.
1551 426 1594 453 vel
1614 426 1719 453 Perseis
1739 428 1766 453 in
1785 427 1917 464 Aegypto,
1937 438 1975 454 ar-

1128 468 1207 494 bores
1233 469 1432 505 comparaverit.
1462 479 1483 495 c.
1509 471 1531 496 l.
1561 469 1593 497 cf.
1618 480 1639 496 c.
1659 472 1683 497 2.
1710 469 1742 496 de
1768 480 1841 507 cupr.
1867 480 1899 496 ex
1923 470 1973 497 luc.

1128 511 1233 549 Daphu.
1260 513 1300 537 11.
1326 513 1365 537 77.
1408 511 1613 548 Aquaeductus‚
1638 514 1683 550 qui
1701 513 1858 550 Daphnensi
1876 513 1974 550 palatio

1129 564 1205 580 usum
1224 564 1306 590 aquae
1326 559 1451 591 praestat.
1481 554 1530 582 Th.
1546 556 1577 583 C.
1590 556 1649 583 ΧΥ.
1669 559 1694 583 2.
1715 567 1736 583 c.
1749 558 1774 583 2.
1795 556 1827 583 de
1846 555 1956 593 aquaed.

1163 597 1349 630 Daphnin.
1388 599 1506 625 Nomen
1525 602 1680 626 mulieris.
1719 599 1761 626 III.
1783 600 1849 627 Gn.
1877 598 1975 626 Marius

1127 639 1225 666 Paulus
1246 639 1352 676 quidam
1372 640 1541 668 fideiusserat
1563 652 1612 679 pro
1632 642 1782 680 Daphnide.
1814 642 1844 669 fr.
1865 643 1888 669 6.
1908 642 1931 676 5.
1950 643 1974 668 7.

1128 682 1213 709 mand.
1235 685 1275 710 17.
1296 685 1319 710 1.

1162 728 1280 760 Daps.
1321 728 1471 754 Victima.
1509 727 1528 754 I.
1550 729 1611 762 Sy.
1645 728 1673 754 In
1693 728 1864 760 sacrificium,
1884 727 1912 754 ln
1932 727 1975 755 da-

1129 780 1190 807 pem
1210 769 1379 806 (impendere
1397 772 1557 807 pecuniam).
1583 771 1639 797 Gai.
1659 770 1702 797 [Υ.
1722 773 1764 797 25.

1163 814 1442 840 Dan-«lanarius.
1474 815 1588 840 Rerum
1604 817 1859 848 promere-alium
1880 824 1975 841 vexa-

1128 863 1186 882 tor.
1219 854 1262 881 111.
1275 857 1340 883 Cn.
1360 856 1500 883 Annonam
1513 857 1649 884 adtentare
1663 862 1688 883 et
1701 867 1796 884 vexare
1809 857 1851 884 vel
1863 859 1976 884 maxime

1130 898 1279 925 ‹lardanarii
1299 898 1394 926 solent.
1423 899 1454 926 sr.
1473 900 1497 926 6.
1517 910 1556 937 pr.
1577 900 1610 926 de
1630 905 1695 927 extr.
1715 902 1787 927 crim.
1806 902 1848 927 47.
1870 903 1909 927 ll.
1946 900 1974 927 ln

1130 941 1316 973 dardanarios.
1344 947 1455 979 propter
1478 942 1572 969 salsum
1595 953 1776 970 mensurarum
1798 943 1916 976 modum,
1941 960 1974 964 -—

1128 985 1257 1011 vindicari
1276 984 1384 1021 placuit.
1409 984 1440 1011 fr.
1459 986 1501 1012 37.
1522 985 1555 1012 de
1572 996 1651 1023 poen.
1671 988 1712 1013 48.
1735 988 1775 1013 19.

1163 1028 1377 1055 Dardania.
1875 1041 1974 1065 supra

1132 1073 1296 1098 Troadem.
1340 1071 1383 1098 111.
1405 1073 1471 1099 Cn.
1504 1071 1693 1099 Procuratores
1717 1073 1884 1100 metallorum
1907 1074 1975 1100 intra

1128 1113 1318 1145 Macedoniam,
1335 1114 1444 1141 Daciam
1457 1114 1682 1145 mediterraneam.
1695 1116 1831 1149 Moesiam,
1851 1127 1898 1142 seu
1909 1116 1975 1143 Dar-

1129 1158 1239 1184 daniam.
1261 1168 1282 1184 c.
1302 1159 1325 1184 4.
1346 1158 1379 1184 (18
1396 1158 1494 1185 metall.
1515 1161 1556 1185 ll.
1575 1161 1599 1185 6.
1625 1158 1656 1185 cl‘.
1677 1158 1767 1186 Iulian.
1789 1161 1851 1197 epit.
1871 1170 1931 1186 nov.
1952 1170 1974 1187 c.

1130 1203 1187 1228 119.
1207 1202 1230 1236 ς’.
1249 1203 1309 1228 505.

1163 1247 1281 1273 Dare.
1318 1244 1349 1278 ξ.
1375 1246 1410 1271 l.
1441 1245 1594 1281 Obserre,
1614 1247 1784 1278 Praebere,
1804 1247 1973 1273 Exliibere.

1128 1288 1146 1315 1.
1171 1290 1232 1323 Sy.
1260 1287 1355 1314 Edere.
1380 1287 1410 1314 fr.
1432 1289 1455 1314 l.
1476 1288 1497 1322 5.
1519 1290 1541 1314 l.
1562 1287 1592 1314 fr.
1613 1289 1636 1315 4.
1657 1289 1678 1322 5.
1699 1291 1722 1315 5.
1743 1289 1774 1315 fr.
1794 1290 1817 1315 6.
1838 1299 1877 1326 pr.
1897 1289 1934 1323 55.
1950 1290 1973 1315 l.

1128 1342 1186 1368 sqq.
1213 1331 1245 1358 de
1264 1331 1358 1357 edend.
1383 1333 1408 1357 2.
1429 1332 1469 1357 13.
1512 1330 1634 1358 Obserre.
1669 1331 1725 1358 Gai.
1746 1331 1788 1358 III.
1810 1333 1868 1358 187.
1911 1331 1974 1358 Tra—

1128 1375 1197 1402 dere.
1226 1374 1257 1401 l‘r.
1276 1376 1300 1401 2.
1321 1374 1343 1408 5.
1365 1375 1388 1400 7.
1414 1373 1447 1400 de
1466 1374 1498 1400 O.
1519 1374 1537 1401 Ι.
1565 1376 1586 1401 l.
1607 1377 1631 1401 2.
1668 1374 1712 1401 III.
1738 1376 1804 1402 Cu.
1832 1375 1862 1401 In
1881 1374 1973 1402 libello

1128 1417 1281 1455 complecti,
1302 1422 1328 1444 et
1347 1417 1422 1449 dare,
1441 1417 1484 1443 vel
1504 1417 1611 1444 dictare.
1643 1418 1674 1444 fr.
1696 1420 1719 1445 l.
1739 1419 1761 1452 5.
1783 1420 1806 1445 1.
1826 1418 1860 1445 de
1878 1417 1973 1445 edend.

1126 1464 1150 1488 2.
1172 1464 1212 1488 13.
1249 1461 1279 1487 Si
1303 1471 1352 1498 pro
1378 1460 1503 1487 tribunali
1528 1460 1660 1487 dabuntur
1684 1460 1811 1495 (libelli).
1840 1461 1925 1488 Vatic.
1950 1461 1972 1496 5.

1129 1507 1185 1532 167.
1210 1504 1242 1531 cf.
1262 1505 1300 1538 55.
1322 1506 1380 1531 156.
1401 1505 1458 1530 162.
1478 1506 1538 1530 210.
1581 1504 1734 1541 Responsa,
1760 1515 1784 1531 v.
1805 1504 1973 1541 Suffraginm,

1127 1549 1196 1575 (lare.
1225 1548 1255 1574 fr.
1275 1550 1300 1574 2.
1327 1548 1348 1582 5.
1368 1550 1409 1574 47.
1435 1547 1467 1574 de
1488 1547 1520 1574 Ο.
1541 1546 1559 1573 I.
1586 1549 1608 1574 1.
1627 1550 1651 1573 2.
1679 1547 1710 1573 fr.
1730 1548 1754 1573 6.
1774 1558 1813 1585 pr.
1845 1547 1877 1574 cf.
1897 1547 1927 1574 fr.
1947 1549 1972 1574 4.

1127 1602 1167 1628 sq.
1193 1591 1245 1627 Qu.
1266 1593 1315 1617 cui.
1336 1592 1407 1617 univ.
1427 1600 1496 1617 nom.
1516 1592 1540 1616 3.
1558 1593 1582 1616 4.
1621 1590 1710 1617 Ferias
1730 1590 1792 1617 dare
1810 1591 1973 1617 vacationem

1127 1636 1157 1667 (a
1177 1634 1327 1660 forensibus
1348 1639 1447 1660 tantum
1467 1633 1606 1669 negotiis).
1635 1633 1666 1659 fr.
1687 1635 1711 1659 9.
1735 1633 1767 1660 de
1786 1633 1866 1660 feriis.
1886 1635 1910 1660 2.
1931 1635 1972 1660 12.

1126 1678 1207 1704 Error
1226 1687 1279 1703 non
1299 1676 1372 1703 dedit
1391 1676 1608 1703 iurisdictionem.
1634 1676 1665 1703 fr.
1684 1678 1709 1702 2.
1729 1687 1768 1714 pr.
1792 1676 1825 1703 de
1849 1676 1928 1703 iudic.
1947 1679 1972 1703 5.

1128 1723 1149 1747 1.
1188 1719 1301 1746 Causam
1321 1720 1383 1746 dare
1403 1720 1498 1746 edicto.
1533 1719 1563 1745 fr.
1585 1721 1607 1745 l.
1633 1719 1654 1753 5.
1675 1721 1699 1745 5.
1724 1719 1757 1746 de
1779 1719 1879 1757 postul.
1902 1721 1927 1747 3.
1948 1721 1971 1746 1.

1127 1764 1242 1801 Operam
1261 1763 1331 1790 dare.
1361 1763 1402 1790 Cf.
1422 1773 1446 1789 v.
1467 1762 1565 1800 Opera.
1585 1778 1618 1781 —
1638 1762 1669 1795 ξ.
1694 1763 1729 1788 2.
1758 1764 1971 1796 Pet-mittere,

1127 1809 1274 1843 Largiri.
1310 1806 1330 1832 I.
1351 1808 1413 1841 Sy.
1442 1805 1605 1833 Concedere.
1636 1804 1678 1831 Cf.
1698 1804 1723 1831 h.
1744 1815 1768 1832 v.
1789 1806 1811 1839 5
1823 1808 1847 1832 2.
1884 1805 1972 1833 Indul-

1126 1861 1194 1888 gere.
1224 1850 1254 1877 sr.
1274 1851 1298 1876 9.
1322 1850 1344 1884 5.
1364 1851 1388 1875 5.
1413 1849 1446 1876 (18
1466 1850 1509 1876 off.
1530 1848 1605 1875 Proc.
1626 1853 1652 1874 et
1669 1847 1732 1885 Leg.
1759 1850 1781 1875 l.
1803 1850 1843 1875 16.
1873 1848 1904 1876 fr.
1928 1851 1970 1875 21.

1127 1894 1159 1920 (18
1177 1893 1255 1920 iudic.
1276 1895 1299 1919 5.
1322 1895 1343 1919 l.
1373 1892 1457 1919 Vatic.
1483 1893 1521 1927 55.
1540 1894 1600 1918 235.
1621 1902 1661 1928 sq.
1698 1891 1843 1918 Praestare.
1863 1891 1900 1918 lb.
1921 1891 1938 1918 l.
1952 1891 1969 1918 1.

1126 1937 1156 1964 fr.
1175 1939 1217 1964 21.
1237 1937 1259 1970 5.
1273 1938 1297 1962 6.
1318 1936 1370 1971 Qu.
1390 1941 1451 1962 met.
1471 1946 1492 1962 c.
1517 1937 1541 1962 4.
1559 1938 1584 1962 2.
1621 1934 1836 1962 Accommodare.
1856 1933 1913 1961 Gai.
1924 1933 1969 1961 IV.

1128 1983 1184 2007 110.
1222 1980 1389 2011 permittere,
1417 1979 1554 2006 Coul'erre.
1587 1977 1648 2015 le.
1668 1977 1752 2004 XXII.
1777 1979 1819 2004 24.
1848 1977 1878 2004 fr.
1898 1979 1922 2003 2.
1946 1977 1969 2011 5.

1427 1030 1526 1055 Asiae
1556 1032 1694 1056 minoris
1726 1032 1819 1066 regio
1831 1051 1837 1063 ‚

1102 2017 1103 2029 ³
1127 2026 1167 2050 ll.
1191 2023 1224 2050 de
1245 2023 1279 2049 0.
1300 2023 1317 2049 1.
1340 2025 1362 2049 1.
1382 2025 1407 2049 2.
1435 2022 1466 2048 fr.
1487 2024 1510 2048 l.
1529 2031 1568 2058 pr.
1593 2020 1626 2047 de
1645 2025 1729 2046 coust.
1749 2019 1791 2046 Pr.
1818 2021 1839 2046 1.
1859 2022 1884 2046 4.
1926 2020 1969 2047 111.

1127 2068 1193 2094 Cn.
1231 2066 1302 2101 Quoi
1321 2066 1387 2091 sorti
1405 2066 1428 2091 is
1448 2075 1508 2101 ager
1527 2064 1617 2094 datus,
1637 2062 1823 2099 adsignatusve
1836 2062 1921 2090 suerit.
1936 2079 1969 2083 —-

1126 2110 1192 2136 Eum
1212 2118 1309 2144 agrum,
1329 2118 1406 2144 quem
1426 2118 1458 2134 ex
1477 2107 1502 2134 11.
1522 2107 1538 2133 l.
1559 2107 1657 2137 venire,
1677 2105 1745 2137 dari,
1765 2105 1874 2133 reddive
1893 2116 1970 2144 opor-

1127 2152 1200 2179 tebit.
1230 2151 1271 2178 Fr.
1292 2151 1357 2187 legis
1377 2150 1500 2177 Thoriae.
1537 2149 1573 2176 Vt
1592 2150 1712 2181 sciretur,
1733 2149 1796 2185 quid
1813 2150 1908 2186 cuique
1927 2149 1970 2176 da-

1127 2201 1181 2222 tum
1201 2200 1279 2222 esset.
1300 2194 1363 2231 quid
1382 2195 1514 2226 venisset,
1535 2193 1598 2230 quid
1618 2194 1644 2219 in
1663 2192 1771 2230 publico
1791 2192 1911 2219 relictum
1930 2203 1970 2220 es-

1127 2244 1174 2266 set.
1204 2238 1235 2265 fr.
1256 2239 1295 2264 16.
1321 2238 1353 2264 de
1371 2237 1403 2264 A.
1423 2237 1454 2264 R.
1475 2237 1509 2264 D.
1532 2238 1574 2263 41.
1596 2238 1618 2262 l.
1660 2235 1754 2261 Paucis
1778 2235 1889 2262 dabatur
1911 2236 1970 2263 red-

1127 2283 1291 2318 debatnrque
1309 2281 1460 2318 regionibus
1480 2279 1521 2313 (S.
1540 2278 1666 2305 iudicium
1685 2278 1756 2311 eto).
1785 2278 1835 2306 Th.
1855 2278 1885 2306 C.
1904 2279 1923 2306 Ι.
1943 2281 1968 2307 6.

1803 2321 1860 2349 Nee
1882 2322 1968 2355 datur,

1126 2380 1174 2396 nec
1194 2369 1249 2395 (lari
1263 2372 1352 2405 potest
1371 2367 1501 2401 (accessio
1515 2365 1663 2401 temporis).
1683 2364 1740 2392 Gai.
1754 2364 1798 2391 IV.
1812 2367 1870 2392 151.
1897 2365 1969 2392 Ante

1126 2423 1171 2439 eos
1191 2421 1244 2438 non
1262 2411 1388 2437 babuisse
1407 2409 1603 2439 immunitatem,
1623 2408 1670 2434 sed
1684 2418 1753 2435 nunc
1772 2409 1809 2434 eis
1828 2407 1884 2435 dari
1903 2418 1967 2441 eam,

1126 2466 1192 2492 quae
1211 2454 1269 2480 data
1290 2458 1330 2480 est
1348 2453 1402 2485 his,
1423 2452 1481 2488 (qui
1499 2461 1628 2477 annonam
1647 2450 1675 2477 P.
1695 2450 1726 2477 R.
1746 2451 1857 2485 iuvant).
1881 2450 1966 2478 Vatic.

1125 2499 1146 2533 5.
1160 2499 1220 2524 236.
1257 2496 1287 2523 Si
1300 2494 1376 2523 nemo
1396 2496 1439 2526 sit,
1460 2495 1503 2531 qui
1523 2499 1604 2532 petat,
1624 2493 1693 2520 ultro
1713 2494 1751 2520 eis
1770 2493 1832 2520 dare
1851 2493 1966 2521 debebit.

1027 2542 1080 2577 Qui
1101 2550 1103 2577 1
1125 2542 1155 2568 sr.
1175 2542 1199 2567 9.
1219 2541 1241 2574 5.
1261 2542 1285 2566 5.
1305 2539 1337 2566 de
1357 2539 1400 2565 oss.
1420 2537 1495 2564 I’roc.
1516 2543 1541 2564 et
1561 2537 1622 2573 Leg.
1645 2539 1667 2563 l.
1688 2538 1728 2563 16.
1754 2536 1785 2563 cf.
1806 2536 1836 2563 sr.
1855 2539 1879 2563 2.
1900 2536 1922 2571 5.
1940 2538 1965 2563 2.

240 2592 287 2620 per
305 2583 406 2609 turbam
426 2583 615 2610 seditionemve
640 2583 760 2610 damuum
779 2584 855 2611 alicui
871 2584 999 2613 dederint.
1019 2584 1080 2611 dan-
1101 2579 1103 2616 1
1125 2584 1176 2620 Qu.
1197 2583 1262 2610 ordo
1282 2583 1309 2608 in
1328 2591 1399 2618 poss.
1419 2582 1460 2606 38.
1482 2583 1522 2607 15.
1564 2581 1634 2607 Dum
1657 2579 1752 2606 honori
1776 2579 1966 2616 postulantium

240 2625 334 2652 dumve
354 2627 509 2653 curaverint.
543 2626 579 2652 lb.
600 2626 631 2652 Υ.
657 2629 681 2653 3.
707 2626 728 2659 5.
750 2629 771 2653 1.
816 2627 844 2654 Si
865 2629 924 2664 quis
944 2627 1017 2653 alteri
1038 2627 1080 2653 da·
1101 2618 1102 2648 1
1124 2627 1212 2659 (latur.
1243 2624 1301 2659 (vel
1324 2623 1486 2661 improbitati
1511 2623 1639 2655 ceditur).
1671 2622 1701 2649 fr.
1721 2624 1745 2649 9.
1769 2623 1791 2656 5.
1810 2624 1834 2649 4.
1863 2622 1895 2649 de
1920 2621 1963 2648 off.

240 2678 328 2695 mnnm
353 2670 427 2701 faxit.
462 2669 532 2706 quod
562 2670 671 2701 usserit,
701 2669 820 2705 fregerit,
849 2671 949 2707 ruperit
977 2671 1078 2696 iniuria.
1100 2662 1102 2705 1
1125 2670 1199 2696 Proc.
1220 2673 1246 2695 et
1263 2667 1325 2703 Leg.
1348 2669 1421 2694 Ι.16.
1460 2667 1528 2693 Cum
1547 2671 1628 2693 mater
1647 2681 1680 2685 —
1698 2666 1891 2702 provocaverit,
1910 2665 1965 2701 pie—

241 2711 272 2738 l'r.
290 2713 332 2738 27.
360 2713 381 2746 5.
401 2715 425 2739 5.
454 2712 487 2739 ad
510 2712 538 2739 L.
563 2713 632 2749 Aqu.
664 2714 686 2739 9.
711 2715 735 2738 2.

241 2754 362 2782 dannnnm
386 2755 486 2788 (latum,
516 2756 644 2782 factumve.
669 2757 724 2782 erit.
763 2754 793 2781 fr.
815 2757 837 2781 1.
863 2765 902 2792 pr.
927 2756 959 2782 de
983 2756 1008 2782 h.
1036 2766 1078 2793 qu.

241 2797 319 2825 effud.
340 2799 363 2824 9.
383 2799 406 2824 3.
437 2799 468 2825 cs.
487 2798 516 2825 L.
538 2798 605 2825 Gall.
626 2798 726 2836 Cisalp.
747 2799 764 2825 Ι.
787 2800 826 2825 13.
846 2809 886 2835 sq.
1101 2797 1102 2809 1

276 2841 487 2869 Danubius.
525 2844 656 2869 Flumen
677 2843 870 2869 Germaniae
894 2843 1078 2868 occidenta-

782 2714 914 2748 Quantum
940 2724 971 2740 ex
996 2724 1024 2739 ea
1051 2723 1079 2739 re.
1100 2706 1102 2738 1
1124 2714 1170 2739 tati
1189 2712 1262 2739 daus.
1291 2710 1322 2737 fr.
1343 2712 1365 2736 l.
1391 2711 1456 2744 5.1.
1481 2709 1514 2736 de
1533 2720 1592 2747 app.
1613 2710 1692 2746 recip.
1719 2709 1761 2735 49.
1781 2710 1804 2734 5.
1847 2706 1897 2734 Cui
1920 2706 1964 2734 lex

1124 2755 1265 2793 permittit,
1290 2759 1333 2780 aut
1356 2754 1413 2790 lege
1438 2757 1557 2780 cessante
1578 2751 1652 2779 Ordo
1676 2751 1757 2778 dedit.
1786 2750 1816 2776 fr.
1835 2751 1860 2776 3.
1880 2749 1912 2775 cl'.
1932 2749 1962 2776 fr.

1123 2801 1146 2825 (i.
1167 2798 1188 2832 5.
1210 2799 1232 2823 l.
1257 2797 1308 2832 Qu.
1330 2798 1379 2823 cui.
1399 2797 1470 2823 univ.
1489 2805 1558 2822 nom.
1578 2797 1602 2821 3.
1616 2796 1640 2821 4.
1679 2794 1730 2821 Cui
1748 2793 1899 2819 nominatim
1912 2792 1964 2819 boc

1123 2841 1195 2868 dedit
1205 2839 1247 2867 vel
1259 2839 1310 2872 lex,
1324 2839 1366 2866 vel
1381 2839 1407 2867 S.
1420 2839 1461 2872 C..
1480 2839 1523 2866 vel
1533 2838 1668 2875 Princeps.
1688 2837 1718 2863 fr.
1729 2837 1752 2862 6.
1764 2836 1785 2870 5.
1797 2837 1821 2862 2.
1841 2835 1874 2862 (18
1888 2835 1961 2862 tutel.
