2197 3121
266 177 331 207 268

266 258 344 295 galia,
364 258 521 297 dependere.
550 259 581 286 fr.
600 261 624 286 2.
645 259 667 293 5.
688 260 729 285 16.
749 258 782 285 de
800 258 890 285 hored.
909 268 933 285 v.
953 263 1003 285 act.
1025 259 1066 285 18.
1085 259 1109 285 4.

267 301 297 329 sr.
317 305 359 329 28.
380 303 412 329 de
432 313 481 329 usn
501 308 526 329 et
546 302 613 329 usus.
635 302 684 337 leg.
703 304 745 329 33.
763 304 788 328 2.
809 301 863 335 (Cf.
878 312 902 328 v.
915 301 1092 338 Depensnm.)

300 346 504 379 Depensio.
542 347 728 379 Erogatio,
749 347 887 371 Sumtus.
925 344 943 371 l.
967 346 1028 378 Sy.
1059 343 1111 370 Ex-

266 389 372 425 pensio,
397 388 529 424 Erogatio.
564 387 614 414 Th.
635 388 666 414 C.
686 387 774 416 UA.
800 398 821 414 c.
841 390 882 414 24.
909 398 930 414 c.
949 390 992 414 29.
1012 397 1053 424 sq.
1077 387 1110 414 (18
1132 386 1133 390 ’

266 430 350 457 Praet.
370 436 395 457 et
415 431 466 467 Qu.
510 431 552 457 111.
574 432 640 458 Cn.
674 430 822 457 Tlieatralis
848 441 894 468 per
918 430 1057 457 Praetores
1076 430 1111 457 sa-
1132 442 1133 447 ¹

267 474 358 500 cienda
377 474 513 511 depensio.
542 473 579 500 lb.
601 484 622 500 c.
641 475 683 500 29.
704 473 720 500 l.
764 473 878 500 Libralis
898 474 954 500 auri
973 473 1108 511 depensio.

266 516 302 542 Ib.
322 516 391 543 Xlll.
413 519 435 543 1.
457 527 478 543 c.
500 518 539 543 ll.
560 516 592 543 de
611 517 687 544 lustr.
708 516 796 543 collat.

299 560 530 593 Depensum.
551 559 672 593 (Pan-tic.)
701 561 732 594 §.
752 561 786 586 1.
813 561 1031 592 praestitum,
1052 562 1109 587 Sa-
1130 563 1132 582 ι’

264 604 443 638 tisfactnm
465 606 518 633 (ex
538 613 726 639 quacunque
745 604 981 637 obligatione.)
1009 602 1027 629 1.
1047 604 1108 637 Sy.

265 644 386 671 Solutum
406 646 562 683 (pretinm.)
590 646 620 673 fr.
640 647 681 672 57.
702 646 723 679 5.
743 648 767 671 2.
787 645 820 671 de
839 650 922 671 contr.
943 650 1003 672 emt.
1024 647 1064 672 18.
1086 648 1107 673 1.

265 686 306 712 III.
324 688 390 714 Cn.
418 687 521 715 Poenae
535 700 587 716 non
602 688 689 715 solent
703 689 795 725 repeti.
816 698 874 714 cum
893 688 1025 725 depensae
1039 694 1108 715 sunt.

264 729 294 756 fr.
315 732 356 756 42.
377 730 410 757 de
429 732 543 759 condiet.
565 732 652 758 indeb.
674 733 714 758 12.
734 733 750 757 6
784 747 816 750 —
841 732 872 764 ξ.
894 732 929 757 Β.
960 734 1109 758 solutum

265 775 318 804 (ex
337 776 536 807 sponsione).
575 774 616 801 111.
633 776 698 802 Gn.
727 773 781 809 Qui
800 774 977 811 sponsoribus
997 775 1109 801 credito—

263 815 371 842 cibusve
396 818 452 844 suis
476 819 653 849 renunciavit,
677 833 709 837 —
733 827 762 843 se
786 817 901 844 solidum
925 817 1030 845 solvere
1054 828 1108 844 nou

262 868 353 895 posse,
373 875 404 879 —
424 871 507 897 prove
526 872 578 898 quo
598 860 700 892 datum,
721 860 867 897 depensum
887 866 935 893 est,
955 862 1012 888 erit.
1041 860 1106 888 Tab.

263 901 366 929 Herm-l.
387 903 431 930 lin.
450 906 491 930 39.
513 914 572 940 sqq.
592 913 643 930 aer.
664 902 746 940 Neap.
783 903 835 930 Pro
859 914 911 940 quo
930 914 1046 941 sponsor
1065 904 1107 930 (18-

262 945 414 982 pendisset,
439 948 460 972 si
485 947 511 972 in
531 945 574 972 Vl.
594 946 730 973 mensibus
749 948 890 984 proximis,
911 957 988 983 quam
1006 957 1055 984 pro
1075 957 1106 973 eo

263 987 409 1025 depensum
429 994 507 1021 esset,
527 999 580 1015 non
599 989 725 1016 solvisset
738 991 862 1026 sponsori
876 991 1021 1027 pecuniam.
1048 990 1105 1016 Gai.

262 1030 306 1057 lv.
326 1034 367 1058 22.
388 1032 419 1058 cf.
439 1032 481 1058 III.
503 1034 561 1059 127.

262 1118 376 1151 (causis)
395 1117 523 1144 adversus
543 1119 703 1146 inficiantem
722 1120 749 1145 in
769 1118 878 1156 duplum
897 1120 1010 1155 agimus,
1035 1118 1106 1156 quod

262 1159 358 1186 accidit
377 1170 424 1197 per
444 1162 574 1188 actionem
593 1161 714 1194 iudicati,
740 1161 864 1199 depensi‚
889 1162 977 1189 damni
996 1163 1106 1189 iniuriae

262 1207 312 1229 etc.
342 1203 379 1230 lb.
400 1203 444 1231 [V.
464 1206 488 1231 9.
510 1206 567 1231 171.
598 1204 670 1231 Paul.
690 1204 709 1231 I.
731 1206 770 1231 19.
791 1206 812 1239 5.
834 1207 856 1231 1.

296 1247 530 1280 Deperdere.
569 1248 599 1281 ἓ.
618 1249 652 1274 l.
678 1249 843 1280 Destitun}
868 1250 1036 1276 Amittere.
1073 1249 1104 1276 Π.

262 1290 330 1322 ΟΡ.
351 1288 486 1326 Vsurpare
500 1291 691 1323 (servitutem.)
711 1307 744 1310 —
764 1291 918 1328 Deperdere
932 1302 984 1318 non
998 1292 1105 1319 utendo.

261 1331 292 1358 fr.
311 1333 335 1358 6.
355 1332 420 1366 5-1.
442 1333 570 1368 Quemad.
590 1344 658 1361 serv.
678 1335 702 1360 8.
722 1335 747 1361 6.
784 1333 828 1360 111.
849 1336 915 1362 Cn.
944 1335 1105 1362 Omnimodo

260 1373 381 1412 locuples
402 1375 486 1402 factus
506 1377 623 1409 videtur,
649 1377 711 1403 lieet
730 1382 822 1415 postea
843 1377 971 1415 deperdat
992 1378 1041 1411 [al.
1062 1378 1106 1405 de-

260 1418 371 1454 pereat]
396 1418 426 1445 fr.
448 1421 487 1445 la.
513 1420 565 1455 Qu.
584 1425 644 1447 met.
666 1431 687 1447 c.
707 1423 731 1447 4.
750 1422 775 1447 2.
796 1436 828 1440 -
855 1422 886 1455 §.
907 1423 942 1448 2.
972 1423 1104 1448 Posses-

261 1462 354 1487 sione
372 1463 420 1487 rei
438 1465 596 1490 excidere.
633 1463 675 1490 Cf.
695 1473 718 1490 v.
739 1463 911 1501 Deperditus.

295 1504 537 1537 neperditus.
580 1507 611 1539 §-
636 1508 670 1533 1.
704 1508 918 1539 Exstinctus,
948 1509 1103 1534 Amissus.

261 1545 280 1572 I.
301 1547 362 1581 Sy.
392 1547 471 1582 Quod
494 1549 520 1574 in
546 1559 633 1576 rernm
652 1554 743 1576 natura
763 1559 822 1576 esse
842 1549 935 1579 desiit.
960 1550 1103 1582 Pei-ditum.

261 1588 443 1625 Deperditum.
471 1590 502 1616 fr.
522 1593 564 1617 20.
585 1592 606 1625 5.
626 1594 667 1618 21.
689 1592 718 1618 fr.
738 1594 781 1618 21.
801 1592 834 1618 de
853 1592 942 1619 liered.
962 1598 1014 1630 pet.
1035 1595 1059 1620 5.
1078 1595 1102 1619 3.
1125 1580 1126 1627 l

260 1630 291 1657 Π.
317 1633 384 1666 op.
412 1633 534 1660 Exstare.
559 1650 592 1654 —-
616 1634 790 1671 Deperditum
811 1645 878 1661 esse.
907 1635 937 1662 l'r.
957 1638 998 1662 20.
1019 1636 1040 1670 5.
1060 1638 1102 1662 2l.
1125 1632 1126 1649 ³

1124 1683 1125 1687 ¹
1148 1678 1206 1715 dep.
1236 1678 1266 1705 fr.
1288 1680 1311 1705 7.
1331 1689 1370 1715 pr.
1391 1678 1421 1705 fr.
1443 1680 1482 1704 17.
1503 1677 1594 1715 depoS.
1616 1679 1656 1704 16.
1676 1679 1700 1704 3.
1742 1679 1793 1715 Ap.
1813 1689 1929 1706 mensam
1949 1679 1992 1706 de-

260 1673 277 1700 1.
298 1676 321 1701 5.
341 1676 365 1701 3.
402 1675 512 1713 Integra,
533 1693 565 1696 —
584 1677 742 1714 Deperdita.
763 1682 788 1703 et
807 1677 874 1704 male
893 1683 1025 1704 contracta
1046 1679 1103 1711 (no-

260 1718 350 1751 mina.)
376 1718 406 1745 fr.
428 1721 468 1746 16.
488 1719 520 1746 de
539 1720 635 1746 admin.
656 1725 682 1747 et
701 1731 755 1757 per.
775 1722 816 1747 26.
838 1722 861 1747 7.
898 1721 941 1747 111.
966 1723 1031 1749 Gn·
1051 1721 1103 1748 De-

260 1760 363 1797 perdita
392 1767 418 1788 et
446 1762 578 1789 deminuta
602 1764 659 1789 sine
683 1763 744 1789 dolo
768 1763 836 1789 malo
861 1764 1022 1796 venditoris,
1050 1774 1102 1790 non
1123 1777 1125 1799 l

260 1804 471 1840 praestabuntur.
501 1805 531 1832 fr.
551 1808 575 1832 2.
595 1807 617 1840 5.
637 1808 661 1832 5.
688 1805 720 1832 de
739 1806 828 1833 hered.
848 1816 872 1832 v.
893 1811 942 1833 act.
962 1807 1039 1834 vend.
1061 1809 1101 1834 18.

260 1848 285 1872 4.
310 1846 341 1873 cf.
361 1847 391 1874 l'r.
410 1851 451 1875 21.
473 1848 505 1875 de
525 1848 612 1875 hered.
632 1854 685 1886 pet.
706 1851 729 1876 5.
749 1851 773 1876 3.
806 1865 838 1870 —
869 1850 900 1884 ξ.
924 1852 959 1877 2.
991 1852 1101 1877 Extra

258 1893 494 1923 possessionem
515 1899 658 1919 nostram
677 1895 887 1920 constitutus.
912 1893 942 1920 11.
956 1895 1023 1927 ΟΡ.
1043 1893 1102 1920 Nou

261 1937 302 1959 est
320 1934 346 1959 in
366 1932 506 1966 derelicto,
526 1932 573 1961 sed
592 1936 618 1961 in
638 1935 785 1972 deperdito.
814 1936 844 1962 l'r.
864 1938 906 1962 21.
926 1937 948 1970 5.
970 1939 992 1963 1.
1018 1936 1050 1963 (18
1069 1937 1101 1963 A.

260 1985 285 2002 v.
305 1976 336 2002 A.
357 1976 384 2002 P.
405 1979 445 2003 41.
465 1980 489 2003 2.
522 1993 555 1997 —
586 1979 617 2011 §-
641 1979 677 2004 3.
708 1980 867 2013 Nequam,
897 1981 1101 2006 Dissolutus.

261 2018 303 2044 Ill.
321 2020 386 2046 Gn.
406 2019 552 2055 Ignorantia
572 2036 604 2040 ——
624 2030 677 2047 non
696 2020 827 2058 deperditi
847 2026 872 2048 et
889 2023 997 2048 nimium
1016 2023 1102 2049 securi

261 2060 383 2088 hominis.
412 2062 442 2089 l‘r.
461 2065 485 2089 3.
505 2064 527 2097 5.
550 2065 571 2090 l.
591 2063 623 2090 de
643 2065 690 2090 iur.
711 2069 737 2090 et
756 2064 814 2090 fact.
835 2065 886 2100 ign.
906 2067 947 2091 22.
967 2066 991 2092 6.

295 2106 496 2138 Reperire.
524 2109 651 2139 Perire,
671 2109 860 2142 Exstingui.
885 2107 903 2134 1.
918 2109 980 2142 Sy.
1000 2107 1101 2139 Amini,

261 2146 435 2181 lutei-cidere.
455 2149 572 2176 Interii-e.
602 2150 633 2176 fr.
655 2151 693 2176 18.
719 2150 748 2176 fr.
768 2152 810 2176 28.
834 2149 867 2176 de
886 2150 914 2176 S.
934 2150 962 2177 l'.
982 2150 1013 2177 R.
1033 2154 1057 2177 8.
1076 2152 1100 2178 3.

261 2190 292 2217 sr.
311 2193 353 2217 31.
374 2192 403 2218 fr.
422 2194 463 2218 34.
484 2192 541 2219 fam.
562 2194 653 2220 ercisc.
675 2194 714 2219 10.
733 2194 758 2219 2.
779 2192 808 2219 sr.
827 2194 869 2220 30.
889 2193 926 2227 55.
947 2195 970 2220 4.
991 2204 1049 2230 sqq.
1069 2193 1102 2220 ad

262 2233 292 2260 L.
312 2233 382 2261 Pale.
405 2237 446 2262 35.
466 2238 490 2261 2.
532 2235 613 2267 Mori,
638 2235 736 2262 Perire.
773 2236 803 2262 fr.
825 2238 866 2262 40.
890 2246 929 2273 pr.
954 2236 987 2263 de.
1011 2236 1100 2263 hored.

261 2282 315 2314 pet.
335 2279 358 2303 5.
378 2279 402 2304 3.
433 2278 462 2304 sr.
481 2280 523 2305 34.
549 2278 605 2305 l'am.
631 2280 723 2306 ercisc.
749 2281 788 2305 10.
808 2281 832 2305 2.

263 2321 319 2347 iure
338 2320 392 2347 dot.
411 2323 452 2347 23.
471 2323 495 2348 3.
532 2321 574 2348 lll.
596 2324 662 2350 Cn.
690 2322 719 2349 Si
738 2321 816 2359 plena
835 2332 934 2348 summa
954 2323 1050 2355 suerat,
1076 2328 1101 2349 et

263 2369 356 2400 postea
375 2363 481 2400 aliquod
501 2375 532 2391 ex
547 2376 574 2390 ea
589 2365 738 2402 deperierit.
758 2364 789 2391 sr.
805 2367 861 2392 108.
882 2365 903 2399 5.
920 2367 959 2391 10.
980 2365 1012 2391 (18
1025 2365 1100 2402 legat.

263 2406 281 2432 1.
302 2407 369 2440 (30.)
406 2406 450 2439 Vt,
470 2407 599 2444 quidquid
617 2409 686 2444 gregi
707 2408 857 2445 deperierit,
877 2418 909 2434 ex
928 2407 1042 2435 foetibus
1056 2410 1101 2435 im-

263 2449 374 2486 pleatur.
402 2449 474 2477 Paul.
495 2450 537 2477 lll.
557 2452 580 2477 6.
601 2451 623 2484 5
636 2454 677 2476 20.
715 2451 744 2477 Si
764 2452 820 2477 siue
840 2450 916 2488 culpa
935 2451 1040 2478 heredis
1060 2452 1102 2479 de-

264 2494 411 2528 perierunt,
431 2493 473 2520 vel
492 2493 622 2519 deteriora
641 2499 701 2519 sunt
720 2494 794 2520 sacta.
825 2494 854 2521 fr.
873 2496 916 2520 30.
935 2494 956 2527 5.
976 2497 1000 2520 4.
1021 2494 1052 2521 ad
1071 2494 1100 2521 L.

264 2534 333 2561 Falc.
352 2538 394 2562 35.
413 2538 437 2562 2.
474 2536 533 2563 Etsi
552 2546 597 2563 cae
616 2537 669 2569 (sc.
690 2538 749 2569 res)
769 2541 828 2562 ante
846 2538 954 2574 petitam
973 2537 1102 2564 heredita-

264 2582 316 2604 tem
337 2579 511 2616 deperissent,
531 2578 712 2606 deminutaeve
726 2579 845 2606 fuissent.
865 2580 894 2606 sr.
908 2582 950 2606 20.
970 2581 1007 2615 55.
1021 2583 1045 2608 6.
1061 2582 1099 2607 17.

265 2620 297 2646 de
317 2621 403 2648 hen-d.
424 2627 475 2659 pet.
496 2625 520 2648 5.
539 2624 563 2649 3.

299 2665 526 2699 Βοιιίηςεῐθ.
564 2666 595 2699 §.
620 2666 655 2692 1.
684 2666 830 2700 Pingere.
867 2665 910 2692 111.
929 2667 994 2694 Cn.
1019 2665 1048 2692 Si
1067 2666 1101 2692 sa-

264 2706 320 2732 bris
340 2706 456 2739 duobus.
485 2708 528 2734 vel
546 2708 706 2745 pictoribuS‚
732 2709 777 2740 „si
800 2708 943 2734 membrum
969 2708 1101 2746 depinxis-

264 2754 336 2781 sent,
355 2748 396 2774 vel
417 2749 587 2777 fabricassent
606 2751 724 2783 naveanfi
745 2750 808 2787 quitl
826 2750 987 2787 adscriptum
1001 2753 1042 2778 sit.
1069 2752 1099 2778 fr.

266 2792 306 2817 13.
325 2791 390 2825 5.1.
411 2791 442 2817 de
462 2803 571 2820 manum.
592 2799 693 2820 testam.
712 2795 754 2820 40.
768 2795 792 2820 4.
824 2808 855 2812 —
887 2793 917 2825 ξ.
945 2795 980 2820 2.
1013 2796 1100 2821 Scri-

264 2836 347 2866 bere,
371 2836 594 2871 I’romnlgure.
641 2836 683 2863 111.
704 2838 770 2865 Gn.
801 2835 946 2873 Tamquam
969 2837 995 2863 in
1014 2837 1099 2874 ipsius

597 1032 635 1065 Is,
662 1043 720 1059 cum
740 1043 792 1069 quo
812 1032 932 1065 iudicati,
959 1033 1106 1070 depensis-e
1127 1041 1129 1063 ξ

263 1075 355 1110 agitur.
388 1074 425 1101 lb.
446 1074 490 1102 IV.
510 1078 552 1102 25.
574 1077 631 1102 102.
652 1077 709 1102 186.
741 1076 772 1102 cl'.
797 1075 839 1102 Hl.
859 1078 901 1102 25.
942 1076 984 1103 Ex
1009 1076 1106 1112 quibus
1127 1087 1128 1100 ³

1131 454 1133 468 l

1085 175 1182 206 DEP.

1155 257 1276 295 depictae
1295 257 1362 292 legis
1382 259 1513 286 iniuriam.
1531 259 1626 293 (veluti
1640 260 1769 297 sacrilegii
1783 271 1842 288 reos
1857 263 1997 296 tenemus.)

1155 300 1205 328 Th.
1225 301 1256 328 C.
1276 300 1347 327 XVI.
1367 303 1391 328 5.
1412 312 1433 328 e.
1454 304 1477 328 7.
1497 302 1563 336 5.1.
1584 302 1616 329 de
1636 302 1759 331 haeretic.

1189 345 1414 377 Ile-plorare·
1453 346 1630 380 conqueri,
1656 348 1825 375 Accusare.
1862 348 1904 375 111.
1931 350 1997 376 Cn.

1155 387 1349 424 Episcoporum
1370 387 1476 423 querela
1496 388 1615 425 deplorat
1636 394 1685 416 etc.
1715 389 1765 416 Tln.
1789 390 1820 417 C.
1840 390 1857 417 l.
1877 391 1893 417 l.
1913 402 1934 418 c.
1954 393 1996 418 53.

1155 430 1229 465 Quas
1253 432 1308 463 (sc.
1333 432 1392 463 res)
1419 430 1450 457 ab
1475 440 1505 457 eo
1529 432 1689 469 interceptas
1713 434 1870 460 matrimonii
1894 434 1997 461 simula-

1132 480 1133 487 *
1155 474 1226 499 tione
1245 473 1384 510 deploras,
1409 474 1513 500 restitui
1537 474 1585 501 tibi
1610 479 1659 501 etc.
1689 485 1710 502 c.
1732 478 1772 502 la.
1797 476 1829 503 ad
1848 475 1878 502 L.
1897 476 1944 503 lul.
1964 477 1998 504 de

1154 515 1234 542 adult.
1255 518 1278 543 9.
1299 518 1323 543 9.

1188 559 1422 596 neptun-atio.

1153 604 1292 628 casalia.
1330 602 1348 628 1.
1363 604 1425 636 Sy.
1454 602 1645 639 Comploratio.
1683 603 1870 631 Subclamatio.
1900 604 1995 632 Th.C.

1152 643 1198 670 XI.
1220 646 1242 670 7.
1267 655 1288 671 c.
1308 647 1332 671 4.
1358 645 1390 672 de
1410 646 1538 672 exaction.
1566 645 1635 672 XIII.
1655 648 1679 672 5.
1705 657 1726 673 c.
1747 649 1771 673 6.
1796 647 1829 674 de
1853 648 1995 675 navicular.

1154 687 1283 722 Querela,
1305 688 1484 723 Querimonia.
1513 688 1550 714 llJ.
1570 688 1616 715 XI.
1636 690 1660 715 8.
1681 700 1702 716 c.
1721 691 1746 716 3.
1765 700 1805 727 pr.
1824 689 1846 724 5.
1862 693 1884 717 1.
1905 690 1938 717 de
1955 701 1997 718 su-

1153 735 1285 767 perexaet.
1305 731 1374 758 XIII.
1395 733 1419 758 9.
1440 742 1461 758 c.
1481 734 1504 758 2.
1526 731 1558 758 (18
1578 731 1692 768 naufrag.

1187 775 1428 807 Deploratus.
1459 773 1580 807 (Partic.)
1619 776 1833 803 miserabilis.
1871 776 1913 803 111.
1929 777 1997 804 Gn.

1153 817 1183 843 Si
1211 816 1317 843 humilis
1347 822 1373 844 et
1400 817 1553 855 deploratus
1582 828 1650 844 unus
1678 817 1774 847 edidit.
1803 820 1850 852 (nt
1875 819 1997 846 dubitare

1152 861 1211 896 quis
1230 861 1323 887 merito
1349 861 1382 888 de
1406 861 1460 888 fide
1483 860 1607 888 editionis
1630 862 1744 898 possit.)
1775 861 1805 889 sr.
1825 864 1848 889 6.
1869 863 1934 897 5.1.
1963 862 1996 889 de

1152 903 1245 929 edend.
1265 905 1289 929 2.
1310 905 1350 931 13.

1186 948 1400 979 Deponere.
1439 948 1470 981 §.
1502 949 1537 974 1.
1576 948 1735 974 Deorsum
1763 957 1898 982 ponere,
1934 949 1995 976 De-

1150 996 1292 1022 seruere,
1313 990 1482 1017 Demoliri.
1521 990 1538 1017 I.
1553 991 1615 1025 Sy.
1639 990 1769 1017 Deiicere.
1797 990 1838 1017 Cl'.
1853 991 1878 1017 11.
1892 1001 1916 1018 v.
1936 992 1959 1025 5.
1972 993 1994 1018 l.

1151 1032 1181 1059 11.
1202 1034 1270 1066 ΟΡ.
1297 1031 1434 1059 Extollere
1453 1033 1635 1065 (aedificium.)
1656 1033 1686 1060 l'r.
1706 1035 1748 1060 31.
1769 1033 1801 1060 de
1821 1033 1848 1060 S.
1869 1033 1897 1061 P.
1917 1033 1950 1061 V.
1969 1036 1994 1061 8.

1150 1077 1174 1102 2.
1199 1075 1230 1101 fr.
1251 1077 1275 1102 6.
1294 1085 1334 1112 pr.
1355 1077 1378 1102 si
1397 1077 1487 1102 servit.
1507 1079 1530 1103 δ.
1551 1079 1575 1103 5.
1612 1076 1775 1108 RestItuere.
1795 1076 1943 1114 Reponere.
1963 1077 1994 1104 fr.

1150 1120 1174 1145 8.
1194 1129 1236 1156 pr.
1257 1118 1291 1145 ib.
1312 1120 1336 1145 8.
1356 1121 1380 1145 5.
1401 1119 1431 1145 fr.
1451 1120 1493 1146 83.
1514 1120 1535 1153 5.
1556 1121 1580 1146 5.
1600 1119 1633 1145 de
1651 1119 1683 1146 V.
1704 1119 1737 1146 Ο.
1758 1121 1799 1146 45.
1820 1121 1842 1146 l.
1871 1120 1913 1147 111.
1928 1122 1995 1148 Gn·

1151 1162 1180 1188 Si
1200 1163 1236 1188 ita
1256 1172 1403 1188 concussus
1423 1163 1458 1188 sit
1476 1163 1572 1199 paries,
1592 1167 1621 1188 ut
1639 1162 1710 1189 nulla
1724 1164 1825 1189 ratione
1839 1165 1921 1201 recipi
1934 1173 1996 1201 pos-

1468 561 1646 595 Snggestio
1670 564 1911 595 conquerentis,
1939 564 1996 590 Λο-

1151 1206 1200 1237 sit,
1224 1205 1338 1242 ideoque
1357 1204 1531 1242 deponendus
1551 1210 1599 1232 est.
1631 1205 1660 1232 sr.
1682 1206 1722 1232 18.
1747 1206 1768 1239 5.
1791 1208 1830 1232 ll.
1856 1206 1889 1233 (18
1908 1206 1994 1233 damu.

1150 1247 1195 1274 ius.
1215 1250 1256 1275 39.
1276 1250 1301 1275 2.
1344 1248 1373 1275 Si
1397 1258 1481 1285 usque
1504 1248 1537 1274 ad
1560 1258 1645 1274 aream
1669 1248 1789 1285 deposita
1809 1250 1844 1275 sit
1869 1249 1993 1283 (aedes.)

1150 1291 1181 1318 fr.
1201 1292 1242 1318 83.
1263 1291 1285 1325 5.
1305 1293 1330 1318 5.
1349 1290 1367 1318 l.
1387 1293 1428 1317 45.
1450 1293 1472 1317 l.
1514 1290 1544 1317 Si
1568 1290 1683 1328 deponat
1707 1291 1869 1324 aedilicium,
1893 1292 1937 1319 vel
1956 1303 1994 1319 ar-

1150 1335 1223 1361 boris
1243 1344 1338 1361 ramos.
1364 1334 1394 1360 fr.
1416 1336 1455 1360 17.
1475 1334 1498 1368 5.
1519 1335 1541 1360 l.
1562 1333 1593 1360 cf.
1614 1333 1644 1360 fr.
1663 1335 1706 1360 31.
1726 1334 1759 1360 de
1778 1334 1806 1361 S.
1825 1334 1853 1362 P.
1874 1334 1906 1361 V.
1925 1336 1949 1362 8.
1967 1337 1992 1362 2.

1150 1378 1180 1404 fr.
1201 1379 1224 1404 4.
1245 1378 1268 1411 5.
1287 1379 1312 1404 3.
1332 1377 1376 1404 sm.
1396 1376 1504 1413 regund.
1526 1378 1565 1403 10.
1586 1378 1609 1403 l.
1641 1393 1674 1396 —
1702 1377 1733 1411 ξ.
1754 1379 1789 1404 2.
1823 1380 1994 1413 Seponere,

1126 1424 1329 1456 ⁴Repanere,
1359 1422 1611 1447 Custodiendum
1639 1422 1849 1448 committere.
1886 1421 1905 1448 I.
1929 1422 1992 1456 Sy.

1126 1489 1127 1494 ,
1150 1463 1362 1491 Custodiendum
1382 1463 1451 1490 dare.
1478 1463 1508 1489 sr.
1529 1465 1552 1489 l.
1566 1473 1605 1500 pr.
1626 1462 1718 1500 depos.
1740 1465 1779 1490 16.
1792 1465 1816 1490 3.
1854 1463 1994 1491 Commen-

1149 1507 1218 1534 dare.
1250 1506 1292 1534 Cf.
1312 1506 1338 1533 h.
1358 1514 1382 1533 v.
1402 1507 1424 1540 5.
1446 1508 1468 1533 l.
1508 1506 1688 1532 Committere.
1708 1506 1739 1533 l'r.
1753 1508 1777 1533 3.
1797 1506 1834 1540 55.
1855 1509 1878 1534 l.
1899 1518 1938 1544 sq.
1960 1507 1993 1534 dc

1126 1550 1127 1561 ¹
1149 1550 1200 1576 tab.
1221 1550 1309 1577 exhib.
1330 1551 1372 1576 43.
1392 1552 1415 1576 5.
1440 1549 1472 1576 fr.
1493 1551 1550 1575 110.
1571 1548 1604 1575 de
1622 1548 1654 1575 V.
1675 1548 1702 1575 S.
1722 1551 1763 1576 50.
1786 1551 1825 1576 16.
1862 1550 1905 1577 111.
1925 1552 1992 1578 Cn·

1148 1593 1184 1619 Vt
1203 1593 1275 1619 litem
1295 1597 1471 1624 contestetur,
1495 1602 1591 1628 resque
1615 1591 1700 1618 ablata
1727 1591 1882 1620 exhibeatur
1905 1598 1931 1620 et
1949 1593 1992 1620 de-

1148 1641 1269 1673 ponatur.
1291 1635 1321 1662 fr.
1337 1637 1376 1662 16.
1398 1635 1430 1662 (18
1449 1635 1492 1661 off.
1514 1634 1601 1661 Praes.
1623 1637 1645 1661 l.
1661 1637 1701 1661 18.
1729 1635 1809 1672 Apud
1827 1641 1992 1672 sequestrem

1147 1731 1208 1758 pon.
1229 1722 1388 1758 (pecunias.)
1409 1721 1440 1747 sr.
1455 1722 1478 1747 7.
1498 1721 1535 1754 55
1545 1722 1573 1747 .2.
1594 1730 1633 1756 sq.
1653 1720 1689 1747 ib.
1711 1722 1751 1747 16.
1769 1723 1794 1747 3.
1819 1721 1849 1748 fr.
1868 1724 1911 1748 24.
1930 1723 1952 1756 5.
1966 1724 1991 1749 2.

1147 1764 1179 1790 de
1198 1763 1252 1790 reb.
1273 1768 1340 1790 auct.
1361 1764 1413 1791 iud.
1438 1766 1479 1790 42.
1499 1766 1524 1790 5.
1566 1763 1595 1789 Si
1619 1763 1689 1800 apud
1714 1763 1830 1790 officium
1851 1764 1929 1791 fuerit
1948 1764 1991 1792 de-

1146 1808 1251 1844 positus
1276 1806 1460 1840 (exhibendus
1480 1808 1599 1838 servus.)
1631 1806 1662 1833 t'r.
1685 1808 1724 1832 11.
1749 1807 1771 1840 5.
1793 1809 1815 1833 l.
1845 1807 1878 1834 ad
1902 1808 1990 1835 exhib.

1148 1852 1187 1876 10.
1207 1852 1231 1876 4.
1260 1849 1289 1876 In
1308 1849 1416 1887 publico
1436 1849 1504 1881 loco.
1524 1859 1548 1876 v.
1568 1850 1595 1875 in
1614 1849 1678 1876 aede
1697 1859 1778 1881 sacra.
1799 1849 1894 1888 depon.
1913 1861 1990 1888 pecu-

1146 1894 1223 1919 niam.
1252 1892 1283 1919 sr.
1305 1894 1328 1919 l.
1348 1893 1370 1927 5.
1390 1894 1432 1918 36.
1453 1892 1482 1918 t'r.
1503 1894 1527 1919 5.
1547 1893 1569 1926 5.
1588 1894 1613 1919 2.
1633 1892 1724 1929 depos.
1747 1894 1786 1919 16.
1805 1894 1829 1919 3.
1851 1893 1880 1920 l'r.
1894 1895 1935 1920 64.
1956 1893 1989 1920 de

1147 1935 1265 1962 fideiuss.
1285 1937 1326 1962 46.
1339 1937 1361 1962 l.
1399 1935 1568 1962 omittendae
1587 1937 1768 1973 possessionis
1783 1946 1868 1967 causa,
1888 1952 1921 1955 —
1935 1935 1989 1963 Cu-

1123 1972 1125 1975 ’
1146 1979 1248 2005 stodiae
1273 1989 1363 2011 causa,
1393 1978 1488 2015 depon.
1523 1978 1553 2005 fr.
1573 1981 1615 2005 39.
1640 1979 1672 2005 de
1695 1979 1726 2005 A.
1750 1988 1775 2005 v.
1794 1979 1826 2004 A.
1846 1978 1873 2005 P.
1901 1980 1943 2005 41.
1962 1981 1987 2005 2.

1123 2018 1124 2029 ³
1146 2022 1175 2048 Si
1194 2022 1271 2048 heres
1290 2032 1345 2048 rem
1364 2021 1488 2048 defuncto
1509 2021 1711 2052 commodatam,
1735 2026 1779 2047 aut
1797 2021 1924 2054 locatam,
1944 2021 1988 2049 vel

1146 2064 1216 2102 apud
1234 2075 1292 2091 eum
1311 2065 1472 2101 depositam.
1498 2080 1530 2084 —
1555 2063 1712 2090 vendiderit.
1743 2063 1799 2090 Gai.
1819 2063 1850 2090 IL
1870 2066 1912 2091 50.
1948 2064 1988 2091 In-

1145 2112 1288 2133 strumenta
1308 2117 1390 2144 penes
1410 2117 1438 2133 se
1458 2106 1579 2144 deposita
1603 2107 1754 2143 quicunqne
1778 2106 1853 2133 alteri
1877 2123 1909 2126 —
1930 2107 1988 2134 red-

1146 2150 1250 2177 diderit.
1279 2149 1350 2176 l'aul.
1371 2149 1402 2176 V.
1422 2152 1464 2176 25.
1485 2151 1506 2184 5.
1521 2152 1544 2176 9.
1565 2166 1597 2169 —
1617 2150 1648 2183 §.
1660 2151 1697 2176 3.
1717 2152 1889 2185 Profert-e,
1909 2152 1987 2178 Pro-

1140 2195 1250 2230 fiteri.
1288 2192 1330 2219 111.
1351 2194 1416 2220 Gn.
1444 2193 1529 2219 Iustas
1554 2191 1732 2227 adlegationes
1753 2192 1923 2226 (absentiae)
1943 2193 1987 2221 de-

1123 2256 1124 2259 .
1146 2246 1207 2273 pon.
1236 2235 1285 2263 Th.
1301 2236 1332 2263 C.
1352 2236 1409 2263 XII.
1432 2238 1454 2262 1.
1475 2247 1496 2262 c.
1510 2237 1552 2262 23.
1573 2235 1605 2261 de
1624 2234 1758 2261 decurion.
1796 2234 1888 2262 Yaleat
1907 2236 1988 2274 depo-

861 2278 891 2305 l'r.
914 2281 953 2305 10.
977 2279 999 2313 5.
1019 2282 1042 2306 5.
1069 2279 1101 2306 de
1122 2301 1124 2308 .

1145 2281 1195 2310 siba
1214 2290 1294 2317 super
1313 2279 1473 2306 instituenda
1493 2278 1539 2305 lite
1564 2278 1678 2304 testatio.
1711 2277 1749 2304 lb.
1769 2277 1827 2304 XV.
1855 2280 1894 2306 14.
1919 2289 1942 2306 c.
1961 2281 1985 2307 9.

1145 2322 1178 2349 de
1197 2323 1291 2349 infirm.
1311 2323 1336 2349 h.
1357 2333 1399 2359 qu.
1414 2333 1434 2349 s.
1449 2327 1500 2359 tyr.
1536 2319 1615 2357 Apud
1634 2325 1690 2346 acta
1710 2321 1850 2358 deponant.
1874 2321 1912 2348 lb.
1928 2321 1985 2349 VII.

1147 2367 1186 2392 16.
1207 2376 1228 2392 e.
1247 2367 1272 2392 3.
1297 2365 1329 2392 de
1348 2366 1418 2392 litor.
1439 2370 1465 2392 et
1483 2366 1538 2391 itin.
1559 2367 1625 2390 cust.
1667 2362 1757 2390 'l'actis
1777 2364 1826 2390 SS.
1846 2365 1985 2402 scripturis

1146 2408 1241 2446 depon.
1270 2418 1291 2435 c.
1313 2411 1335 2436 1.
1361 2410 1426 2443 5.1.
1453 2408 1485 2434 de
1508 2408 1613 2433 iuretur.
1638 2416 1677 2443 pr.
1703 2406 1812 2433 column.
1839 2409 1863 2434 2.
1883 2409 1925 2434 59.
1952 2424 1985 2428 —

1146 2452 1177 2485 §-
1194 2454 1233 2478 ⁴·
1262 2453 1424 2483 Abiicere,
1444 2452 1608 2477 Abdicare.
1645 2449 1663 2475 1.
1684 2451 1747 2484 Sy.
1765 2449 1893 2477 Amittere
1912 2451 1985 2488 (pos-

1146 2495 1320 2528 sessionem.)
1351 2494 1381 2520 fr.
1400 2495 1442 2519 34.
1461 2503 1500 2529 pr.
1521 2492 1553 2519 de
1573 2492 1603 2518 Α.
1623 2502 1647 2518 v.
1667 2492 1698 2519 Λ.
1719 2491 1747 2518 P.
1766 2494 1808 2518 41.
1826 2494 1851 2520 2.
1887 2493 1984 2521 Animo

1146 2537 1283 2564 desistere.
1321 2536 1459 2563 Adfectum
1479 2540 1505 2562 et
1523 2536 1636 2561 animum
1655 2535 1750 2572 depon.
1778 2535 1809 2562 fr.
1823 2537 1847 2562 6.
1867 2536 1889 2570 5.
1910 2538 1933 2563 l.
1952 2536 1983 2563 fr.

1146 2582 1185 2606 13.
1206 2590 1244 2617 pr.
1270 2579 1302 2606 ad
1321 2579 1348 2606 S.
1369 2579 1399 2606 C.
1420 2577 1502 2615 Turp.
1526 2580 1568 2604 4⁸.
1590 2580 1629 2605 16.
1674 2578 1705 2604 Π.
1735 2579 1802 2612 ΟΡ.
1833 2578 1983 2616 Adquirere

1146 2623 1386 2659 (possessionem.)
1416 2621 1445 2647 l'r.
1465 2623 1507 2648 34.
1527 2632 1567 2658 pr.
1587 2621 1604 2648 1.
1623 2623 1665 2647 41.
1684 2622 1708 2647 2.
1747 2620 1890 2658 Suscipere
1909 2621 1983 2655 (offi-

1145 2665 1233 2697 cinm.)
1253 2664 1283 2690 fr.
1303 2667 1326 2691 5.
1347 2665 1368 2698 5.
1388 2667 1412 2691 2.
1433 2664 1525 2701 depos.
1547 2666 1586 2690 16.
1606 2666 1631 2690 3.
1650 2663 1680 2690 fr.
1694 2665 1735 2690 40.
1750 2673 1789 2700 pr.
1809 2663 1840 2690 fr.
1859 2666 1900 2690 41.
1920 2665 1942 2698 5.
1956 2666 1981 2691 2.

1145 2707 1177 2734 de
1196 2712 1322 2734 excusatt.
1345 2709 1387 2733 27.
1409 2709 1431 2733 l.
1468 2707 1510 2733 111.
1531 2708 1598 2735 Gn.
1629 2706 1683 2742 Qui
1706 2716 1759 2732 non
1778 2706 1909 2743 adquirat,
1933 2707 1982 2734 sed

1145 2751 1188 2787 qni
1208 2750 1241 2777 de
1260 2751 1417 2787 patrimonio
1437 2760 1485 2776 suo
1505 2750 1636 2787 deposuit.
1666 2748 1696 2775 sr.
1716 2751 1740 2775 5.
1761 2749 1783 2782 5.
1805 2751 1843 2775 13.
1868 2749 1900 2775 de
1919 2749 1980 2776 don.

1144 2795 1189 2820 int.
1210 2792 1241 2820 V.
1266 2795 1307 2819 2-1.
1329 2795 1351 2819 l.
1388 2792 1474 2819 Patria
1498 2793 1624 2830 dignitas,
1653 2793 1771 2828 quaesita
1793 2801 1841 2829 per
1864 2791 1981 2829 adoptio-

1143 2846 1215 2868 nem,
1235 2835 1307 2862 finita
1328 2846 1356 2862 ea
1376 2835 1524 2873 deponitur.
1549 2835 1580 2862 fr.
1602 2836 1642 2862 13.
1662 2835 1695 2862 de
1713 2834 1800 2872 adopt.
1821 2835 1844 2860 1.
1865 2836 1888 2861 7.
1917 2835 1980 2871 Qui,
