2197 3121
275 165 339 196 674

276 247 393 284 paginae.
414 245 464 273 Th.
485 245 515 273 C.
535 245 580 272 XI.
599 247 624 272 3.
644 256 666 272 c.
686 247 710 272 5.
730 247 788 272 sine
807 255 888 273 censu
907 255 931 272 V.
952 245 1045 282 reliqu.
1083 245 1122 272 Iu-

277 290 451 326 scriptionum
470 290 571 326 pagina.
592 299 613 315 c.
626 290 650 315 3.
671 288 703 315 de
723 288 748 315 h.
770 299 812 325 qu.
833 299 885 316 acc.
906 299 930 315 n.
950 298 1023 326 poss.
1037 290 1062 315 9.
1076 291 1098 315 l.

316 334 432 366 Pago.
469 334 592 367 Panga.
629 330 672 358 III.
685 333 751 360 Cn.
770 331 836 359 Rem
855 332 899 359 nbi
912 336 1018 369 pagum,
1037 336 1120 358 orato.

278 391 309 395 —-
330 374 363 401 Ni
386 379 486 411 paguut
504 379 552 401 etc.
576 373 606 400 L.
625 374 676 401 XII
695 374 779 402 Tabb.
797 374 816 402 I.
837 376 860 402 6.
880 385 920 412 sq.
949 374 1010 408 (Cf.
1030 384 1054 401 v.
1074 374 1120 401 Pa-

278 418 344 450 cio.)

315 461 454 494 Pagus.
509 462 661 487 Plurium
697 463 857 488 villarum
895 462 1119 493 universitas,

276 513 358 538 quae
385 505 541 530 moenium
569 506 692 531 ambitu
719 511 816 531 caret.
853 503 895 530 ΙΙΙ.
916 505 982 531 Cn.
1010 503 1120 530 Praedia

277 546 390 573 diversis
410 547 484 582 pagis
504 545 624 583 (legare,
648 557 672 573 v.
692 548 869 584 comparare.)
892 546 923 573 fr.
945 548 984 573 12.
1010 546 1042 573 de
1061 556 1120 573 ann.

276 589 353 625 legat.
372 590 459 615 33.1.
488 588 537 616 Th.
559 589 590 617 C.
610 589 678 616 VIII.
700 591 739 616 15.
766 600 787 616 c.
809 592 831 616 1.
857 589 890 616 de
909 591 942 616 iis
961 600 1004 626 qu.
1024 589 1119 616 admiu.

276 631 385 658 Rustica
398 631 485 669 plebs.
505 633 520 658 i.
536 642 557 659 e.
571 633 638 670 pagi.
658 633 695 659 lb.
711 632 777 659 Vlll.
791 634 814 659 5.
836 644 857 660 c.
873 635 913 660 16.
930 643 969 670 pr.
990 632 1023 659 de
1042 642 1121 659 cursu

276 675 338 712 pub.
375 674 564 702 Procuratores
583 686 630 702 seu
650 680 833 713 susceptores,
852 675 895 702 vel
914 676 1059 713 praepositi
1078 685 1122 713 pa-

275 728 367 754 goi-um
387 723 413 744 et
429 717 592 745 horreorum.
612 718 648 745 lb.
669 718 726 745 Vll.
740 721 763 745 4.
783 729 805 745 c.
821 721 844 745 1.
864 718 897 745 de
916 729 985 755 erog.
1005 718 1058 745 mil.
1079 729 1121 745 an-

275 771 336 788 non.
357 760 388 788 cf.
408 760 438 787 lI.
457 762 499 787 30.
521 772 541 788 c.
565 764 585 788 1.
606 761 638 788 de
658 762 759 798 pigner.
778 761 836 788 XII.
857 763 880 788 6.
901 772 922 788 c.
936 763 960 788 8.
981 761 1014 788 de
1033 771 1121 788 susce-

277 809 345 842 ptor.
366 809 392 831 et
411 814 534 842 praepos.
558 804 602 838 (cf.
623 815 646 830 v.
667 803 742 837 Pax.)

314 848 551 874 Palaestina.

276 934 363 961 lonia.
392 943 458 969 quae
481 934 550 959 inter
572 933 724 960 Phoenicen
747 938 773 960 et
797 933 973 960 Palaestinam
997 935 1047 960 sita
1072 938 1120 960 cst.

276 977 306 1004 t'r.
330 979 350 1003 Ι.
371 977 392 1010 ᾗ.
405 978 429 1002 3.
450 975 481 1002 cf.
502 976 524 1009 ξ.
538 977 561 1002 6.
583 975 616 1003 de
635 976 842 1003 censib.50.15.
880 976 1044 1003 Palaestinae
1062 987 1122 1014 pro-

275 1021 377 1047 vinciae
405 1028 586 1056 possessores
615 1030 636 1046 c.
663 1021 686 1046 l.
711 1018 743 1046 de
767 1019 853 1046 colon.
877 1019 989 1046 Palaest.
1015 1022 1054 1046 ll.
1079 1021 1120 1046 50.

275 1063 432 1090 Iudaeorum
456 1063 594 1100 primateS.
620 1063 665 1099 qui
687 1064 715 1089 in
740 1064 878 1100 utriusque
898 1062 1061 1089 Palaestinae
1080 1072 1122 1098 sy-

275 1105 375 1133 uedriis
395 1106 570 1132 nominantur.
591 1104 642 1131 Th.
658 1104 689 1132 C.
710 1105 780 1132 XVI.
800 1107 824 1132 8.
846 1116 867 1132 c.
886 1107 928 1133 29.
949 1106 981 1132 de
999 1105 1055 1132 Iud.
1091 1105 1121 1132 In
1143 1104 1144 1110 ¹

276 1149 407 1177 Caesarea
427 1148 575 1175 Palaestina
594 1147 702 1175 Procos.
727 1150 774 1181 sit,
799 1165 832 1168 —
856 1154 881 1175 et
900 1149 933 1175 ab
956 1149 1014 1175 aliis
1034 1148 1122 1175 Palae-

275 1194 352 1220 stinis
375 1192 566 1230 adpellationes
589 1191 684 1218 audiat.
712 1191 759 1218 Iul.
779 1202 819 1229 ep.
839 1202 898 1219 nov.
920 1203 941 1218 c.
960 1193 1001 1219 96.
1021 1192 1043 1226 ξ.
1061 1193 1120 1218 357.
1142 1204 1143 1207 ¹

277 1236 308 1263 cf.
328 1235 379 1263 Th.
400 1235 433 1262 C.
452 1234 509 1261 VII.
529 1236 553 1261 4.
574 1245 596 1261 c.
609 1236 650 1261 30.
671 1234 704 1261 de
724 1244 792 1271 erog.
813 1234 866 1261 mil.
885 1245 980 1261 annon.

313 1278 568 1306 Palaestinas.
589 1277 718 1310 (Adiect.)
738 1280 785 1304 Ad
802 1280 1033 1305 Palaestinam
1049 1288 1120 1312 per·
1142 1289 1143 1301 ¹

275 1325 390 1349 tineus.
429 1320 448 1347 1.
468 1322 530 1355 Sy.
551 1319 714 1347 Palaestinae
737 1321 900 1357 provinciae.
927 1320 977 1347 Per
996 1320 1121 1347 Palaesti-

276 1376 343 1397 nam,
362 1364 505 1391 Palaestini
524 1363 633 1397 (coloni,
653 1373 676 1390 v.
696 1364 891 1401 possessores.)
911 1374 932 1390 c.
948 1366 970 1390 1.
991 1363 1023 1390 cf.
1037 1363 1119 1390 Rubr.

276 1408 309 1435 de
329 1407 413 1434 colon.
445 1406 557 1433 Palaest.
579 1409 618 1434 ll.
638 1409 680 1433 50.
716 1406 759 1433 Ill.
781 1408 846 1434 Gn.
865 1407 1013 1434 Advocatio
1032 1406 1119 1433 Palae-

275 1452 352 1478 stina.
372 1461 393 1477 c.
413 1452 455 1476 27.
475 1450 508 1477 de
526 1449 645 1476 fideiuss.
665 1455 691 1476 et
710 1449 796 1476 mand.
816 1451 840 1476 8.
860 1453 902 1477 41.

314 1488 527 1521 Palae'stra.
566 1495 783 1528 Gymnasium.
820 1492 938 1521 [ILC'th
958 1493 1146 1520 Histrionem'

276 1537 454 1563 balneatorem
477 1535 575 1567 facere,
603 1535 646 1562 vel
670 1535 703 1562 de
721 1536 879 1573 symphonia
903 1537 1058 1568 atriensem,
1077 1535 1119 1562 vel

276 1580 309 1607 de
332 1579 462 1617 palaestra
486 1578 665 1605 stercorandis
692 1578 796 1605 latrinis
823 1589 995 1617 praeponere.
1023 1579 1054 1605 fr.
1079 1581 1118 1605 15.

276 1624 297 1657 ξ,
319 1625 340 1649 l.
361 1623 393 1649 de
413 1622 494 1649 usufr.
516 1624 539 1648 7.
562 1624 584 1648 l.

314 1668 461 1693 Palam.
500 1665 622 1697 (Advb.)
659 1665 690 1698 ξ.
710 1666 745 1692 1.
773 1666 810 1692 In
829 1672 1014 1700 conspectu.
1053 1666 1119 1692 Nan

276 1713 425 1737 latenter.
462 1708 556 1742 LSy.
577 1707 674 1734 Coram
692 1707 822 1744 pluribus
843 1708 883 1735 Cf.
903 1719 927 1735 v.
948 1708 1052 1735 Coram.
1089 1707 1119 1734 II.

277 1754 345 1787 Op.
373 1751 423 1778 Vel
447 1749 620 1789 pala111.·vel
643 1750 767 1787 publice,
787 1767 820 1770 ——
840 1751 883 1778 vel
902 1756 1011 1778 secreto.
1045 1750 1075 1777 fr.
1095 1753 1119 1777 3.

276 1796 298 1829 ξ.
311 1797 353 1822 20.
373 1795 405 1821 de
425 1794 451 1821 S.
462 1794 493 1821 C.
508 1793 589 1819 Silan.
603 1794 644 1819 29.
659 1795 682 1819 5.
711 1793 800 1820 Palam
818 1799 969 1832 aperteque.
983 1810 1016 1814 —-
1036 1794 1120 1826 Clam,

255 1855 260 1861 -
276 1838 408 1865 Latenter.
433 1838 474 1864 Cf.
494 1847 518 1863 v.
539 1836 622 1863 Clam.
643 1835 747 1869 Tacite,
767 1836 796 1863 In
815 1837 933 1864 fraudem
951 1837 1025 1873 legis.
1045 1837 1119 1864 sr.'1.

277 1891 316 1919 pr.
336 1881 366 1908 sr.
385 1883 410 1908 3.
430 1891 469 1918 pr.
489 1881 511 1915 §.
534 1882 555 1906 l.
575 1879 606 1906 fr.
622 1881 661 1905 13.
681 1880 702 1913 ξ.
719 1882 741 1906 1.
761 1880 791 1906 fr.
805 1882 847 1906 40.
866 1890 906 1918 pr.
927 1880 959 1907 de
979 1882 1034 1907 iure
1053 1880 1120 1907 fisci.

276 1926 318 1951 49.
340 1926 380 1950 14.
405 1934 425 1950 c.
448 1926 470 1950 l.
495 1923 527 1949 de
551 1922 661 1949 delator.
683 1925 721 1950 10.
744 1925 783 1949 11.
826 1922 868 1949 III.
893 1925 958 1951 Gn.
983 1923 1072 1950 Palam
1096 1928 1121 1949 et

278 1972 367 2005 aperte
391 1966 590 1999 (maledicere.)
615 1966 645 1992 fr.
666 1968 689 1993 9.
710 1965 742 1992 de
761 1965 786 1993 h.
807 1976 849 2002 qu.
870 1971 898 1992 ut
917 1966 1014 2003 indign.
1033 1968 1076 1993 34.
1095 1968 1119 1993 9.

277 2010 364 2046 Vulgo
389 2014 527 2046 quaestum
556 2009 656 2040 facere,
685 2010 786 2035 etiamsi
810 2019 864 2035 non
886 2009 937 2046 pal.
963 2009 995 2036 fr.
1014 2011 1056 2036 41.
1080 2019 1119 2047 pr.

278 2053 308 2080 sr.
327 2054 369 2079 43.
389 2062 428 2090 pr.
454 2052 492 2086 ἐξ,
514 2054 535 2078 l.
560 2061 618 2088 sqq.
644 2051 676 2078 de
699 2051 731 2078 R.
751 2051 783 2078 N.
803 2054 844 2079 23.
864 2054 888 2078 2.
930 2051 985 2079 Pal.
1009 2053 1036 2078 in
1061 2051 1120 2078 foro

278 2095 379 2128 (facere
404 2095 587 2127 locationem.)
619 2093 684 2120 Tab.
710 2094 811 2121 Heracl.
841 2095 885 2122 lin.
909 2096 951 2121 37.
976 2105 1027 2122 aer.
1053 2095 1119 2121 Brit.

278 2137 342 2169 Pal..
362 2139 397 2164 ita
417 2143 445 2164 ut
464 2137 581 2164 exaudiri
599 2138 713 2174 possint,
734 2138 910 2175 (nuncupare⁷
930 2148 967 2165 sc.
986 2137 1119 2171 heredes.)
1141 2143 1142 2148 ¹

278 2181 309 2208 fr.
328 2183 369 2207 21.
389 2191 429 2217 pr.
449 2181 501 2216 Qu.
522 2185 623 2207 testam.
644 2180 690 2206 fac.
711 2190 736 2217 p.
755 2181 797 2206 28.
812 2182 835 2206 l.
855 2180 956 2207 Gai.11.
972 2183 1029 2208 104.
1057 2181 1121 2208 Cer·

278 2224 360 2251 tiores
380 2223 487 2255 saciant,
508 2239 539 2243 —
560 2222 702 2259 eademque
725 2224 810 2249 omnia
835 2237 867 2242 —
892 2223 942 2260 pal.
967 2229 1038 2250 recte
1060 2234 1121 2261 pro·
1140 2219 1142 2222 ¹

279 2268 428 2294 nuncianto.
448 2266 478 2293 sr.
500 2269 522 2293 l.
542 2267 563 2301 ξ.
586 2268 607 2292 1.
628 2266 658 2292 fr.
671 2267 712 2292 38.
732 2276 772 2303 pr.
792 2265 824 2292 de
843 2265 929 2292 Aedil.
950 2266 1027 2292 edict.
1041 2268 1083 2293 21.
1096 2269 1118 2293 1.

279 2309 333 2336 Pal.
354 2319 510 2347 proponere.
535 2309 565 2335 fr.
588 2311 627 2336 11.
650 2309 688 2343 §§.
707 2311 732 2335 2.
756 2318 796 2345 sq.
821 2308 853 2334 de
877 2309 938 2335 inst.
962 2314 1010 2335 aet.
1037 2311 1076 2336 14.
1095 2311 1119 2336 3.
1141 2316 1143 2347 1

280 2370 310 2374 --
331 2353 363 2387 ἕ.
383 2354 419 2379 2.
445 2353 645 2387 Manifesta,
666 2353 791 2386 Aperte.
829 2351 846 2378 l.
867 2353 929 2386 Sy.
953 2351 1024 2378 Satis
1044 2352 1120 2389 adpa-
1141 2348 1143 2378 1

1025 163 1112 194 PAG
1119 182 1161 186 —-

607 849 726 883 Syriae
765 849 856 883 regio
893 849 1120 880 nobilissima,
1143 873 1144 877 ,

276 901 356 925 quae
373 892 543 925 contingit
558 893 689 918 Arabas.
726 890 768 916 III.
782 892 847 918 011.
867 889 1061 917 Polemensium
1079 900 1122 917 co·
1143 901 1144 927 1

1169 163 1259 194 PAL.

1167 255 1260 283 posse,
1285 255 1310 272 v.
1330 245 1439 278 habere,
1465 256 1489 273 v.
1509 256 1569 273 esse
1589 251 1637 273 etc.
1664 246 1721 274 Gai.
1740 247 1784 274 111.
1806 250 1862 276 105.
1887 248 1931 276 IV.
1953 252 2011 277 1151.

1166 288 1196 314 fr.
1216 290 1240 315 5.
1260 288 1283 322 ξ.
1303 289 1326 315 6.
1348 288 1380 315 de
1399 289 1430 315 A.
1449 288 1481 316 R.
1500 289 1534 316 D.
1554 292 1596 316 41.
1618 292 1640 316 l.
1660 289 1690 316 fr.
1712 292 1735 317 l.
1754 291 1776 325 §.
1791 292 1813 318 9.
1834 291 1863 318 fr.
1878 294 1901 319 5.
1921 302 1959 329 pr.
1979 292 2013 319 de

1166 331 1200 358 Ο.
1220 336 1246 358 et
1265 331 1296 358 A.
1316 333 1358 358 44.
1379 333 1402 358 7.
1421 331 1452 358 t'r.
1473 334 1513 359 14.
1532 334 1554 367 §.
1576 335 1616 360 13.
1637 332 1669 360 de
1689 333 1749 360 surt.
1768 335 1810 360 47.
1829 336 1853 360 2.

1203 375 1368 401 Palaris.
1392 374 1520 407 (Adiect.)
1546 378 1640 403 Palir
1660 378 1849 403 inserviens.
1886 376 1930 404 III.
1945 379 2012 405 Cn.

1166 416 1274 449 salicti,
1293 416 1336 443 vel
1356 416 1439 443 silvae
1458 416 1569 454 palaris.
1589 418 1631 445 vel
1651 418 1799 446 arundineti
1819 419 1916 447 ususfr.
1936 420 1968 447 fr.
1987 422 2011 448 9.

1142 465 1144 537 1
1166 460 1188 493 ξ.
1209 461 1232 486 7.
1252 459 1285 486 de
1304 460 1385 487 usufr.
1406 462 1428 486 7.
1450 462 1473 486 l.

1142 248 1146 326 1

1203 503 1418 530 Palatinus.
1455 504 1487 537 ἓ.
1511 505 1546 531 1.
1577 506 1772 531 Mitti-sterio
1801 506 1892 532 intra
1917 509 2012 540 pala-

1142 538 1143 582 1
1166 547 1245 572 tium
1272 548 1414 573 obeundo
1439 548 1633 574 destinatus.
1671 547 1688 574 Ι.
1709 548 1772 582 Sy.
1797 547 1851 583 Qui
1869 549 1897 575 in
1915 548 2013 586 palatio

1165 588 1292 625 obsequia
1311 588 1448 626 praebent,
1467 599 1492 615 v.
1511 589 1632 617 militant.
1660 589 1780 617 Palatini.
1801 590 1851 617 Tb.
1866 590 1897 618 C.
1912 590 1957 618 VI.
1970 592 2011 617 35.

1166 642 1187 658 c.
1201 633 1225 658 2.
1245 631 1278 658 de
1296 633 1363 669 priv.
1384 642 1437 658 eor.
1458 642 1502 668 qn.
1521 633 1547 658 iu
1561 632 1589 659 S.
1603 632 1654 670 pal.
1669 633 1759 660 Schol.
1781 634 1811 660 ad
1826 633 1874 660 Iul.
1895 644 1935 671 ep.
1952 644 2012 660 nov.

1142 690 1144 719 1
1166 684 1188 701 c.
1207 676 1248 700 22.
1273 674 1295 708 §.
1315 676 1356 700 82.
1399 674 1430 701 II.
1451 677 1518 709 Op.
1545 675 1681 707 militaris,
1706 692 1739 696 —-
1762 675 1880 703 Palatina
1904 676 2012 710 (militia

1143 722 1144 737 ¹
1167 718 1229 751 etc.)
1250 716 1300 744 Th.
1321 717 1352 744 C.
1373 717 1441 744 VIII.
1463 720 1485 744 7.
1506 729 1526 745 c.
1546 720 1586 745 19.
1606 729 1645 756 pr.
1665 719 1698 746 de
1717 719 1769 746 div.
1789 719 1859 746 offic.
1896 720 2011 746 Armata.

1167 760 1208 787 Cf.
1228 770 1252 787 v.
1272 760 1404 787 Armatus
1424 761 1445 794 ξ.
1469 762 1489 787 1.
1527 760 1631 788 Civilis.
1652 762 1692 789 Cf.
1711 762 1736 789 h.
1757 772 1780 788 v.
1801 763 1823 796 §.
1839 764 1861 789 1.
1890 762 2012 791 HLGn.

1166 804 1306 836 Militares,
1331 803 1501 840 palatinique.
1532 803 1570 831 lb.
1590 804 1646 831 Vll.
1665 807 1707 831 20.
1732 815 1753 831 c.
1775 807 1815 832 10.
1841 805 1873 832 de
1895 810 2011 833 veter-an.

1167 847 1327 883 Quicunque
1345 846 1468 874 iudicum.
1492 848 1628 880 comitum,
1648 849 1803 880 amicorum,
1823 848 1866 875 vel
1886 848 2012 886 palatino-

1166 900 1223 917 rum
1246 899 1372 916 meorum.
1398 888 1436 915 lb.
1455 889 1500 916 IX.
1522 892 1544 916 1.
1571 901 1591 917 c.
1612 892 1636 917 4.
1656 890 1689 917 ‹le
1708 901 1794 918 accus.
1815 896 1840 918 et
1859 892 1938 918 inser.
1976 891 2011 917 Vt

1165 934 1239 971 prior
1259 932 1364 959 aliunde
1383 937 1525 969 provectus
1539 933 1662 970 palatinis
1676 934 1824 961 honorariis
1840 934 2011 972 praeferatur.

1143 987 1144 1017 1
1166 977 1205 1003 lb.
1220 975 1265 1003 VI.
1278 977 1320 1002 26.
1341 986 1361 1002 c.
1375 977 1400 1001 2.
1420 974 1452 1001 de
1471 985 1544 1012 prox.
1565 986 1631 1003 com.
1651 976 1720 1014 disp.
1757 977 1876 1014 Magistri
1895 979 2012 1014 equitum

1143 1032 1144 1047 1
1166 1030 1196 1046 ac.
1214 1018 1345 1056 peditum,
1370 1023 1414 1045 aut
1437 1019 1455 1044 ii
1482 1019 1527 1054 qui
1550 1019 1697 1055 gubernant
1716 1020 1803 1047 oflicia
1822 1019 1945 1057 palatina.
1973 1020 2011 1046 lb.

1143 1092 1144 1095 ¹
1165 1061 1224 1089 XV.
1246 1063 1285 1088 12.
1306 1072 1327 1088 c.
1344 1064 1368 1088 2.
1388 1061 1421 1088 de
1439 1061 1575 1097 gladiator.
1612 1062 1666 1099 Qui
1685 1062 1799 1100 palatina
1819 1068 1881 1090 sunt
1900 1063 2012 1100 praediti

1166 1105 1300 1142 dignitate.
1320 1104 1358 1131 Ib.
1379 1115 1400 1131 c.
1419 1107 1444 1131 2.
1465 1104 1482 1131 l.
1502 1114 1524 1131 c.
1542 1121 1575 1124 —
1594 1106 1626 1139 ξ.
1645 1107 1681 1132 2.
1702 1108 1749 1132 Ad
1766 1107 2012 1141 adparitionem

1166 1155 1316 1183 spectans
1342 1149 1503 1174 Comitum
1533 1150 1705 1182 utriusque
1732 1151 1869 1176 aerarii.
1908 1148 1927 1175 1.
1949 1150 2012 1184 Sy·

1166 1192 1306 1218 Sacrarum
1325 1192 1498 1228 privatarum,
1520 1190 1564 1217 vel
1582 1190 1761 1227 largitionum.
1782 1192 1895 1229 palatina
1915 1191 2011 1219 officia.

1165 1234 1285 1261 Palatini.
1310 1233 1347 1260 lb.
1366 1233 1411 1260 XI.
1433 1235 1455 1260 7.
1479 1244 1499 1259 c.
1521 1235 1561 1259 17.
1582 1243 1621 1270 sq.
1647 1233 1679 1260 de
1703 1235 1832 1261 exaction.
1858 1234 1900 1261 Cf.
1921 1234 2011 1261 Schol.

1165 1277 1198 1304 ad
1222 1276 1269 1304 Iul.
1294 1287 1334 1314 ep.
1360 1287 1419 1303 nov.
1451 1287 1473 1304 c.
1492 1278 1534 1303 22.
1561 1277 1582 1310 ξ.
1601 1277 1644 1302 82.
1680 1276 1825 1314 Adparitor
1854 1277 1886 1304 de
1915 1278 2012 1304 officiis

1164 1320 1296 1358 palatinis.
1334 1319 1470 1346 Palatinus
1489 1320 1629 1356 utriusque
1648 1319 1738 1347 officii.
1761 1320 1798 1346 lb.
1818 1319 1862 1347 vl.
1881 1322 1924 1347 30.
1945 1331 1966 1347 c.
1986 1323 2010 1346 2.

1165 1364 1198 1390 de
1216 1362 1295 1400 palat.
1316 1362 1344 1389 S.
1363 1363 1442 1399 largg.
1463 1361 1532 1389 Vlll.
1551 1363 1575 1389 8.
1601 1373 1622 1389 c.
1642 1364 1665 1389 4.
1690 1362 1723 1389 de
1747 1368 1862 1390 exsecut.
1883 1369 1908 1390 et
1928 1368 2010 1390 exact.

1164 1407 1195 1434 II.
1215 1405 1435 1440 ⁰11.‚Of[icium
1454 1405 1606 1443 palatinum.
1627 1421 1659 1425 ——
1685 1406 1824 1443 Adparitio
1844 1406 1916 1433 sedis
1936 1406 2011 1433 urba-

1164 1460 1220 1477 nae.
1241 1449 1278 1476 lb.
1298 1449 1318 1475 I.
1333 1451 1373 1475 10.
1394 1459 1415 1475 c.
1430 1451 1454 1475 4.
1475 1458 1496 1475 c.
1510 1450 1534 1475 8.
1555 1448 1660 1481 (ch.)
1681 1448 1714 1476 de
1732 1449 1776 1476 off.
1797 1449 1872 1476 Com.
1889 1449 1917 1476 S.
1931 1449 2010 1486 largg.

1166 1494 1219 1520 Aut
1243 1492 1376 1530 palatinus
1401 1496 1520 1524 exactor,
1545 1496 1589 1518 aut
1611 1491 1707 1518 illustr.
1727 1494 1843 1519 virorum
1868 1492 2010 1531 adparitor.

1164 1536 1207 1563 vel
1226 1535 1347 1562 militaris
1366 1540 1459 1561 terror.
1481 1534 1518 1561 Ib.
1539 1534 1606 1561 VIII.
1626 1535 1650 1561 8.
1671 1545 1692 1561 c.
1712 1536 1736 1561 6.
1772 1534 1816 1561 ΠΙ.
1840 1537 1906 1563 Cn.
1936 1535 2010 1562 Prae-

1165 1580 1271 1606 fectiani
1290 1583 1369 1615 atque
1387 1577 1509 1614 palatini,
1534 1577 1576 1603 vel
1602 1577 1710 1604 aliarum
1729 1583 1890 1615 potestatum
1909 1578 2011 1616 adpari-

1166 1628 1245 1649 tores.
1266 1621 1333 1648 Nov.
1353 1621 1444 1648 Maior.
1464 1620 1497 1647 de
1516 1619 1614 1656 indulg.
1635 1620 1729 1657 reliqu.
1749 1620 1794 1647 IV.
1813 1624 1837 1647 3.
1858 1632 1879 1648 c.
1901 1623 1922 1647 1.
1943 1622 1965 1655 ξ.
1985 1624 2009 1647 2.

1165 1666 1219 1701 Qui
1238 1666 1306 1691 intra
1325 1669 1415 1690 nostra
1434 1664 1530 1690 scrinia
1550 1663 1593 1690 vel
1612 1669 1733 1697 agentum
1752 1665 1779 1690 in
1797 1664 1886 1695 rebus,
1905 1664 1948 1691 vel
1967 1675 2011 1702 pa-

1142 1720 1143 1727 ¹
1165 1708 1319 1739 latinorum,
1339 1712 1390 1733 tam
1410 1706 1523 1733 Comitis
1543 1705 1711 1742 largitionum
1731 1717 1806 1743 quam
1826 1706 1941 1734 Comitis
1959 1708 2011 1745 pri-

1165 1756 1290 1782 vatarum,
1305 1766 1337 1770 -—
1358 1750 1528 1776 sacramentis
1547 1759 1576 1775 se
1596 1749 1741 1776 devoverit.
1761 1749 1798 1776 Ib.
1813 1749 1857 1776 VI.
1870 1752 1912 1777 35.
1933 1760 1954 1776 c.
1969 1751 2009 1776 14.

1165 1805 1204 1832 pr.
1224 1794 1257 1821 de
1281 1794 1348 1831 priv.
1374 1803 1428 1819 eor.
1452 1802 1495 1828 qu.
1515 1792 1542 1818 iu
1562 1792 1589 1818 S.
1609 1792 1660 1829 pal.
1685 1793 1717 1819 cf.
1735 1792 1807 1819 XVI.
1827 1795 1851 1819 5.
1877 1803 1898 1819 c.
1916 1794 1958 1819 29.
1978 1792 2011 1819 de

1165 1838 1262 1865 haeret.
1299 1836 1484 1866 Domesticus,
1503 1840 1548 1861 aut
1566 1840 1717 1872 protector,
1737 1840 1849 1867 strator,
1869 1835 1912 1862 vel
1931 1845 2010 1872 agens

1164 1882 1191 1908 in
1215 1880 1309 1911 rebus,
1332 1878 1376 1905 vel
1399 1877 1531 1916 palatinus
1555 1879 1693 1915 utriusque
1717 1878 1806 1905 officii.
1835 1879 1872 1905 lb.
1893 1878 1960 1906 VIII.
1984 1879 2008 1905 8.

1166 1934 1187 1951 c.
1206 1926 1230 1949 4.
1251 1923 1283 1950 de
1303 1926 1419 1949 exsecut.
1440 1926 1466 1948 et
1489 1925 1573 1947 exact.
1610 1920 1653 1947 Ad
1676 1920 1852 1958 palatinorum
1877 1931 1964 1949 curam
1983 1928 2009 1947 et

1165 1967 1197 1993 ad
1225 1965 1390 1993 rationalium
1416 1964 1503 1991 officia
1531 1964 1665 1997 (omnium
1693 1974 1779 1991 rerum
1807 1969 1956 1991 nostrarum
1977 1979 2007 1984 —

1165 2010 1266 2036 exactio
1286 2008 1453 2039 revertatur.)
1474 2007 1510 2033 lb.
1531 2006 1548 2033 l.
1563 2009 1602 2033 ll.
1624 2017 1644 2033 c.
1660 2009 1680 2033 l.
1702 2007 1806 2040 (wer.)
1827 2007 1860 2034 de
1878 2007 1922 2033 off.
1942 2016 2007 2033 com.

1164 2054 1202 2080 rei
1221 2053 1287 2090 priv.
1307 2051 1333 2078 X
1351 2051 1432 2077 libras
1452 2051 1506 2077 auri
1526 2050 1637 2087 privatis
1656 2051 1756 2076 nostris
1774 2049 1958 2086 largitionibus
1971 2050 2008 2076 in-

1165 2096 1232 2122 ferre
1251 2105 1299 2132 per
1317 2093 1436 2120 scholam
1459 2093 1600 2130 palatinam
1624 2092 1806 2130 compelletur.
1835 2103 1856 2119 c.
1877 2093 1916 2118 13.
1941 2092 1963 2125 §.
1983 2094 2007 2118 8.

1164 2139 1197 2165 de
1221 2139 1298 2164 iudic.
1322 2139 1346 2163 3.
1368 2139 1391 2163 l.
1435 2136 1568 2162 Palatinae
1593 2136 1738 2162 exactionis
1762 2136 1912 2161 enormitas.
1939 2133 2006 2161 Νῦν.

1164 2181 1222 2208 val.
1242 2180 1284 2207 111.
1305 2179 1337 2206 de
1356 2179 1463 2217 palatin.
1483 2179 1514 2205 11.
1535 2180 1558 2205 7.
1579 2188 1600 2205 e.
1621 2180 1643 2204 l.
1663 2188 1702 2215 pr.
1723 2177 1754 2204 cf.
1775 2178 1796 2211 §.
1818 2179 1840 2204 1.

1202 2223 1407 2250 Palatium.
1454 2224 1567 2254 Aedes,
1597 2221 1805 2248 habitationi
1834 2223 2007 2255 Principis

1163 2269 1302 2294 dicatae.
1340 2265 1358 2292 1.
1379 2266 1442 2300 Sy.
1462 2264 1542 2291 Sacra
1561 2263 1662 2291 domus.
1683 2262 1732 2289 Th.
1753 2262 1784 2289 C.
1807 2262 1861 2289 Vll.
1883 2265 1923 2290 10.
1944 2274 1965 2290 c.
1982 2265 2005 2290 1.

1164 2320 1202 2347 pr.
1222 2319 1254 2335 ne
1274 2318 1317 2345 qu.
1336 2309 1363 2334 in
1383 2307 1460 2345 palat.
1497 2307 1564 2334 Aula
1583 2305 1686 2342 regalis.
1708 2304 1749 2331 Cf.
1770 2304 1795 2331 h.
1815 2316 1839 2332 v.
1860 2306 1882 2340 ξ.
1898 2308 1923 2333 2,
1962 2306 2005 2333 111.

1164 2354 1230 2380 Cn.
1256 2351 1384 2378 Aedilicia
1407 2350 1526 2388 publica,
1550 2350 1607 2375 sive
1625 2347 1733 2385 palatia.
1754 2349 1810 2374 sive
1830 2348 1944 2381 navalia,
1963 2349 2006 2376 vel

279 2406 345 2427 rere,
364 2395 394 2422 In
412 2399 518 2432 promtu
537 2404 610 2427 esse,
630 2394 689 2422 Non
709 2395 816 2431 ambigi,
837 2394 890 2421 Pal.
911 2404 977 2421 esse.
998 2394 1055 2421 Gai.
1075 2395 1118 2422 IV.
1140 2385 1143 2442 1
1163 2395 1321 2421 mansiones.
1351 2393 1380 2420 fr.
1403 2395 1441 2420 18.
1470 2394 1492 2426 §.
1513 2394 1552 2418 10.
1582 2390 1614 2417 de
1639 2401 1707 2417 mun.
1733 2396 1759 2417 et
1783 2390 1843 2418 hon.
1862 2394 1904 2418 50.
1924 2393 1949 2419 4.
1973 2392 2004 2419 cs.

278 2441 320 2465 54.
341 2449 380 2476 sq.
406 2438 476 2465 Coll.
495 2437 548 2464 LL.
568 2437 601 2464 Μ.
622 2437 665 2464 lv.
694 2440 732 2464 10.
757 2448 797 2474 sq.
821 2437 851 2464 fr.
871 2439 912 2464 43.
937 2447 975 2475 pr.
1001 2438 1023 2472 ς,
1044 2440 1066 2464 1.
1087 2438 1119 2465 (le
1140 2443 1142 2456 ¹
1164 2438 1213 2465 Th.
1234 2437 1265 2464 C.
1286 2437 1304 2463 l.
1323 2437 1339 2463 l.
1377 2437 1452 2472 Quae
1471 2437 1518 2468 (sc.
1539 2434 1739 2471 possessiones)
1755 2450 1784 2454 -
1806 2439 1935 2461 tectorum
1955 2446 2004 2461 ain-

279 2486 363 2509 contr.
383 2486 442 2507 emt.
468 2483 507 2507 18.
534 2482 555 2507 l.
598 2479 640 2506 111.
666 2482 730 2507 Gn.
760 2480 947 2511 proscribere,
975 2485 1019 2507 aut.
1042 2481 1119 2507 etiam
1139 2458 1142 2520 1
1163 2481 1219 2507 bitu
1238 2480 1342 2518 palatiis
1361 2481 1415 2506 sint
1433 2479 1513 2514 magis
1533 2482 1617 2514 aptae,
1636 2487 1713 2513 quam
1724 2476 1847 2514 praediis.
1867 2476 1904 2503 lb.
1918 2477 1952 2504 X.
1964 2479 2002 2503 10.

280 2525 375 2551 litteris
395 2524 426 2550 ad
446 2534 504 2550 eum
523 2523 612 2550 missis
632 2522 682 2560 pal.
704 2523 793 2549 sacere.
815 2523 845 2550 fr.
864 2525 907 2550 34.
932 2523 953 2557 ξ.
975 2525 997 2550 1.
1018 2523 1050 2550 de
1069 2529 1119 2550 sta·
1164 2534 1184 2550 c.
1202 2525 1241 2550 16.
1261 2523 1293 2549 de
1305 2523 1378 2560 petit.
1394 2526 1420 2548 et.
1437 2520 1507 2548 ultro
1527 2520 1578 2547 dat.
1610 2520 1750 2551 Civitates,
1770 2521 1796 2546 in
1816 2519 1913 2555 quibus
1931 2529 2003 2547 sacra

280 2567 354 2594 tulib.
374 2569 415 2593 40.
436 2569 459 2593 7.
480 2566 511 2593 cf.
532 2566 562 2592 fr.
585 2568 624 2592 1⁸.
644 2566 664 2599 ξ.
684 2567 707 2591 9.
727 2565 758 2591 (le
778 2567 922 2602 quaestion.
942 2567 984 2593 48.
1005 2568 1043 2593 18.
1071 2566 1120 2592 Va·
1163 2566 1266 2604 palatia,
1286 2570 1329 2592 aut
1346 2565 1477 2602 praetoria
1496 2568 1564 2589 sunt.
1586 2573 1606 2589 c.
1622 2564 1662 2589 14.
1682 2562 1715 2588 de
1734 2562 1777 2589 off.
1796 2562 1870 2589 Rect.
1890 2572 1964 2600 prov.
1979 2564 2002 2588 1.

281 2612 322 2637 tic.
342 2611 363 2645 ξ,
383 2612 442 2637 265.
480 2609 536 2636 lloc
560 2608 646 2635 edicto
670 2613 761 2634 nostro
785 2608 906 2635 volumus
927 2609 1047 2636 omnibus
1067 2609 1117 2647 pal.
1163 2612 1204 2635 40.
1225 2608 1256 2636 cf.
1281 2607 1330 2634 Th.
1350 2606 1381 2633 C.
1400 2606 1458 2633 XV.
1480 2608 1502 2632 1.
1527 2617 1548 2633 c.
1568 2608 1610 2633 35.
1634 2605 1667 2632 de
1690 2615 1752 2641 opp.
1778 2605 1839 2641 pub.
1878 2605 1954 2632 Circa
1974 2604 2003 2630 li-

281 2653 344 2679 fieri.
373 2652 443 2679 Coll.
463 2652 515 2679 LL.
536 2652 568 2679 Μ.
590 2651 632 2678 VI.
652 2654 676 2678 4.
697 2651 728 2677 cf.
753 2650 801 2677 Th.
823 2651 853 2678 C.
873 2651 932 2678 XV.
955 2654 975 2679 l.
1001 2662 1022 2678 c.
1041 2654 1065 2678 4.
1086 2651 1118 2678 de
1139 2673 1141 2683 A
1163 2653 1231 2678 mina
1249 2650 1338 2688 palatii
1358 2650 1450 2681 nostri,
1470 2650 1654 2675 comitatumvc
1668 2647 1886 2684 (deprehensus.)
1905 2647 1941 2673 lb.
1954 2646 2000 2673 XI.

281 2704 341 2732 opp.
361 2696 422 2731 pub.
460 2695 527 2722 Illud
546 2694 597 2732 pal.
618 2699 671 2725 est.
696 2693 767 2730 quod
791 2699 838 2720 etc.
864 2694 919 2721 Gai.
940 2695 970 2721 11.
991 2696 1031 2721 78.
1063 2694 1117 2721 Pal.
1139 2710 1140 2714 =
1162 2697 1203 2721 30.
1225 2705 1246 2720 c.
1264 2695 1306 2720 34.
1330 2692 1363 2719 de
1386 2702 1444 2729 app.
1470 2697 1496 2718 et
1519 2701 1597 2729 poen.
1635 2691 1689 2726 Qui
1708 2690 1832 2717 excubias
1851 2689 1940 2727 palatii
1959 2688 2001 2715 de-

281 2742 322 2763 est
340 2738 492 2774 intelligere.
513 2737 549 2764 lb.
564 2737 606 2764 111.
623 2739 662 2763 1⁸.
691 2736 794 2764 Nullam
813 2737 909 2764 habere
928 2737 1118 2764 dubitationem
1138 2723 1142 2761 1
1162 2737 1281 2764 seruerit.
1304 2735 1334 2762 fr.
1356 2737 1394 2761 10.
1415 2745 1453 2772 pr.
1474 2734 1506 2761 de
1524 2734 1555 2761 R.
1576 2733 1609 2760 Μ.
1629 2735 1671 2760 49.
1692 2734 1732 2759 16.
1770 2733 1824 2768 Qui
1846 2734 1913 2759 intra
1931 2731 2000 2769 pala-

281 2779 331 2817 pal.
351 2785 397 2806 est.
419 2780 448 2806 sr.
468 2783 508 2807 41.
529 2791 567 2819 pr.
588 2780 620 2807 de
640 2779 671 2807 V.
692 2780 725 2807 Ο.
744 2782 785 2807 45.
806 2781 828 2806 l.
866 2779 919 2806 Pal.
940 2786 994 2812 est,
1015 2785 1118 2807 constat
1137 2765 1143 2818 1
1162 2781 1226 2807 tium
1245 2779 1341 2805 versati
1361 2783 1430 2809 sunt,
1449 2778 1491 2805 vel
1510 2776 1780 2804 administrationibus
1794 2775 1883 2803 functi.
1904 2773 1953 2801 Th.
1968 2774 1998 2801 C.

282 2824 349 2850 enim
374 2828 421 2849 etc.
447 2823 476 2849 fr.
496 2825 518 2849 ὃ.
545 2824 566 2857 §.
595 2826 631 2850 10.
658 2823 690 2849 de
714 2828 834 2850 transact.
858 2824 883 2849 2.
907 2824 947 2849 15.
989 2822 1042 2849 Pal.
1068 2827 1116 2854 est,
1138 2820 1141 2858 1
1163 2822 1205 2849 Vl.
1224 2823 1265 2847 22.
1286 2831 1306 2847 c.
1328 2823 1349 2847 1.
1371 2820 1401 2847 cf.
1422 2831 1442 2848 c.
1462 2823 1486 2847 5.
1507 2820 1539 2847 de
1555 2819 1647 2846 honor.
1668 2819 1750 2846 codic.
