2197 3121
956 153 1036 183 EXP
1062 171 1100 177 —
1127 154 1213 184 Exs.

221 233 332 261 formula
352 233 384 260 ad
404 233 579 260 condictionis
602 234 736 260 fictionem
757 234 918 270 exprimitur.
939 233 995 261 Gai.
1016 234 1059 261 Π.
1083 266 1085 274 y

220 278 263 304 33.
283 276 314 303 cf.
335 279 375 303 10.
1083 277 1085 304 ἱ

255 321 511 353 Exprobrare·
548 321 669 346 Probra
693 321 838 346 obiicere.
859 319 901 346 Ill.
924 321 992 347 Cn.
1011 319 1061 346 Cui
1083 349 1084 360 ἵ

222 362 379 389 beneficium
404 362 478 389 datae
501 361 630 388 libertatis
655 362 809 399 exprobrari
832 367 929 399 potest.
954 379 986 382 —
1011 362 1061 389 Cui

222 405 425 432 fideicommissa
445 405 553 431 libertas
573 404 659 430 soluta
679 410 726 431 est.
747 405 830 431 Yatic.
851 406 872 439 3.
892 407 952 431 225.

256 449 501 482 Expromere.
538 449 708 483 Proferre,
729 449 881 482 Esse-qni.
902 447 919 473 Ι.
935 448 996 481 Sy.
1010 446 1062 473 Ad-

221 490 309 527 lcgare
328 490 453 524 (titulum.
473 500 493 516 s.
515 491 627 521 causas.)
649 489 731 516 Yatic.
752 491 788 524 33.
810 492 867 516 155.
882 500 920 526 sq.
941 489 983 516 III.
996 491 1062 517 Cn.

223 533 323 560 Omnes
346 534 517 570 peremtorias
541 534 763 569 p1·.‘iesm·iptiones
784 547 815 550 —
836 538 942 568 cogatur
970 542 1062 570 expro-

222 586 300 603 mere.
322 576 370 602 Th.
391 575 420 602 C.
440 575 486 601 XI.
505 577 546 601 30.
568 586 588 601 c.
608 577 649 601 37.
670 575 702 601 de
723 586 781 612 app.
803 580 828 601 et
847 586 924 612 poen.
962 576 991 602 In
1016 585 1062 601 eos

223 635 256 639 —
275 619 434 656 supplicium
447 619 530 645 iustae
544 617 776 644 animadversionis
791 620 917 654 expromi.
938 618 974 645 lb.
989 618 1060 645 XVI.

222 664 247 688 5.
267 672 288 688 c.
307 664 348 688 44.
369 661 401 687 de
421 661 518 687 haeret.

257 704 532 738 Expromissor.
556 705 621 736 Qui
636 713 696 737 pro
715 705 780 729 alio
801 705 1086 730 novandianimo⁴

221 749 401 782 promittit.
438 746 456 772 I.
478 748 539 781 Sy.
569 747 622 781 Qui
646 751 736 782 rogatu
761 746 869 772 alterius
893 756 953 772 reus
979 746 1062 772 sactus
1084 751 1085 754 ’

223 794 272 816 est.
291 789 322 816 fr.
343 791 365 816 7.
386 790 407 823 3.
428 791 451 816 8.
472 789 504 816 de
525 789 548 816 d.
569 799 602 815 m.
621 790 645 814 4.
664 790 688 815 3.
709 788 738 814 fr.
758 791 781 815 5.
802 789 823 822 3.
845 791 867 816 7.
889 789 921 815 de
940 790 995 815 iure
1009 789 1062 815 dot.

221 833 264 858 23.
283 833 308 858 3.
327 831 357 859 fr.
380 834 401 858 l.
422 833 443 866 3.
463 833 486 858 8.
508 832 588 868 Quar.
608 841 657 857 rer.
677 836 725 858 act.
740 833 781 858 44.
796 833 819 858 5.
841 832 903 867 Qui.
923 833 1063 858 novatione

222 874 302 907 sacta,
327 876 464 912 pecuniam
484 875 646 912 expromisit.
673 874 702 900 fr.
722 876 763 900 20.
784 874 816 901 ad
837 876 864 900 S.
886 874 916 901 C.
937 875 999 901 Mac.
1023 877 1062 901 14.

222 918 246 944 6.
266 917 297 944 fr.
316 920 357 944 22.
378 918 409 944 ad
434 918 461 944 S.
482 917 512 944 C.
534 916 626 943 Vellei.
653 918 692 943 16.
714 919 736 943 1.
778 917 821 943 III.
842 918 907 944 Cn.
932 917 1012 952 Quod
1032 917 1064 943 de

222 959 380 986 fideiussore
400 960 522 991 diximus⁷
542 959 646 996 plenius
666 965 801 996 acceptum
822 965 869 987 est.
891 959 1007 996 qualibet
1026 970 1063 986 ra-

223 1004 295 1029 tione
313 1002 445 1029 venditori
464 1003 496 1029 de
515 1003 601 1039 pretio
621 1002 783 1028 satisfactum
803 1008 851 1033 est.
871 1002 952 1028 veluti
971 1013 1064 1040 expro-

222 1047 343 1077 missore,
363 1051 406 1072 aut
426 1047 534 1082 pignore
554 1045 622 1071 dato.
643 1044 672 1071 fr.
687 1047 727 1071 53.
750 1045 781 1072 de
802 1050 884 1071 contr.
905 1050 964 1071 emt.
985 1048 1025 1071 115.
1041 1047 1063 1072 1.

224 1088 255 1115 cf.
276 1088 306 1115 sr.
328 1090 366 1115 10.
388 1088 420 1114 de
439 1089 508 1124 pign.
535 1093 583 1114 act.
611 1089 650 1114 13.
676 1090 698 1114 7.
724 1088 753 1114 fr.
778 1091 801 1114 4.
827 1089 848 1122 3.
868 1090 891 1114 3.
913 1087 945 1114 de
964 1098 992 1115 re
1011 1088 1063 1115 iud.

223 1132 266 1158 42.
286 1133 309 1157 1.
347 1131 375 1157 Si
395 1132 454 1167 quis
475 1135 582 1167 accepto
603 1130 691 1156 tulerit
711 1130 824 1157 debitori
844 1141 906 1163 suo,
927 1141 985 1157 cum
1005 1142 1064 1157 con-

222 1174 324 1201 veniret
342 1178 372 1200 ut
391 1175 613 1210 expromissorem
633 1173 714 1200 daret.
734 1184 782 1199 nec
801 1173 846 1200 ill-³
865 1174 917 1200 det.
937 1174 967 1201 fr.
988 1176 1010 1201 4.
1032 1174 1064 1201 de
1085 1187 1086 1206 l

224 1216 300 1244 cond.
321 1227 342 1243 c.
362 1216 414 1243 dat.
436 1218 474 1242 12.
495 1218 518 1242 3.
540 1216 571 1242 ct‘.
598 1216 627 1242 t'r.
647 1220 671 1243 ὃ.
697 1217 718 1250 3.
738 1218 761 1243 8.
783 1216 814 1243 ad
834 1217 861 1243 S.
883 1216 913 1243 C.
933 1216 1001 1243 vell.
1023 1219 1062 1243 16.

224 1261 247 1286 l.
285 1259 368 1286 'Nemo
388 1259 488 1285 alienae
507 1261 544 1286 rei
559 1261 738 1296 expromissor
752 1259 865 1294 idoneus
882 1260 993 1292 videtur,
1013 1261 1064 1286 nisi

223 1303 246 1328 si
266 1312 324 1328 cum
344 1302 523 1328 satisdatione.
545 1302 575 1328 fr.
596 1304 653 1328 llo.
674 1304 695 1337 3.
718 1305 739 1328 l.
759 1302 792 1329 de
811 1302 841 1329 R.
863 1303 880 1329 1.
900 1305 941 1329 50,
964 1304 1002 1329 17.

257 1346 552 1378 Expromittere.
582 1347 803 1372 promissione
822 1348 853 1372 in
873 1357 902 1372 se
922 1348 1065 1380 recipere

221 1390 403 1422 pristinam
422 1390 672 1423 obligationem,
696 1395 760 1415 tam
780 1391 952 1423 propriam
972 1399 1064 1423 qnam

223 1433 375 1458 alienam.
414 1429 431 1456 I.
450 1431 510 1465 Sy.
531 1430 695 1457 Promittere.
717 1431 746 1457 fr.
767 1433 808 1457 36.
829 1432 861 1458 de
880 1433 936 1458 iure
955 1431 1008 1458 dot.
1023 1434 1064 1458 23.

222 1475 247 1500 3.
287 1474 341 1509 Qui
364 1474 502 1510 pecuniam
527 1473 668 1510 stipulatus
695 1479 743 1500 est.
792 1474 842 1501 Cui
873 1476 1064 1511 expromissum

225 1521 273 1543 est.
299 1516 329 1543 fr.
353 1518 394 1542 31.
420 1516 440 1549 3
461 1518 484 1542 3.
509 1516 539 1542 fr.
559 1518 600 1542 35.
626 1517 647 1550 3.
668 1519 690 1543 7.
717 1517 749 1543 de
773 1527 806 1543 m.
832 1528 852 1543 c.
873 1517 960 1544 donat.
980 1520 1020 1544 39.
1041 1520 1064 1544 6.

223 1559 267 1585 III.
290 1560 355 1587 Gn.
376 1559 405 1585 Si
425 1559 526 1585 mulieri
546 1559 663 1586 dederim
687 1561 836 1597 pecuniam.
862 1566 890 1587 ut
910 1571 964 1587 eam
984 1560 1066 1587 credi-

224 1603 276 1628 tori
295 1611 353 1628 meo
374 1601 468 1629 solvat.
488 1602 531 1629 vel
551 1603 727 1639 expromittat.
748 1603 777 1629 fr.
797 1605 838 1630 22.
859 1603 891 1630 ad
911 1603 938 1630 S.
950 1603 981 1630 C.
997 1603 1064 1630 Yell.

226 1646 266 1671 16.
287 1646 310 1671 1.
331 1645 362 1671 cf.
383 1644 412 1671 fr.
433 1646 474 1671 45.
494 1646 515 1679 3.
535 1647 559 1671 4.
579 1645 664 1671 mand.
691 1647 730 1671 17.
757 1648 778 1673 1,
816 1646 930 1673 Debitor
948 1646 1066 1673 mulieris

226 1688 300 1714 iussu
320 1689 376 1714 eius
396 1689 532 1725 pecuniam
550 1689 607 1714 viro
628 1690 798 1725 expromisit.
823 1689 917 1716 deinde
936 1691 977 1716 vir
996 1700 1066 1716 acce-

225 1734 297 1767 ptam
315 1740 370 1756 eam
389 1731 463 1757 iussu
482 1730 599 1757 mulieris
619 1731 687 1757 fecit.
708 1731 738 1758 fr.
758 1734 798 1758 36.
825 1732 856 1758 de
876 1734 930 1759 iure
950 1732 1004 1759 dot.
1024 1734 1065 1759 23.

225 1774 250 1799 3.
289 1772 318 1799 Si
336 1774 368 1805 is,
388 1774 429 1799 cui
447 1778 536 1800 mutua
556 1775 665 1810 pecunia
688 1774 748 1800 data
762 1774 854 1806 fuerat,
873 1790 907 1794 —
926 1776 1066 1801 novatione

226 1816 292 1841 sacta
313 1826 368 1841 eam
387 1816 523 1851 pecuniam
543 1817 705 1853 expromisit.
731 1817 760 1843 fr.
780 1819 820 1843 20.
846 1817 878 1843 ad
903 1817 930 1844 S.
951 1818 981 1844 C.
1001 1818 1065 1844 Mac.

229 1859 267 1884 ll.
289 1860 311 1884 6.
334 1858 362 1884 fr.
385 1860 425 1884 19.
447 1858 468 1891 3.
488 1862 511 1884 4.
532 1858 565 1884 «le
585 1859 671 1884 donat.
692 1861 732 1885 39.
753 1861 776 1886 5.
815 1859 843 1886 Si
863 1861 885 1886 is
905 1860 995 1886 heredi
1008 1871 1065 1887 meo

227 1900 346 1932 tabellas.
367 1901 462 1937 quibus
483 1903 506 1926 ei
525 1902 661 1937 pecuniam
675 1903 887 1939 expromiseram,
908 1903 1017 1929 dederit.
1036 1903 1065 1929 sr.

228 1946 285 1970 104.
306 1944 372 1977 31.
393 1943 425 1969 de
445 1943 519 1979 legat.
541 1944 557 1970 I.
579 1946 646 1977 (30.)

261 1988 504 2021 Expugnare.
517 1988 548 2019 ἕ.
560 1988 593 2013 1.
607 1990 786 2021 Pugnando
805 1999 924 2023 capere.
944 1989 986 2015 III.
999 1991 1064 2017 Cn.

227 2030 281 2065 Qui
301 2029 377 2055 aedes
397 2029 503 2061 alienas.
524 2029 828 2066 villasve'expilavm-int.
850 2033 1006 2067 ell‘regeriut,
1024 2043 1066 2059 ex-

227 2073 407 2109 pugnaverint.
428 2072 499 2098 Paul.
520 2072 551 2098 Υ.
572 2075 595 2099 3,
616 2074 638 2107 3.
657 2075 681 2099 3,
703 2072 733 2099 V.
753 2075 794 2099 26.
814 2075 835 2108 3.
855 2076 878 2100 3.
899 2075 929 2101 l'r.
943 2076 967 2101 3.
988 2076 1024 2109 33.
1040 2078 1064 2101 2.

227 2117 250 2140 6.
265 2115 295 2141 fr.
311 2117 350 2141 11.
364 2125 402 2152 pr.
418 2115 491 2141 ad‘L.
507 2115 552 2141 Iul.
569 2116 601 2142 de
615 2117 640 2142 vi
653 2116 714 2153 pub.
729 2118 770 2142 43.
792 2118 814 2143 6.
853 2118 907 2152 Qui
927 2128 959 2144 ex
979 2119 1066 2144 incen-

229 2157 286 2186 dio.
306 2159 392 2189 ruina,
412 2158 558 2194 naufragio.
584 2163 650 2190 rate.
675 2169 740 2185 nave
760 2165 919 2196 expugnata.
946 2161 1009 2197 quid
1029 2171 1066 2187 ra-

231 2201 328 2236 puisse.
349 2202 481 2237 recepisse
501 2201 524 2226 d.
545 2211 576 2227 m.
597 2217 629 2220 -
649 2201 757 2228 dicetur.
783 2202 812 2228 fi.
834 2205 856 2229 1.
879 2214 918 2240 pr.
939 2204 970 2230 sr.
989 2206 1012 2230 5.
1034 2204 1066 2230 de

233 2243 334 2269 inc-*nd
353 2245 435 2270 ruina.
455 2245 495 2270 47.
516 2246 539 2270 9.
564 2260 595 2263 -—
619 2245 648 2277 §-
669 2246 704 2271 2.
732 2246 943 2281 oppugnare,
965 2249 1065 2281 Adpe-

232 2292 304 2310 tere.
324 2285 365 2311 ΙΙΙ.
378 2288 443 2314 (711.
458 2287 510 2322 Qui
526 2304 557 2307 —
575 2289 755 2313 aur-toritatem
775 2290 858 2314 nostri
879 2291 991 2315 numinis
1011 2291 1066 2316 ausi
1088 2294 1089 2299 ¹

231 2329 325 2353 sus-rint
346 2338 500 2364 expugnare.
520 2330 570 2356 Th.
592 2330 622 2355 C.
636 2330 705 2356 XVI.
726 2333 749 2357 4.
771 2341 791 2357 c.
812 2333 834 2357 4.
856 2331 888 2357 de
906 2332 930 2358 h.
951 2343 993 2369 qu.
1006 2343 1065 2369 sup.

233 2370 302 2403 relig.
339 2370 482 2398 Inofficiosi
506 2373 610 2409 querela
635 2384 693 2411 exp.
724 2375 921 2407 (testamenta.)
942 2385 963 2401 c.
983 2377 1024 2402 37.
1045 2377 1065 2409 3.

236 2415 254 2438 1.
276 2412 308 2438 de
329 2413 400 2438 inoff.
420 2418 519 2441 testam.
539 2417 563 2441 3.
583 2418 624 2442 25.

268 2456 519 2489 Expugnatio.
539 2461 724 2492 Adsis-tilio,
746 2462 930 2495 Adgressio.
951 2460 1066 2488 IIIGn.
1088 2454 1089 2471 1

234 2498 347 2524 Luxuria
368 2500 490 2533 castigata
510 2500 540 2525 ab
560 2503 750 2537 expugnatione
770 2502 918 2539 pudicitiae.
938 2502 1067 2530 Nov.Ma-
1088 2498 1090 2529 l

232 2542 321 2567 iorian.
343 2540 374 2567 de
394 2541 474 2568 adult.
493 2541 536 2567 IV.
556 2544 580 2568 8.
600 2554 620 2570 c.
641 2546 663 2570 l.
1088 2574 1090 2583 ,

268 2585 528 2618 Expugnator.
566 2587 760 2621 Adgressor,
780 2590 924 2616 Iuvasor.
948 2588 1066 2616 mon.
1088 2585 1090 2596 ¹

234 2626 267 2652 Vt
293 2626 378 2651 hostis
401 2627 535 2663 publicus.
565 2632 591 2654 et
614 2635 775 2665 expugnator
801 2632 921 2658 utilitatis
947 2633 1067 2658 inventae
1089 2658 1090 2664 ,

236 2686 266 2688 -
288 2669 476 2704 rongrediatur.
515 2669 563 2696 Th.
585 2670 615 2696 C.
636 2670 679 2697 VI.
698 2675 721 2697 4.
743 2684 763 2700 c.
783 2676 824 2700 22.
845 2675 866 2708 3
886 2676 909 2709 3
931 2674 962 2701 de
982 2674 1066 2701 Praei.
1088 2684 1090 2703 ⁴,

233 2718 266 2738 et.
288 2712 339 2747 Qu.
1089 2710 1090 2730 l

269 2754 461 2787 Expulsio·
498 2757 719 2787 Esturbatio,
740 2758 896 2786 Deiectio.
934 2760 975 2786 III.
1003 2753 1090 2788 (7η.Ὶ

237 2796 416 2833 Quaecunque
436 2797 467 2823 de
486 2798 565 2823 rebus
591 2800 645 2824 rius
666 2798 711 2824 illo
732 2800 895 2836 expulsionis
919 2808 1036 2839 tempore
1056 2815 1068 2829 a
1090 2819 1091 2838 3

1881 162 1945 193 353

1107 246 1264 273 quocunque
1283 247 1392 273 pervasa
1413 243 1481 264 sunt.
1502 237 1569 265 Nov.
1590 238 1646 265 Yal.
1667 239 1708 265 III.
1730 239 1762 266 de
1781 241 1894 268 invasor.
1913 243 1943 269 II.

1107 280 1131 306 8,
1151 290 1172 305 c.
1195 281 1216 305 l.
1236 279 1258 313 3.
1278 282 1301 305 5.

1141 323 1382 356 Expungere.
1420 325 1451 357 ᾖ.
1474 325 1508 350 1.
1531 325 1733 357 obliterare,
1754 327 1874 353 Delere.
1902 327 1944 354 111.

1083 387 1084 396 ,
1107 365 1172 391 Cn.
1193 364 1269 391 Servi
1287 366 1444 401 piscatores.
1465 382 1496 386 »-
1518 368 1562 403 qui
1581 383 1613 387 ——
1634 367 1731 393 urbicis
1746 370 1890 396 rationibus
1903 381 1946 397 ex-

1106 407 1297 443 pungebantur,
1317 418 1366 434 nec
1384 410 1475 435 mortis
1496 411 1629 436 testatoris
1649 415 1767 447 tempore
1785 413 1811 437 in
1831 413 1945 448 praediis

1098 449 1199 487 >legatis
1219 450 1378 487 deprehensi
1398 450 1502 478 fuerint.
1523 453 1553 478 sr.
1572 455 1614 479 27.
1634 463 1672 490 pr.
1693 453 1726 480 de
1745 455 1819 481 instr.
1840 455 1887 491 leg.
1902 457 1944 482 33.

1107 494 1130 518 7.
1151 493 1181 519 ct'.
1202 493 1233 519 fr.
1255 495 1295 520 15.
1315 493 1347 519 de
1366 493 1397 520 R.
1418 494 1450 520 M.
1471 496 1512 521 49.
1536 497 1660 529 lfi.—§.
1677 498 1711 522 2.
1731 498 1944 533 Dispnngere.

1106 535 1148 562 HI.
1176 537 1242 563 (711.
1270 536 1347 574 Reip.
1372 538 1487 564 rationes
1511 537 1676 574 subscriptae
1696 544 1721 565 et
1741 545 1893 577 expunctae.
1914 540 1944 567 fr.

1109 579 1148 604 13.
1168 579 1189 612 3.
1211 581 1233 605 l.
1254 578 1286 605 de
1306 579 1357 606 div.
1378 584 1456 617 temp.
1481 590 1596 617 praescr.
1616 583 1658 607 41.
1677 584 1701 608 3.
1727 582 1756 608 t'r.
1777 586 1800 609 ὅ.
1824 583 1847 616 3.
1868 585 1890 610 1.
1914 584 1946 610 de

1109 621 1175 648 adm.
1196 632 1245 648 rer.
1266 622 1298 648 ad
1318 623 1366 649 civ.
1385 624 1427 649 50.
1447 624 1471 649 8.

1142 665 1389 698 Expurgatio.
1409 667 1589 701 Purgatio,
1607 668 1806 694 Emendatio.
1826 668 1867 694 III.
1880 670 1946 696 Cn.

1084 728 1086 733 ,
1107 707 1172 733 Post
1192 709 1405 744 expurgationem
1424 710 1523 746 prioris
1547 710 1623 735 vitae.
1650 720 1670 735 c.
1695 712 1735 736 23.
1761 711 1797 744 33
1824 713 1845 737 1.
1870 714 1892 738 5.
1914 711 1946 738 de

1108 755 1181 787 nupt.
1201 753 1224 777 5.
1245 752 1269 776 4.

1142 793 1368 826 Exquirere.
1405 795 1436 828 §-
1460 795 1495 821 1.
1521 797 1705 829 Inquirere,
1734 797 1945 829 Examinare,

1107 837 1295 870 Requirere.
1331 836 1350 862 I.
1375 837 1437 871 Sy.
1468 837 1623 874 Explorare.
1645 838 1676 864 cf.
1697 838 1722 864 h.
1742 848 1765 864 v.
1786 839 1849 872 3.1.
1887 840 1947 866 Exi-

1107 888 1175 914 gere,
1197 878 1322 915 Spectare
1341 879 1538 912 (voluntatem.)
1558 880 1587 907 sr.
1607 882 1631 907 8.
1652 880 1682 907 fr.
1697 883 1722 907 9.
1741 891 1781 918 pr.
1801 882 1838 915 33.
1855 884 1876 908 l.
1888 893 1946 920 sqq.

1108 921 1140 948 de
1159 931 1225 957 aqua
1249 925 1275 947 et
1298 931 1356 957 aqu.
1381 921 1416 958 pl.
1440 924 1481 949 39.
1505 925 1529 949 3.
1559 923 1609 953 ΙΙΙ.
1630 925 1696 951 Gn.
1724 923 1766 950 De
1784 924 1825 950 his
1845 931 1947 952 contro-

1107 965 1202 990 versiis
1223 978 1254 983 —
1275 974 1361 1000 neque
1385 964 1441 990 sine.
1465 965 1550 992 iudice
1571 967 1692 999 transigi.
1719 976 1803 1003 neque
1824 968 1893 1004 apud
1912 970 1948 995 iu-

1108 1006 1192 1033 dicem
1212 1007 1315 1043 exquiri
1334 1008 1432 1033 veritas
1452 1007 1527 1034 aliter
1546 1014 1647 1045 potest.
1668 1019 1744 1045 quam
1764 1015 1812 1036 etc.
1832 1010 1862 1037 fr.
1884 1013 1904 1037 l.
1925 1012 1947 1045 3.

1110 1051 1131 1076 l.
1152 1054 1254 1076 testam.
1275 1049 1396 1086 quemad.
1415 1060 1456 1087 ap.
1475 1052 1516 1077 29.
1536 1054 1560 1077 3.
1597 1052 1618 1078 Ε
1639 1063 1666 1078 re
1685 1053 1773 1088 itaque
1788 1055 1948 1080 constituen-

1108 1092 1169 1119 dum
1189 1097 1237 1119 est.
1269 1109 1301 1112 —
1332 1093 1402 1129 Ergo
1422 1092 1473 1119 hoc
1493 1095 1623 1130 exquirite
1643 1100 1690 1120 etc.
1712 1094 1781 1121 Coll.
1801 1095 1854 1122 LL.
1874 1097 1907 1123 DI.
1927 1097 1945 1123 I.

1085 1167 1086 1172 1
1108 1136 1132 1162 6.
1169 1134 1229 1161 Non
1249 1135 1317 1162 diem
1337 1140 1362 1162 et
1382 1135 1527 1162 Consulem
1552 1136 1584 1162 ad
1603 1136 1731 1173 liquidum
1750 1139 1948 1174 exquirendum,

1109 1178 1155 1205 sed
1177 1178 1300 1205 sufficere
1319 1179 1342 1204 si
1361 1178 1425 1215 quid
1443 1179 1509 1205 sciat
1529 1179 1631 1206 sactum.
1653 1180 1683 1206 fr.
1702 1183 1726 1206 2.
1747 1181 1768 1214 3.
1788 1185 1811 1207 ὃ.
1832 1182 1864 1208 dc
1883 1193 1948 1219 aqua

1109 1226 1134 1248 et
1158 1232 1216 1258 aqn.
1241 1221 1277 1258 pl.
1301 1223 1343 1248 39.
1369 1223 1394 1248 3.
1437 1221 1466 1248 Si
1491 1222 1596 1258 quidem
1623 1233 1680 1249 mea
1705 1233 1780 1249 causa
1800 1224 1868 1257 dedi,
1888 1225 1949 1252 dum

1108 1263 1170 1290 volo
1190 1265 1303 1301 pretium
1328 1265 1474 1301 exquirere.
1498 1264 1529 1291 fr.
1554 1267 1593 1292 lo.
1622 1266 1687 1299 3.1.
1712 1267 1839 1293 commod.
1865 1270 1905 1294 13.
1924 1270 1948 1294 6.

1108 1306 1209 1333 Liberti
1229 1308 1306 1333 etiam
1325 1323 1357 1326 —
1378 1307 1516 1339 evocandi,
1537 1308 1751 1345 exquirendaquc
1770 1309 1897 1337 defensio.
1918 1311 1948 1337 fr.

1109 1353 1132 1377 5.
1153 1351 1174 1384 3.
1196 1352 1218 1376 l.
1239 1360 1270 1377 ex
1290 1360 1333 1387 qu.
1354 1360 1375 1376 c.
1401 1351 1427 1376 in
1452 1360 1524 1387 poss.
1549 1352 1590 1377 42.
1610 1353 1634 1377 4.
1671 1351 1818 1388 Exquirere
1837 1363 1869 1379 ex
1888 1354 1950 1380 vici-

1110 1394 1150 1419 nis
1186 1393 1336 1420 civitatibus
1364 1393 1582 1420 honestissimum
1612 1404 1756 1430 quemque.
1789 1400 1814 1421 et
1846 1397 1950 1422 nomina

1110 1436 1280 1463 Praesidibus
1300 1435 1342 1462 Pr.
1362 1429 1474 1463 mittere.
1493 1436 1524 1462 fr.
1542 1438 1564 1463 l.
1585 1437 1607 1470 3.
1623 1439 1662 1464 10.
1683 1437 1715 1463 de
1734 1448 1798 1474 mag.
1819 1449 1893 1465 conv.
1907 1441 1949 1466 27.

1110 1480 1134 1506 8.
1155 1493 1185 1496 —
1207 1480 1238 1513 ξ.
1265 1480 1301 1505 2.
1321 1481 1539 1514 Excogitare,
1560 1481 1768 1515 Confingere.
1789 1481 1833 1513 (cs.
1854 1493 1878 1508 v.
1898 1482 1949 1509 Ex-

1111 1523 1232 1559 quisituS.
1257 1522 1279 1555 3.
1303 1522 1345 1555 2.)
1382 1521 1425 1548 III.
1452 1523 1517 1550 Gn.
1555 1524 1630 1557 Quae
1653 1523 1702 1555 (sc.
1722 1522 1840 1558 fraudes)
1859 1530 1950 1551 contra

1112 1565 1310 1591 commoditates
1334 1564 1455 1602 publicas
1479 1566 1658 1602 exquiruntur.
1691 1565 1758 1593 Nov.
1784 1566 1833 1595 Th.
1860 1567 1891 1594 II.
1918 1568 1949 1594 de

1111 1618 1159 1634 am.
1179 1607 1233 1634 mil.
1254 1607 1304 1634 fori
1324 1617 1437 1644 praescr.
1458 1607 1476 1634 I.
1496 1610 1520 1634 9.
1541 1619 1562 1634 c.
1582 1610 1606 1634 2.
1626 1619 1665 1646 pr.

1144 1650 1371 1683 Exquisitio.
1414 1652 1604 1685 Inquisitio.
1642 1651 1660 1677 Ι.
1686 1653 1747 1686 Sy.
1776 1652 1949 1679 Examinatio.

1111 1704 1132 1720 c.
1154 1695 1176 1720 1.
1196 1703 1235 1730 pr.
1257 1692 1289 1719 de
1308 1692 1403 1719 adsert.
1424 1692 1481 1719 toll.
1502 1695 1524 1719 7.
1547 1695 1585 1719 17.
1612 1693 1643 1719 cf.
1665 1704 1686 1719 c.
1707 1696 1730 1720 9.
1755 1695 1777 1728 3.
1801 1697 1821 1721 l.
1845 1695 1877 1721 de
1897 1705 1948 1722 sec.

1110 1741 1183 1773 nupt.
1204 1739 1227 1762 5.
1247 1737 1272 1762 9.

1146 1777 1379 1810 Exquisitus.
1400 1777 1520 1811 (Partic.)
1540 1779 1571 1811 §.
1586 1780 1620 1806 l.
1643 1780 1835 1814 Diligenter
1854 1791 1949 1815 quaez

1111 1824 1155 1847 sit
1166 1831 1214 1852 us,
1234 1822 1357 1846 Lectus.
1394 1820 1436 1846 III.
1451 1822 1516 1848 Gn.
1530 1821 1677 1858 Exquisitis
1691 1823 1813 1849 remediis
1833 1834 1950 1851 mansue-

1111 1863 1175 1891 tudo
1200 1868 1289 1890 nostra
1312 1864 1460 1901 prospexit.
1498 1863 1547 1890 Th.
1568 1864 1598 1891 C.
1619 1865 1688 1892 Xlll.
1708 1868 1731 1892 5.
1757 1877 1778 1892 c.
1797 1867 1839 1893 38.
1859 1877 1897 1903 pr.
1918 1867 1950 1893 de

1110 1906 1221 1933 navicul.
1259 1905 1295 1932 Vt
1315 1907 1454 1943 exquisitis
1473 1908 1567 1944 poenis
1583 1908 1731 1935 subdantur
1750 1909 1893 1942 (infames)
1912 1909 1947 1936 Ib.

1110 1949 1155 1976 IX.
1176 1951 1198 1976 7.
1220 1960 1240 1975 c.
1259 1951 1284 1975 3.
1310 1948 1342 1975 ad
1364 1948 1395 1975 L.
1413 1948 1461 1975 lul.
1486 1949 1519 1976 de
1543 1950 1623 1978 adult.
1646 1968 1675 1972 -—-
1697 1952 1727 1985 §.
1752 1953 1787 1979 2.
1807 1954 1948 1987 Excogi-

1110 1988 1217 2024 Ῐαΐιιε,
1239 1994 1421 2028 Confictus.
1458 1992 1477 2019 Ι.
1492 1994 1553 2028 Sy.
1574 1993 1781 2021 Commenticius
1802 2000 1825 2021 et
1847 1997 1949 2021 concin-

1110 2039 1195 2061 natus.
1215 2034 1252 2060 lb.
1272 2034 1342 2061 xvi.
1363 2036 1385 2061 7.
1406 2045 1427 2061 c.
1447 2036 1471 2061 4.
1491 2036 1512 2069 3.
1535 2038 1556 2062 l.
1577 2035 1609 2062 de
1628 2042 1739 2074 apostat.
1763 2037 1805 2063 111.
1821 2038 1948 2065 omm-

1111 2079 1206 2114 quisita
1232 2082 1258 2104 et
1283 2077 1421 2104 adinventa
1445 2084 1598 2105 commenta.
1623 2079 1692 2106 Coll.
1717 2079 1768 2106 LL.
1794 2080 1826 2106 M.
1846 2080 1905 2107 XV.
1924 2083 1947 2108 3.

1110 2120 1198 2147 Variis
1217 2120 1352 2157 ambagum
1371 2121 1495 2147 versutiis
1515 2123 1645 2157 exquisita
1664 2122 1805 2156 (donatio.)
1826 2123 1909 2150 Vatic.
1926 2125 1945 2157 ς’,

1109 2165 1168 2190 273.
1206 2163 1345 2200 Exquisita
1364 2162 1436 2190 lucra
1456 2168 1567 2201 captare.
1588 2163 1637 2191 Th.
1657 2164 1687 2191 C.
1707 2165 1752 2192 XI.
1775 2168 1796 2192 1.
1817 2176 1837 2192 c.
1857 2168 1897 2192 32.
1916 2166 1947 2193 de

1111 2216 1204 2233 annon.
1226 2211 1251 2232 et
1270 2206 1359 2232 tribut.

1144 2249 1392 2277 Exscindere.
1429 2249 1460 2276 cf.
1480 2259 1504 2275 v.
1524 2249 1664 2276 Excidere.

1145 2293 1390 2325 Exsculpere.
1426 2294 1602 2324 Excutere,
1628 2295 1778 2329 Exigere.
1816 2293 1856 2318 111.
1881 2294 1946 2320 Cn.

1111 2334 1153 2361 An
1173 2340 1310 2361 exactores
1329 2334 1405 2366 ultra,
1426 2345 1502 2371 quam
1522 2336 1647 2372 oportuit,
1667 2335 1699 2362 de
1713 2336 1824 2362 fortunis
1843 2337 1947 2371 provin-

1112 2377 1215 2404 cialium
1235 2377 1334 2413 aliquid
1353 2377 1509 2415 exsculpere
1528 2378 1675 2404 voluerunt.
1699 2378 1747 2404 Th.
1768 2378 1797 2404 C.
1817 2378 1862 2404 XI.
1882 2380 1904 2404 l.
1924 2389 1945 2405 c.

1111 2422 1135 2446 3.
1150 2419 1189 2455 de
1207 2430 1301 2446 aunon.
1323 2424 1347 2446 et
1366 2420 1456 2446 tribut.
1493 2420 1573 2456 Quod
1597 2421 1629 2447 ad
1652 2431 1761 2458 poenam
1784 2420 1891 2447 admissi
1913 2421 1946 2447 fa-

1112 2464 1210 2489 cinoris
1231 2462 1401 2499 exsculpitur.
1422 2473 1443 2489 c.
1462 2465 1486 2490 5.
1506 2463 1539 2490 de
1557 2464 1635 2490 modo
1654 2463 1725 2490 mult.
1747 2465 1768 2488 1.
1783 2464 1823 2489 54.
1844 2463 1875 2489 cf.
1896 2463 1945 2491 Th.

1113 2505 1143 2532 C.
1163 2505 1208 2532 XI.
1228 2507 1269 2531 30.
1291 2516 1312 2532 c.
1331 2506 1372 2531 44.
1393 2515 1416 2531 c.
1434 2506 1475 2532 65.
1495 2505 1527 2532 de
1546 2517 1604 2543 app.
1625 2512 1649 2532 et
1667 2516 1743 2542 poen.

1146 2549 1350 2575 Exseeare·
1388 2550 1532 2575 secando
1556 2551 1698 2575 exinzere.
1735 2548 1753 2574 Ι,
1773 2550 1834 2583 Sy.
1870 2549 1945 2576 Exci-

1112 2591 1182 2617 dere.
1203 2590 1329 2623 Caedere,
1349 2590 1452 2618 Secare.
1472 2591 1503 2617 cf.
1524 2601 1547 2616 v.
1565 2590 1704 2617 Excidet-e.
1724 2592 1745 2625 3.
1767 2593 1789 2618 l.
1826 2591 1945 2620 Iltcn.

1112 2633 1258 2659 Excidendi
1284 2633 1476 2670 exsecandique
1501 2632 1630 2665 (metalli)
1654 2632 1771 2660 facultas.
1792 2633 1841 2660 Th.
1862 2635 1892 2661 C.
1911 2635 1943 2661 X.

1113 2677 1152 2702 19.
1174 2686 1195 2702 c.
1217 2678 1256 2702 11.
1277 2676 1309 2702 de
1328 2676 1424 2703 metall.
1450 2676 1564 2702 Exsecto
1583 2679 1674 2701 ventre
1693 2681 1833 2707 extractus.
1853 2687 1873 2703 s.
1893 2677 1945 2704 edi-

1113 2723 1163 2745 tus.
1183 2718 1213 2744 fr.
1233 2720 1256 2745 (3.
1277 2730 1316 2756 pr.
1337 2719 1368 2745 de.
1387 2718 1458 2745 inoff.
1475 2721 1578 2743 testam.
1599 2719 1622 2743 5.
1641 2720 1665 2744 2.
1686 2718 1715 2745 fr.
1737 2721 1775 2746 12.
1795 2730 1834 2756 pr.
1855 2720 1886 2746 de
1899 2720 1942 2746 lib.

1113 2766 1137 2788 et
1155 2761 1243 2798 posth.
1262 2763 1303 2787 28.
1324 2764 1347 2788 2.
1842 2762 1848 2767 ’

1147 2803 1414 2832 Exsecrabilis.
1433 2801 1562 2836 (Adiect.)
1585 2805 1825 2837 Abhorrendus,
1851 2806 1942 2831 Dam-

1469 2846 1502 2871 45
