2197 3121
940 167 1026 197 PRU
1041 185 1079 190 —
1094 167 1187 197 PUB.

199 249 362 276 deliberatio.
397 248 446 275 Th.
471 248 502 276 C.
527 248 568 275 111.
590 250 629 274 17.
654 257 676 274 c.
696 249 720 274 3.
744 257 783 284 pr.
808 247 840 274 de
865 252 911 274 tut.
938 253 963 274 et
987 258 1040 275 cur.

199 291 301 319 creand.
340 291 459 318 Prudens
479 291 624 317 consilium.
646 290 675 317 sr.
697 292 718 316 l.
739 291 760 324 5.
780 292 821 316 27.
842 290 874 316 de
894 292 1040 327 quaestion.

198 336 294 361 48.18.
325 334 448 365 Scientia.
470 344 522 360 non
542 343 607 370 quac
627 333 695 359 cadit
716 334 741 359 in
756 333 973 370 iurisprudentes,
994 333 1041 360 sed
1062 355 1064 367 ‹

200 388 277 414 quam
297 379 355 414 quis
376 382 418 404 aut
438 388 485 414 per
504 387 533 403 se
552 381 596 402 aut
615 386 661 413 per
675 376 741 402 alios
755 376 863 412 adsequi
878 377 972 413 potuit,
992 377 1042 403 sci·
1062 377 1064 387 ¹

199 420 261 446 licet.
280 420 442 446 consulendo
462 419 657 457 prudentiores.
678 419 707 445 sr.
727 422 750 445 2.
771 419 791 452 5.
807 421 830 445 5.
858 418 909 454 Qu.
930 418 994 444 ordo
1015 419 1040 444 in

199 473 272 500 poss.
292 464 333 489 38.
354 464 394 488 15.
414 479 446 482 —
466 463 497 496 ἓ.
512 464 547 489 2.
569 464 657 489 luris
675 465 812 496 peritus.
849 461 867 487 I.
883 463 943 495 Sy.
963 461 1041 488 Iuris-

199 505 343 532 consultus.
365 505 405 532 Cf.
426 505 450 532 h.
465 516 488 531 v.
509 505 702 542 lurisprudens,
722 505 899 542 Iurisperitus.
920 504 960 531 Cf.
976 504 1000 530 h.
1015 515 1039 531 v.

198 548 304 585 Quibus
328 549 486 585 permissum
510 552 550 574 est
574 549 628 574 iura
650 547 770 574 condere.
807 546 960 573 Prudentes.
982 546 1038 574 Gai.
1061 545 1062 560 ³

198 591 216 617 1.
236 593 259 618 7.
284 592 306 625 5.
327 595 350 617 δ.
370 590 389 617 I.
415 591 447 617 de
470 591 487 617 l.
508 590 538 616 N.
561 593 583 617 1.
602 593 626 617 2.
664 591 731 617 Iuris
754 595 882 616 auctores
920 589 1038 616 Yeteres.
1060 595 1062 626 ξι

198 634 357 670 Antiquitas.
377 633 533 660 Prudentes.
553 644 573 660 c.
594 636 618 660 ⁶2.
639 634 675 667 55.
692 635 714 659 l.
732 642 789 669 sqq.
806 634 845 658 10.
866 632 898 658 de
917 638 967 659 vet.
984 634 1039 659 iure
1060 627 1061 630 ¹

198 676 282 703 enucl.
306 678 326 701 l.
350 678 390 702 l7.
416 686 436 702 c.
457 678 480 702 2.
502 686 540 713 pr.
565 677 586 710 5.
611 679 630 702 Ι.
656 676 688 702 de
707 680 790 702 const.
810 685 866 712 pec.
886 678 910 701 4.
932 676 971 701 18.
1009 675 1038 701 ll.

198 720 265 753 Op.
295 717 350 745 Lex
374 718 439 752 (XII
464 718 566 750 Tabb.)
595 735 627 738 —
655 718 838 755 Interpretatio
863 717 1038 754 prudentium.

196 761 268 788 Paul.
289 761 333 788 IV.
354 762 376 788 8.
401 762 422 795 5.
442 764 466 788 3.
508 761 551 788 Ill.
572 763 636 790 (311.
659 761 702 787 Ius
728 760 805 787 civile
830 766 883 792 est,
912 761 982 797 quod
1009 771 1039 787 ex

196 803 312 840 legibus.
333 820 364 823 —
385 806 541 831 auctoritate
563 804 730 842 prudentium
748 805 828 832 venit.
854 803 883 830 fr.
905 805 927 830 7.
947 814 985 841 pr.
1006 803 1038 829 de

195 846 213 873 I.
235 851 260 873 et
279 847 297 873 I.
321 849 341 873 l.
363 849 385 873 l.
406 847 437 873 cf.
466 848 495 873 t'r.
515 849 539 873 2.
565 848 585 881 5.
606 849 627 873 5.
651 846 683 872 de
703 846 735 872 Ο.
757 846 774 873 I.
797 849 817 872 l.
838 848 862 872 2.
899 846 1038 883 Proprium

195 890 235 915 ius
256 889 342 921 civile,
363 889 442 926 quod,
463 891 519 915 sine
539 890 647 926 scripto,
668 890 693 915 in
707 889 762 915 sola
776 889 944 926 prudentium
960 891 1038 915 inter-

194 933 342 969 pretatione
368 933 499 958 consistit.
524 932 553 958 fr.
573 934 596 957 2.
622 932 704 965 5.1‘2.
731 932 764 958 ib.
787 934 808 958 l.
828 934 851 958 2.
890 932 935 958 Sic
959 933 1037 957 inter-

194 980 331 1011 pretantur
354 975 498 1012 prudentes
523 974 569 1000 has
595 975 806 1000 constitutiones.
832 974 914 1000 Yatic.
935 975 956 1008 5.
979 976 1036 1000 132.

195 1018 225 1044 fr.
245 1019 286 1044 31.
308 1019 329 1051 5.
347 1020 367 1043 1.
389 1018 420 1044 de
440 1017 508 1053 vulg.
529 1022 554 1043 et
573 1027 634 1054 pup.
655 1020 696 1043 25.
711 1019 734 1043 6.
765 1017 904 1054 Responsa
924 1016 1037 1054 prudeu-

194 1061 266 1086 tium.
287 1060 344 1086 Gai.
364 1060 381 1086 l.
402 1062 425 1086 2.
447 1062 469 1086 7.
506 1059 564 1086 Iulii
584 1060 658 1086 Pauli
679 1061 783 1097 opinio,
811 1065 835 1085 vt
855 1060 964 1086 aliorum
985 1070 1037 1086 cer-

195 1108 280 1129 torum
300 1103 475 1140 prudentium.
497 1113 517 1129 c.
537 1105 561 1129 5.
582 1104 602 1137 5
627 1105 646 1129 1.
668 1102 699 1128 de
719 1113 770 1128 rec.
792 1103 880 1129 arbitr.
899 1105 923 1128 2.
943 1104 983 1129 56.
1005 1102 1036 1129 cf.

196 1156 217 1172 c.
243 1148 265 1171 4.
292 1146 324 1172 de
350 1145 436 1172 collat.
462 1147 485 1171 6.
508 1147 549 1172 20.
595 1146 722 1172 Diversae
746 1147 892 1171 sententiae
917 1156 929 1171 a
952 1145 1038 1181 legum

194 1188 368 1225 prudentibus
388 1188 498 1214 habitae.
521 1199 542 1214 c.
558 1190 597 1214 ll.
618 1188 650 1215 de
670 1198 731 1215 rem.
752 1189 822 1225 pign.
842 1192 866 1215 ὅ.
884 1190 926 1215 ⁴26.
959 1188 986 1214 lu
1007 1198 1037 1215 eo
1058 1202 1060 1213 s

192 1231 353 1258 dissentiunt
375 1231 527 1268 prudentes.
554 1231 611 1257 Gai.
631 1231 661 1257 ll.
684 1233 740 1257 195.
778 1231 880 1257 Placuit.
903 1231 1038 1268 prudenti-

192 1274 250 1306 bus,
271 1284 291 1301 s.
311 1274 536 1311 prudentimibuS.
558 1273 588 1300 fr.
608 1276 649 1300 54.
676 1284 714 1310 pr.
733 1274 818 1300 mand.
841 1276 880 1300 17.
903 1276 924 1300 1.
944 1274 974 1300 fr.
994 1276 1035 1301 31.

191 1327 230 1353 pr.
250 1317 283 1343 de
299 1317 368 1353 vulg.
389 1322 414 1343 et
434 1328 495 1354 pup.
515 1318 557 1343 28.
571 1318 594 1343 6.
633 1316 701 1343 Cum
721 1333 753 1336 —
773 1317 834 1343 sacti
854 1318 1035 1354 interpretatio
1057 1325 1059 1340 Ι

190 1359 345 1397 plerumque
365 1361 440 1386 etiam
460 1359 683 1396 prudentissimos
704 1359 784 1386 sallat.
806 1360 835 1386 sr.
850 1362 872 1386 2.
895 1360 927 1386 de
942 1361 990 1386 iur.
1011 1364 1037 1386 et

190 1402 252 1429 facti
270 1403 320 1439 ign.
340 1405 381 1428 22.
402 1404 425 1428 6.
463 1402 616 1428 Sententiae
636 1401 804 1439 prudentium
824 1404 948 1429 virorum.
970 1413 990 1430 c.
1011 1404 1035 1430 6.

190 1445 223 1472 de
242 1445 316 1472 milit.
339 1450 438 1471 testam.
459 1447 482 1471 6.
502 1447 543 1471 21.
582 1445 629 1471 Vir
652 1445 876 1482 prudentissimus
901 1446 1036 1483 (Papinia-

190 1498 248 1521 nus,
269 1498 292 1514 v.
313 1487 442 1525 leianus
462 1490 524 1520 etc.)
545 1498 565 1514 c.
581 1490 620 1514 14.
641 1487 673 1514 de
693 1488 780 1525 praed.
802 1494 827 1514 et.
847 1489 878 1515 al.
899 1489 952 1515 reb.
973 1490 1033 1516 min.

189 1533 213 1557 5.
235 1533 276 1557 7l.
302 1542 322 1557 c.
345 1533 384 1557 12.
409 1531 442 1557 de
467 1531 542 1567 legat.
568 1532 591 1557 6.
611 1532 652 1556 37.
678 1541 698 1557 e.
721 1533 760 1557 11.
786 1531 816 1557 ad
842 1531 870 1557 L.
897 1531 977 1558 Corn.
1003 1532 1035 1558 de

190 1574 246 1600 sals.
265 1576 289 1601 9.
303 1576 344 1600 22.
366 1584 386 1600 c.
403 1576 442 1600 ll.
464 1574 495 1600 (1(1
516 1575 662 1610 quaestion.
683 1575 706 1600 9.
725 1576 765 1600 41.
803 1575 905 1600 Auctor
923 1574 1036 1611 pruden-

189 1617 308 1643 tissimus
327 1616 464 1643 1.Ctorum
484 1616 646 1649 (Scaevola.)
667 1616 717 1643 Th.
737 1616 767 1643 C.
788 1617 831 1643 lv.
851 1619 874 1643 4.
896 1628 916 1643 c.
930 1620 955 1644 3.
975 1618 988 1651 5
1009 1619 1033 1644 3.
1055 1635 1057 1644 t

191 1659 224 1685 de
243 1665 343 1686 testam.
365 1665 390 1685 et
409 1659 492 1685 codic.

228 1703 456 1729 Prudenter.
473 1701 584 1734 (Advb.)
605 1704 757 1733 Provide,
779 1704 1032 1737 circumspecte,

190 1747 307 1772 Perite.
344 1745 469 1772 111.(’11-
491 1744 643 1775 Prudenter,
664 1750 689 1770 et
708 1746 807 1781 egregia
828 1747 927 1772 ratione
947 1746 1034 1772 huma-

191 1788 279 1813 nitatis
300 1787 470 1819 (damnasti.)
496 1787 525 1813 fr.
549 1789 569 1813 1.
595 1788 616 1820 5.
637 1789 678 1813 27.
704 1788 736 1813 de
757 1789 903 1824 quaestion.
929 1790 970 1815 48.
994 1791 1032 1815 18.

191 1829 349 1856 Prudentius
370 1832 457 1867 itaque
477 1830 566 1861 saciet,
587 1831 609 1855 si
629 1835 677 1856 ete.
698 1830 728 1856 fr.
748 1832 788 1856 33.
810 1830 842 1856 de
863 1830 892 1857 N.
914 1831 945 1858 G.
964 1833 988 1857 3.
1008 1833 1032 1857 5.

190 1872 398 1899 Prudentissime
422 1874 486 1899 iuris
510 1878 631 1898 auctores
656 1872 821 1899 medietatem
845 1873 973 1910 quandam
994 1884 1033 1900 se-

190 1916 243 1941 cuti
262 1921 331 1942 sunt.
353 1915 382 1942 fr.
403 1917 426 1942 3.
448 1917 469 1942 si
489 1925 549 1952 pars
570 1915 658 1941 hered.
678 1918 702 1941 5.
724 1917 747 1942 4.

228 1959 452 1985 Prudentia.
490 1959 520 1990 §-
537 1960 571 1984 l.
592 1960 987 1992 Experie111ia‚1¹eritia.
1014 1959 1031 1985 Ι.

190 2002 251 2035 Sy.
276 2001 399 2027 Scientia.
425 2000 454 2027 sr.
475 2002 498 2027 9.
525 2002 546 2034 5.
566 2003 588 2027 3.
615 2001 648 2027 de
673 2002 718 2027 iur.
745 2007 770 2028 et
794 2002 853 2028 faeti
877 2003 926 2037 ign.
946 2004 987 2028 22.
1008 2004 1031 2028 6.
1053 2022 1054 2030 .

189 2044 219 2070 fr.
241 2046 280 2070 10.
301 2044 332 2069 de
352 2044 384 2070 B.
403 2043 430 2070 P.
450 2045 491 2069 37.
516 2046 535 2070 Ι,
573 2043 615 2069 III.
637 2045 702 2071 Cn.
729 2044 850 2070 Summae
869 2044 1032 2081 prudentiae,

190 2092 214 2112 et
234 2087 398 2113 auctoritatis
418 2086 486 2123 apud
507 2086 622 2113 Graecos
643 2086 753 2119 (Plato.)
778 2087 807 2113 l'r.
827 2090 849 2112 2.
872 2087 903 2113 de
924 2088 1031 2114 nundin.

190 2131 230 2155 50.
251 2131 288 2156 ll.
327 2130 509 2158 Auctoritatis.
529 2129 693 2166 prudentiae.
714 2129 775 2156 fidei
795 2130 946 2167 exploratae
964 2141 1030 2157 esse.

191 2171 220 2197 fr.
240 2174 263 2198 3.
284 2173 304 2206 5
326 2174 348 2198 4.
369 2172 401 2198 de
421 2172 494 2198 liber.
517 2172 603 2199 exhih.
624 2174 664 2199 43.
680 2174 721 2199 30.
759 2172 810 2199 Pro
832 2178 873 2199 tua
893 2173 1031 2210 prudentia

190 2214 336 2249 invigilabis
356 2215 503 2241 hereditati.
525 2215 554 2241 fr.
574 2217 615 2241 25.
636 2216 657 2248 5.
677 2219 701 2241 ὃ.
722 2216 754 2242 de
768 2216 798 2242 Α.
814 2226 837 2242 v.
853 2216 885 2242 Ο.
901 2215 932 2242 H.
952 2218 992 2242 29.
1006 2220 1029 2242 2.
1052 2232 1054 2247 Ι

190 2256 361 2290 Dignoseitur
386 2257 515 2283 calliditas
544 2258 667 2284 dictantis
693 2268 745 2284 non
770 2258 893 2285 habuisse
917 2259 1031 2296 pruden-
1052 2251 1054 2264 ¹

191 2300 259 2324 tiam.
290 2298 410 2326 Consult.
435 2305 486 2326 vet.
515 2300 594 2327 Leti.
621 2312 641 2327 c.
668 2303 689 2327 7.
720 2317 751 2320 —
780 2302 810 2334 ᾖ.
836 2303 870 2328 2.
899 2304 1029 2328 Peritia

190 2343 285 2367 iuris.
307 2343 505 2375 Inrisperiti
524 2346 597 2378 ipsi.
636 2344 653 2370 1.
667 2346 728 2378 Sy.
747 2344 891 2370 Auctorum
911 2346 1030 2380 iurgium.

191 2384 306 2419 Antiqua
326 2384 470 2420 prudentia.
491 2396 511 2412 c.
528 2389 566 2413 13.
582 2396 639 2423 sqq.
660 2387 692 2413 de
713 2387 792 2413 usufr.
814 2392 838 2413 et
858 2387 937 2413 habit.
951 2390 974 2414 3.
989 2390 1030 2414 33

190 2426 234 2451 111.
250 2427 315 2453 Cn.
337 2426 467 2462 Antiquae
486 2429 640 2464 prudentiae
660 2430 784 2456 cultores.
804 2441 825 2456 c.
844 2432 880 2455 15.
901 2430 933 2456 de
947 2435 1030 2457 contr.

192 2473 251 2494 emt.
271 2471 294 2495 4.
314 2470 356 2494 38.
394 2468 467 2495 Libri
487 2471 549 2497 iuris
570 2478 713 2504 auctorum,
734 2478 758 2499 et
778 2472 826 2498 alia
846 2474 951 2508 antiqua
971 2484 1031 2510 pru-

192 2511 286 2537 dentia.
307 2521 327 2537 c.
347 2515 371 2537 2.
392 2512 413 2544 5.
432 2514 452 2537 1.
474 2511 505 2538 de
525 2519 607 2540 const.
627 2526 683 2552 pec.
703 2517 726 2542 4,
744 2517 782 2541 IS.
820 2514 918 2551 Regula
939 2516 970 2542 ab
990 2526 1032 2542 an-
1052 2522 1053 2525 ’

190 2556 261 2590 tiqua
281 2554 419 2590 prudentia
440 2556 567 2590 exposita.
589 2567 609 2583 c.
622 2560 663 2584 21.
685 2558 716 2584 (1(-
736 2558 796 2584 furt.
816 2559 877 2584 (1.2.
898 2574 930 2577 —-
949 2559 980 2592 ξ.
993 2561 1030 2586 3.

194 2598 329 2623 Titulus
348 2598 553 2623 honorarius.
589 2598 711 2627 Ill-011.
731 2601 811 2637 Quod
833 2602 882 2633 (sc.
903 2600 1031 2635 officium)

191 2644 263 2676 paret
290 2639 413 2665 laudabili
439 2639 592 2675 prudentiae
616 2646 682 2668 tuae.
711 2643 760 2670 Th.
782 2644 812 2670 C.
832 2643 899 2670 VIII.
919 2646 941 2670 7.
966 2654 986 2670 c.
1008 2647 1030 2670 7.
1052 2645 1054 2656 '

191 2682 222 2708 de.
237 2682 287 2707 div.
303 2682 373 2707 ol'tic.
411 2681 460 2707 Per
475 2681 629 2718 prudentiae
649 2689 707 2711 tuae
727 2687 850 2713 iudicium
871 2688 1029 2723 investigari.

191 2724 226 2750 lb.
247 2724 278 2750 X.
303 2726 339 2750 t7.
361 2734 381 2749 c.
400 2725 424 2749 2.
442 2734 480 2759 pr.
501 2724 533 2750 de
552 2725 636 2761 sepul.
658 2727 719 2753 viol.
757 2729 831 2764 Quae
855 2729 946 2766 pandit
969 2739 1030 2766 pru-

191 2766 278 2793 dentia
298 2772 339 2792 tua
360 2768 384 2792 in
405 2766 538 2793 relatione.
560 2767 629 2793 Coti.
650 2767 703 2794 LL.
723 2769 756 2796 M.
775 2771 833 2798 XV.
852 2774 876 2798 3.

230 2809 512 2843 Pruriginosus.
527 2810 656 2843 (Adiect.)
676 2813 855 2848 Prurigine
869 2817 1030 2842 laborans.

1866 175 1926 205 787

1088 248 1129 275 III.
1142 250 1208 277 Gn.
1229 248 1380 281 Gibberosi,
1400 249 1442 276 vel
1462 251 1542 283 curvi,
1562 251 1604 278 vel
1623 253 1792 289 pruriginosi,
1812 253 1853 280 vel
1874 264 1928 281 sca-

1087 291 1163 318 biosi.
1184 291 1214 318 l'r.
1234 294 1257 319 3.
1277 292 1310 319 de
1328 293 1413 319 Aedil.
1435 293 1511 320 edict.
1531 296 1573 321 21.
1594 296 1616 321 l.

1125 335 1293 362 Prusias.
1338 337 1537 371 Metropolis
1566 340 1754 374 Bithyniae.
1797 339 1839 365 HI.
1861 341 1927 368 (fn.

1086 377 1284 414 Claudiopolis,
1304 377 1452 411 Prusiadis,
1473 390 1502 406 ac
1521 380 1610 413 Totai,
1633 386 1659 407 et
1677 380 1797 414 Voridis.
1818 383 1928 420 oppido-

1086 430 1142 446 rum
1161 422 1217 447 sive
1236 422 1399 447 mansionum
1423 432 1470 459 per
1487 422 1652 459 Bithyniam,
1677 424 1796 451 curiales.
1824 425 1873 452 Th.
1894 426 1925 452 C.

1084 463 1140 489 XII.
1164 466 1185 490 1.
1208 474 1228 490 c.
1250 465 1306 490 119.
1327 463 1360 490 de
1378 464 1511 492 decurion.

1122 507 1305 534 Psallere.
1338 509 1485 535 Psalmos
1503 519 1620 536 canere.
1659 509 1702 536 III.
1717 511 1782 538 (7η.
1803 510 1925 538 Oratoria

1084 548 1192 577 habere.
1217 554 1242 575 et
1262 550 1287 575 in
1306 549 1347 576 his
1367 560 1455 582 orare,
1480 556 1505 577 et
1524 551 1637 588 psallere
1660 553 1716 579 sine
1736 553 1853 582 clericis.
1878 554 1925 580 sed

1084 601 1182 618 sacram
1202 593 1307 618 missam
1326 603 1379 619 non
1398 594 1482 620 faciat.
1508 593 1555 620 lul.
1576 604 1615 631 ep.
1636 604 1694 620 nov.
1715 606 1736 621 c.
1756 598 1796 622 52.
1823 598 1845 629 5.
1866 598 1924 623 194.

1084 633 1171 660 Vnum
1191 637 1359 668 asceterium,
1383 637 1399 663 i.
1420 647 1441 663 e.
1461 636 1521 663 VIII
1542 638 1752 664 sanctimoniales
1770 639 1924 675 psallentes,

1060 671 1061 688 ³
1084 682 1109 703 et
1128 677 1163 703 111
1183 677 1307 713 acolythi.
1327 678 1363 704 lb.
1385 689 1404 706 c.
1425 681 1464 706 53.
1485 680 1586 713 5195.

1122 721 1364 747 Psalterium.
1404 723 1574 748 Canticum
1594 725 1791 750 maledicum.
1829 724 1924 759 [Sy.

1085 762 1230 789 Canticum.
1250 763 1321 790 Paul.
1343 763 1374 790 V.
1394 766 1417 790 4.
1438 765 1475 798 55.
1498 767 1537 790 15.
1557 775 1596 802 sq.
1634 765 1676 792 Ill.
1699 768 1763 794 (ln.
1783 766 1826 793 Ps.
1846 783 1878 787 ——
1897 769 1924 794 iu

1084 805 1191 832 alterius
1210 806 1340 832 infamiam
1360 808 1543 844 compositum,
1564 813 1589 834 et
1608 808 1714 845 publice
1728 814 1866 836 cantatum.
1886 810 1923 836 lb.

1084 849 1104 882 ξ.
1126 850 1166 875 16.

1121 892 1550 920 Pseudoeomitatenses.
1576 895 1623 920 Nn
1631 896 1709 920 meri
1722 897 1753 921 1'11
1766 897 1923 929 palatina

1083 936 1222 965 militia,
1248 935 1379 971 (speciem
1404 940 1429 961 et
1454 936 1571 962 ordinem
1596 937 1805 963 comitatensium
1824 939 1924 964 imitan-

1082 977 1144 1009 tes.)
1182 976 1223 1002 III.
1241 977 1306 1004 Cn.
1326 978 1443 1004 Actum-ii
1462 979 1650 1015 palatinorum.
1670 984 1696 1006 et:
1715 981 1924 1007 comitatensium

1082 1029 1259 1050 numerorum.
1274 1036 1305 1038 —
1320 1020 1633 1056 pseudocomitatensium
1648 1023 1732 1049 etiam.
1752 1022 1801 1049 Th.
1814 1023 1844 1050 C.
1855 1023 1921 1050 VIII.

1083 1064 1104 1088 l.
1127 1072 1147 1088 c.
1170 1064 1209 1088 10.
1229 1062 1262 1088 de
1281 1073 1409 1089 numerar.

1120 1106 1280 1138 Psyllus.
1318 1107 1436 1132 Nomen
1460 1109 1552 1132 servi.
1590 1107 1632 1134 III.
1654 1109 1720 1135 Cn.
1744 1108 1851 1135 Erotem
1870 1118 1923 1135 ser-

1082 1158 1142 1174 vum
1163 1158 1255 1176 meum.
1276 1149 1320 1184 qui
1340 1153 1365 1174 et
1386 1147 1492 1184 Psyllus
1512 1154 1628 1179 vocatur,
1648 1150 1759 1177 liberum
1779 1162 1837 1178 esse
1852 1151 1921 1178 volo.

1081 1190 1111 1217 fr.
1134 1192 1173 1216 14.
1194 1190 1225 1216 (1(·
1245 1190 1330 1217 lideic.
1350 1190 1414 1217 libb.
1434 1193 1475 1217 40.
1495 1193 1518 1217 5.

1118 1233 1333 1260 Ptochicus·
1353 1234 1482 1266 (Adieet.)
1503 1236 1550 1260 Ad
1566 1237 1921 1270 ptochiumpertiuens.

1080 1276 1123 1302 III.
1136 1278 1201 1304 Cn.
1221 1275 1285 1302 liem
1305 1276 1464 1302 immobilem
1477 1276 1690 1309 ecclesiasticam,
1710 1279 1752 1305 vel
1767 1279 1922 1315 ptochicam,

1080 1319 1233 1356 (accipere.)
1252 1318 1299 1345 Iul.
1320 1330 1359 1356 ep.
1379 1329 1439 1346 nov.
1460 1330 1479 1346 c.
1502 1321 1524 1345 7.
1545 1320 1566 1353 5.
1588 1321 1630 1346 35.

1118 1362 1331 1389 Ptochium.
1368 1364 1484 1394 Locus,
1511 1364 1541 1389 in
1567 1373 1626 1397 quo
1647 1365 1765 1398 degunt
1785 1371 1813 1390 et
1832 1367 1922 1390 alun-

1080 1411 1134 1431 tur
1146 1414 1314 1438 pauperes.
1344 1405 1363 1431 l.
1375 1406 1436 1439 Sy.
1451 1404 1695 1443 Ptocbotrophium.
1709 1405 1756 1432 Iul.
1772 1406 1787 1432 l.
1802 1405 1818 1432 1.
1833 1417 1853 1432 c.
1866 1408 1923 1433 Ill.

1080 1448 1116 1481 55.
1131 1449 1189 1473 409.
1204 1458 1243 1484 sq.
1280 1447 1322 1473 111.
1338 1449 1404 1475 Cn.
1425 1447 1487 1474 Sive
1507 1448 1633 1475 ecclesiae
1652 1450 1713 1481 sint,
1733 1450 1789 1475 sive
1802 1450 1922 1481 xenonis,

1080 1492 1136 1516 sive
1156 1491 1316 1521 monasterii,
1337 1507 1365 1510 —
1388 1491 1446 1516 sivo
1462 1490 1571 1527 ptochii,
1592 1492 1648 1517 sive
1667 1491 1775 1518 alterius
1795 1493 1923 1529 cuiusque

1080 1533 1196 1559 dominii.
1216 1533 1252 1559 lb.
1274 1544 1294 1559 c.
1317 1535 1355 1559 133.
1376 1534 1398 1566 5.
1417 1535 1458 1559 49.
1481 1543 1500 1559 c.
1522 1535 1563 1559 48.
1583 1534 1683 1567 5189.

1118 1576 1465 1609 Ptochotrophium.
1485 1575 1564 1602 Idem.
1601 1576 1643 1602 ΙΙΙ.
1659 1578 1724 1604 Gn.
1745 1576 1811 1603 Cum
1827 1577 1922 1604 exinde

1079 1621 1236 1645 sustentatio
1257 1634 1288 1638 —-
1309 1618 1448 1655 orphanis.
1469 1624 1546 1655 atque
1566 1620 1664 1655 egenis.
1684 1625 1709 1645 et
1729 1620 1820 1646 usibus
1841 1620 1922 1646 eccle-

1079 1663 1207 1693 siasticis,
1233 1672 1262 1688 ac
1280 1661 1509 1698 ptochotrophiis,
1533 1661 1575 1687 vel
1595 1664 1729 1689 asceteriis
1749 1668 1920 1699 comparetur.

1080 1715 1100 1731 c.
1114 1707 1155 1731 35.
1177 1716 1198 1731 c.
1213 1706 1253 1730 49.
1274 1705 1294 1738 5.
1312 1706 1331 1730 l.
1353 1704 1385 1730 de
1399 1706 1479 1741 episc.
1501 1709 1526 1730 et
1546 1704 1606 1731 cler.
1624 1707 1645 1730 1.
1659 1707 1682 1731 3
1711 1706 1921 1738 Xenodochium,

1078 1747 1120 1773 vel
1141 1748 1334 1777 nosocomium,
1354 1747 1396 1773 vel
1417 1746 1684 1783 orphanotrophium,
1708 1748 1750 1774 vel
1770 1748 1921 1785 ptochotro—

1078 1790 1168 1827 phium
1189 1795 1236 1816 ete.
1258 1800 1278 1816 e.
1302 1791 1340 1816 19.
1362 1789 1393 1815 de
1413 1789 1461 1816 SS.
1483 1789 1545 1816 eccl.
1569 1792 1590 1815 l.
1610 1792 1635 1815 2.

1116 1834 1428 1865 Ptoou-ottalanus.
1468 1834 1530 1865 Qui
1552 1835 1804 1867 ptochotrophio
1827 1844 1920 1868 prae-

1054 1882 1056 1887 ¹
1073 1877 1185 1911 seclus
1203 1882 1256 1901 esl.
1292 1874 1335 1901 111.
1356 1876 1422 1902 Cn.
1442 1875 1576 1906 Monachi.
1597 1875 1796 1913 ptochotrophi,
1815 1882 1859 1903 aut
1877 1887 1920 1903 xc-

1078 1918 1200 1945 nodochi.
1226 1928 1246 1943 c.
1266 1919 1307 1944 33.
1334 1918 1355 1952 5.
1376 1920 1399 1943 7.
1425 1917 1457 1943 de
1482 1919 1562 1955 episc.
1589 1922 1614 1943 et
1634 1918 1695 1945 cler.
1723 1921 1744 1945 l.
1763 1921 1787 1945 3.
1813 1919 1858 1946 lul.
1880 1930 1919 1957 ep.

1078 1971 1136 1987 nov.
1158 1971 1178 1987 c.
1199 1963 1254 1987 lll.
1275 1961 1296 1994 5.
1317 1962 1374 1987 410.
1395 1971 1415 1987 c.
1440 1962 1496 1986 115.
1518 1961 1538 1994 5.
1560 1962 1617 1986 452.

1115 2005 1386 2031 Ptolemenses.
1419 2006 1551 2030 Incolae
1571 2006 1802 2036 ptolemaidis,
1823 2007 1919 2031 Plcoe-

1077 2049 1185 2074 niciae
1205 2049 1305 2073 urhis.
1344 2046 1387 2073 III.
1408 2049 1474 2074 Cn.
1494 2047 1699 2073 Ptolemensium
1720 2046 1834 2078 colonia,
1854 2058 1920 2084 quae

1077 2091 1144 2116 inter
1163 2089 1313 2116 Phoenicen
1333 2095 1358 2116 et
1377 2089 1549 2116 Palaestinam
1570 2091 1619 2116 sita
1639 2094 1686 2115 est.
1712 2089 1742 2115 fr.
1763 2091 1785 2115 1.
1805 2090 1826 2123 5.
1842 2092 1866 2116 3.
1887 2090 1918 2116 de

1077 2133 1175 2158 censib.
1197 2135 1238 2158 50.
1260 2134 1300 2158 15.

1114 2177 1315 2202 Pube-nas.
1336 2177 1433 2202 ..teras
1448 2182 1475 2202 et
1488 2177 1634 2202 conditio
1646 2177 1802 2208 puberum.
1823 2174 1840 2201 I.
1856 2176 1918 2209 Sy.

1076 2218 1163 2244 Pubes
1184 2223 1262 2244 aetaS.
1288 2218 1318 2244 fr.
1339 2220 1380 2244 41.
1400 2219 1480 2252 551.
1501 2228 1540 2253 sq.
1566 2217 1598 2243 de
1617 2217 1685 2253 vulg.
1707 2223 1731 2243 et
1751 2228 1812 2254 pup.
1832 2220 1873 2243 25.
1893 2219 1916 2243 6.

1053 2266 1054 2275 ¹
1075 2261 1106 2287 fr.
1128 2263 1166 2288 14.
1188 2261 1220 2287 de.
1241 2261 1305 2287 SC.
1326 2260 1407 2287 Silan.
1427 2263 1468 2287 29.
1488 2263 1511 2286 ἴ).
1533 2261 1562 2286 t'r.
1582 2262 1606 2286 3.
1627 2261 1648 2293 5.
1669 2262 1692 2286 6.
1713 2260 1745 2287 de
1765 2260 1809 2286 lib.
1830 2260 1916 2286 exhib.

1075 2305 1115 2330 43.
1134 2305 1176 2330 30.
1215 2303 1301 2329 Pubes
1319 2303 1452 2341 adparere.
1472 2302 1639 2329 Pubertatem
1660 2303 1806 2329 ostendere.
1828 2302 1883 2329 Gai.
1898 2302 1915 2328 I.

1078 2347 1134 2373 196.
1155 2345 1215 2383 le.
1236 2346 1280 2373 XI.
1300 2348 1341 2373 28.
1379 2346 1422 2372 III.
1441 2347 1506 2372 011.
1531 2346 1615 2371 Annis
1639 2351 1730 2382 putant
1755 2345 1917 2382 pubertatem

1076 2388 1269 2415 aestimandam.
1298 2389 1354 2415 Gai.
1375 2388 1391 2414 l.
1412 2388 1427 2414 l.
1448 2387 1580 2425 Impuberi
1600 2398 1683 2424 usque
1703 2388 1734 2413 ad
1754 2388 1917 2423 pubertatem

1076 2432 1245 2458 substituere.
1271 2431 1300 2457 fr.
1321 2433 1362 2458 2⁴2.
1387 2431 1451 2464 51.
1478 2430 1509 2456 de
1535 2430 1622 2467 adopt.
1651 2432 1671 2456 l.
1693 2432 1715 2456 7.
1752 2429 1788 2455 lta
1814 2429 1917 2456 demum

1076 2475 1186 2511 obligari
1206 2484 1235 2500 eo
1256 2475 1363 2500 crimine
1382 2473 1557 2510 impuberem,
1583 2474 1604 2499 si
1628 2474 1765 2509 proximus
1784 2471 1916 2508 pubertati

1076 2519 1119 2548 sit,
1143 2522 1169 2543 et
1187 2517 1220 2543 ob
1241 2516 1266 2542 id
1287 2515 1415 2551 intelligat
1434 2526 1462 2541 se
1483 2516 1642 2552 delinquere.
1668 2514 1724 2541 Gai.
1744 2514 1786 2540 III.
1805 2515 1864 2540 ⁴205.
1884 2514 1915 2541 fr.

1078 2562 1134 2586 111.
1154 2570 1192 2597 pr.
1214 2559 1245 2585 de.
1265 2558 1295 2584 R.
1315 2558 1333 2584 I.
1353 2561 1393 2584 50.
1416 2560 1454 2584 17.
1491 2558 1572 2584 Maior
1598 2568 1656 2584 esse
1675 2557 1754 2583 debet
1774 2567 1819 2588 eo,
1839 2573 1870 2576 —
1890 2562 1916 2584 et

1077 2603 1167 2637 utique
1191 2601 1284 2638 plenae
1308 2601 1454 2638 pubertatis
1480 2600 1532 2634 [al.
1557 2601 1633 2637 plena
1657 2599 1827 2636 pubertate]
1856 2601 1872 2626 i.
1893 2610 1914 2626 e.

1076 2644 1161 2670 XVIII
1188 2645 1263 2670 annis
1292 2655 1348 2670 eum
1377 2643 1534 2681 praecedere
1560 2643 1645 2669 debet.
1674 2642 1703 2669 fr.
1724 2644 1765 2669 40.
1790 2643 1811 2676 5.
1833 2644 1855 2668 l.
1882 2642 1915 2668 de

1076 2687 1163 2724 adopt.
1187 2689 1206 2712 1.
1229 2689 1251 2713 7.
1289 2687 1446 2713 Liberantur
1471 2685 1549 2711 tutela
1569 2685 1677 2712 masculi
1697 2685 1801 2722 quidem
1821 2685 1915 2722 puber-

1077 2735 1135 2756 tate.
1157 2729 1217 2766 le.
1237 2729 1281 2756 XI.
1300 2733 1342 2756 ⁶25.
1363 2730 1419 2755 Gai.
1439 2728 1456 2754 I.
1479 2728 1536 2753 168.

1113 2774 1250 2799 Pubes.
1281 2772 1419 2805 (Adieet.)
1451 2772 1602 2797 Maturus
1621 2772 1684 2797 iam
1703 2774 1743 2798 ad
1757 2780 1913 2807 generan-

1076 2817 1152 2841 dum.
1190 2814 1208 2841 I.
1223 2816 1284 2849 Sy.
1303 2814 1389 2841 Pubes
1409 2818 1487 2840 aetas.
1515 2812 1651 2840 Pubertas.
1672 2812 1713 2840 Cf.
1733 2813 1757 2840 h.
1778 2823 1801 2839 v.
1833 2811 1913 2838 Nubi-

1411 2858 1444 2883 99
1456 2858 1469 2870 ¹*
