2197 3121
1023 164 1119 195 PRO.

1869 171 1929 201 771

209 247 242 274 de
261 251 331 274 statu
350 248 441 273 aetatis
461 247 570 273 alicuius
590 249 772 282 quaereretur,
797 248 822 270 et
846 243 965 270 diversae
988 254 1048 281 pro-
1070 246 1073 277 J
1094 247 1155 280 Sy.
1178 245 1315 273 Prodesse.
1341 247 1381 274 Cf.
1402 248 1426 274 h.
1446 258 1469 275 v.
1502 248 1603 275 Valere.
1622 248 1652 275 fr.
1674 251 1696 275 7.
1716 250 1752 283 §§
1773 251 1797 276 4.
1817 260 1876 287 sqq.
1898 251 1932 278 de

209 289 340 316 sessiones
359 289 535 326 proferuntur.
555 288 585 314 fr.
607 290 645 314 13.
667 287 698 314 de
717 286 818 324 probat.
838 289 879 312 22.
898 288 922 312 3.
943 296 965 312 c.
983 289 1004 313 1.
1025 288 1047 313 si
1093 294 1160 325 pact.
1185 292 1208 315 2.

1235 290 1274 315 14.
1312 289 1355 316 llI.
1379 292 1444 318 (7η.
1474 291 1520 317 His
1544 292 1609 318 solis
1637 293 1746 329 pecunia
1776 294 1931 326 condicitur,

208 333 270 359 min.
291 343 319 359 se
338 333 427 359 maior.
446 334 471 358 2.
490 333 531 358 43.
569 330 703 356 Professio
728 329 877 356 donationis
900 329 968 366 apud
992 335 1048 356 aeta
1070 329 1071 367 l
1093 331 1188 368 quibus
1213 332 1398 368 quoquomodo
1423 333 1507 360 soluta
1533 340 1586 365 est,
1615 345 1666 361 non
1692 335 1787 370 quibus
1816 337 1930 373 proficit.

208 374 299 401 factae.
320 374 403 401 Vatic.
423 375 444 408 ξ.
464 375 523 400 266.
533 384 554 399 a.
584 372 712 399 Pecuniae
732 372 833 399 solutae
851 371 982 409 professio
996 371 1048 398 col·
1068 368 1070 409 l
1093 374 1121 400 fr.
1142 376 1182 401 49.
1203 374 1236 401 de
1255 374 1330 401 cond.
1351 375 1436 402 indeb.
1457 379 1496 403 12.
1514 379 1537 403 6.
1574 378 1613 404 Ex
1632 382 1704 414 parte
1723 379 1823 414 agentis
1842 381 1930 416 pactio

208 417 261 444 lata
286 419 467 444 instrumento.
494 427 514 443 c.
539 417 578 442 14.
603 414 635 441 de
660 415 738 441 solut.
762 417 786 441 8.
812 416 852 441 43.
894 414 975 445 Dies,
1002 416 1046 451 qui

1068 416 1069 445 l
1091 417 1176 443 locum
1197 417 1287 449 habet,
1314 422 1342 444 ut
1366 423 1391 443 et
1416 418 1448 445 ad
1467 421 1594 446 actionem
1613 421 1740 457 proficiat.
1767 421 1796 448 fr.
1818 423 1840 447 7.
1864 423 1885 456 ξ.
1905 424 1929 449 6.

209 461 341 497 praefiniti
364 464 426 486 sunt
449 459 481 485 ad
504 458 696 496 professionem
721 458 904 484 excusationis.
929 467 950 483 c.
969 459 991 484 6.
1015 457 1047 483 de
1067 450 1069 487 l
1091 459 1123 486 de
1142 465 1209 496 pact.
1228 463 1252 487 2,
1274 462 1312 487 14.
1349 460 1434 498 Impar
1452 464 1643 490 matrimonium
1665 464 1826 501 adpellatur‚
1851 469 1876 490 et
1895 481 1928 484 —

209 513 298 529 exous.
323 507 369 529 tut.
394 504 418 528 5.
443 503 484 527 (32.

178 554 181 558 '
209 545 325 572 fraudem
350 561 380 564 —
405 544 505 570 ablatae
530 548 604 576 sunt,
633 543 675 569 vel
703 542 862 580 professioni
890 542 1046 574 subtractae,

209 586 401 624 (quadruplum
420 587 485 612 fisco
505 585 689 623 dependitur.)
714 585 755 612 Fr.
775 584 807 611 de
825 585 843 611 I.
863 584 891 611 F.
911 586 932 618 §.
954 587 992 611 18.
1013 585 1044 611 cf.

208 630 239 657 fr.
255 631 294 656 16.
315 630 336 663 ᾗ.
352 631 391 655 12.
412 629 443 655 de
462 628 594 666 publican.
613 630 654 655 39.
669 629 692 654 4.
723 628 775 663 Qui
794 627 969 664 acceptandis,
990 629 1045 654 sive
1066 632 1067 637 ¹

207 671 384 709 suscipiendis
404 671 570 698 censualibus
589 670 799 708 professionibus
819 670 990 697 destinantur.
1014 671 1044 697 fr.
1066 667 1067 697 l

208 716 248 741 18.
267 715 289 748 §.
310 715 350 740 16.
371 713 403 740 de
421 724 490 740 mun.
511 719 537 741 et
555 714 615 740 hon.
636 716 676 739 50.
696 715 718 738 4.
739 712 768 739 fr.
788 715 811 738 2.
833 712 865 739 de
885 713 982 740 censib.
1002 716 1043 739 50.
1065 707 1067 741 ⁴.

208 758 248 783 15.
268 772 299 776 -
319 757 350 790 ξ.
370 758 454 783 LA.
475 759 650 784 Censualis
669 757 862 789 descriptio,
881 766 899 782 s.
915 758 1044 792 forma,

207 809 288 834 quae
309 801 553 833 profitentibus
575 800 779 834 proponitur.
816 798 858 824 III.
880 800 945 826 (In.
972 798 1045 825 Nihil

207 841 319 878 amplius
340 852 416 878 quam
435 847 534 868 certum
553 841 726 879 professionis
747 840 853 866 modum
873 841 1044 878 (possidere.)

206 883 257 910 Th.
277 884 308 910 C.
329 883 372 910 VI.
392 887 415 911 2.
442 895 462 911 c.
483 888 507 912 2.
527 885 548 919 §.
570 887 592 910 1.
619 883 650 910 de
670 884 756 910 Senat.
777 888 803 909 et
821 883 853 909 de
871 883 938 919 gleb.
976 883 1044 910 Cum

205 926 333 953 subsidiis
358 927 508 954 facultatum
534 932 559 953 ct
577 926 750 964 professionis
770 926 847 952 modo
868 928 916 952 rite
936 925 1045 952 definire

205 969 343 1002 (editionis
359 970 562 1003 necessitatem.)
582 969 619 995 lb.
635 968 678 995 Vl.
693 971 716 995 4.
737 979 757 995 c.
771 971 812 994 21.
833 969 854 1002 ᾖ.
868 971 892 995 5.
915 968 948 995 de
960 968 1043 995 Praet.

206 1017 232 1038 et
252 1012 304 1048 Qu.
342 1013 460 1039 Duorum
482 1012 582 1038 follium
603 1017 704 1038 maneat
723 1016 832 1037 cunctos
851 1027 883 1030 —
903 1012 1043 1048 professio,

206 1056 307 1081 etiamsi
326 1056 522 1092 possessionem
542 1054 608 1081 forte
628 1065 679 1080 non
694 1054 812 1080 habeant.
833 1053 869 1080 lb.
884 1053 927 1080 vl.
940 1057 963 1080 2.
984 1065 1004 1081 c.
1019 1056 1042 1081 2.

205 1098 227 1131 §⁴
247 1100 271 1124 2.
292 1098 308 1124 l.
346 1098 487 1135 Septimum
512 1097 669 1123 tributorum
693 1096 724 1122 ad
749 1098 960 1133 supputationem
985 1107 1044 1134 pro·

207 1140 330 1167 sessionis
350 1141 471 1176 antiquae
489 1149 536 1176 per
556 1141 693 1166 universos
713 1139 804 1165 titulos
819 1139 985 1175 adgnoscere.
1006 1140 1042 1166 lb.

203 1182 248 1209 XI.
268 1184 308 1209 28.
329 1193 349 1209 c.
367 1185 404 1209 12.
425 1182 457 1208 de
476 1182 573 1218 indulg.
594 1182 674 1209 debit.
696 1198 727 1201 —
747 1183 778 1215 ξ.
793 1183 828 1208 ².
849 1185 1042 1210 Persuasio-

203 1227 266 1258 nis,
287 1228 333 1252 vel
347 1227 449 1261 fidei,
469 1227 642 1261 consessio.
679 1224 721 1251 111.
741 1226 807 1252 Gn.
824 1225 988 1257 Eunomiani,
1010 1242 1039 1246 —-

204 1268 351 1304 caeterique
380 1267 580 1294 exsecrabilium
608 1268 762 1304 religionum
791 1272 816 1294 et
848 1267 1064 1304 professionum=

202 1311 276 1337 ritus.
301 1310 338 1336 lb.
358 1310 428 1336 XVI.
449 1313 472 1336 5.
498 1321 519 1336 c.
539 1312 579 1337 61.
607 1310 639 1337 de
663 1310 758 1336 haeret.
797 1311 850 1346 Qui
874 1310 964 1337 harum
982 1321 1041 1348 pro-

201 1352 346 1380 fessionum
365 1353 407 1380 vel
426 1353 591 1390 pontificium
611 1353 675 1386 sibi,
699 1353 741 1380 vel
764 1354 938 1379 ministerium
957 1353 1042 1379 vindi-

202 1401 301 1422 carunt.
322 1396 358 1422 Ib.
374 1406 394 1422 c.
411 1398 450 1422 13.
489 1398 563 1431 Quae
583 1397 680 1422 crinem
699 1406 775 1422 suum
794 1411 825 1415 -—
846 1397 971 1423 instinctu
985 1407 1040 1434 per-

201 1448 294 1465 suasae
313 1438 486 1476 professionis
506 1438 673 1465 absciderint.
693 1438 730 1465 Ib.
749 1438 820 1465 XVI.
840 1441 864 1465 2.
884 1450 905 1465 c.
918 1441 959 1465 27.
980 1440 1001 1473 ᾗ.
1017 1441 1039 1465 l.

202 1481 235 1508 de
260 1483 340 1519 episc.
365 1481 428 1508 eccl.
460 1497 489 1501 —
519 1482 550 1515 ξ.
571 1483 608 1508 3.
636 1483 841 1509 Exercitium
865 1484 964 1513 artis,
995 1485 1041 1508 vel

200 1527 380 1551 doctrinae.
416 1524 434 1550 1.
450 1525 511 1558 Sy.
532 1524 632 1550 Studia.
652 1524 688 1550 lb.
707 1523 777 1551 XIV.
798 1526 821 1551 9.
842 1535 862 1551 c.
881 1526 902 1551 1.
923 1524 955 1550 de
969 1524 1038 1550 stud.

201 1566 276 1594 liber.
297 1567 353 1593 urb.
374 1567 404 1593 R.
431 1567 614 1594 Conversatio.
634 1577 654 1593 c.
673 1569 714 1593 253.
740 1568 763 1601 ξ.
782 1569 804 1593 1.
829 1567 861 1593 de
880 1572 952 1604 nupt.
972 1569 995 1593 5.
1015 1570 1039 1593 4.

200 1609 244 1635 111.
266 1611 332 1637 Cn.
353 1609 412 1635 Non
432 1615 531 1636 tantum
550 1610 627 1636 huius
647 1611 709 1636 artis
729 1609 873 1646 professio,
896 1610 943 1636 sed
963 1611 1039 1636 etiam
1060 1640 1062 1644 Ι

201 1653 309 1678 scientia
328 1652 461 1689 prohibita
480 1657 527 1679 est.
548 1652 619 1679 Paul.
640 1653 670 1679 V.
691 1655 732 1679 23.
753 1653 774 1686 §.
796 1654 835 1678 18.
856 1652 924 1679 Coll.
939 1652 991 1678 LL.
1005 1652 1038 1679 Μ.

200 1693 259 1721 XV.
278 1696 302 1721 2.
339 1695 373 1721 Et
392 1695 456 1721 urbe
480 1695 636 1722 interdicere
655 1695 805 1722 Praefectus
826 1695 870 1722 Vr.
891 1712 922 1715 —
941 1701 1038 1732 potest,

202 1741 228 1763 et
247 1739 436 1773 negotiatione,
461 1743 487 1764 et
506 1738 686 1775 professione,
711 1743 736 1765 et
759 1738 986 1769 advocationibus.
1014 1743 1039 1764 et

202 1779 267 1805 foro.
288 1780 318 1806 fr.
335 1782 356 1806 1.
376 1780 398 1813 ξ.
420 1782 459 1806 13.
480 1780 512 1807 de
532 1781 575 1807 off.
596 1780 647 1808 Prf.
662 1781 707 1808 ΥΡ.
729 1784 750 1808 l.
766 1784 805 1808 12.
842 1781 1038 1807 Professionum

202 1826 227 1848 et
247 1821 354 1848 militiae
373 1825 471 1850 merita.
493 1823 541 1850 Th.
563 1823 593 1850 C.
614 1823 656 1850 Vl.
676 1826 717 1850 22.
739 1835 758 1850 c.
773 1826 796 1850 8.
817 1825 837 1858 ξ.
855 1826 875 1849 1.
896 1823 928 1849 de
947 1823 1038 1849 honor.

202 1864 285 1891 codic.
323 1864 489 1891 Liberalibus
509 1866 604 1892 studiis
623 1877 728 1904 operam
748 1867 821 1894 dare.
842 1868 952 1893 maxime
971 1868 1039 1893 circa

201 1908 264 1934 iuris
284 1908 484 1945 professionem.
505 1919 524 1935 c.
542 1911 562 1934 l.
600 1909 653 1944 Qui
674 1915 721 1936 aet.
742 1920 770 1936 se
790 1920 879 1936 excus.
896 1911 935 1935 10.
950 1910 990 1935 49.
1007 1909 1038 1935 cf.

200 1949 284 1976 Vatic.
305 1951 325 1984 ξ.
345 1952 400 1977 149.
439 1950 615 1978 venatoribus
635 1953 782 1979 immunitas
803 1953 835 1978 ob
856 1952 921 1978 lianc
941 1952 1039 1989 proles-

200 1994 301 2020 sionem
322 1993 404 2019 solam
424 1994 496 2020 nullo
517 1995 572 2021 iure
592 2004 725 2022 concessa.
745 2006 765 2022 c.
779 1997 802 2022 6.
823 1995 855 2022 de
869 2005 1038 2021 excus.1nun.

200 2037 240 2062 10.
260 2038 302 2063 47.
340 2036 543 2063 lustramentum
568 2037 742 2074 professionis
761 2040 941 2075 (argentarii.)
965 2037 995 2065 fr.
1014 2040 1038 2064 6.

200 2079 221 2113 §.
241 2080 264 2105 9.
285 2079 316 2106 de
336 2079 428 2105 edend.
448 2081 471 2105 2.
494 2081 532 2106 13.

239 2122 448 2149 Professor.
486 2124 651 2157 Magister
670 2125 770 2155 areis,
795 2126 842 2150 vel
860 2126 1036 2150 doetrinae.

200 2162 219 2188 I.
240 2164 301 2198 Sy.
328 2164 464 2201 Magister,
493 2165 650 2202 Praeceptor
678 2166 841 2199 (studiorum
866 2166 1038 2199 liberalium.)
1059 2164 1060 2182 1

202 2204 252 2232 Th.
272 2206 302 2232 C.
321 2207 390 2233 XIII.
409 2209 432 2233 3.
457 2218 477 2234 c.
498 2210 520 2234 5.
547 2218 567 2234 c.
588 2210 627 2234 10.
648 2218 686 2244 sq.
710 2219 729 2235 c.
752 2211 789 2235 16.
811 2219 869 2245 sqq.
894 2209 926 2235 de
945 2209 1036 2235 medic.
1059 2203 1060 2238 J

1058 2247 1060 2265 l
1082 2258 1129 2279 est.
1152 2264 1172 2279 c.
1192 2256 1215 2279 ἱὶ.
1237 2253 1286 2288 Qu.
1308 2265 1339 2280 ex
1360 2254 1426 2280 facto
1446 2258 1483 2279 tut
1514 2256 1535 2278 5.
1556 2256 1595 2279 139.

202 2253 227 2274 et
245 2248 312 2285 prof.
348 2249 486 2277 Professor
505 2250 597 2286 legum.
634 2251 802 2277 Antecessor.
823 2252 863 2278 Cf.
884 2252 907 2278 b.
928 2263 951 2277 v.
972 2252 992 2285 ξ.
1012 2254 1035 2278 2.

202 2290 244 2316 111.
265 2292 330 2318 Cn·
355 2292 408 2327 Qui
426 2294 453 2319 in
471 2298 614 2320 memorato
634 2293 763 2320 auditorio
783 2295 962 2331 professorum
982 2295 1038 2321 sun-

201 2338 293 2368 gantur
312 2334 408 2360 officio.
437 2335 471 2361 lb.
492 2336 537 2362 VI.
556 2338 597 2362 21.
624 2346 645 2362 c.
668 2338 688 2362 l.
716 2336 748 2362 de
771 2337 837 2373 prof.
860 2347 901 2373 qu.
928 2339 953 2363 in
973 2338 1036 2364 urbe
1058 2366 1059 2373 ἵ

201 2376 294 2402 Const.
315 2375 433 2402 Pit-turae
445 2378 618 2414 professores.
638 2379 676 2405 Ib.
690 2379 758 2405 XIII.
778 2382 801 2405 4.
822 2382 880 2406 c.-1.
901 2380 932 2406 de
947 2390 1034 2407 excus.
1057 2397 1059 2418 3

1080 2424 1136 2450 rali.
1161 2435 1181 2450 c.
1203 2426 1224 2450 7.
1247 2426 1284 2450 16.
1307 2424 1337 2449 ef.
1362 2424 1391 2449 fr.
1411 2426 1452 2449 24.
1477 2423 1509 2449 de

202 2418 267 2444 artis.
305 2418 409 2445 Turbae
433 2420 611 2455 professorum
631 2432 659 2448 ac
679 2423 857 2448 ministrorum
876 2422 973 2449 talium.
998 2423 1035 2449 Ib.

202 2460 270 2487 XVI.
291 2463 314 2487 5.
335 2471 355 2487 c.
378 2463 416 2487 12.
436 2461 468 2487 de
487 2462 581 2490 haeret.

239 2504 447 2531 Professus.
477 2504 599 2538 (Subst.)
627 2510 804 2543 Professio.
851 2507 893 2534 111.
914 2509 980 2535 Cn.
1007 2508 1036 2534 Si

202 2547 260 2582 quis
284 2546 432 2582 professum
461 2556 548 2573 sacrae
575 2548 708 2584 religionis
735 2555 830 2587 sponte
858 2550 1034 2587 dereliquerit.

202 2588 237 2613 Ib.
258 2587 327 2614 XVI.
347 2590 370 2614 2.
391 2599 411 2615 c.
431 2590 470 2615 39.
492 2589 524 2615 de
544 2591 623 2626 episc.
643 2592 704 2618 eccl.

239 2631 443 2658 Proficere.
486 2632 517 2665 ξ.
538 2633 571 2658 1.
601 2635 809 2669 progressum
831 2638 957 2672 facere.
993 2636 1035 2662 ΠΙ.

205 2674 271 2701 (ln.
290 2672 350 2699 Fuit
363 2678 447 2700 autem
462 2674 644 2709 Quaestorius,
664 2686 710 2702 nec
724 2678 789 2705 ultra
803 2679 931 2716 proficere
944 2678 1035 2705 voluit.

204 2716 233 2742 fr.
253 2718 277 2742 2.
297 2717 318 2749 ξ.
338 2718 379 2741 45.
400 2715 431 2742 (18
452 2716 485 2743 Ο.
506 2717 522 2743 Ι.
546 2719 565 2743 l.
581 2721 605 2744 2.
628 2735 657 2738 -
678 2719 708 2751 ἓ.
724 2721 757 2747 2.
778 2724 964 2753 Sacc-edere,
985 2724 1036 2748 Se-

203 2761 266 2792 qui.
304 2758 322 2784 I.
341 2760 402 2792 Sy.
426 2758 560 2786 proficisci
581 2761 628 2793 (ab
649 2760 762 2797 aliquo.)
784 2763 815 2790 fr.
834 2767 857 2790 2.
878 2765 915 2798 §§.
935 2766 975 2791 40.
995 2766 1036 2790 44.

205 2800 236 2826 de
257 2800 289 2827 Ο.
309 2801 327 2827 I.
350 2803 370 2826 1Δ
391 2804 414 2827 2.
436 2818 464 2822 -
489 2802 520 2834 ξ.
539 2804 574 2830 3.
599 2805 684 2830 Utile
701 2813 781 2836 esee,
806 2808 986 2834 Procedere.
1018 2807 1035 2833 1.

528 501 624 527 Earum
650 511 735 527 rerum
758 501 875 531 nomine,
907 510 972 536 quae
1000 506 1068 537 per}

1091 502 1194 529 iubetur
1220 513 1271 529 non
1291 504 1419 540 proficere
1438 504 1469 530 ad
1490 506 1628 542 capiendas
1648 507 1820 538 hereditates,
1845 512 1871 533 et
1894 507 1929 533 le·

1066 530 1068 590 11
1090 550 1155 580 gata,
1176 551 1201 571 et
1225 546 1309 572 dotes.
1334 546 1394 583 le.
1414 546 1484 573 XYI.
1504 550 1527 574 4.
1548 548 1579 574 cf.
1599 549 1682 575 xxti.
1702 552 1725 575 δ.
1763 549 1928 582 Excluditur,

1066 614 1067 622 ἵ
1090 598 1139 614 nec
1159 588 1301 625 quidquam
1321 589 1434 626 proficit,
1455 591 1476 616 si
1497 595 1544 616 etc.
1569 590 1624 617 Gai.
1645 592 1675 618 11.
1697 594 1753 618 166.
1790 592 1928 619 Mundanis

1089 631 1251 667 compendiis
1271 633 1384 669 prolicit,
1405 637 1433 658 ut
1452 649 1482 652 —
1503 633 1645 660 credamus.
1666 634 1732 661 Nor.
1751 635 1875 662 Anthem.
1895 635 1928 662 de

1089 674 1205 699 confirm.
1227 673 1278 701 LL.
1298 674 1403 702 Leonis.
1424 675 1466 701 VI.
1486 678 1510 702 2.
1531 686 1551 702 c.
1571 679 1592 702 l.
1613 687 1652 714 pr.
1689 678 1835 704 Commodo
1855 678 1928 705 here-

1090 715 1149 741 dum
1168 717 1235 752 prof.
1256 716 1286 743 fr.
1301 720 1342 743 88.
1362 718 1382 750 ᾖ.
1398 720 1420 744 1.
1441 718 1473 745 de
1492 718 1567 754 legat.
1587 719 1616 745 II.
1636 721 1702 753 (31.)
1740 721 1769 747 Si
1788 721 1855 747 forte
1874 732 1927 748 non

1065 777 1067 802 ἔ
1089 759 1229 795 profecerit
1250 777 1279 780 —
1301 762 1438 787 correctio.
1463 761 1512 788 Th.
1538 761 1568 788 C.
1593 762 1638 788 XI.
1660 765 1682 789 1.
1708 774 1728 789 c.
1750 765 1788 790 18.
1814 764 1846 791 de
1868 775 1926 791 ann.

1066 803 1067 809 ¹
1089 806 1114 826 et
1133 801 1221 828 tribut.

1126 845 1334 872 Proficisei.
1364 847 1394 879 §.
1409 848 1443 872 1.
1464 848 1530 873 Iter
1548 849 1661 882 aliquo
1674 850 1799 884 facere.
1831 849 1849 876 1.
1864 851 1927 884 Sy.

1089 885 1140 912 Iter
1164 888 1256 913 metiri.
1283 887 1313 914 fr.
1337 892 1360 914 2.
1385 890 1406 922 ξ.
1431 892 1454 915 ὅ.
1482 890 1503 915 si
1529 900 1570 926 qu.
1595 896 1672 917 cautt.
1696 894 1719 917 2.
1742 894 1780 918 11.
1823 892 1928 919 Abesse

1090 929 1217 965 coepisse.
1243 929 1272 955 fr.
1295 932 1316 956 1.
1336 941 1375 967 pr.
1399 931 1430 957 de
1450 932 1492 958 off.
1514 933 1577 958 eius.
1599 935 1620 959 1.
1639 936 1681 960 21.
1718 934 1759 960 111.
1782 935 1847 962 Cn.
1873 935 1926 970 Qui

1089 970 1121 997 ad
1145 971 1230 997 officia
1254 973 1464 1009 proficiscuntur.
1490 974 1519 1000 sr.
1540 977 1562 1001 4.
1586 976 1606 1009 ξ
1627 978 1650 1002 2.
1677 976 1709 1003 (18
1734 977 1777 1003 off.
1802 976 1875 1003 Proc.
1901 982 1927 1003 et

1088 1012 1148 1049 Leg.
1166 1015 1187 1040 1.
1204 1015 1242 1040 16.
1272 1015 1350 1050 Quod
1364 1017 1540 1052 proficiscenti
1561 1018 1592 1044 ad
1612 1019 1729 1045 militiam
1749 1018 1831 1045 datur.
1852 1019 1925 1046 Paul.

1088 1056 1129 1082 111.
1150 1057 1214 1082 4.Α.
1235 1058 1255 1091 ξ.
1275 1059 1298 1083 3.
1319 1058 1348 1084 fr.
1369 1060 1409 1085 51.
1430 1059 1461 1085 de
1481 1060 1555 1086 cond.
1577 1066 1601 1086 et
1621 1061 1686 1087 dem.
1706 1064 1747 1088 35.
1764 1064 1784 1088 l.
1823 1061 1851 1088 Si
1867 1063 1926 1098 quis

1088 1115 1119 1118 -
1139 1099 1283 1136 voluptatis
1303 1111 1378 1126 causa
1399 1102 1423 1127 in
1445 1103 1611 1138 municipium
1632 1104 1766 1140 profectus
1786 1105 1827 1131 sit.
1850 1105 1881 1131 fr.
1900 1108 1924 1132 2.

1088 1143 1101 1176 ξ
1128 1145 1151 1168 δ’.
1172 1142 1188 1168 1.
1208 1144 1232 1168 2.
1254 1145 1293 1169 11.
1319 1159 1350 1162 —
1376 1144 1406 1177 ξ.
1428 1145 1462 1170 2.
1490 1148 1659 1180 Originem
1685 1154 1839 1181 repetere,
1865 1149 1925 1174 De-

1087 1187 1233 1211 scendere
1252 1188 1287 1212 ab
1306 1189 1423 1221 aliquo.
1453 1186 1470 1212 I.
1484 1188 1545 1222 Sy.
1566 1187 1704 1215 l'rolicere.
1726 1189 1767 1215 Cf.
1781 1189 1806 1215 h.
1820 1200 1843 1215 v.
1864 1190 1885 1224 §.
1899 1191 1924 1216 2.

1087 1227 1263 1254 Descendere.
1289 1228 1329 1255 Cf.
1349 1229 1373 1255 h.
1394 1239 1418 1255 v.
1438 1230 1459 1263 ξ.
1480 1232 1503 1255 2.
1541 1230 1708 1263 Prol'ecticia,
1731 1232 1754 1258 A
1774 1237 1847 1268 patre
1865 1242 1924 1269 pro-

1086 1269 1151 1296 fecta
1172 1270 1262 1303 (dos.)
1288 1270 1328 1297 Cf.
1354 1282 1376 1298 v.
1402 1271 1581 1299 Profecticius.
1619 1273 1660 1299 111.
1681 1275 1746 1301 Cn.
1772 1275 1846 1310 Quae
1870 1277 1923 1308 (sc.

1085 1314 1231 1350 personae)
1257 1314 1287 1339 ab
1313 1314 1429 1341 eiusdem
1454 1314 1538 1341 ultimi
1557 1317 1684 1351 genitoris
1703 1318 1827 1353 sanguine
1845 1318 1925 1354 profi-

1085 1357 1226 1383 ciscuntur.
1250 1356 1280 1383 fr.
1302 1359 1358 1383 195.
1384 1358 1405 1391 §.
1426 1359 1448 1384 4.
1473 1357 1504 1384 de
1525 1358 1554 1385 V.
1576 1358 1603 1385 S.
1623 1361 1663 1385 50.
1686 1361 1725 1385 16.
1762 1360 1925 1387 Beneficium

1084 1399 1265 1436 Imperatoris,
1293 1399 1364 1436 quod
1391 1410 1403 1426 a
1429 1400 1515 1426 divina
1545 1401 1646 1428 seilicet
1675 1403 1730 1428 eius
1758 1402 1924 1439 providentia

1084 1443 1269 1479 proficiscitur.
1293 1442 1322 1469 fr.
1342 1444 1364 1468 3.
1390 1442 1422 1469 de
1445 1448 1521 1469 const
1555 1442 1596 1470 Pr.
1626 1446 1647 1471 l.
1668 1446 1690 1471 4.
1728 1445 1924 1472 fideicommis-

1084 1495 1141 1511 sum
1161 1502 1191 1504 —
1213 1496 1260 1511 nec
1279 1496 1310 1511 ex
1331 1487 1414 1521 rigore
1435 1487 1498 1512 iuris
1519 1485 1604 1512 civilis
1624 1487 1811 1523 proficiscitur⁷
1832 1488 1879 1514 sed
1893 1499 1924 1515 ex

1084 1527 1218 1553 voluntate
1244 1528 1319 1554 datur
1339 1528 1520 1564 relinquentis.
1550 1528 1609 1565 le.
1628 1528 1714 1555 XXV.
1736 1532 1756 1556 1.
1796 1530 1924 1565 Quamvis

1084 1581 1116 1596 ex
1135 1572 1218 1607 ipsius
1232 1570 1363 1597 Praetoris
1384 1571 1564 1597 iurisdictione
1583 1571 1774 1608 proficiscatur,
1795 1578 1923 1609 perpetuo

1086 1613 1162 1639 datur
1182 1615 1283 1645 (actio.)
1305 1613 1360 1639 Gai,
1380 1613 1422 1640 IV.
1446 1616 1501 1640 111.
1539 1613 1607 1639 Ilaec
1627 1615 1694 1640 actio
1714 1614 1891 1651 proficiscitur
1910 1626 1923 1642 e

1084 1656 1140 1692 lege
1164 1656 1211 1682 ΧΠ
1237 1656 1321 1682 Tabb.
1350 1656 1380 1682 fr.
1401 1658 1423 1682 l.
1448 1666 1486 1693 pr.
1512 1656 1569 1682 fam.
1595 1657 1685 1683 ercisc.
1711 1659 1749 1683 lo.
1773 1659 1797 1683 2.
1835 1657 1923 1684 Ambi-

1084 1701 1208 1735 guitates.
1228 1710 1251 1724 v.
1273 1699 1490 1726 Controversiae.
1517 1708 1582 1734 quae
1601 1699 1805 1736 proficiscuntur
1825 1710 1855 1726 ex
1875 1700 1923 1734 (le-

1083 1742 1172 1777 gibus,
1197 1752 1220 1767 v.
1245 1744 1427 1774 testamento.)
1452 1741 1481 1767 fr.
1501 1743 1542 1767 38.
1569 1741 1601 1767 de
1625 1741 1678 1768 LL.
1701 1743 1722 1768 1.
1742 1744 1766 1768 3,
1792 1742 1822 1768 fr.
1842 1744 1865 1768 6.
1890 1742 1923 1769 de

1084 1788 1205 1809 transact.
1225 1786 1248 1809 2.
1272 1786 1309 1810 15.
1331 1800 1360 1803 —
1382 1785 1412 1817 ξ.
1428 1785 1512 1810 2.Ᾱ.
1532 1786 1700 1820 Effectum
1721 1787 1849 1811 sortiri.
1880 1785 1921 1812 Ill.

1085 1828 1149 1853 Cn.
1170 1826 1283 1852 Tutores
1303 1837 1354 1852 non
1374 1827 1405 1852 ab
1426 1826 1535 1858 herede,
1556 1826 1602 1853 sed
1623 1838 1635 1852 a
1655 1832 1780 1853 testatore
1800 1829 1921 1864 protinus

1084 1869 1295 1906 proficiscuntur,
1316 1869 1472 1906 simulatque
1492 1874 1539 1895 etc.
1561 1869 1590 1896 sr.
1607 1871 1629 1896 7.
1651 1870 1682 1896 de
1702 1875 1803 1896 testam.
1818 1876 1866 1897 tut.
1879 1872 1920 1897 26.

1083 1914 1106 1937 2.
1129 1926 1159 1930 —
1187 1912 1217 1944 ἓ.
1235 1913 1272 1938 3.
1293 1914 1489 1939 Αὺαῐίειιηνί
1508 1914 1542 1938 ab
1561 1914 1685 1946 aliquo,
1708 1919 1737 1939 et
1754 1916 1922 1947 pervenire

1083 1957 1123 1981 ad
1141 1957 1251 1980 alium.
1289 1954 1330 1980 111.
1351 1956 1416 1982 Cn.
1442 1955 1558 1981 Mutuum
1584 1965 1636 1980 non
1660 1960 1748 1992 potest
1773 1966 1845 1987 esse,
1870 1957 1921 1982 nisi

1084 1997 1267 2033 proficiscatur
1280 1999 1401 2034 pecunia:
1421 1998 1547 2024 creditum
1562 2002 1646 2023 autem
1660 1997 1799 2026 interdum.
1819 1999 1921 2024 etiamsi

1083 2039 1147 2065 nihil
1167 2040 1356 2076 proficiscatur.
1382 2040 1412 2067 fr.
1430 2043 1454 2067 2.
1479 2041 1499 2074 ξ.
1520 2042 1544 2067 3.
1570 2040 1598 2066 fr.
1621 2042 1660 2066 15.
1681 2040 1712 2066 de
1732 2040 1762 2066 R.
1783 2040 1812 2066 C.
1836 2042 1875 2066 12.
1896 2043 1920 2066 l.

1083 2082 1114 2108 cf.
1141 2082 1170 2108 fr.
1189 2084 1230 2108 2⁰.
1259 2082 1289 2108 de
1309 2088 1391 2109 contr.
1412 2089 1470 2109 emt.
1494 2084 1532 2109 18.
1554 2085 1576 2109 l.
1614 2083 1672 2109 Non
1693 2093 1760 2109 nunc
1780 2083 1921 2110 obvenisse

1083 2126 1148 2161 patri
1174 2127 1226 2156 (sc.
1254 2125 1416 2162 peculium.)
1442 2125 1488 2152 sed
1512 2136 1564 2152 non
1591 2135 1648 2151 csse
1673 2126 1703 2151 ab
1724 2136 1754 2151 eo
1774 2125 1920 2163 profectum

1082 2167 1204 2193 ereditur.
1231 2168 1260 2194 fr.
1281 2170 1303 2194 9.
1329 2168 1360 2195 de
1385 2174 1460 2194 castr.
1485 2179 1539 2205 pec.
1560 2170 1600 2194 49.
1622 2170 1661 2194 17.
1699 2168 1727 2194 Si
1754 2169 1778 2194 in
1803 2178 1856 2195 rem
1875 2170 1920 2195 mi-

1082 2212 1153 2236 noris
1172 2211 1281 2247 pecunia
1301 2211 1417 2248 profecta
1432 2213 1474 2238 sit.
1495 2221 1560 2246 quae
1574 2212 1685 2237 c111·atori
1705 2225 1737 2229 —
1757 2216 1846 2238 mutuo
1861 2211 1918 2237 data

1119 2297 1309 2324 Profiteri.
1347 2298 1377 2330 §0
1399 2299 1432 2323 l.
1460 2298 1582 2324 lvmrri.
1606 2298 1840 2327 Prummu-iare,
1864 2298 1917 2322 Te-

1081 2342 1171 2366 stari.
1210 2339 1227 2365 l.
1249 2343 1309 2373 Sy.
1329 2337 1541 2365 Prol'essionibus
1561 2338 1645 2364 cdere.
1670 2338 1711 2363 (Ὺ.
1733 2348 1755 2363 v.
1776 2337 1916 2364 professio.

1081 2383 1102 2415 ς’.
1125 2384 1146 2407 l.
1184 2382 1228 2408 Ill.
1244 2383 1309 2409 Cn.
1329 2381 1493 2417 Interrogari,
1513 2385 1536 2406 et
1556 2381 1682 2417 profiteri.
1703 2390 1723 2405 c.
1743 2383 1783 2406 24.
1804 2381 1836 2407 de
1855 2380 1918 2406 libe-

1538 2422 1566 2449 L.
1587 2423 1666 2449 Cornv
1687 2422 1719 2448 de
1740 2422 1794 2448 fals.
1815 2424 1854 2449 48.
1877 2425 1916 2449 10.

1081 2467 1169 2502 Quive
1189 2483 1219 2486 -—
1241 2476 1345 2502 operam
1371 2466 1508 2500 dedisset„
1528 2476 1579 2502 qno
1605 2467 1663 2502 quis
1682 2464 1774 2490 falsum
1794 2465 1918 2492 indicium

1080 2509 1257 2547 profiteretur.
1277 2508 1306 2534 fr.
1322 2510 1343 2534 l.
1363 2519 1401 2545 pr.
1423 2509 1454 2535 ad
1472 2508 1501 2535 L,
1517 2509 1596 2534 (forn.
1617 2508 1649 2534 de
1663 2509 1736 2534 sicar.
1756 2510 1796 2533 43.
1812 2509 1834 2533 8.
1866 2508 1918 2535 De-

1082 2552 1125 2578 bet
1138 2553 1256 2589 profiteri
1270 2551 1337 2588 apud
1352 2562 1418 2581 einn,
1438 2553 1511 2578 cuius
1525 2551 1671 2577 iurisdictio
1691 2554 1739 2581 est,
1760 2566 1790 2569 —
1812 2556 1836 2576 et
1856 2561 1918 2578 uxo—

1081 2605 1134 2620 rein
1154 2594 1293 2620 dimittere.
1320 2593 1388 2620 Coll.
1409 2594 1460 2620 LL.
1482 2594 1513 2620 Μ.
1535 2593 1577 2619 11.
1597 2596 1620 2618 3.
1646 2592 1717 2618 Paul.
1736 2592 1765 2618 11.
1786 2594 1826 2619 26.
1851 2594 1873 2627 §.
1893 2595 1916 2620 6.

1081 2637 1159 2663 Latro
1179 2636 1300 2667 nefarius,
1320 2641 1363 2663 aut
1382 2636 1529 2663 huiusmodi
1544 2637 1602 2671 quis
1618 2634 1746 2671 professis
1762 2637 1916 2672 testatisque

1081 2678 1225 2705 sceleribus
1245 2679 1387 2705 involutus.
1408 2679 1456 2705 Th.
1477 2678 1506 2704 C.
1522 2678 1565 2704 IX.
1585 2680 1626 2703 42.
1647 2688 1667 2703 c.
1684 2680 1725 2704 24.
1746 2688 1783 2715 pr.
1804 2678 1836 2704 de
1855 2678 1914 2704 bon.

1082 2731 1181 2758 proscr.
1219 2721 1247 2747 Si
1261 2723 1320 2758 quis
1335 2722 1470 2758 professus
1485 2720 1552 2757 apud
1572 2719 1739 2756 publicanum
1758 2720 1843 2751 fuerit,
1864 2731 1915 2747 non

1083 2769 1168 2790 tamen
1186 2764 1298 2800 vectigal
1321 2764 1437 2790 solverit.
1463 2763 1492 2789 fr.
1514 2764 1553 2788 16.
1577 2763 1599 2796 ξ.
1620 2764 1659 2788 12.
1680 2763 1711 2790 cf.
1736 2764 1757 2797 ξ.
1777 2765 1800 2790 6.
1821 2763 1853 2789 dc
1871 2773 1916 2800 pu-

1082 2806 1178 2833 blican.
1194 2808 1235 2833 39.
1249 2808 1272 2833 4.
1312 2806 1364 2841 Qui
1383 2805 1485 2832 lustrali
1499 2815 1578 2832 censu
1591 2805 1689 2833 Romae
1708 2822 1740 2826 -
1760 2807 1827 2832 inter
1845 2806 1914 2831 cives

1419 2850 1450 2874 97
1462 2850 1472 2861 ³¹
