2197 3121
954 156 1040 186 DEP
1066 174 1104 180 -
1129 155 1230 187 DER.

261 241 539 273 nem-operare.
576 240 766 272 Properare.
798 237 817 264 Ι.
838 238 898 272 Sy.
924 236 1066 264 Festiuare.

227 294 248 310 c.
270 285 292 309 l.
313 282 345 309 de
365 283 397 309 Ο,
418 282 450 308 N.
470 281 501 308 N.
521 285 545 308 ὃ.
560 283 600 307 11.
637 280 679 306 111.
699 281 764 308 (711.
796 280 889 306 Sumto
908 281 1066 317 temporario

227 331 385 354 commeatu.
408 325 517 351 Romam
541 325 579 350 ire
598 323 782 360 deproperent.
816 323 865 350 Th.
887 322 917 350 C.
938 322 981 349 vl.
1001 325 1025 349 4.
1046 333 1066 349 c.
1088 355 1090 359 .

226 371 267 395 21.
288 369 310 403 ξ.
330 370 353 395 4.
374 368 406 394 de
426 368 509 394 Praet.
530 372 555 393 et
568 367 620 402 Qu.
659 366 726 392 Tum
745 366 848 392 demum
868 366 899 392 ad
919 371 1066 403 competen-

226 417 278 438 tem
303 412 429 438 honorem
453 409 549 446 singuli
574 409 759 446 deproperent.
788 409 824 435 lb.
843 408 901 435 XII.
923 411 945 435 l.
966 419 987 435 c.
1009 410 1064 435 182.

226 454 259 481 de
279 454 412 481 decurion.
449 452 528 479 Suam
547 452 713 478 manifestare
732 452 893 478 voluntatem
912 452 939 477 in
958 452 1065 488 scriptis

225 497 393 534 deproperet.
422 506 444 522 c.
463 497 505 522 31.
530 495 563 521 de
582 496 662 532 episc.
683 495 741 522 aud.
767 497 789 521 1.
808 496 833 523 4.
864 504 885 520 c.
904 496 928 520 2.
955 494 986 521 de
1006 504 1064 520 anu.

226 551 281 566 exc.
303 542 324 567 7.
345 542 386 566 40.

259 585 512 615 Deproperus.
545 581 675 613 (Adia-t.)
713 583 897 608 Probi-osus.
935 580 977 607 ΙΙΙ,
999 582 1063 608 (7η.
1085 609 1087 616 ,

224 624 298 651 Neve
312 624 441 651 abluendo
453 634 579 660 equorum
590 624 687 651 sudare
697 623 860 660 deproperas
871 622 993 659 publicos
1005 633 1064 649 ocu-
1085 628 1087 644 1

224 668 265 695 los
286 667 398 694 nudatus
417 668 537 693 incestet.
569 667 619 693 Th.
639 666 670 693 C.
690 666 746 693 Vll.
767 668 788 692 l.
809 676 830 692 c.
852 667 891 692 13.
912 666 944 692 de
963 665 994 692 R.
1015 666 1048 692 M.

258 713 502 744 Depugnare.
540 712 705 745 Pugnare,
728 710 938 735 obtruncare.
968 709 985 735 1.
1001 710 1062 743 Sy.
1085 708 1086 712 ’

223 753 341 791 Pugnare
361 763 418 779 cum
438 752 539 779 bestiis.
576 753 733 789 Depugnare
759 752 800 788 (p.
821 752 874 783 se).
912 751 1009 778 Venari
1029 752 1063 778 se-

222 807 272 824 ras.
310 796 401 823 Feram
426 795 581 832 depugnare.
615 795 644 821 sr.
666 797 688 821 1.
716 795 738 828 ᾗ.
758 796 782 820 6.
808 794 840 820 de
864 794 962 832 postul.
987 797 1010 821 3.
1039 797 1060 821 l.

221 840 252 866 sr.
269 841 308 865 10.
323 849 361 875 pr.
382 838 413 864 ad
427 838 456 870 L.
471 838 518 865 Iul.
539 838 571 864 de
590 839 615 864 vi
629 837 690 874 pub.
711 839 752 863 48.
767 838 790 864 6.
828 837 871 864 III.
886 840 953 865 Cn.
975 838 1062 873 Quive

221 883 247 908 in
265 881 378 907 vinculis
398 882 570 918 custodiaque
588 880 694 917 publica
714 881 777 912 erit⁷
798 881 876 917 quive
895 880 1061 917 depugnandi

220 935 297 951 causa
317 929 467 951 auctoratus
491 925 551 952 erit.
577 925 655 960 quive
678 923 711 950 ad
734 923 833 950 bestias
858 923 1007 960 depugnare.
1034 934 1062 950 se

220 968 325 999 locavit,
345 967 479 993 locaverit.
508 966 578 993 Coll.
595 965 648 992 LL.
667 966 699 992 M.
719 966 764 993 IX.
783 969 807 993 2.
828 966 859 993 cf.
880 966 944 993 Tab.
959 966 1061 994 IIeracl.
1083 974 1084 981 ¹

220 1011 264 1037 lin.
284 1012 325 1037 38.
346 1020 386 1046 sq.
407 1020 456 1036 aer.
477 1009 558 1046 Neap.
597 1009 715 1045 Quique.
740 1014 768 1036 ut
788 1009 857 1036 ferro
877 1015 921 1036 aut
940 1020 997 1036 cum
1018 1010 1062 1036 be—

219 1054 278 1079 stiis
298 1053 489 1089 depugnarent,
510 1052 599 1078 traditi
619 1057 694 1083 sunt,
714 1053 774 1079 inve
793 1053 883 1079 ludum
904 1053 1062 1079 custodiam-

220 1107 252 1123 ve
272 1096 385 1123 coniecti
405 1094 509 1121 suerint.
540 1095 597 1122 Gai.
617 1095 634 1121 I.
657 1097 695 1121 13.
724 1095 786 1132 le.
805 1095 824 1122 I.
846 1098 885 1122 11.

252 1140 459 1172 Βθῃιιῐᾶὶῐθ.
497 1140 710 1170 Adtribuere,
730 1140 922 1174 Adxignare.
959 1139 978 1166 Ῑ.
999 1141 1059 1174 Sy.

217 1181 379 1218 Mancipare.
400 1180 516 1207 Tradere
536 1182 656 1213 (curiae.)
686 1180 735 1207 Th.
756 1181 786 1207 C.
806 1181 863 1207 XII.
886 1183 907 1208 l.
928 1192 949 1209 c.
963 1184 1004 1209 32.
1019 1193 1058 1219 sq.

217 1235 238 1251 c.
257 1226 300 1250 35.
319 1224 352 1250 de
371 1223 505 1250 decurion.
543 1223 684 1250 Vindicare
703 1224 774 1255 (fisci
787 1224 910 1257 viribus.)
930 1225 967 1251 lh.
982 1236 1003 1252 c.
1016 1227 1057 1252 33.
1079 1254 1081 1269 ⁴

216 1267 232 1294 l.
253 1267 270 1294 l.
290 1267 323 1294 X.
346 1269 385 1293 19.
407 1278 427 1293 c.
443 1269 483 1293 11.
504 1266 536 1293 de
555 1266 651 1293 metall.
689 1266 817 1303 Dii-igere.
846 1267 883 1294 lh.
904 1267 971 1294 VIII.
992 1270 1015 1295 3.
1036 1279 1056 1295 c.
1079 1270 1081 1292 ἔ

215 1312 239 1337 4.
254 1310 286 1337 dc
300 1314 416 1336 exsecut.
432 1315 457 1336 et
470 1314 552 1336 exact.
583 1309 625 1336 111.
638 1311 703 1337 Gn.
724 1310 799 1345 Quos
811 1311 861 1344 (sc.
873 1312 977 1343 servos)
990 1312 1057 1338 circa

215 1364 246 1380 se
264 1354 351 1380 habet.
371 1368 405 1372 —
425 1353 454 1379 Si
475 1354 518 1389 qui
538 1357 600 1379 sunt
618 1353 644 1378 iu
664 1352 735 1379 villis
756 1353 881 1391 deputati.
902 1354 932 1380 fr.
952 1356 976 1380 3.
996 1355 1017 1388 ξ.
1032 1356 1056 1381 6.

215 1396 248 1423 de
266 1407 336 1434 penu
356 1396 405 1432 leg.
424 1398 465 1422 33.
486 1398 509 1422 8.
535 1395 566 1422 cs.
587 1395 617 1422 fr.
639 1397 677 1422 18.
698 1396 781 1429 §.1:3.
801 1397 833 1423 de
852 1398 926 1423 instr.
946 1397 995 1434 leg,
1014 1399 1055 1424 33.

215 1442 238 1466 7.
280 1440 381 1466 Omnes
405 1439 519 1465 omnium
545 1440 681 1465 criminum
705 1449 778 1469 reos.
807 1439 850 1466 vel
874 1440 1056 1477 deportatione

214 1482 356 1520 depulsos.
376 1481 418 1508 vel
438 1481 610 1517 relegatione.
631 1487 674 1508 aut
693 1482 806 1508 metallis
826 1482 974 1519 deputatos.
1005 1483 1055 1510 Th.
1077 1491 1079 1493 '

215 1525 246 1552 C.
266 1526 311 1552 IX.
330 1527 372 1552 38.
393 1536 414 1551 c.
436 1527 475 1551 10.
496 1524 528 1551 de
547 1524 645 1561 iudulg.
666 1526 737 1551 crim.
767 1525 799 1552 cf.
819 1525 848 1552 II.
871 1528 910 1552 14.
939 1537 959 1553 c.
982 1529 1003 1553 1.
1024 1527 1055 1554 de

214 1568 239 1594 11.
260 1578 302 1605 qu.
323 1573 377 1605 pot.
398 1578 467 1594 nom.
511 1568 564 1603 Qui
585 1584 615 1588 —-
640 1578 771 1604 nunquam
796 1570 895 1595 nostris
919 1569 1055 1605 obsequiis
1077 1584 1078 1595 1

215 1611 397 1642 inhaeserunt,
427 1621 512 1647 neque
540 1612 618 1637 certis
643 1611 793 1647 quibusque
818 1611 913 1638 officiis
937 1612 1055 1650 deputati
1076 1604 1078 1629 *¹

215 1658 263 1680 etc.
290 1654 327 1680 lb.
347 1653 390 1680 VI.
410 1655 451 1679 24.
472 1664 493 1680 c.
508 1657 531 1680 5.
552 1653 584 1679 de
604 1653 714 1680 domest.
736 1659 761 1680 et
779 1659 890 1691 protect.
927 1655 1054 1693 Deputati

215 1707 303 1723 sacrae
321 1698 412 1723 vestis.
433 1707 453 1722 c.
475 1698 497 1722 7.
518 1696 551 1722 de
569 1696 649 1723 Palat.
671 1696 698 1723 S.
718 1696 796 1733 largg.
817 1699 857 1724 12.
871 1699 912 1724 24.
949 1698 1054 1736 Legata,
1075 1724 1076 1731 ,

216 1755 246 1759 -
271 1749 336 1775 quae
359 1740 411 1776 piis
435 1739 536 1765 actibus
561 1744 622 1766 sunt
645 1739 776 1776 deputata.
811 1750 831 1766 c.
853 1742 875 1766 1.
904 1751 996 1768 comm.
1022 1743 1054 1769 de

214 1782 289 1817 legat.
309 1783 332 1808 6.
351 1784 392 1808 43.
435 1782 585 1818 Deputatus
609 1793 622 1808 a
646 1782 732 1809 iudice
756 1782 861 1809 arbiter.
890 1783 1000 1821 Interpr.
1021 1785 1053 1811 ad
1074 1819 1075 1822 Ἴ

214 1824 286 1850 Paul.
306 1824 324 1850 1.
346 1825 385 1850 18.
405 1825 426 1857 ξ.
448 1826 470 1850 1.
508 1824 562 1859 Qui
581 1825 629 1857 (sc.
650 1825 828 1855 cornicularii)
847 1827 922 1852 annis
942 1827 1052 1863 singulis

213 1877 245 1893 ex
265 1877 372 1893 numero
392 1866 576 1904 deputatorum
596 1872 699 1894 exeunt.
732 1867 781 1894 Th.
804 1867 834 1894 C.
855 1867 922 1895 VIII.
944 1872 966 1896 7.
987 1881 1008 1897 c.
1027 1872 1051 1897 8.
1073 1889 1075 1912 ἶ

212 1909 245 1936 de
264 1909 315 1936 div.
336 1909 406 1935 offic.

246 1953 455 1980 ”eradere0
494 1954 661 1979 Abradere.
698 1952 740 1979 III.
762 1954 828 1981 (7η.
861 1954 890 1980 Si
916 1955 1051 1991 imaginem

211 1995 319 2031 legatam
339 1994 415 2021 heres
435 1995 541 2022 derasit.
561 2000 587 2021 et
600 1995 714 2022 tabulam
727 1996 816 2023 solvit.
836 1996 867 2024 fr.
883 1999 922 2024 12.
943 1998 975 2024 de
988 2009 1050 2025 auro

211 2048 262 2073 arg.
281 2040 322 2064 34.
342 2040 366 2063 2.

245 2081 504 2108 Berectarius.
542 2081 582 2107 Cf.
604 2092 627 2107 v.
647 2081 819 2109 Directarius.

245 2123 479 2150 Derelictus.·
503 2123 635 2157 (Partic.)
672 2125 702 2158 δ.
730 2127 763 2152 Ι.
797 2127 958 2159 Omissus,
992 2129 1049 2155 Ne-

209 2166 341 2197 glenus.
377 2165 419 2192 III.
440 2167 506 2193 (711.
536 2166 616 2202 Quod
635 2177 682 2203 per
701 2167 845 2195 absentiam
864 2170 920 2195 eius
940 2170 989 2203 (sc.
1011 2176 1050 2197 tu-

214 2207 290 2239 toi-is)
309 2207 411 2234 deserta
430 2208 607 2245 dereliciaque
627 2214 688 2235 suut
711 2211 805 2247 pupilli
831 2213 941 2247 negotia.
974 2213 1003 2240 fr.
1024 2215 1048 2240 6.

215 2248 257 2274 ubi
276 2259 337 2285 pup.
356 2253 396 2277 27.
410 2253 434 2277 2.
471 2252 631 2278 Derelictam
645 2262 657 2278 a
671 2254 764 2280 marito
781 2256 973 2281 accusationem
994 2257 1049 2289 (ex-
1070 2266 1071 2274 ¹

214 2292 313 2321 citare).
338 2291 367 2318 fr.
385 2295 425 2320 26.
446 2294 467 2328 §.
489 2296 511 2321 l.
532 2295 564 2321 ad
583 2294 604 2321 L
632 2294 679 2321 Iul.
700 2295 732 2322 de
751 2296 790 2323 ad.
810 2298 851 2323 48.
871 2299 894 2324 5.
915 2313 946 2317 ——
967 2300 997 2332 §.
1013 2301 1047 2327 ².

213 2336 236 2360 A
255 2336 381 2361 elmuino
404 2339 557 2366 desertus.
583 2339 690 2364 Extra
712 2342 952 2373 proprietatem
976 2353 1048 2369 cvn-

212 2378 359 2403 stitntns.
403 2377 420 2404 I.
441 2380 500 2413 Sy.
531 2380 650 2406 Relictus
675 2383 705 2414 (a
725 2381 845 2411 domiuo.
871 2393 906 2409 sc.
927 2387 1046 2413 servus.)

212 2418 242 2444 11.
261 2420 302 2444 36.
328 2419 360 2445 de
379 2420 467 2456 stipul.
491 2432 557 2449 serv.
582 2425 623 2450 45.
642 2425 666 2450 3.
712 2424 754 2450 III.
775 2426 840 2452 (711.
873 2425 932 2452 Non
956 2431 996 2452 est
1022 2428 1046 2453 in
1068 2455 1069 2458 Ἴ

212 2460 351 2493 derelicto,
378 2462 425 2488 sed
445 2463 469 2488 iu
488 2463 632 2501 deperdito.
663 2466 692 2492 sr.
711 2469 753 2493 21.
779 2468 800 2501 ξ.
824 2470 844 2494 l.
868 2468 900 2494 de
920 2469 950 2495 A.
970 2479 994 2495 v.
1014 2470 1045 2496 A.

1073 1936 1075 1949 1

1072 1988 1074 2008 s

1072 2055 1073 2071 i

1071 2087 1073 2106 1

211 2502 239 2529 P.
259 2505 300 2530 41.
314 2506 338 2530 2.
376 2504 405 2530 Si
425 2506 483 2541 quis
502 2513 596 2543 sponte
613 2519 667 2535 rem
688 2511 757 2541 iecit,
777 2510 819 2536 vel
838 2512 951 2543 iactavit,
971 2514 1045 2548 quasi

210 2556 259 2582 pro
280 2546 405 2573 derelicto
424 2547 568 2576 habiturus.
597 2551 626 2578 fr.
646 2553 687 2578 43.
713 2553 734 2586 ξ.
756 2555 795 2580 10,
822 2553 854 2580 de
874 2553 934 2580 furt.
958 2557 1000 2581 47.
1020 2557 1044 2582 2.

209 2589 240 2615 sr.
259 2591 301 2615 36.
326 2589 358 2615 de
378 2590 466 2626 stipul.
487 2601 554 2618 serv.
578 2594 619 2619 45.
637 2596 661 2620 3.
703 2594 754 2622 Pro
779 2596 906 2623 derelicto
930 2607 984 2624 rem
1012 2599 1045 2625 ia-

211 2636 311 2658 centem
330 2642 465 2669 occupare.
491 2633 564 2660 Paul.
583 2634 613 2661 Π.
632 2636 673 2663 31.
692 2638 714 2671 §.
733 2640 774 2665 27.
812 2638 863 2665 Pro
884 2639 965 2667 derel.
985 2651 1045 2668 usu—

210 2684 310 2711 capere.
340 2674 370 2701 sr.
391 2677 413 2701 6.
434 2676 454 2710 ξ.
475 2677 498 2702 7.
518 2686 566 2713 pro
586 2676 666 2704 derel.
685 2681 726 2706 41.
747 2682 769 2707 7.

242 2718 532 2751 llere-linquere.
560 2720 591 2752 §.
612 2721 646 2746 1.
668 2722 837 2756 Omittere‚
858 2726 1042 2761 Negligere.

209 2758 227 2784 l.
242 2760 304 2793 Sy.
332 2759 484 2793 Remittere,
502 2761 545 2788 Ad
564 2763 676 2789 animum
695 2773 769 2791 suum
785 2776 838 2793 non
851 2777 975 2795 revocare
994 2770 1043 2801 (in-

1086 551 1088 560 1
1110 537 1142 563 ‹le
1162 538 1246 564 damn.
1267 538 1312 565 inf.
1331 540 1373 565 39.
1387 540 1411 564 2.

209 2801 326 2835 iuriam.)
357 2802 388 2830 sr.
410 2805 450 2831 ll.
475 2804 496 2838 ξ.
517 2806 540 2831 l.
564 2804 596 2832 de
614 2806 690 2832 iniur.
714 2808 756 2833 47.
776 2810 816 2835 10.
851 2809 995 2838 Abstinere
1014 2821 1043 2838 se

1892 157 1953 188 271

1113 237 1293 270 (hereditate.)
1314 238 1344 264 fr.
1364 240 1405 265 57.
1425 249 1464 276 pr.
1485 238 1517 265 de
1536 238 1568 265 A.
1582 248 1605 265 v.
1621 238 1654 265 Ο.
1669 238 1699 265 11.
1719 239 1761 265 29.
1775 240 1799 264 2.
1831 237 1873 264 ΠΙ,
1889 239 1955 265 Cn·

1113 281 1167 316 Qui
1187 281 1252 307 bene
1272 282 1394 311 secuerit.
1415 287 1440 308 et
1460 281 1601 318 dereliquit
1621 282 1788 307 curationem.
1820 281 1850 307 sr.
1870 284 1894 307 8.
1914 291 1953 317 pr.

1112 323 1143 349 ad
1162 323 1192 350 L.
1212 324 1280 360 Aqu.
1301 325 1324 350 9.
1344 326 1368 350 2.
1411 324 1440 350 Si
1467 325 1538 360 quis.
1564 329 1625 361 post
1650 335 1703 350 rem
1723 324 1866 350 inofliciosi
1885 323 1954 350 ordi-

1088 362 1090 389 ἶ
1112 371 1209 397 natam.
1229 366 1301 392 litem
1322 366 1500 403 dereliquerit.
1531 368 1560 393 fr.
1575 371 1599 393 ὅ.
1619 367 1640 401 ξ.
1662 369 1684 393 1.
1705 367 1737 393 de
1756 367 1828 393 inoff.
1849 371 1952 393 testam,

1111 410 1134 434 5.
1154 411 1177 435 2.
1198 425 1230 428 —
1251 410 1281 442 §0
1301 411 1337 436 2.
1368 412 1526 436 Abdicare
1545 421 1574 437 se
1594 413 1710 445 aliqua
1730 420 1774 442 re,
1795 412 1952 436 Abiicere.

1111 451 1128 478 1.
1150 454 1211 486 Sy.
1240 451 1376 479 Pertinere
1396 452 1427 478 ad
1447 463 1475 478 se
1495 453 1574 479 nolle.
1605 453 1634 479 fr.
1654 454 1696 479 36.
1721 452 1753 479 de
1772 452 1862 489 stipul.
1883 462 1951 478 εει-ν.

1110 496 1151 521 45.
1170 498 1194 521 3.
1232 495 1392 532 Reliuquere
1413 496 1500 528 (rem).
1522 495 1551 521 sr.
1564 498 1605 522 36.
1627 496 1643 522 l.
1663 498 1705 522 45.
1718 497 1742 522 3.
1768 494 1797 521 fr.
1814 497 1852 521 15.
1874 495 1895 528 ξ.
1909 496 1951 521 35.

1449 538 1478 564 ll.
1495 540 1562 572 Op.
1591 538 1619 565 Si
1639 538 1846 574 derelinquentis
1866 539 1951 564 animo

1109 581 1222 607 iactavit.
1246 595 1274 599 —
1301 582 1331 608 si
1351 591 1402 608 non
1422 580 1472 607 hoc
1492 582 1590 613 animo,
1610 581 1657 607 sed
1677 580 1727 607 hoe
1747 585 1787 612 ut.
1807 582 1830 607 si
1850 581 1951 607 salvum

1110 623 1200 653 suerit.
1222 624 1337 651 haberet.
1367 624 1397 650 fr.
1417 625 1458 650 43.
1478 624 1499 657 ξ.
1524 625 1561 649 11.
1582 623 1613 649 de
1633 624 1692 650 furt.
1713 625 1754 650 47.
1774 626 1798 650 2.
1825 623 1854 650 sr.
1874 625 1898 650 ὅ,
1918 623 1952 650 de

1108 666 1137 692 L.
1158 666 1244 693 lthod.
1267 669 1305 693 14.
1325 669 1349 693 2.
1387 667 1429 693 111.
1451 668 1516 694 Gn.
1549 666 1615 697 Sed,
1640 677 1698 692 eum
1722 668 1745 693 ei
1770 667 1880 693 facultas
1905 667 1950 693 ob-

1108 709 1157 735 lata
1183 715 1255 735 esset
1278 721 1291 736 a
1315 709 1450 747 Principe.
1480 710 1548 736 bona
1577 719 1682 745 quoque
1708 720 1753 736 sua
1776 710 1950 747 reciperandi,

1107 752 1227 778 maluerit
1247 763 1275 778 ea
1295 752 1487 789 derelinquere.
1516 752 1547 778 fr.
1567 754 1591 778 2.
1617 751 1648 778 de
1668 757 1734 779 sent.
1756 763 1826 790 pass.
1846 755 1887 779 48.
1906 755 1948 779 23.

1108 794 1136 821 Si
1158 812 1187 815 —
1213 795 1291 821 aedes
1317 795 1484 826 deciderunt,
1514 805 1599 831 neque
1623 795 1745 821 dominus
1769 796 1862 823 rudera
1885 795 1950 822 velit

1107 848 1225 873 egerere,
1254 848 1336 874 eaque
1355 837 1527 874 derelinquat.
1557 837 1588 864 fr.
1609 839 1631 864 7.
1656 839 1678 872 §.
1698 840 1722 864 2.
1748 838 1778 865 fr.
1801 841 1839 865 15.
1864 840 1886 873 ξ.
1905 841 1947 865 35.

1107 880 1139 906 de,
1159 880 1244 906 damn.
1266 881 1310 906 iui'.
1330 882 1371 907 39.
1388 883 1412 907 2.
1451 880 1479 906 Si
1500 891 1555 907 eam
1574 880 1686 907 insulam
1705 880 1788 913 fulsit,
1808 892 1884 918 quam
1904 881 1948 908 do-

1083 926 1085 938 '
1106 924 1192 949 miuus
1218 924 1292 959 quasi
1317 924 1399 960 impar
1423 925 1520 949 sumtui
1545 923 1723 960 dereliquerit.
1761 924 1791 950 fr.
1813 926 1852 950 10.
1877 924 1898 957 ᾗ.
1925 926 1946 950 1.

1107 966 1139 992 de
1159 966 1190 992 N.
1211 966 1242 992 G.
1262 968 1286 992 3.
1302 968 1324 992 5.
1362 966 1386 992 A
1407 966 1512 992 domino
1533 966 1733 1003 derelinquendi
1752 968 1837 993 animo
1857 966 1948 993 relicta

1107 1010 1183 1043 (res.)
1212 1009 1285 1036 Paul.
1306 1008 1335 1035 11.
1349 1011 1391 1035 31.
1412 1010 1432 1042 §-
1447 1011 1489 1036 27.
1510 1026 1541 1029 -—
1561 1011 1591 1043 ἓ.
1607 1012 1644 1036 3.
1671 1013 1847 1044 Superesse
1864 1011 1946 1044 pati.

1108 1054 1270 1079 Dec-edens
1292 1054 1445 1088 conferre
1464 1055 1495 1078 in
1515 1063 1738 1079 successorem.
1774 1052 1792 1079 I.
1813 1054 1875 1087 Sy.
1898 1052 1947 1083 Re-

1105 1095 1226 1132 linquere
1247 1096 1306 1132 (per
1326 1095 1560 1122 fideicommissum
1579 1096 1641 1127 etc.)
1677 1095 1784 1132 Legare.
1814 1096 1844 1122 fr.
1857 1097 1899 1122 34.
1914 1095 1947 1122 de

1106 1139 1165 1164 bon.
1187 1138 1274 1164 libert.
1294 1140 1335 1164 38.
1355 1140 1379 1164 ⁶2.
1401 1149 1422 1165 c.
1443 1140 1466 1164 4.
1487 1139 1509 1172 ξ.
1529 1140 1554 1164 2.
1575 1138 1607 1164 de
1626 1138 1657 1164 V.
1679 1138 1705 1164 S.
1725 1140 1749 1165 6.
1768 1140 1810 1165 38.
1830 1150 1851 1165 c.
1869 1141 1890 1165 1.
1905 1148 1945 1175 sq.

1105 1191 1126 1207 e..
1147 1183 1170 1207 7.
1190 1181 1222 1207 de
1242 1181 1317 1207 cond.
1339 1182 1429 1208 insert.
1449 1183 1472 1208 6.
1494 1183 1534 1207 46.
1572 1181 1714 1207 Dimittere
1733 1182 1835 1215 (uxori.
1856 1181 1888 1207 de
1907 1191 1946 1207 re-

1104 1225 1152 1250 bus
1173 1225 1250 1255 suis).
1279 1223 1329 1250 Th.
1349 1223 1380 1250 C.
1400 1224 1442 1250 111.
1463 1227 1486 1250 9.
1509 1235 1529 1251 c.
1551 1226 1572 1250 l.
1593 1225 1616 1250 si
1635 1234 1686 1251 sec.
1707 1234 1784 1261 nups.
1804 1224 1865 1250 mul.
1901 1224 1944 1250 III.

1104 1269 1169 1295 011·
1198 1267 1257 1304 Ipsa
1277 1268 1377 1303 origine
1397 1268 1434 1293 rei
1455 1267 1572 1299 sublata,
1598 1268 1653 1293 eius
1678 1268 1815 1304 imaginem
1835 1267 1945 1293 derelin-

1103 1311 1155 1346 qui.
1188 1320 1209 1337 c.
1231 1312 1253 1336 l.
1273 1320 1312 1347 pr.
1338 1309 1371 1336 de
1390 1309 1447 1337 Lat.
1467 1310 1554 1337 libert.
1581 1312 1604 1336 7.
1624 1311 1648 1337 6.
1690 1310 1727 1336 Vt
1751 1309 1816 1336 nihil
1834 1320 1945 1347 prorsus

1104 1370 1133 1373 —
1154 1353 1196 1379 vel
1216 1353 1297 1379 donet
1316 1358 1468 1389 superstes.
1489 1353 1531 1380 vel
1551 1358 1670 1379 mortuus
1690 1353 1862 1389 derelinquat.
1894 1351 1943 1378 Th.

1102 1396 1133 1423 C.
1156 1396 1197 1422 111.
1220 1398 1258 1421 12.
1280 1406 1300 1421 c.
1314 1397 1338 1422 3.
1359 1395 1392 1422 de
1405 1397 1497 1422 ineest.
1512 1401 1586 1433 nupt.
1615 1396 1785 1423 Testamento
1799 1406 1848 1423 suo
1861 1400 1945 1422 extra-

1101 1440 1157 1465 neis
1177 1438 1242 1465 nihil
1263 1438 1436 1475 derelinquat.
1466 1438 1502 1464 lb.
1523 1438 1540 1464 l.
1561 1438 1577 1464 1.

1136 1483 1334 1509 nen-idere.
1364 1484 1486 1508 Ridere.
1519 1481 1561 1507 111.
1577 1482 1643 1508 Gn.
1668 1481 1697 1508 Si
1716 1487 1826 1519 propter
1844 1482 1944 1508 febrem

1101 1524 1243 1561 loquantur
1263 1523 1359 1555 aliena,
1384 1523 1425 1550 vel
1450 1534 1498 1561 per
1522 1525 1596 1550 vicos
1615 1534 1688 1550 more
1706 1525 1858 1551 insanorum
1877 1525 1943 1551 deri-

1101 1568 1193 1594 denda.
1228 1567 1258 1593 sr.
1278 1568 1301 1593 4.
1322 1567 1343 1600 ξ.
1366 1568 1387 1593 1.
1408 1566 1440 1592 de
1459 1566 1546 1593 Aedil.
1567 1566 1644 1593 edict.
1663 1569 1705 1594 21.
1727 1570 1748 1594 1.
1786 1568 1820 1594 Et
1838 1567 1942 1594 derisus

1100 1610 1186 1637 Nerva
1206 1609 1309 1641 l.Ctus‚
1329 1610 1374 1646 qui
1394 1614 1442 1636 etc.
1468 1609 1497 1636 fr.
1512 1612 1535 1636 9.
1556 1611 1582 1636 iu
1597 1620 1639 1646 qu.
1655 1621 1675 1637 c.
1690 1612 1760 1647 pign.
1779 1612 1820 1637 20.
1834 1613 1858 1637 2.
1888 1611 1942 1637 Sed

1099 1655 1176 1680 istam
1195 1654 1352 1679 sententiam
1373 1652 1469 1678 Celsus
1490 1652 1622 1688 eleganter
1641 1653 1750 1679 deridet.
1777 1653 1806 1680 fr.
1822 1656 1862 1680 10.
1883 1655 1904 1688 ξ.
1917 1655 1939 1680 l.

1075 1689 1077 1720 ἑ
1099 1696 1131 1723 ‹12›
1151 1696 1182 1722 N.
1204 1696 1235 1722 G.
1254 1698 1278 1722 3.
1299 1698 1322 1722 5.

1133 1739 1331 1771 Deripere.
1370 1738 1411 1764 Cf.
1431 1748 1455 1764 v.
1476 1738 1608 1775 Diripere.

1133 1781 1360 1808 lle-tisorias.
1386 1780 1519 1813 (Adieet.)
1552 1783 1722 1808 Ridendus.
1755 1781 1784 1807 11.
1801 1783 1868 1815 Op.
1888 1781 1940 1808 De-

1074 1831 1075 1834 ’
1097 1825 1228 1854 risorium.
1250 1839 1281 1842 —
1301 1822 1373 1849 Vtile
1392 1823 1548 1859 (legatum.)
1579 1823 1610 1849 fr.
1631 1825 1670 1850 71.
1690 1834 1730 1861 pr.
1761 1824 1794 1850 de
1817 1824 1893 1861 legat.
1920 1825 1938 1851 1.

1097 1867 1172 1899 (30.)
1209 1865 1252 1892 III.
1271 1867 1336 1893 Cn.
1367 1866 1442 1901 Quae
1462 1868 1518 1900 (sc.
1539 1866 1722 1899 conditiones)
1743 1872 1834 1893 contra
1854 1868 1938 1895 honos

1096 1919 1196 1941 mores,
1220 1908 1263 1935 vel
1291 1908 1435 1935 derisoriae
1455 1914 1516 1935 sunt
1536 1914 1584 1935 etc.
1612 1908 1643 1935 fr.
1664 1911 1704 1936 14.
1729 1909 1760 1936 (le
1780 1910 1856 1937 cond.
1876 1912 1936 1938 inst.

1073 1961 1074 1965 ¹
1095 1954 1137 1978 28.
1158 1954 1181 1978 7.

1130 1995 1330 2022 Derivare·
1368 1995 1398 2028 ξ.
1423 1996 1457 2021 1.
1487 1997 1548 2022 Per
1570 1997 1673 2022 rivum
1698 2006 1845 2029 avocare,
1878 1998 1936 2024 De-

1095 2041 1207 2065 dueere
1229 2041 1386 2072 (aquam.)
1424 2037 1442 2063 l.
1458 2039 1519 2072 Sy.
1538 2038 1666 2070 Educere.
1686 2038 1790 2065 Ducere
1809 2040 1937 2076 (aquam.)

1095 2080 1124 2107 l'r.
1144 2083 1185 2107 29.
1207 2080 1239 2107 de
1259 2080 1285 2106 S.
1306 2080 1333 2107 P.
1354 2081 1385 2107 R.
1406 2081 1517 2107 8.3.1”1·.
1534 2082 1556 2107 l.
1576 2082 1612 2115 ἕξ.
1629 2083 1651 2108 1.
1666 2083 1689 2108 4.
1710 2092 1742 2108 ne
1762 2092 1804 2118 qu.
1824 2084 1850 2109 in
1864 2083 1934 2110 flum-

1094 2124 1156 2161 pub.
1176 2125 1217 2149 43.
1240 2125 1278 2150 13.
1316 2124 1452 2150 Avertere.
1482 2124 1532 2150 Th.
1548 2124 1578 2150 C.
1592 2124 1651 2151 XV.
1671 2127 1694 2151 2.
1716 2135 1736 2151 c.
1751 2127 1774 2151 4.
1795 2137 1816 2152 c.
1830 2128 1854 2152 6.
1875 2137 1895 2153 c.
1909 2127 1933 2153 8,

1094 2167 1126 2193 dc
1146 2166 1254 2203 aquaed.
1292 2166 1334 2193 III.
1356 2169 1422 2195 (7¹1.
1452 2167 1556 2203 Quodsi
1576 2178 1654 2204 opere
1674 2168 1741 2194 sacto
1762 2179 1827 2205 aqua
1846 2174 1890 2195 aut
1907 2170 1933 2195 in

1070 2220 1071 2223 ¹
1093 2211 1256 2246 superiorem
1275 2215 1376 2247 partem
1396 2210 1542 2248 repellitur,
1562 2215 1605 2236 aut
1624 2212 1649 2237 in
1669 2211 1818 2238 inferiorem
1835 2212 1933 2238 deriva-

1094 2258 1143 2278 tur.
1176 2252 1205 2278 l'r.
1228 2255 1249 2278 l.
1274 2253 1357 2286 ξ.10.
1378 2253 1410 2279 de
1430 2264 1495 2289 aqua
1515 2258 1541 2279 et
1560 2264 1617 2289 aqu.
1637 2253 1672 2290 pl.
1692 2256 1733 2280 39.
1754 2257 1777 2280 3.
1807 2254 1837 2281 cf.
1858 2255 1887 2281 fr.
1909 2257 1931 2280 1.

1093 2296 1130 2329 ἓξ.
1153 2297 1192 2321 15.
1211 2297 1253 2322 22.
1273 2295 1306 2321 de
1325 2296 1423 2321 flumin.
1444 2298 1484 2322 43.
1508 2298 1546 2322 12.
1583 2298 1685 2333 Aquam
1704 2297 1819 2334 pluviam
1838 2299 1863 2323 in
1882 2307 1931 2323 suo

1093 2339 1214 2370 retinere,
1234 2338 1276 2364 vel
1296 2339 1509 2375 superficientem
1530 2350 1561 2366 ex
1580 2341 1659 2366 vicini
1676 2341 1701 2366 in
1716 2351 1790 2366 suum
1804 2340 1930 2367 derivare.

1093 2380 1122 2407 fr.
1144 2383 1166 2407 l.
1186 2382 1208 2415 ξ.
1229 2384 1268 2408 11.
1290 2382 1321 2408 de
1341 2392 1406 2418 aqua
1426 2387 1451 2408 et
1471 2392 1528 2418 aqu.
1548 2382 1584 2419 pl.
1603 2384 1644 2409 39.
1664 2384 1687 2409 3.
1707 2398 1741 2401 -
1764 2384 1794 2416 ξ.
1816 2385 1851 2409 2.
1871 2385 1930 2410 Βί-

1092 2426 1215 2459 rigere,
1245 2426 1391 2461 Deferre.
1428 2425 1471 2451 III.
1499 2427 1564 2453 Cn.
1596 2426 1676 2461 Quod
1700 2427 1748 2451 iam
1772 2427 1797 2451 in
1822 2425 1929 2453 alteram

1092 2467 1310 2493 cousuetudinem
1329 2467 1482 2495 derivatum.
1513 2468 1562 2495 Th.
1584 2468 1614 2495 C.
1640 2468 1658 2494 1.
1678 2473 1701 2494 ὅ.
1725 2479 1746 2494 c.
1768 2470 1789 2494 l.
1816 2468 1929 2503 (ch.)

1091 2510 1124 2536 dc
1147 2511 1190 2537 oss.
1216 2510 1356 2546 Quaestor.
1398 2510 1504 2537 Nullius
1524 2512 1588 2538 iuris
1608 2511 1693 2542 color,
1716 2510 1789 2537 velut
1812 2511 1928 2539 derivata

1091 2555 1273 2585 excusatione,
1293 2554 1421 2590 proficiat.
1453 2554 1489 2580 lb.
1509 2554 1554 2580 IX.
1578 2556 1619 2580 37.
1645 2563 1665 2579 c.
1685 2555 1708 2579 3.
1734 2553 1766 2580 de
1786 2554 1874 2582 abolit.
1893 2570 1927 2574 —

1090 2596 1120 2629 ξ.
1140 2598 1177 2623 3.
1206 2599 1364 2632 Erogare.
1401 2597 1420 2623 1.
1441 2598 1502 2632 Sy.
1530 2598 1651 2632 Erogare.
1683 2606 1704 2622 c.
1726 2598 1747 2623 l.
1767 2597 1800 2623 de
1819 2608 1926 2635 expens.

1088 2638 1141 2665 lud.
1163 2641 1202 2666 ll.
1223 2641 1264 2665 41.

1123 2682 1332 2710 nen-ivano.
1371 2683 1401 2716 ξ.
1425 2685 1459 2709 l.
1494 2683 1652 2709 Deduc-lio
1676 2693 1779 2717 aquae
1800 2693 1858 2718 per
1881 2687 1926 2711 ri-

1087 2735 1164 2752 vum.
1201 2725 1244 2751 III.
1266 2727 1330 2753 Gn.
1362 2725 1415 2757 Ne,
1440 2725 1646 2751 derivationibus
1671 2726 1756 2752 minus
1781 2729 1924 2759 concessis,

1088 2768 1194 2794 flumina
1218 2774 1378 2795 excrescant.
1413 2768 1442 2794 sr.
1468 2770 1490 2794 1.
1515 2768 1537 2801 ᾗ.
1559 2769 1581 2794 1.
1606 2778 1638 2794 ne
1663 2779 1705 2805 qu.
1725 2770 1752 2795 in
1771 2770 1841 2796 ssum.
1861 2770 1923 2807 pub.

1086 2812 1188 2838 43.13.
1221 2826 1254 2831 —
1285 2813 1317 2846 §.
1338 2813 1373 2839 2.
1402 2812 1563 2838 Deductio
1582 2813 1747 2839 verborum
1766 2816 1802 2840 ab
1820 2820 1922 2848 etymo
