2197 3121
957 154 1035 195 INQ
1061 173 1098 178 -
1123 155 1202 186 le.

200 249 250 265 nus
274 238 423 275 originalis,
448 238 491 266 vel
515 238 666 275 inquilinus.
691 236 728 263 lb.
748 235 779 262 V.
800 237 840 262 10.
865 246 885 263 c.
906 237 928 262 l.
948 246 987 273 pr.
1007 235 1039 262 de

200 281 291 318 inquil.
313 286 338 307 et
357 281 407 308 col.

238 325 466 357 Inquinare.
502 325 533 358 §-
553 324 587 350 1.
620 324 805 353 Maculam,
826 323 976 348 Foedare.
995 321 1038 347 III.

201 367 268 394 (7η.
299 367 357 402 Qua
381 378 413 393 ex
436 377 464 393 re
484 376 512 392 ea
532 376 597 402 aqua
617 381 649 384 ——
669 365 827 401 inquinetur,
847 365 963 395 vitietur.
984 374 1039 390 eor-

200 414 344 446 rumpatur.
365 409 511 436 deteriorve
535 409 588 434 fiat.
613 408 643 434 fr.
664 410 686 433 I.
711 409 733 441 5.
752 409 794 433 27.
819 406 851 433 de
874 417 939 442 aqua
965 411 1037 442 quot.

200 453 242 478 43.
262 454 306 478 20.
340 451 501 478 Vestimenta
520 451 657 482 scindere.
681 450 723 477 vel
742 450 885 486 iuquInare.
906 448 936 475 fr.
955 451 996 475 27.
1017 450 1038 482 5.

201 495 242 520 18.
262 494 294 520 ad
313 493 342 521 L.
362 494 429 531 Aqu.
454 496 477 521 9.
497 496 521 520 2.
563 494 667 520 Loliuiu
688 510 717 514 —
739 494 765 519 in
792 496 905 527 segetem
930 491 1038 518 alienam

200 537 316 568 iniicere,
336 547 387 573 quo
408 547 462 563 eam
481 538 641 573 iuquinares.
662 536 692 562 fr.
711 538 753 562 27.
773 535 794 568 5.
815 536 855 560 14.
877 534 910 560 ib.
930 536 953 560 9.
967 536 991 560 2.
1007 550 1038 554 -

199 580 232 613 §-
253 581 287 606 2.
308 581 533 613 Corrumpere,
554 581 743 615 Ignominia
762 584 885 604 notare.
910 576 951 602 III.
972 578 1038 604 (Vn.

199 622 241 648 'Ne
262 638 290 642 —
312 632 369 658 erga
389 632 481 649 servos
500 623 578 648 nimia
593 621 752 657 indulgentia
766 621 916 656 inquinaret
935 619 1039 656 amplis-

200 665 294 691 simum
313 664 447 692 Ordinem.
474 665 504 691 fr.
526 667 548 691 l.
569 664 601 690 de
626 664 718 690 collus.
744 662 827 699 ‹leh-g.
854 664 895 688 40.
917 664 956 688 l6.
994 662 1040 689 Fa-

200 709 268 734 mosi
287 712 312 733 et
331 709 426 739 notati,
447 712 473 734 et
492 717 558 744 quos
583 706 671 733 scelus
690 710 733 732 aut
757 706 826 731 vitae
848 705 984 742 turpitudo
1003 706 1040 732 iu·

201 751 298 787 quinat.
319 760 340 776 c.
359 752 383 775 2.
404 749 437 775 de
456 750 585 786 dignitati.
607 751 646 776 12.
668 751 689 775 l.
710 748 741 774 cf.
762 747 830 775 Nov.
849 750 890 774 37.

234 793 452 826 Inquirere.
490 794 520 826 ξ.
541 794 575 818 1.
597 793 764 823 scrutari.
784 793 994 818 Examinare.
1020 790 1037 817 Ι,

199 836 261 869 Sy.
288 836 439 870 Quaerere,
465 835 655 871 Quaestionem
675 834 778 860 habere.
804 833 876 860 Paul.
890 833 938 863 (III.
958 835 981 859 5.
1002 834 1038 867 55.

199 879 240 903 ll.
261 887 299 913 sq.
325 876 357 903 V.
376 879 418 904 29.
443 878 464 911 5.
483 880 508 905 2.
532 878 562 904 fr.
586 879 610 904 8.
634 877 720 911 5.17.
745 876 778 903 de
808 881 929 903 transact.
953 879 978 902 2.
1000 878 1039 902 15.

198 919 354 956 Requirere,
373 920 493 956 Exigere.
513 920 543 946 sr.
565 921 587 946 l.
606 920 628 953 5.
647 922 671 946 2.
692 919 725 946 de
744 920 867 956 superfic.
887 921 928 945 43.
950 921 988 945 13.
1009 918 1039 945 sr.

200 964 224 988 l.
243 963 265 996 5.
285 964 309 988 2.
330 962 363 988 de
381 963 436 989 itin.
456 967 540 999 actuq.
560 963 626 999 pr1v.
647 963 687 988 43.
709 964 748 988 19.
786 963 925 988 Excutere.
953 962 993 988 Cf.
1015 961 1039 988 h.

199 1015 223 1031 v.
244 1006 266 1039 5.
286 1007 309 1031 5.
348 1005 390 1031 III.
406 1006 471 1032 Cn.
491 1004 573 1030 Iudex
592 1021 624 1024 —
644 1009 704 1031 ante
723 1004 815 1031 oculos
836 1004 932 1031 habere
952 1004 1039 1036 debet,

200 1052 226 1073 et
245 1049 379 1084 inquirere
403 1057 434 1073 au
458 1052 505 1073 etc.
532 1046 562 1073 fr.
584 1049 623 1074 13.
646 1047 668 1080 5.
691 1049 715 1073 5.
740 1047 771 1073 ad
791 1047 820 1073 L.
840 1047 887 1074 Iul.
909 1047 940 1074 de
960 1048 1039 1074 adult.

199 1091 241 1116 48.
262 1092 285 1117 5.
324 1089 447 1126 Cognitio
472 1091 597 1122 vertitur,
621 1100 681 1116 num
706 1090 773 1116 sorte
797 1096 845 1117 etc.
866 1090 981 1117 —Item
1005 1092 1041 1117 iu-

199 1132 356 1169 quireudum
376 1137 417 1158 est
436 1137 483 1159 etc.
504 1132 535 1159 sr.
557 1135 596 1159 15.
616 1134 638 1166 5.
652 1135 676 1158 2.
698 1132 727 1159 i'r.
743 1134 782 1159 17.
802 1143 841 1170 pr.
863 1133 895 1159 de
914 1132 1001 1169 adopt.
1017 1134 1039 1159 l.

200 1177 224 1202 7.
259 1175 290 1201 In
310 1175 489 1202 confirmando
509 1180 596 1202 tutore
615 1175 665 1201 hoc
685 1175 793 1201 Praetor
812 1176 944 1211 inquirere
963 1175 1041 1201 debet

199 1223 249 1244 etc.
271 1218 301 1244 fr.
321 1219 344 1244 8.
365 1218 397 1244 de
417 1219 534 1245 coulirm.
560 1223 606 1244 tut.
631 1220 672 1245 26.
691 1219 715 1244 3.
758 1218 787 1244 In
806 1228 878 1245 reum
897 1219 1040 1244 maiestatis

198 1261 295 1297 inquiri
316 1262 389 1297 prius
410 1262 541 1293 convenit,
562 1261 657 1297 quibus
677 1261 773 1298 opibus
793 1266 840 1287 etc.
860 1260 932 1287 Paul.
947 1260 978 1288 V.
997 1262 1039 1288 29.

198 1304 220 1337 5.
240 1306 264 1330 2.
285 1303 316 1329 cf.
331 1303 374 1330 III.
395 1306 418 1330 5.
439 1304 460 1337 5.
477 1305 515 1330 11.
553 1303 689 1340 inquirere
708 1305 812 1341 species
832 1308 858 1330 et
878 1314 968 1330 causas
984 1305 1040 1341 (pe-

198 1345 347 1379 culiorum.)
372 1346 401 1373 fr.
422 1348 464 1372 44.
489 1347 510 1379 5.
531 1348 553 1372 1.
580 1346 612 1372 de
636 1346 668 1372 A.
687 1357 711 1373 v.
732 1347 763 1373 A.
783 1346 812 1374 P.
836 1348 876 1373 41.
899 1349 924 1373 2.
961 1346 991 1373 Si
1012 1352 1040 1373 tu

197 1388 297 1415 Titium
316 1389 380 1415 mihi
400 1389 634 1421 commendaveris,
654 1390 728 1425 quasi
748 1389 871 1416 idoneum
891 1391 932 1416 cui
952 1390 1040 1416 crede-

196 1441 267 1464 rem,
292 1437 318 1458 et
341 1442 388 1468 ego
412 1433 439 1458 in
459 1431 559 1458 Titium
584 1432 699 1468 iuquisii.
725 1432 755 1459 fr.
775 1434 818 1458 66.
842 1433 864 1466 5.
885 1434 908 1459 4.
928 1432 960 1458 (1(-
979 1432 1038 1459 furt.

196 1476 239 1500 47.
259 1477 283 1500 2.
325 1474 413 1501 Debet
437 1479 561 1501 contutor
586 1475 718 1511 inquirere
742 1474 860 1501 fortunas
885 1477 1039 1502 contutoris.

197 1517 229 1544 fr.
249 1519 291 1543 55.
311 1517 332 1551 5.
353 1519 377 1543 4.
397 1516 430 1543 de
449 1517 516 1543 adm.
537 1522 562 1543 et
581 1518 663 1554 peric.
683 1518 724 1543 26.
746 1519 769 1543 7.
806 1516 882 1543 Licet
900 1519 926 1544 iu
945 1519 1040 1555 princi-

197 1561 242 1597 pio
262 1561 426 1596 quaestionis
446 1570 558 1597 persona
578 1560 672 1586 debeat
685 1561 782 1596 inquiri
801 1562 988 1597 procuratoris,
1008 1572 1040 1587 an

199 1607 249 1629 etc.
269 1613 290 1629 c.
309 1605 351 1629 24.
373 1603 406 1629 de
425 1613 528 1639 procur.
547 1605 571 1629 2.
594 1604 633 1629 13.
664 1619 692 1623 -—
723 1604 754 1636 §-
774 1605 809 1629 2.
832 1605 1039 1638 Conqzcirere.

199 1643 218 1671 I.
239 1646 300 1680 Sy.
320 1645 480 1681 Investigare
499 1646 657 1682 (fugitivos.)
678 1645 708 1671 sr.
729 1647 751 1672 l.
771 1646 792 1679 5.
813 1648 837 1672 2.
857 1646 887 1673 fr.
906 1649 930 1673 3.
951 1646 984 1673 de
1003 1647 1040 1673 111-

199 1688 273 1723 gitiv.
294 1690 332 1714 ll.
352 1690 376 1714 4.
413 1687 457 1714 III.
478 1689 543 1715 Gn.
572 1687 706 1724 Inquirere
726 1690 889 1725 scrutarique
908 1689 1038 1723 (cubilia.)

199 1729 230 1756 fr.
251 1731 274 1756 3.
295 1730 311 1757 1.
334 1733 372 1757 11.
392 1732 415 1757 4.
454 1730 626 1767 Inquireudae
651 1736 676 1757 et
701 1732 895 1758 conservandae
914 1734 1039 1769 pecuniae

200 1782 277 1798 cansa
297 1774 394 1805 (creati
413 1773 604 1808 Quaestores.)
628 1773 659 1799 fr.
679 1776 701 1799 2.
727 1774 749 1807 5.
768 1776 809 1800 22.
829 1774 861 1800 de
881 1774 913 1800 Ο.
933 1774 951 1801 I.
972 1777 994 1801 1.
1014 1777 1038 1801 2.
1052 1799 1062 1806 ,,

199 1815 329 1842 Sufiicere
349 1815 454 1842 domiuo
479 1816 511 1842 ad
535 1816 716 1853 inquirendam
743 1826 797 1842 rem
822 1826 895 1842 suam
915 1817 986 1849 (anni
1007 1834 1037 1838 —

198 1858 334 1895 spatium.)
354 1857 411 1884 Gai.
431 1858 462 1884 II.
482 1860 522 1885 44.
564 1858 699 1894 quuirere
718 1869 749 1885 ex
775 1860 869 1885 vicinis
890 1860 1039 1886 civitatibus

198 1901 415 1927 honestissimum
440 1910 577 1937 quemque.
607 1901 636 1927 fr.
660 1902 702 1927 24.
727 1901 759 1927 de
787 1906 835 1928 tut.
861 1906 887 1928 et
910 1912 963 1929 cur.
987 1902 1039 1929 dat.

198 1945 240 1970 26.
262 1945 286 1969 5.

235 1986 454 2019 Inquisitio.
490 1988 720 2018 Examinatio.
741 1988 905 2021 cognitio.
936 1988 955 2014 Ι.
975 1990 1038 2023 Sy.

198 2029 322 2056 Examen.
344 2028 384 2055 Cf.
405 2028 429 2054 h.
449 2038 473 2055 v.
493 2029 515 2062 5.
535 2031 559 2055 2.
588 2028 628 2055 111.
649 2030 715 2056 On.
735 2028 791 2055 Nec
810 2031 902 2067 supina
921 2031 1040 2067 ignoran-

199 2073 235 2098 tia
254 2071 359 2098 ferenda
379 2071 473 2098 sactum
493 2072 646 2107 ignorantis,
666 2082 714 2097 uec
733 2072 888 2109 scrupulosa
902 2074 1038 2110 inquisitio

201 2114 332 2150 exigenda.
353 2114 383 2141 fr.
402 2116 425 2140 6.
446 2114 479 2140 de
497 2115 545 2141 iur.
566 2119 591 2140 et
611 2114 671 2140 sacti
691 2115 741 2150 ign.
761 2117 803 2141 22.
818 2116 841 2142 6.
878 2116 942 2143 Siue
960 2116 1039 2144 dubia

201 2155 261 2182 sacti
280 2158 432 2193 quaestione
451 2157 505 2190 (sc.
531 2158 649 2189 statuit.)
670 2173 700 2177 —
721 2159 847 2194 cogitans,
866 2169 918 2185 uon
937 2159 1039 2187 admitti

201 2198 382 2239 scrupulosam
401 2200 607 2236 inquisitionem.
634 2199 719 2226 Vatic.
743 2201 764 2234 5.
784 2202 843 2227 314.
869 2202 900 2228 cI'.
925 2202 955 2229 fr.
981 2205 1038 2230 119.

202 2239 235 2266 de
254 2239 328 2276 legat.
347 2241 365 2268 Ι.
385 2243 452 2274 (30.)
491 2242 559 2277 Quia
583 2243 730 2279 praesentia
751 2244 806 2269 eius
826 2245 874 2272 sit.
894 2250 920 2271 et
938 2250 1038 2272 tantum

203 2287 289 2309 cessat
308 2283 409 2310 interim
428 2284 539 2321 diligens
558 2286 702 2321 inquisitis).
723 2285 753 2311 fr.
772 2287 796 2311 3.
817 2286 894 2319 ξ.13.
916 2287 948 2314 de
961 2288 992 2314 A.
1012 2299 1036 2315 v.

202 2324 233 2350 A.
254 2324 280 2350 P.
305 2326 345 2351 41.
364 2327 388 2351 2.
423 2327 465 2353 Ad
489 2327 637 2363 fugiendam
662 2328 874 2364 inquisitionem,
898 2330 940 2357 vel
965 2332 1039 2358 iusti-

202 2368 264 2393 tiam
288 2367 534 2402 animadversionis,
560 2371 604 2403 (in
630 2380 733 2396 arenam
752 2380 781 2396 se
801 2370 888 2405 dare.)
912 2373 943 2400 srj
962 2377 985 2401 5.
1006 2374 1037 2401 de

202 2409 303 2445 fugitiv.
331 2411 371 2435 ll.
395 2411 418 2436 4.
464 2411 493 2438 Si
516 2412 566 2438 hoc
590 2413 700 2440 localem
725 2415 806 2450 exigit
832 2416 1036 2451 inquisitionem.

204 2451 255 2483 (ad
276 2453 443 2487 magistratus
464 2455 635 2492 municipales
662 2458 821 2490 remittere.)
846 2457 876 2484 fr.
895 2461 918 2485 4.
942 2469 981 2496 pr.
1006 2460 1038 2487 de

206 2494 291 2520 damn.
312 2494 356 2520 inf.
375 2496 417 2521 39.
436 2496 460 2521 2.
498 2496 573 2530 Quos
592 2514 622 2517 —
644 2500 758 2535 cognitio
777 2501 966 2537 inquisiti0que
979 2513 1038 2529 con·

202 2538 303 2563 vicerit.
324 2535 373 2562 Th.
393 2536 424 2563 C.
443 2537 488 2563 XI.
507 2539 548 2564 36.
567 2549 588 2565 c.
606 2542 647 2567 27.
668 2542 751 2577 Quor.
771 2554 830 2580 app.
851 2554 874 2570 u.
895 2554 945 2571 rec.
962 2545 992 2572 cs.
1007 2546 1036 2572 II.

203 2580 244 2605 18.
269 2590 290 2605 c.
304 2581 324 2605 l.
345 2578 377 2604 de
395 2579 471 2606 iudic.
483 2582 506 2606 3.
521 2581 543 2606 l.
568 2580 646 2609 Plena
661 2585 832 2621 inquisitione
842 2586 973 2614 discutere
988 2588 1038 2621 (rei

204 2621 376 2658 qualitatem.)
397 2632 417 2648 c.
437 2624 460 2649 9.
481 2622 538 2649 eod.
556 2624 581 2649 3.
601 2625 622 2650 l.
664 2625 763 2654 Civiles
788 2630 980 2665 inquisitiones
1000 2630 1037 2657 lb.

202 2664 247 2690 IX.
268 2665 308 2689 19.
330 2673 350 2689 e.
370 2666 394 2690 4.
414 2664 435 2698 5
454 2667 478 2691 2.
498 2665 529 2692 ad
544 2665 573 2692 L.
588 2665 667 2693 Corn.
687 2669 719 2695 de
736 2670 793 2697 fals.
831 2671 935 2698 Census
955 2674 1039 2710 iuqui-

203 2708 275 2733 sitio.
296 2706 331 2732 lb.
351 2706 420 2732 XIII.
441 2709 480 2733 10.
501 2718 521 2734 c.
540 2710 564 2734 5.
585 2708 617 2735 de
639 2719 718 2737 ceusu
741 2722 761 2739 s.
781 2713 865 2740 adscr.
903 2715 981 2742 Fides
1001 2717 1037 2742 in-

203 2749 354 2785 quisitionis
374 2759 421 2786 pro
440 2750 546 2777 viuculo
566 2751 641 2777 cedet
659 2754 794 2782 cautionis.
814 2755 844 2782 fr.
865 2759 904 2783 13.
925 2759 946 2792 5.
959 2760 984 2785 2.
1005 2758 1037 2785 de

204 2796 251 2818 tut.
269 2797 295 2819 et
314 2802 367 2818 cur.
388 2792 439 2818 dat.
454 2793 495 2818 26.
514 2795 537 2819 5.
574 2793 624 2821 Per
642 2795 838 2831 inquisitionem
855 2799 958 2827 idoneis
977 2797 1037 2838 pro-

1857 156 1916 186 -177

1082 238 1211 264 nunciatis
1231 237 1284 271 (sc.
1304 238 1461 271 tutoribus.)
1481 237 1510 265 fr.
1530 239 1554 264 5.
1579 237 1612 264 de
1630 237 1745 263 confirm.
1766 241 1812 263 tut.
1831 237 1872 262 26.
1891 238 1915 262 3.

1082 280 1122 307 Ex
1141 281 1311 317 inquisitione
1330 281 1436 307 decreto
1456 281 1605 307 confirmari
1624 280 1770 313 (tutorem.)
1790 279 1818 305 sr.
1834 281 1857 305 2.
1878 289 1915 315 pr.

1082 324 1103 357 5.
1126 325 1147 349 l.
1172 324 1207 350 ib.
1230 325 1271 349 26.
1295 325 1318 350 3.
1361 324 1389 350 Si
1409 335 1441 351 ex
1465 324 1649 360 inquisitione,
1669 327 1777 360 propter
1796 323 1831 348 rei
1851 322 1917 347 noti-

1083 367 1156 398 tiam,
1181 366 1258 392 suerit
1281 366 1356 393 datus
1381 370 1458 393 tutor.
1488 367 1518 392 fr.
1545 369 1565 393 1.
1595 367 1616 399 5.
1644 367 1665 392 7.
1692 365 1724 391 de
1749 370 1795 391 tut.
1819 369 1844 391 et
1868 369 1915 390 rat.

1082 411 1123 435 27.
1142 411 1166 435 3.
1203 408 1275 436 Citra
1295 410 1507 446 inquisitionem,
1531 419 1551 435 s.
1572 409 1635 435 Sine.
1654 409 1837 445 inquisitione,
1857 417 1917 433 eon-

1084 452 1187 479 firmare.
1206 452 1314 479 Praetor
1332 462 1377 478 eos
1397 454 1450 486 (sc.
1476 452 1594 483 tutores)
1619 452 1731 478 debebit.
1751 451 1780 478 I'r.
1800 452 1822 477 6.
1842 450 1873 476 sr.
1893 451 1915 476 7.

1084 506 1122 556 μὲ.
1145 495 1179 556 ge
1202 496 1319 522 confirm.
1344 500 1390 521 tut.
1413 498 1455 522 26.
1479 497 1502 522 3.
1528 494 1559 521 cf.
1584 494 1613 520 sr.
1638 496 1661 521 4.
1687 494 1719 521 de
1745 498 1844 520 testam.
1870 497 1916 518 tut.

1083 533 1098 556 2
1120 552 1124 557 .
1143 536 1149 542 “
1163 551 1168 557 .

1119 574 1341 606 Inquisitor.
1384 574 1558 607 Cognitor,
1589 574 1742 599 Exactor.
1784 570 1825 597 III.
1850 571 1916 597 Cn.

1084 616 1237 642 Sublimitas
1258 621 1299 643 tua
1319 615 1363 642 det
1381 616 1565 651 inquisitores,
1585 615 1683 651 aperiat
1702 614 1798 646 sorum,
1817 613 1917 640 indices

1083 659 1337 695 denunciatoresque
1356 675 1388 678 -
1408 659 1526 694 accipiat.
1558 657 1607 683 Th.
1628 658 1658 684 C.
1678 657 1748 683 XVI.
1768 659 1791 683 5.
1813 666 1833 683 e.
1851 658 1875 682 9.
1894 655 1916 689 5.

1085 704 1106 729 1.
1126 702 1158 728 de
1177 702 1274 728 haeret.
1311 701 1339 728 Si
1360 701 1422 737 quid
1441 717 1473 720 —
1493 700 1553 727 addi
1577 701 1602 726 in
1627 701 1802 737 praestatione
1820 702 1917 735 potest,

1085 750 1161 771 tenax
1180 745 1321 781 inquisitor
1339 744 1478 770 incumbat.
1509 743 1546 769 lb.
1566 743 1635 769 XIII.
1658 745 1697 769 ll.
1718 753 1739 769 c.
1758 744 1781 768 5.
1801 742 1822 775 5.
1844 743 1865 767 l.
1885 740 1918 767 de

1084 789 1207 814 censitor.

1120 833 1363 858 Inreverens.
1400 830 1441 857 Cf.
1461 840 1485 857 v.
1504 829 1662 856 Irrevereus.

1120 874 1292 900 Insania.
1329 874 1360 906 §-
1380 875 1414 900 1.
1440 874 1622 904 Dementia,
1642 872 1852 905 Insipientia.
1875 868 1918 895 III.

1085 918 1151 944 011.
1172 916 1271 942 Taedio
1291 917 1372 948 vitae,
1393 921 1435 942 aut
1456 916 1550 947 surore,
1570 915 1612 941 vel
1631 915 1743 945 insania,
1762 912 1918 949 (suspendio

1084 961 1163 986 vitam
1182 960 1295 991 finisse.)
1315 969 1334 985 c.
1357 961 1378 984 l.
1399 959 1430 985 de
1450 959 1511 984 bon.
1536 968 1588 985 eor.
1609 968 1651 994 qu.
1672 962 1730 983 aute
1749 961 1815 982 sent.
1834 958 1857 981 9.
1878 956 1918 980 50.

1085 1001 1113 1028 Si
1134 1013 1166 1029 ex
1184 1002 1290 1028 levitate
1314 1003 1489 1039 processerit,
1508 1016 1540 1019 -—
1561 1002 1583 1027 si
1607 1011 1639 1027 ex
1663 1001 1776 1031 insania,
1795 1014 1827 1018 —
1847 998 1869 1023 si
1888 997 1919 1023 ab

1084 1046 1185 1071 iniuria.
1207 1044 1256 1070 Th.
1271 1043 1301 1070 C.
1315 1044 1360 1071 IX.
1374 1047 1397 1071 4.
1418 1055 1438 1070 c.
1460 1046 1480 1070 l.
1501 1046 1523 1070 si
1543 1054 1585 1080 qu.
1604 1043 1666 1080 Imp.
1687 1041 1779 1069 maled.
1795 1058 1822 1061 —
1839 1042 1869 1074 §-
1884 1041 1919 1066 2.

1086 1091 1192 1115 Ausus
1211 1089 1373 1124 nefarius:
1410 1087 1452 1113 III.
1476 1088 1542 1114 Cn.
1574 1087 1767 1113 Sacrificiorum
1787 1084 1921 1111 aboleatur

1084 1132 1192 1158 insania.
1212 1131 1249 1157 lb.
1269 1130 1340 1157 XVI.
1362 1132 1400 1156 10.
1421 1140 1442 1157 c.
1461 1132 1485 1156 2.
1505 1130 1537 1156 de
1556 1140 1645 1167 pagan.
1682 1128 1772 1155 Novae
1791 1136 1920 1165 praesum-

1084 1176 1165 1201 tionis
1185 1175 1292 1200 insania.
1312 1173 1348 1200 lb.
1369 1173 1411 1200 VI.
1432 1175 1455 1199 4.
1471 1178 1497 1199 ‘c.
1517 1175 1558 1199 22.
1579 1174 1600 1206 5.
1620 1174 1643 1198 3.
1665 1171 1696 1198 de
1714 1171 1797 1197 Praet.
1813 1175 1837 1196 et
1851 1169 1903 1204 Qu.

1120 1220 1298 1244 Insanus.
1336 1216 1473 1250 (Adiect.)
1512 1217 1617 1243 Mente
1639 1221 1761 1249 eaptus.
1798 1213 1828 1239 II.
1853 1214 1920 1246 011.

1085 1261 1139 1296 Qui
1158 1270 1236 1286 sanae
1254 1260 1350 1286 mentis
1370 1264 1417 1286 est.
1443 1259 1473 1286 sr.
1494 1261 1516 1285 7.
1542 1259 1564 1292 5.
1583 1260 1607 1284 3.
1632 1257 1664 1284 ad
1687 1257 1716 1284 L.
1736 1256 1782 1282 Iul.
1802 1257 1859 1282 mai.
1878 1256 1919 1281 48.

1083 1306 1106 1330 4.
1143 1303 1186 1330 III.
1209 1304 1275 1330 Cn.
1295 1302 1345 1328 Per
1363 1303 1445 1329 vicos.
1464 1313 1536 1329 more
1550 1303 1710 1329 insanorum.
1730 1298 1871 1326 deridenda
1885 1298 1920 1324 lo-

1084 1348 1136 1383 qui.
1157 1346 1186 1372 fr.
1205 1348 1229 1372 4.
1249 1345 1271 1378 5.
1293 1347 1314 1372 l.
1335 1345 1367 1371 de
1385 1345 1471 1371 Aedil.
1490 1345 1568 1372 edict.
1586 1346 1628 1370 21.
1650 1345 1672 1370 I.
1710 1342 1830 1374 Maiores,
1850 1351 1921 1367 cver-

1083 1400 1167 1421 sores,
1186 1389 1279 1415 insani.
1298 1389 1346 1425 Ep.
1367 1389 1427 1415 inst.
1448 1388 1515 1415 Gaii.
1535 1388 1553 1414 I.
1574 1389 1597 1414 S.
1617 1388 1640 1421 5.
1662 1388 1683 1413 l.
1704 1386 1735 1412 ci.
1755 1385 1784 1412 11.
1804 1387 1828 1411 2.
1847 1385 1868 1418 5.
1883 1386 1908 1410 3.

1119 1432 1368 1459 Insatiabilis.
1399 1431 1529 1465 (Adiect.)
1567 1431 1716 1457 Fastidii
1734 1438 1856 1462 expers.
1877 1426 1920 1453 III.

1084 1477 1150 1503 Gn.
1170 1475 1244 1510 Quae
1268 1474 1410 1500 insatiabili
1434 1473 1578 1500 catholicae
1601 1473 1736 1509 religionis
1759 1471 1860 1497 honore
1879 1470 1921 1496 ‹Ie-

1084 1519 1221 1544 crevimus.
1241 1516 1307 1543 Nov.
1328 1516 1377 1544 Th.
1397 1516 1426 1543 ll.
1447 1517 1480 1543 de.
1499 1516 1553 1543 Iud.
1573 1516 1591 1542 I.
1611 1517 1635 1541 6.
1655 1526 1676 1542 c.
1698 1517 1719 1541 I.
1739 1515 1761 1548 5.
1783 1516 1822 1540 10.

1120 1561 1305 1588 Insciens.
1326 1560 1454 1593 (Adiect.)
1475 1562 1632 1595 Ignarus,
1653 1560 1795 1586 Nescius.
1815 1556 1834 1582 I.
1860 1557 1921 1590 Sy.

1084 1604 1217 1640 Ignorans.
1237 1603 1268 1629 sr.
1287 1604 1328 1629 34.
1349 1602 1381 1629 de
1400 1613 1490 1639 usurp,
1510 1604 1551 1628 41.
1570 1604 1594 1628 3.
1619 1602 1650 1628 cf.
1671 1612 1691 1627 c.
1713 1603 1752 1627 10.
1777 1599 1828 1634 Qu.
1849 1609 1869 1625 c,
1890 1608 1920 1624 eo

1084 1657 1127 1684 qu.
1148 1648 1174 1673 in
1194 1646 1226 1672 al.
1245 1651 1300 1683 pot.
1321 1647 1344 1672 4.
1364 1647 1405 1672 26.
1443 1645 1579 1671 Nescieus.
1600 1645 1629 1671 sr.
1649 1646 1690 1671 37.
1711 1643 1740 1670 sr.
1754 1645 1795 1669 65.
1816 1642 1837 1676 5.
1850 1643 1874 1668 8.
1889 1641 1921 1667 (18

1084 1689 1160 1716 cond.
1180 1689 1268 1716 iudeb.
1289 1691 1329 1715 12.
1348 1690 1372 1715 6.
1408 1688 1451 1714 III.
1476 1690 1542 1715 Cn.
1571 1687 1600 1713 Si
1619 1697 1711 1713 servus
1730 1686 1858 1712 insciente
1877 1684 1920 1710 do-

1083 1734 1154 1759 miuo
1173 1732 1268 1758 fecisse
1287 1732 1395 1758 dicetur.
1415 1730 1445 1757 fr.
1464 1732 1488 1757 5,
1513 1731 1534 1764 5.
1554 1732 1577 1757 6.
1598 1730 1630 1756 de
1650 1730 1674 1756 h.
1695 1740 1737 1766 qu.
1758 1728 1836 1755 et‘sud.
1853 1728 1877 1753 9.
1895 1729 1919 1753 3.

1084 1775 1114 1801 cf.
1135 1775 1165 1801 fr.
1185 1777 1209 1800 2.
1229 1785 1267 1811 pr.
1288 1773 1320 1800 de
1339 1784 1398 1800 nox.
1418 1778 1467 1800 act.
1487 1775 1510 1800 9.
1530 1775 1553 1800 4.
1598 1773 1716 1799 Insciens
1735 1783 1748 1798 a
1768 1777 1793 1798 te
1813 1771 1870 1797 emi.
1889 1769 1919 1796 fr.

1082 1819 1124 1844 37.
1144 1817 1176 1843 de
1196 1817 1271 1843 cond.
1295 1816 1382 1843 iudeb.
1409 1818 1447 1843 12.
1472 1818 1496 1843 6.
1534 1817 1619 1843 Etiam
1642 1817 1786 1842 inscientes
1811 1815 1920 1847 (usuca-

1083 1870 1146 1897 pere
1166 1860 1305 1892 solemuS.)
1324 1860 1355 1886 fr.
1374 1861 1415 1886 29.
1436 1859 1468 1886 de
1488 1861 1584 1897 captiv.
1604 1861 1646 1885 49.
1669 1861 1707 1885 15.

1119 1903 1342 1930 Inscientia.
1362 1905 1575 1937 Ignorantia,
1596 1903 1780 1936 Imperitia.
1803 1899 1918 1927 Ilion.

1083 1946 1112 1972 Si
1133 1956 1163 1972 ex
1181 1945 1265 1983 plagis
1284 1955 1377 1971 servus
1396 1950 1514 1972 mortuus
1528 1950 1607 1977 esset,
1627 1955 1712 1981 neque
1730 1944 1757 1970 id
1775 1942 1870 1969 medici
1883 1943 1919 1968 in-

1083 1990 1191 2015 scientia
1210 1993 1254 2015 aut
1273 1988 1371 2014 domini
1390 1988 1545 2025 negligentia
1560 1988 1707 2015 accidisset.
1728 1987 1757 2014 fr.
1772 1988 1813 2013 52.
1834 1996 1872 2023 pr.
1887 1985 1919 2012 ad

1082 2031 1111 2058 L.
1131 2031 1200 2068 Aqu.
1219 2032 1243 2058 9.
1262 2033 1287 2057 2.
1324 2030 1380 2057 Nec
1400 2042 1487 2058 rerum
1506 2036 1623 2058 naturam
1641 2030 1800 2061 intuendam⁷
1822 2046 1851 2050 ——
1872 2028 1919 2055 sed

1083 2079 1198 2101 nostram
1217 2075 1388 2101 inscientiam.
1409 2074 1438 2101 fr.
1457 2076 1499 2101 28.
1519 2076 1539 2109 5.
1560 2076 1583 2101 5.
1604 2074 1636 2101 de
1655 2074 1732 2101 indic.
1753 2076 1776 2100 5.
1797 2074 1819 2099 l.

1118 2117 1280 2144 luscius.
1317 2117 1447 2150 (Adiect.)
1485 2120 1637 2145 Insciens.
1674 2117 1703 2143 II.
1724 2118 1791 2150 Op.
1816 2115 1917 2142 Sciens.

1083 2160 1166 2187 Vatic.
1187 2160 1208 2194 5.
1228 2161 1287 2186 269.
1308 2159 1338 2186 fr.
1358 2161 1382 2186 8.
1406 2161 1486 2195 551.
1505 2162 1530 2186 3.
1550 2161 1579 2186 fr.
1601 2162 1640 2186 15.
1659 2170 1698 2197 pr.
1719 2159 1752 2186 de
1770 2169 1874 2196 procur.
1893 2159 1916 2183 3.

1081 2205 1104 2230 3.
1143 2203 1185 2229 III.
1206 2204 1272 2230 Gn.
1302 2202 1402 2235 luscio,
1425 2203 1468 2229 vel
1491 2205 1567 2230 etiam
1590 2205 1672 2230 invito
1696 2213 1744 2229 me.
1768 2202 1797 2228 fr.
1819 2204 1858 2227 15.
1877 2209 1916 2237 pr.

1083 2246 1134 2282 Qu.
1154 2247 1180 2272 vi
1199 2250 1243 2272 aut
1263 2245 1293 2272 cl.
1314 2248 1355 2272 43.
1375 2248 1416 2272 24.
1437 2246 1469 2272 ci'.
1489 2246 1572 2273 Vatic.
1592 2246 1609 2272 l.
1623 2246 1639 2272 l.
1668 2245 1753 2272 Nobis
1772 2245 1861 2271 insciis
1881 2248 1916 2269 at-

1082 2299 1133 2325 que
1157 2288 1324 2315 inconsultis.
1350 2289 1400 2316 Th.
1425 2289 1456 2315 C.
1479 2288 1538 2315 XV.
1564 2291 1604 2315 15.
1629 2300 1650 2316 c.
1670 2291 1694 2316 l.
1720 2289 1801 2324 Quor.
1822 2296 1860 2313 us.
1880 2287 1916 2312 in—

1082 2331 1184 2358 terdict.

1117 2375 1346 2402 Inscribere.
1372 2374 1402 2408 §.
1423 2375 1457 2401 1.
1487 2377 1634 2402 Titulum
1652 2375 1851 2409 praefigere.
1871 2370 1914 2397 III.

1082 2418 1148 2444 Cn.
1172 2417 1265 2449 Liber,
1285 2418 1342 2453 qui,
1368 2427 1392 2443 v.
1412 2416 1518 2450 Oratio,
1542 2428 1608 2454 quae
1626 2414 1820 2450 (inscribitur.)
1841 2413 1871 2440 fr.
1889 2416 1914 2440 2.

1081 2460 1120 2493 55.
1142 2462 1184 2486 38.
1209 2461 1250 2486 46.
1276 2459 1308 2486 de
1327 2459 1360 2486 Ο.
1380 2459 1397 2486 I.
1419 2462 1441 2486 l.
1461 2462 1484 2487 2.
1521 2460 1631 2487 inscribi
1655 2468 1747 2485 nomeu
1771 2458 1845 2494 operi
1868 2467 1915 2494 pu-

1082 2503 1160 2529 blico.
1182 2502 1211 2529 sr.
1230 2504 1254 2528 3.
1275 2503 1296 2535 5.
1316 2504 1340 2528 2.
1361 2502 1392 2529 cf.
1416 2502 1447 2529 fr.
1465 2505 1489 2529 2.
1514 2504 1536 2536 5.
1555 2506 1578 2529 2.
1599 2503 1631 2529 de
1651 2511 1711 2537 opp.
1731 2500 1792 2537 pub.
1812 2502 1853 2526 50.
1866 2502 1913 2526 .10.

1083 2562 1113 2566 —
1134 2546 1164 2579 §·
1186 2547 1221 2572 2.
1247 2547 1408 2578 Scribere,
1435 2549 1565 2580 (supra,
1590 2556 1610 2571 v.
1630 2547 1685 2573 in.)
1724 2543 1741 2569 I.
1763 2545 1824 2577 Sy.
1845 2543 1915 2569 Scri-

1081 2588 1144 2614 bere
1163 2588 1304 2624 (stigmata,
1324 2599 1359 2616 sc.
1379 2590 1484 2621 servis)
1504 2588 1559 2614 Gai.
1579 2588 1596 2613 Ι.
1618 2588 1656 2613 13.
1676 2586 1738 2623 le.
1757 2586 1775 2612 I.
1797 2588 1835 2612 ll.
1872 2585 1913 2612 III.

1083 2632 1148 2658 οη.
1168 2631 1206 2662 ld,
1226 2631 1297 2667 quod
1315 2633 1397 2668 priori
1416 2631 1537 2658 codicillo
1551 2630 1728 2666 inscripserat.
1749 2639 1769 2655 c.
1783 2631 1807 2656 3.
1827 2629 1859 2655 de
1873 2639 1914 2655 co-

1082 2673 1162 2700 dioill.
1182 2675 1205 2699 6.
1225 2675 1266 2700 36.
1304 2674 1379 2710 Quae
1402 2676 1428 2700 in
1452 2678 1606 2699 testamento
1631 2672 1764 2705 delentur,
1789 2672 1913 2699 inducun-

1082 2722 1139 2747 tur,
1162 2716 1207 2742 vel
1230 2718 1416 2743 inscribuntur.
1441 2716 1499 2751 Dig.
1518 2717 1559 2742 28.
1579 2717 1603 2742 4.
1624 2715 1729 2749 (rubr.)
1762 2732 1791 2736 -—
1824 2716 1854 2749 §⁰
1875 2716 1911 2741 3.

1082 2762 1287 2792 Adscribere,
1312 2761 1486 2792 Scriptura
1509 2760 1679 2795 profiteri.
1715 2758 1733 2785 I.
1753 2760 1815 2793 Sy·
1843 2758 1911 2783 Scri-

1080 2802 1142 2829 bere
1161 2804 1272 2836 (nomen
1291 2802 1391 2834 suum.)
1417 2800 1446 2828 fr.
1465 2802 1507 2828 36.
1526 2811 1565 2838 pr.
1586 2801 1618 2828 ad
1636 2803 1730 2829 munic.
1749 2803 1790 2828 50.
1812 2802 1833 2826 l.
1869 2799 1909 2825 Ill.
