2197 3121
1022 153 1126 184 MAN.

208 252 240 257 -
259 235 424 263 denunciare..
450 235 480 263 sr.
501 237 524 262 l.
550 236 614 269 5.1.
635 234 667 261 dc
687 244 790 270 agnose.
812 239 836 260 et
855 233 939 260 alend.
959 236 1000 261 25.
1020 236 1044 261 3.

207 279 270 305 Sive
289 278 357 316 apud
377 279 467 305 hostes
487 279 533 309 sit,
554 292 586 298 —
607 277 649 304 vel
668 278 694 303 in
714 278 818 313 regione
838 277 997 309 detineatur,
1017 282 1046 303 ut

207 331 291 358 neque
320 323 432 358 experiri
459 331 544 357 neque
567 320 688 347 mandare
711 322 804 357 possit.
837 320 867 346 fr.
889 321 911 346 l.
936 319 968 346 de
992 319 1044 346 div.

207 369 285 401 temp.
310 374 424 401 praescr.
446 366 487 391 44.
508 367 532 390 3.
573 362 683 399 Aliquid
706 363 864 394 faciendum,
892 373 916 388 v.
940 362 994 388 Res
1018 363 1044 388 in

206 416 270 433 usus
289 406 455 434 advehendas
475 411 523 433 cte.
544 405 673 432 mandare.
695 405 751 431 Gai.
766 405 806 432 111.
822 407 878 432 158.
899 405 929 431 fr.
944 406 967 432 4.
987 405 1008 438 5.
1022 407 1043 431 l.

206 449 239 475 de
258 449 389 486 publican.
409 451 450 476 39.
469 451 494 475 4.
532 449 644 475 Omnem
662 448 878 479 iurisdictionem,
892 464 923 467 —
939 448 981 474 De
994 458 1044 474 una

206 493 295 528 specie
309 492 463 525 (mandare.)
483 491 513 518 fr.
530 493 569 517 16.
585 501 625 527 sq.
646 491 678 517 de
697 491 788 517 iurisd.
803 493 827 516 2.
842 493 864 517 1.
902 491 956 526 Qui
976 500 1045 516 man-

206 534 251 561 dat
270 534 345 561 solvi.
365 534 395 561 fr.
415 536 456 561 56.
477 534 508 561 ct'.
529 534 559 560 sr.
578 535 620 560 34.
641 535 662 568 5.
682 535 706 560 3.
727 534 759 560 de
778 533 855 560 solut.
875 534 915 559 46.
927 535 950 559 3
975 533 1044 559 Man-

206 577 276 609 dare,
296 582 323 604 ut
342 578 433 614 (petat,
454 587 474 603 s.
495 582 559 613 agat.
580 587 603 603 v.
624 577 716 612 gerat.)
736 576 766 602 sr.
786 578 826 603 48.
847 575 879 602 dc
897 586 1002 613 procur.
1019 578 1043 602 3.

204 622 229 646 3.
250 620 279 646 fr.
298 622 322 646 3.
343 620 425 654 511.
446 620 476 646 sr.
496 621 519 646 6.
540 621 561 653 5.
582 622 605 646 4.
625 620 655 646 fr.
678 621 717 646 19.
738 629 758 645 e.
777 620 802 644 2.
823 618 855 645 de
874 618 906 645 N.
928 618 959 645 G.
978 621 1003 645 3.
1019 621 1043 645 5.

206 679 238 682 —
258 664 288 696 ξ.
308 664 342 689 2.
370 664 495 689 Auctor
508 664 609 699 fieri,
631 664 820 693 Decernere,
845 664 963 688 lubere.
1000 661 1043 688 ΙΙΙ.

205 706 271 733 Cn.
299 705 393 731 Edicto
418 704 452 731 D.
477 704 570 731 Severi
589 706 749 735 continetur,
779 714 831 740 quo
856 704 993 730 mandatur
1011 714 1044 731 ne

205 752 253 774 etc.
274 747 304 774 fr.
324 749 347 773 3.
368 748 389 781 5.
410 749 433 774 4.
454 747 486 774 de
506 747 605 784 sepulc.
626 747 686 773 viol.
706 748 748 772 47.
766 748 805 773 12.
826 746 858 773 cs.
878 747 908 773 t’r.
922 748 945 773 8.
966 748 1042 780 5.17.

204 789 238 816 de
256 794 378 816 transact.
398 792 422 816 2.
444 792 483 817 15.
522 791 597 826 Quae
615 806 646 810 -
666 794 740 826 pater
760 794 858 821 noster,
879 794 904 816 et
923 800 972 815 nos
991 790 1043 826 ipsi

204 848 236 852 —-
254 833 372 859 iussione
391 833 578 860 mandavimus.
599 833 648 860 Th.
663 832 694 859 C.
714 832 784 859 XVI.
804 835 827 859 5.
848 843 869 859 c.
889 834 913 858 5.
934 832 966 858 dc
985 832 1044 858 hae-

203 876 276 902 retic.
315 875 390 910 Quae
409 876 553 907 fideiussit,
572 875 615 902 vel
633 874 822 912 fidcpromisit,
842 874 884 901 vel
903 875 1041 901 mandavit..

202 917 275 944 Paul.
296 917 314 944 1.
334 920 358 945 9.
379 919 399 952 5.
419 921 443 944 5.
464 918 494 944 fr.
514 921 538 945 3.
558 919 594 952 55.
608 921 632 944 5.
652 928 692 954 sq.
712 917 745 944 de
764 917 848 955 pecul.
865 920 941 944 15.1.
962 918 1044 944 (ἰοδν-

203 962 295 987 citioni
313 961 436 987 mandare
455 962 586 994 (crimen.)
609 960 659 987 Th.
680 960 711 987 C.
730 960 801 987 XVI.
821 963 844 987 5.
870 971 891 987 c.
911 962 952 987 65.
976 962 998 994 5.
1019 964 1042 988 5.

202 1003 235 1030 de
253 1003 350 1030 haeret.
376 1020 407 1025 —
438 1005 468 1037 ἓ.
494 1005 530 1030 3.
562 1006 693 1035 Cedere,
719 1006 904 1030 Praestare.
941 1004 960 1030 I.
980 1005 1042 1038 Sy.

202 1046 306 1073 Cedere
326 1046 487 1079 (actionem.)
508 1045 549 1072 Cs.
564 1046 588 1072 h.
602 1057 626 1072 V.
646 1046 668 1079 5.
683 1048 707 1072 2.
745 1045 891 1077 Praestare,
907 1045 1043 1077 Tribuere,

202 1090 353 1123 (actiones.)
380 1089 410 1116 fr.
430 1091 471 1115 51.
492 1088 524 1115 de
543 1089 628 1126 pecul.
649 1091 689 1115 15.
710 1090 733 1115 1.
759 1089 788 1116 fr.
807 1091 831 1116 2.
857 1090 878 1123 5.
898 1091 922 1115 3.
948 1089 980 1115 de
1000 1089 1043 1115 he-

200 1132 255 1159 red.
275 1142 299 1158 v.
319 1136 367 1158 act.
387 1131 463 1158 vend.
485 1133 525 1159 18.
545 1133 569 1158 4.
607 1131 637 1158 11.
657 1133 723 1165 Op.
743 1131 892 1158 Indemnem
910 1137 1044 1172 praestare

201 1175 319 1202 alterum.
347 1173 499 1201 Restituere
518 1185 580 1201 rem.
605 1190 637 1194 —-·
661 1174 784 1201 Mandata
802 1176 926 1202 actiones.
951 1175 981 1202 sr.
1000 1177 1041 1201 23.

200 1228 239 1255 pr.
259 1227 307 1255 pro
326 1227 380 1243 soc.
402 1219 442 1244 17.
462 1220 486 1244 2.
506 1217 537 1244 fr.
557 1219 598 1244 37.
619 1218 641 1251 5.
662 1219 684 1243 1.
705 1217 735 1243 ad
756 1217 783 1244 S.
804 1217 835 1244 C.
856 1217 935 1244 Treb.
955 1220 997 1245 36.
1020 1219 1041 1244 1.

199 1260 243 1287 111.
263 1261 328 1288 Gn.
348 1259 442 1297 Neque
461 1260 622 1286 mandandae
640 1265 701 1286 sunt
720 1261 845 1293 actiones,
865 1271 950 1297 neque
969 1261 1041 1287 utilis

200 1304 332 1340 competit.
358 1302 387 1329 sr.
409 1305 432 1329 1.
457 1303 540 1336 5.14.
564 1302 596 1329 de
615 1308 662 1329 tut.
683 1308 709 1329 ct
728 1308 774 1330 rat.
795 1306 837 1330 27.
856 1306 880 1330 3.
918 1304 1041 1331 Mandare

199 1356 258 1373 eum
281 1346 359 1383 plane
383 1345 518 1383 oportebit
541 1347 633 1372 emtori
657 1345 719 1372 l'urti
738 1348 880 1378 actionem,
909 1352 934 1373 et
954 1347 1040 1373 condi-

199 1390 321 1420 ctionem,
341 1394 367 1415 et
386 1388 602 1419 vindicationem
622 1393 647 1414 et
666 1390 688 1415 si
708 1389 771 1425 quid
790 1400 822 1416 ex
839 1389 880 1416 his
893 1390 1041 1416 actionibus

198 1432 277 1459 fuerit
296 1436 469 1464 consecutus,
494 1431 520 1457 id
546 1436 680 1468 praestare
705 1442 763 1458 eum
783 1434 875 1459 emtori
900 1433 1040 1470 oportebit.

198 1474 230 1502 fr.
250 1476 290 1501 14.
310 1485 349 1512 pr.
370 1474 402 1501 de
422 1474 482 1500 furt.
501 1476 543 1500 47.
563 1476 587 1500 2.
624 1473 741 1500 Pretium
763 1477 844 1512 magis
863 1475 1040 1502 mandaturum

198 1519 329 1544 actionum
349 1517 479 1548 solutum,
505 1527 580 1553 quam
600 1518 685 1549 actio,
705 1528 771 1554 quae
790 1518 851 1550 fuit,
871 1524 986 1555 peremta
1005 1520 1042 1545 vi-

198 1560 297 1587 deatur.
318 1560 348 1586 sr.
370 1562 410 1587 76.
437 1559 470 1586 de
494 1559 572 1586 solut.
592 1561 634 1586 46.
653 1562 677 1586 3.
715 1559 817 1586 Nomen
836 1561 964 1588 debitoris
983 1561 1042 1588 reli-

198 1604 255 1640 quit
274 1602 389 1636 (Titio.)
410 1604 485 1639 eique
504 1602 639 1629 mandatae
663 1607 724 1628 sunt
748 1605 864 1630 actiones
884 1605 915 1630 ab
939 1604 1040 1631 heredi—

198 1645 255 1672 bus.
280 1645 310 1672 sr.
332 1648 371 1672 70.
396 1645 428 1672 de
448 1655 551 1683 procur.
572 1647 595 1671 3.
615 1647 639 1672 3.
666 1645 697 1672 cs.
726 1645 756 1672 fr.
776 1648 818 1673 3⁴.
842 1657 881 1683 pr.
906 1647 939 1674 de
963 1647 1039 1684 legat.

197 1688 240 1714 111.
261 1689 327 1722 (32.)
365 1688 394 1715 Si
413 1693 519 1725 paratus
538 1689 572 1714 sit
592 1689 708 1715 actiones
728 1688 859 1721 mandare,
879 1690 1039 1717 absolvetur.

198 1730 230 1757 fr.
250 1733 291 1757 51.
316 1730 348 1757 dc
371 1730 457 1768 pecul.
478 1732 517 1757 15.
540 1733 561 1757 l.
582 1730 613 1757 cf.
643 1731 672 1758 fr.
693 1732 717 1758 8.
745 1732 767 1765 5.
787 1734 811 1758 5.
837 1733 922 1759 mand.
950 1735 989 1760 17.
1017 1736 1038 1760 l.

198 1774 228 1799 fr.
247 1775 289 1800 23.
313 1783 352 1810 pr.
381 1784 429 1810 pro
455 1784 508 1800 soc.
537 1775 576 1800 17.
596 1776 620 1800 2.
662 1773 791 1800 Mandatis
815 1775 866 1801 sibi
890 1776 1038 1802 actionibus

197 1817 352 1849 (convenire
371 1816 528 1848 debitores.)
548 1816 578 1842 l'r.
598 1818 638 1843 53.
659 1816 691 1842 de
711 1817 794 1853 pecul.
811 1819 850 1844 15.
867 1820 888 1844 Ι.

233 1859 441 1886 Mandatio.
480 1858 521 1885 Cf.
542 1869 565 1885 v.
586 1858 713 1885 Traditio.

231 1903 445 1928 Mandator.
477 1902 508 1934 ᾖ.
523 1903 558 1928 l.
581 1903 643 1934 Qui
662 1905 844 1928 mandatum
865 1905 1038 1937 qualecun-

196 1955 254 1979 que
272 1946 371 1971 alleri
390 1945 548 1979 iniungit.
585 1944 604 1970 1.
621 1946 682 1978 Sy.
702 1944 835 1971 Mandnns.
856 1945 890 1977 Is,
911 1947 955 1982 qui
970 1956 1039 1972 man-

197 1987 275 2014 davit.
297 1987 327 2013 fr.
346 1989 388 2014 22.
408 1987 430 2020 5.
446 1988 485 2013 11.
505 1986 535 2013 sr.
554 1988 595 2013 26.
615 1997 654 2023 pr.
675 1988 711 2021 55.
728 1990 749 2014 1.
769 1998 826 2024 sqq.
847 1988 932 2015 s1·.49.
952 1988 1038 2015 mand.

196 2032 237 2057 17.
258 2032 280 2056 1.
305 2029 336 2056 fr.
356 2032 380 2056 2.
405 2029 437 2056 de
461 2039 524 2055 auro
549 2040 601 2065 arg.
621 2031 662 2056 34.
683 2032 706 2056 2.
730 2030 761 2057 sr.
783 2033 839 2057 135.
864 2031 885 2064 5.
905 2033 928 2057 2.
953 2031 986 2057 de
1005 2031 1036 2057 V.

196 2072 294 2099 O..45.
321 2074 343 2098 1.
386 2072 566 2099 mandatorem
589 2072 693 2098 habere.
730 2072 826 2099 Alieno
850 2074 971 2100 mandato
996 2074 1038 2100 dc-

196 2114 271 2142 serrc.
296 2115 327 2142 sr.
349 2117 371 2141 1.
396 2115 480 2149 §.13.
501 2114 532 2141 ad
552 2114 617 2141 S.C.
643 2114 725 2152 Turp.
745 2117 786 2142 48.
808 2118 848 2142 16.
872 2116 903 2143 sr.
922 2119 948 2144 2.
971 2118 992 2151 5.
1012 2120 1049 2144 5.‘

195 2156 227 2183 fr.
246 2160 287 2184 22.
307 2158 328 2191 5.
347 2160 372 2184 3.
392 2157 424 2184 de
443 2159 499 2184 iure
517 2158 584 2184 fisci.
603 2159 644 2184 49.
666 2159 705 2185 14.
742 2158 785 2185 ΙΙΙ.
801 2160 867 2187 Gn.
887 2159 1036 2186 Mandatum

196 2204 280 2225 mort-e
298 2200 471 2233 mandatoris,
495 2211 548 2227 non
571 2201 647 2226 etiam
671 2201 784 2227 mandati
807 2203 890 2233 actio,
915 2202 1036 2229 solvitur.

196 2241 228 2268 fr.
248 2243 289 2267 58.
313 2252 353 2278 pr.
378 2243 408 2269 cf.
434 2243 464 2270 fr.
488 2245 529 2269 26.
555 2253 594 2280 pr.
621 2243 650 2269 fr.
676 2245 717 2270 46.
740 2244 825 2271 mand.
851 2247 891 2271 17.
916 2247 938 2271 1.
976 2245 1036 2272 Non

196 2285 273 2315 enim,
294 2285 337 2319 qui
357 2285 516 2317 exhortatur,
535 2286 696 2312 mandatoris
716 2297 794 2323 opera
809 2287 931 2323 fungitur.
952 2288 981 2314 sr.
993 2290 1034 2314 20.

196 2326 229 2352 de
248 2326 271 2352 h.
293 2336 335 2362 qu.
356 2332 408 2354 not.
428 2329 471 2355 inf.
491 2331 515 2355 3.
535 2331 558 2355 2.
596 2328 656 2355 'Non
681 2334 709 2355 ut
732 2329 834 2355 delator
856 2340 957 2367 poenae
975 2331 1036 2357 sub-

195 2369 352 2399 duceretur.
377 2370 400 2395 si
423 2371 598 2398 mandatorem
622 2371 744 2403 haberet,
773 2372 819 2398 scd
848 2378 877 2399 ut
899 2373 1035 2400 mandator
1056 2379 1058 2404 1

195 2421 308 2448 quoquc,
328 2411 438 2448 perinde
456 2418 532 2450 atque
551 2416 573 2441 si
592 2416 650 2451 lpse
669 2414 743 2441 solus
763 2415 911 2448 detulisset,
930 2418 1035 2453 punire—

195 2459 245 2480 tur.
270 2453 300 2480 sr.
319 2456 343 2480 2.
368 2455 404 2488 55.
425 2457 448 2481 5.
472 2465 510 2492 sq.
534 2457 564 2483 t'r.
582 2459 624 2483 22.
648 2459 670 2491 5.
690 2460 714 2484 3.
739 2458 769 2484 fr.
794 2460 835 2484 23.
860 2468 900 2495 sq.
926 2458 958 2485 de
978 2460 1034 2485 iure

194 2497 261 2523 fiscI.
275 2498 316 2523 49.
332 2498 371 2523 14.
409 2497 574 2525 mandatores
593 2500 689 2533 caedis,
708 2501 818 2538 perinde
838 2506 865 2527 ut.
879 2501 1032 2535 homieIdae,

194 2540 346 2577 puniuntur.
366 2539 438 2566 Paul.
462 2539 489 2566 V.
509 2542 551 2567 23.
570 2541 653 2574 5.11.
673 2560 705 2563 -
728 2544 758 2577 ξ.
779 2545 814 2570 ².
837 2546 898 2577 Qui
916 2551 1033 2571 auctor

189 2584 308 2618 factus
331 2589 377 2608 est
399 2585 560 2616 pecuniae
578 2587 680 2612 alleri
697 2589 876 2613 credendae.
913 2586 942 2613 11.
964 2588 1031 2621 Op.

194 2624 351 2661 Principalis
371 2624 483 2658 debitor,
502 2636 522 2652 s.
542 2636 610 2652 reus.
631 2627 660 2654 fr.
680 2630 719 2656 71.
739 2639 777 2666 pr.
798 2628 831 2654 de
850 2628 969 2655 fideiuss.
989 2631 1030 2656 46.

194 2669 218 2693 1.
238 2678 261 2694 c.
281 2668 322 2693 23.
343 2667 400 2694 eod.
419 2669 443 2694 8.
463 2670 504 2694 41.
540 2667 584 2694 III.
605 2670 670 2696 οη.
689 2669 738 2697 Hic
757 2672 806 2705 (sc.
820 2672 968 2704 mandator)
989 2682 1030 2699 ve-

194 2710 234 2736 lut
252 2709 402 2736 adfirmator
420 2710 469 2736 suit
488 2715 513 2737 et
531 2720 633 2743 suasor,
653 2716 681 2738 ut
700 2722 757 2739 cum
774 2715 875 2741 minore
895 2715 1030 2742 contrahe—

194 2757 273 2779 retur.
293 2753 322 2778 fr.
344 2754 382 2778 13.
403 2763 442 2789 pr.
462 2753 494 2779 de
512 2754 605 2780 minor.
624 2755 647 2779 4.
667 2756 691 2780 4.
727 2754 787 2782 Non
805 2762 894 2793 potest
917 2768 965 2795 pro
986 2769 1027 2785 eo-

195 2794 261 2828 dem,
279 2795 349 2832 apud
368 2795 487 2827 eundem,
507 2797 566 2832 quis
585 2796 721 2823 mandator
739 2808 804 2826 esse.
824 2800 854 2826 fr.
875 2803 915 2827 71.
934 2811 973 2838 pr.
994 2801 1026 2828 de

1867 155 1930 185 565

1090 235 1207 262 fideiuss.
1227 236 1268 262 46.
1289 237 1311 261 1.
1332 236 1363 262 cf.
1388 236 1418 262 fr.
1438 238 1479 263 58.
1508 237 1530 270 5.
1552 238 1574 263 1.
1599 235 1683 262 mand.
1709 237 1749 262 17.
1777 237 1798 262 l.
1834 235 1928 262 Plures

1090 278 1205 304 eiusdem
1225 279 1350 315 pecuniae
1377 279 1521 305 credendae
1546 279 1719 305 mandatores.
1745 278 1775 305 sr.
1794 281 1835 305 52.
1861 279 1882 311 5.
1901 280 1925 304 3.

1090 320 1121 346 cf.
1141 320 1171 347 l'r.
1191 322 1230 346 41.
1257 321 1278 354 5.
1300 323 1321 347 l.
1346 321 1374 347 fr.
1395 323 1435 347 60.
1457 332 1494 359 pr.
1515 321 1547 348 de
1567 322 1684 348 tideiuss.
1704 323 1745 348 46.
1767 323 1788 347 l.
1825 320 1928 347 Manda-

1089 368 1138 395 tor,
1158 363 1200 390 vel
1219 363 1367 390 fideiussor.
1389 363 1418 390 sr.
1434 366 1473 391 71.
1488 375 1526 401 pr.
1546 364 1580 391 ih.
1601 366 1642 391 46.
1658 367 1679 392 l.
1694 363 1725 390 cf.
1746 363 1776 390 fr.
1790 365 1830 390 10.
1850 364 1926 397 5.11.

1090 405 1118 432 fr.
1139 408 1179 433 58.
1199 407 1220 440 5.
1243 408 1263 433 l.
1283 406 1368 433 mand.
1389 408 1428 433 17.
1451 409 1471 432 l.
1495 406 1566 433 Paul.
1587 406 1615 432 11.
1638 409 1677 434 17.
1697 407 1719 440 ξ.
1740 408 1779 432 16.

1122 449 1396 476 Mandatorius.
1441 449 1580 481 (Adiect.)
1626 452 1674 476 Ad
1704 452 1927 476 mandatorem

1088 498 1243 525 spectans.
1281 491 1324 518 111.
1339 492 1405 519 Gn.
1425 490 1474 518 Vel
1491 492 1668 523 fideiussorio,
1688 493 1743 519 sive
1756 492 1928 524 mandatorio,

1088 533 1130 559 vel
1150 544 1307 571 quocunque
1326 533 1376 561 alio
1396 535 1508 566 nomine,
1530 538 1590 572 (pro
1605 535 1724 561 debitore
1743 534 1927 566 intercedere.)

1089 587 1110 603 c.
1131 578 1170 603 19.
1191 587 1211 603 c.
1231 579 1272 603 22.
1293 576 1325 603 dc
1343 576 1460 603 fideiuss.
1474 578 1498 603 8.
1512 578 1554 604 41.
1575 577 1606 604 cf.
1626 588 1647 603 c.
1667 580 1707 604 15.
1727 577 1759 604 ad
1778 576 1844 603 S.C.
1858 575 1926 602 vell.

1089 622 1112 645 4.
1131 621 1173 645 29.

1093 661 1099 667 ”
1122 663 1359 689 Mandatum.
1396 663 1426 696 §.
1447 664 1482 690 l.
1503 664 1588 689 Cura
1607 665 1790 695 commissa,
1812 664 1927 689 Munus

1089 707 1277 732 iniunctum.
1315 705 1359 732 ΙΙΙ.
1379 707 1445 733 Gn.
1469 705 1619 732 Secundum
1643 705 1761 732 mandata
1781 707 1860 742 reip,
1885 704 1928 731 de-

1089 752 1188 774 cretum
1207 747 1268 774 dare
1288 747 1485 785 (Imperatori.)
1508 747 1538 775 fr.
1558 750 1598 775 36.
1618 759 1657 786 pr.
1678 748 1709 774 ad
1728 749 1822 774 munic.
1842 749 1883 773 50.
1904 748 1926 772 1.

1088 790 1144 816 Iloc
1163 800 1244 825 genus
1263 790 1377 817 mandati
1397 792 1445 824 (sc.
1467 790 1644 817 custodiarum
1664 792 1789 827 cognitio)
1812 795 1927 816 extraor-

1088 833 1216 859 dinarium
1237 838 1283 859 est.
1304 833 1334 860 fr.
1348 835 1372 860 6.
1392 844 1431 871 pr.
1452 833 1484 860 de
1503 834 1547 860 off.
1560 833 1634 860 Proc.
1649 838 1674 860 et
1686 833 1749 870 Leg.
1765 836 1786 859 l.
1802 835 1840 859 16.
1860 832 1891 859 fr.
1902 834 1926 858 6.

1088 875 1120 902 de
1145 875 1273 902 iurisdict.
1298 877 1322 902 2.
1345 878 1366 902 l.
1392 892 1424 896 —
1453 877 1483 909 ἕ.
1505 878 1539 903 2.
1569 879 1692 909 Iussit),
1714 879 1928 909 Praeceptum

1089 920 1296 952 (Principis,
1324 920 1459 945 Rectvri
1484 922 1677 953 provinciae
1705 921 1841 948 datum.)
1884 917 1926 943 ΙΙΙ.

1089 963 1154 989 Cn.
1179 960 1312 992 Mandata,
1337 966 1362 987 et
1386 963 1601 993 constitutiones,
1627 967 1652 988 et
1671 961 1764 988 S.Cta.
1790 961 1820 987 fr.
1840 962 1864 987 3.
1888 970 1927 997 pr.

1088 1005 1108 1038 5.
1130 1006 1152 1031 1.
1173 1004 1206 1030 de
1226 1003 1317 1038 colleg.
1343 1008 1368 1029 ct
1392 1014 1463 1041 corp.
1483 1006 1523 1030 47.
1543 1007 1584 1031 22.
1605 1004 1636 1031 cf.
1661 1004 1692 1031 fr.
1711 1006 1735 1031 3.
1760 1005 1781 1038 5.
1802 1006 1824 1030 l.
1845 1003 1877 1030 de
1895 1002 1927 1029 R.

1087 1047 1118 1074 N.
1138 1048 1180 1073 23.
1200 1048 1224 1072 2.
1244 1046 1274 1072 l'r.
1289 1049 1312 1072 2.
1333 1046 1393 1079 5.1.
1414 1046 1446 1072 de
1465 1046 1489 1073 h.
1511 1057 1552 1083 qu.
1573 1052 1600 1073 ut
1619 1047 1717 1083 indign.
1736 1048 1778 1073 34.
1797 1047 1821 1073 9.
1858 1045 1928 1072 Man-

1087 1090 1155 1116 datis
1175 1088 1384 1126 PrincipalibUS,
1410 1099 1476 1125 quae
1495 1089 1663 1116 Praesidibus
1683 1090 1794 1121 dantur,
1814 1093 1928 1115 cavetur.

1087 1133 1117 1159 t'r.
1137 1135 1179 1159 35.
1200 1132 1233 1159 de
1252 1142 1329 1169 poen.
1348 1135 1390 1158 43.
1412 1134 1452 1159 19.
1472 1132 1504 1158 cl'.
1524 1132 1554 1158 sr.
1575 1135 1598 1159 7.
1617 1133 1638 1166 5
1656 1135 1678 1159 1.
1698 1133 1730 1159 de
1749 1134 1805 1159 iure
1824 1137 1926 1169 patron.

1085 1178 1128 1202 37.
1146 1178 1185 1202 14.
1214 1175 1268 1201 Sed
1288 1180 1313 1201 et
1333 1180 1411 1212 caput
1428 1175 1609 1201 mandatorum
1629 1180 1723 1205 exstat.
1743 1186 1794 1211 quo
1808 1175 1841 1201 D.
1856 1174 1927 1206 Pius,

1087 1229 1145 1245 cum
1168 1219 1320 1255 provinciae
1342 1218 1422 1244 Asiae
1445 1223 1577 1255 praeerat,
1605 1217 1654 1244 sub
1679 1217 1765 1244 edicto
1789 1217 1928 1254 proposuit

1086 1267 1135 1288 etc.
1155 1262 1185 1288 fr.
1205 1262 1228 1287 6.
1252 1261 1274 1295 5
1296 1263 1317 1287 1.
1338 1260 1370 1287 de
1390 1265 1456 1287 cust.
1477 1266 1502 1287 et
1522 1260 1610 1287 exhib.
1630 1263 1670 1287 48.
1690 1263 1714 1286 3.
1734 1260 1765 1287 cf.
1792 1261 1821 1287 t'r.
1844 1262 1865 1286 1.
1887 1269 1926 1296 pr.

1086 1304 1119 1331 de
1137 1303 1213 1330 milit.
1234 1309 1335 1330 testam.
1356 1305 1397 1330 29.
1418 1306 1440 1330 1.
1464 1304 1494 1330 sr.
1514 1306 1555 1330 27.
1576 1304 1613 1337 55.
1635 1305 1657 1330 1.
1678 1313 1717 1339 sq.
1738 1303 1769 1329 de
1789 1313 1866 1340 poen.
1885 1303 1926 1328 48.

1087 1349 1127 1373 19.
1164 1346 1388 1373 Transmittantur
1407 1348 1460 1379 (sc.
1481 1347 1612 1379 curiosi,)
1633 1347 1840 1373 commonitoriis
1859 1354 1926 1371 com·

1085 1390 1236 1427 petentibus
1257 1395 1334 1426 atque
1348 1389 1476 1416 mandatis
1491 1390 1621 1420 instructi.
1642 1400 1689 1426 pro
1704 1389 1928 1415 administratione

1086 1438 1145 1459 tuae
1169 1432 1325 1459 sublimitati
1350 1434 1496 1459 commissa.
1526 1432 1575 1459 Th.
1601 1432 1631 1458 C.
1652 1432 1695 1458 VI.
1720 1433 1761 1458 29.
1788 1442 1808 1466 c.
1830 1433 1870 1457 10.
1896 1430 1929 1456 de

1086 1477 1182 1502 curios.
1203 1475 1234 1502 cf.
1255 1475 1273 1502 Ι.
1292 1477 1316 1501 3.
1338 1486 1358 1502 c.
1381 1477 1401 1502 l.
1422 1475 1454 1501 de
1473 1475 1558 1501 mand.
1578 1475 1664 1501 Princ.
1685 1491 1716 1494 —
1737 1475 1768 1507 ς’.
1789 1476 1826 1501 3.
1847 1476 1927 1500 Con-

1085 1525 1214 1545 tractus
1250 1520 1479 1552 privaturum,
1516 1520 1607 1545 circa
1642 1519 1779 1552 negotia
1818 1519 1927 1543 aliena

1083 1563 1197 1597 gratis
1214 1564 1366 1596 gerenda.
1404 1560 1446 1587 111.
1468 1563 1534 1588 011.
1554 1560 1694 1596 Negotium
1713 1559 1834 1586 mandati.
1854 1558 1926 1585 Paul.

1085 1604 1115 1631 11.
1131 1607 1171 1630 15.
1192 1604 1213 1637 5.
1229 1606 1250 1630 l.
1289 1604 1430 1630 consensu
1449 1604 1516 1630 fiunt
1535 1603 1708 1639 obligationes
1728 1603 1754 1628 in
1769 1602 1927 1628 emtionibus

1085 1652 1111 1674 ct
1130 1646 1342 1678 venditionibus,
1367 1646 1543 1673 locationibus
1563 1645 1797 1677 conductionibus,
1817 1646 1926 1671 societa-

1085 1690 1170 1722 tibus,
1194 1689 1331 1716 mandatis.
1359 1689 1415 1715 Gai.
1435 1689 1477 1716 ΙΙΙ.
1505 1691 1561 1715 135.
1586 1689 1615 1715 l'r.
1635 1691 1659 1715 2.
1684 1699 1722 1725 pr.
1747 1688 1779 1714 de
1799 1688 1830 1714 O.
1851 1693 1876 1713 et
1894 1687 1925 1713 A.

1083 1735 1125 1759 44.
1146 1735 1168 1759 7.
1206 1732 1274 1758 Sunt
1293 1736 1377 1757 autem
1397 1731 1421 1758 b.
1436 1731 1452 1757 f.
1472 1731 1567 1757 iudicia
1585 1731 1661 1758 hacc:
1682 1741 1714 1757 ex
1727 1736 1795 1757 emto
1810 1729 1926 1760 vendito,

1084 1791 1116 1794 —
1136 1773 1264 1806 mandati,
1285 1774 1408 1811 depositi,
1428 1774 1549 1806 fiduciae,
1568 1784 1616 1810 pro
1637 1775 1719 1805 socio,
1739 1773 1843 1800 tutelae.
1869 1772 1924 1799 Gai.

1083 1817 1127 1844 IV.
1147 1819 1187 1843 62.
1210 1816 1251 1843 Cf.
1270 1816 1314 1843 IV.
1337 1818 1394 1842 182.
1419 1816 1449 1843 fr.
1469 1819 1492 1843 6.
1512 1818 1534 1851 5.
1554 1818 1577 1843 6.
1598 1816 1632 1843 de
1648 1816 1673 1843 h.
1699 1827 1740 1853 qu.
1760 1821 1814 1842 not.
1835 1815 1880 1842 inf.
1899 1817 1923 1841 3.

1082 1862 1107 1886 2.
1144 1859 1243 1886 Venire
1262 1860 1287 1885 in
1308 1859 1432 1885 iudicium
1452 1859 1494 1886 vel
1513 1859 1635 1891 mandati,
1654 1858 1697 1885 vel
1710 1860 1872 1895 negotiorum
1885 1868 1926 1894 ge—

1083 1908 1192 1930 storum.
1212 1902 1242 1928 fr.
1258 1904 1297 1928 17.
1318 1902 1350 1928 de
1369 1902 1400 1928 N.
1422 1902 1453 1929 G.
1473 1904 1497 1928 3.
1517 1903 1541 1927 5.
1579 1901 1741 1933 Mandatum,
1762 1903 1812 1928 nisi
1832 1902 1925 1937 gratui-

1083 1950 1149 1977 tum,
1174 1944 1274 1971 nullum
1299 1950 1352 1976 est,
1381 1955 1439 1971 nam
1459 1946 1584 1981 originem
1609 1955 1641 1971 ex
1660 1945 1747 1971 osticio
1768 1950 1847 1981 atque
1866 1945 1925 1970 ami-

1083 1989 1143 2015 citia
1162 1988 1249 2014 trabit.
1270 1986 1299 2013 fr.
1322 1989 1343 2013 1.
1363 1988 1385 2021 5.
1406 1990 1430 2015 4.
1450 1988 1535 2014 mand.
1554 1989 1594 2014 17.
1616 1989 1638 2014 1.
1675 1987 1836 2014 Ratihabitio
1856 1997 1924 2013 man-

1083 2031 1143 2057 dato
1169 2035 1342 2067 comparatur.
1366 2030 1395 2057 l'r.
1418 2032 1474 2057 152.
1500 2031 1520 2064 5
1541 2032 1564 2056 2.
1585 2030 1617 2057 de
1636 2030 1668 2057 R.
1688 2030 1706 2057 1.
1726 2033 1767 2056 50.
1790 2032 1827 2056 17.
1865 2029 1924 2056 Pcr-

1082 2083 1171 2105 sonae,
1190 2074 1217 2099 in
1236 2073 1332 2109 quibus
1352 2073 1501 2100 mandatum
1521 2083 1574 2099 non
1587 2074 1723 2109 exigimus,
1743 2083 1762 2099 s.
1777 2074 1830 2108 Qui
1850 2082 1923 2109 agere

1082 2121 1209 2153 possunt,
1234 2117 1284 2142 etsi
1304 2126 1355 2142 non
1375 2116 1488 2143 habeant
1506 2116 1663 2143 mandatum.
1692 2116 1722 2142 fr.
1742 2118 1782 2142 40.
1807 2116 1828 2149 5.
1848 2117 1871 2142 4.
1892 2115 1923 2141 ct'.

1082 2159 1112 2185 l'r.
1131 2161 1173 2185 35.
1199 2169 1238 2196 pr.
1263 2158 1295 2185 de
1319 2169 1423 2196 procur.
1443 2162 1466 2186 3.
1486 2162 1509 2186 3.
1535 2159 1565 2185 sr.
1584 2160 1608 2185 3.
1632 2160 1654 2193 5.
1673 2161 1696 2186 3.
1722 2158 1826 2186 iudicat.
1846 2158 1922 2184 solvi.

1081 2203 1122 2228 46.
1143 2204 1165 2228 7.
1195 2201 1252 2227 Gai.
1272 2201 1316 2228 IV.
1341 2203 1382 2228 84.
1426 2202 1507 2238 Quod
1531 2206 1686 2238 procurator
1710 2212 1741 2228 ex
1765 2211 1792 2228 re
1816 2201 1922 2231 domini,

1081 2244 1202 2271 mandato
1222 2254 1274 2270 non
1294 2244 1452 2280 refragante,
1477 2244 1625 2281 stipulatur.
1654 2244 1682 2270 sr.
1702 2245 1742 2270 68.
1768 2244 1800 2270 de
1819 2253 1921 2281 procur.

1058 2289 1059 2295 ¹
1080 2290 1103 2313 3.
1123 2289 1147 2313 3.
1186 2287 1264 2313 Fines
1287 2287 1401 2314 mandati
1428 2287 1568 2314 custodire.
1589 2303 1621 2306 —
1645 2287 1742 2323 Egredi
1765 2287 1919 2313 mandatum.

1081 2330 1110 2356 fr.
1131 2332 1154 2356 5.
1181 2340 1218 2366 pr.
1246 2330 1276 2356 sr.
1297 2331 1338 2356 41.
1363 2330 1447 2356 mand.
1474 2332 1513 2356 17.
1535 2332 1556 2356 l.
1595 2330 1707 2365 Quoties
1732 2335 1829 2356 certum
1852 2338 1921 2354 man-

1080 2373 1168 2400 datum
1185 2374 1226 2399 sit.
1242 2388 1274 2392 —
1294 2372 1406 2407 Quoties
1427 2374 1564 2405 incertum,
1583 2372 1625 2399 vel
1644 2372 1757 2410 plurium
1776 2381 1918 2397 causarum.

1079 2416 1110 2442 fr.
1130 2417 1171 2442 46.
1192 2416 1226 2442 ib.
1248 2417 1287 2441 17.
1310 2417 1331 2440 1.
1352 2415 1383 2441 cs.
1405 2414 1434 2441 fr.
1456 2417 1478 2441 l.
1498 2416 1519 2449 5.
1541 2417 1563 2441 l.
1585 2415 1617 2441 dc
1635 2425 1738 2452 procur.
1757 2415 1781 2440 3.
1801 2416 1824 2439 3.

1114 2459 1330 2485 Mandatus.
1351 2457 1469 2491 (Subst.)
1496 2459 1691 2485 Mandatum.
1729 2456 1747 2482 1.
1768 2457 1830 2489 Sy.
1849 2455 1919 2482 Man-

1055 2504 1057 2528 }
1079 2502 1175 2528 datum.
1196 2501 1226 2527 sr.
1246 2502 1269 2527 9.
1291 2510 1382 2527 comm.
1402 2500 1454 2527 div.
1470 2502 1507 2526 10.
1523 2503 1547 2527 3.
1568 2501 1597 2527 sr.
1612 2503 1634 2527 5.
1655 2501 1675 2533 5.
1689 2501 1713 2525 3.
1734 2498 1763 2524 fr.
1783 2500 1825 2524 26.
1845 2498 1917 2532 551.

1077 2555 1137 2581 sqq.
1157 2544 1187 2571 sr.
1207 2546 1248 2570 32.
1269 2543 1298 2570 fr.
1318 2545 1360 2570 49.
1380 2543 1465 2570 mand.
1487 2545 1525 2570 17.
1548 2545 1568 2569 1.
1590 2542 1619 2569 fr.
1638 2544 1678 2568 30.
1704 2542 1725 2575 5.
1745 2543 1768 2567 4.
1790 2541 1822 2568 de
1841 2541 1916 2578 legat.

1077 2588 1119 2614 111.
1139 2589 1206 2618 (32.)
1227 2586 1282 2612 Gai.
1303 2586 1346 2612 111.
1366 2588 1422 2613 156.

1111 2631 1397 2663 Mandragoras.
1423 2631 1604 2658 circaeam,
1624 2628 1736 2653 herbae
1754 2629 1917 2663 soporife-

1075 2684 1131 2700 rae
1152 2682 1264 2708 genus.
1299 2671 1342 2698 111.
1363 2674 1438 2705 Cn„
1453 2670 1633 2706 pigmentarii,
1659 2669 1682 2694 si
1705 2670 1745 2695 cui
1766 2674 1863 2697 temere
1882 2671 1915 2696 ci-

1075 2721 1169 2747 cutam,
1191 2714 1388 2745 salamandram,
1410 2730 1438 2733 —
1460 2712 1654 2748 mandragoram
1675 2728 1705 2732 -
1726 2712 1846 2739 dederint
1866 2718 1912 2739 etc.

1074 2758 1104 2785 fr.
1123 2760 1147 2784 3.
1168 2758 1189 2791 5.
1208 2759 1232 2784 3.
1253 2757 1284 2783 ad
1305 2757 1334 2783 L.
1356 2757 1434 2783 Corn.
1455 2755 1487 2782 de
1506 2756 1581 2781 sicar.
1602 2756 1642 2781 48.
1663 2756 1686 2781 8.

1107 2802 1353 2828 manducare.
1390 2800 1542 2832 Epulari.
1580 2797 1598 2824 I.
1615 2799 1677 2832 Sy.
1695 2797 1738 2825 Ad
1757 2808 1832 2825 suum
1853 2807 1911 2824 cou-
