2197 3121
267 185 331 216 658

271 269 310 304 gis
340 267 514 293 continentur.
545 265 575 291 l'r.
595 266 618 291 3.
648 265 680 291 de
704 264 732 291 L.
759 264 850 302 Pomp.
880 263 912 290 de
936 273 1006 301 parr.
1030 264 1071 290 48.
1091 264 1114 290 9.

272 310 353 346 Quod
373 309 474 345 legibus
494 309 621 335 omissum
641 313 689 340 est,
710 318 763 334 non
783 309 916 334 omittetur
935 307 1061 343 religione
1081 307 1116 333 iu-

272 353 421 380 dicantium.
441 352 471 378 fr.
494 354 533 378 13.
554 351 586 378 de
605 351 693 377 testib.
708 352 749 378 22.
770 353 793 378 5.
831 350 860 377 Si
881 367 910 372 ·-
932 354 1116 377 testamentum

272 396 372 423 fecerit,
392 399 418 420 et
436 395 556 420 omiserit
575 394 744 432 posthumum
762 404 811 431 per
830 403 953 425 errorem,
973 403 1026 419 non
1046 392 1117 429 quod

272 438 379 465 volebat
398 437 594 464 exheredatum.
615 437 644 464 sr.
664 439 705 464 33.
726 438 747 472 §.
767 440 792 464 2.
812 437 844 463 de
863 436 938 463 milit.
958 441 1060 463 testam.
1073 437 1115 462 29.

274 484 296 508 1.
311 497 341 501 -
364 481 394 514 §0
413 482 452 507 4.
473 482 659 507 Remittere.
696 480 739 507 ΙΙΙ.
758 482 825 508 Cn·
845 480 938 506 Parum
958 481 1026 506 iuste
1044 489 1116 516 prae-

274 525 365 551 teritas
390 533 483 550 usuras
508 524 595 561 petis,
625 534 689 560 quas
713 525 835 550 omisisse
855 527 880 549 te
900 522 969 559 longi
989 523 1116 559 temporis

273 566 440 594 intervallum
459 566 565 593 indicat.
586 566 615 592 l'r.
637 568 676 592 17.
695 567 717 601 §.
740 569 761 592 1.
783 566 814 592 de
834 576 906 592 usur.
924 568 966 592 22.
988 567 1010 592 1.

308 610 575 637 Omnifariam.
597 609 710 642 (Advb.)
734 612 769 637 ln
789 611 933 635 omnibns
949 610 1117 643 partibus,

275 656 320 680 cel
338 655 514 687 speciebus.
551 652 570 679 1.
585 654 647 687 Sy.
667 652 835 678 Omnimodo.
857 654 914 678 c.4.
934 652 955 685 §.
972 653 993 677 l.
1014 650 1046 677 de
1065 661 1116 677 rec.

273 739 292 766 1.
313 739 345 766 de
369 740 434 766 inut.
459 740 520 776 stip.
539 740 564 765 3.
586 740 625 765 19.
664 738 705 764 111.
726 739 792 766 Cn.
817 737 885 764 Cum
910 736 998 764 onmis.
1018 737 1119 763 urbica-

273 783 326 809 rias
350 784 471 819 regiones
491 782 522 808 ab
543 783 612 808 omni
632 782 739 808 crimine
759 797 791 801 —-
812 782 914 818 quietas
933 790 993 807 esse
1012 790 1119 817 cupere·

274 835 340 852 muS.
361 825 410 852 Tb.
425 825 456 852 C.
470 825 514 852 IX.
527 827 568 852 30.
590 835 610 851 c.
625 827 649 851 2.
670 825 722 860 Qu.
737 834 827 860 equor.
844 834 883 850 us.
921 823 1010 850 Faciet
1028 823 1117 850 omnis.

275 868 403 895 custodiri
423 870 526 901 (eorum
545 868 684 900 tenorem.)
704 867 740 894 lb.
754 867 824 894 XIII.
837 869 861 893 3.
882 877 902 893 c.
919 869 959 893 13.
979 866 1011 893 de
1025 866 1117 893 medic.

276 917 302 939 et
319 911 387 949 prof.
416 911 515 938 Omnis.
535 913 638 943 sociari.
658 921 682 937 v.
702 910 778 937 reddi
798 910 900 943 (bona.)
919 909 956 936 lb.
971 909 1002 936 V.
1016 912 1039 936 3.
1061 920 1082 936 c.
1096 912 1117 936 1.

275 954 309 981 de
328 955 388 981 bon.
409 955 494 981 cleric.
514 954 560 981 IX.
580 956 621 981 42.
643 965 663 980 c.
683 955 725 980 21.
746 953 779 980 de
798 953 858 979 bon.
879 962 981 990 proser.
1017 952 1119 979 Placuit
1141 944 1142 971 i

276 998 365 1024 omnis.
386 997 463 1024 nobis
484 1014 513 1018 —
535 997 638 1024 durare.
657 997 695 1024 lb.
715 996 745 1024 II.
764 998 807 1022 24.
827 1006 849 1022 c.
868 998 893 1022 2.
914 995 971 1022 fam.
992 997 1083 1022 ercisc.

311 1041 556 1068 Omnimodis.
576 1040 689 1073 (Advb.)
705 1041 859 1067 Omnibus
873 1041 981 1066 modis.
1002 1038 1118 1066 lucu.
1141 1064 1143 1072 Α

277 1084 331 1120 Qui
349 1100 381 1103 —
402 1094 450 1110 nec
470 1083 502 1110 ad
521 1083 627 1121 plenum
646 1083 764 1115 idoneas,
784 1092 833 1109 nec
848 1081 1005 1109 omnimodis
1024 1091 1120 1108 vacuas

276 1127 396 1154 detinent
414 1128 463 1161 (sc.
479 1127 584 1161 terras.)
604 1126 653 1153 Th.
675 1126 705 1153 C.
719 1125 751 1153 V.
767 1127 806 1152 13.
827 1136 847 1152 e.
867 1126 909 1151 30.
929 1124 1032 1158 (ch.)
1052 1124 1122 1151 Con.

277 1172 368 1196 stituta
394 1170 494 1207 legibus
513 1180 598 1207 poena
619 1186 649 1189 —
670 1169 774 1195 omnim.
799 1168 933 1195 feriantur.
958 1168 994 1194 lb.
1014 1167 1057 1194 IX.
1081 1169 1120 1194 10.
1142 1177 1144 1189 r

277 1225 297 1240 r.
318 1216 342 1240 4.
367 1213 399 1239 ad
422 1213 451 1240 L.
476 1213 522 1240 Iul.
548 1213 580 1240 de
603 1214 629 1239 vi
654 1212 715 1250 pub.
745 1211 786 1238 Cf.
814 1211 936 1238 Consult.
961 1215 1013 1237 vet.
1037 1210 1119 1237 I.Cti.

278 1267 298 1283 e.
322 1259 342 1283 1.

311 1300 546 1326 Omnimodo.
578 1298 692 1332 (Advb.)
730 1298 760 1331 ξ.
780 1300 815 1325 1.
841 1298 1064 1328 Generaliter,
1084 1299 1120 1323 Ιη

279 1346 472 1370 universnm.
511 1342 552 1368 111.
569 1343 635 1369 Gn.
655 1341 733 1367 Omn.
748 1351 839 1367 omnes
852 1339 1041 1377 praecedentes
1056 1339 1121 1366 obli-

278 1387 396 1422 gationes
423 1390 501 1412 novat
525 1390 550 1411 et
573 1386 679 1422 perimit
704 1384 758 1417 (se.
782 1382 934 1420 Aquilliana
957 1383 1119 1420 stipulatio.)

278 1429 308 1455 fr.
329 1431 352 1455 4.
378 1429 410 1455 de
433 1433 557 1455 transact.
581 1430 604 1454 2.
626 1430 664 1453 15.
702 1427 756 1454 Res
780 1426 886 1463 quidem
910 1427 1014 1452 omnim.
1039 1427 1120 1453 conti<

279 1477 378 1501 neatur.
399 1482 483 1509 poena
497 1476 582 1498 autem
596 1481 679 1507 usque
692 1470 724 1497 ad
738 1469 846 1507 triplum
859 1474 1015 1506 praestetur.
1035 1468 1064 1496 fr.
1080 1471 1120 1495 14.
1142 1498 1143 1505 ἵ

279 1517 300 1549 §.
322 1517 361 1541 10.
384 1515 415 1541 el'.
435 1515 456 1548 ξ.
477 1516 499 1540 9.
521 1515 572 1550 Qu.
592 1519 653 1541 met.
673 1524 695 1540 c.
714 1516 738 1540 4.
758 1515 782 1539 2.
819 1511 914 1539 Vtrum
933 1512 1059 1539 adversus
1078 1512 1121 1538 he-
1142 1514 1144 1542 ]
1166 1514 1343 1551 Omnipotens
1363 1512 1441 1544 dem,
1462 1516 1487 1538 et
1507 1511 1632 1538 Christus
1651 1510 1722 1538 filius
1742 1511 1784 1538 dei
1803 1521 1878 1538 unus.
1905 1511 1954 1539 Th.
1975 1512 2006 1540 C.

279 1558 366 1584 redem
387 1559 442 1584 eius
463 1558 567 1583 omnim.
588 1561 719 1594 competat
738 1556 802 1582 haec
821 1557 897 1586 actio.
914 1572 944 1576 —-
965 1565 996 1582 an
1016 1565 1069 1581 non
1087 1556 1122 1581 sit

279 1601 380 1628 danda?
399 1601 429 1627 l'r.
451 1602 490 1627 17.
511 1600 544 1627 ib.
564 1602 588 1626 4.
608 1602 631 1626 2.
653 1599 684 1626 cf.
704 1599 734 1626 fr.
748 1601 773 1625 2.
792 1599 814 1632 §.
828 1601 851 1625 5.
874 1598 903 1624 fr.
916 1600 940 1625 3.
961 1598 1013 1634 Qu.
1029 1597 1120 1624 satisd.
1142 1587 1150 1610 Ρ

279 1654 334 1680 cog.
353 1647 378 1671 2,
398 1646 422 1670 8.
461 1643 536 1678 Quos
560 1642 685 1680 prohibet
704 1641 813 1668 Praetor
835 1641 904 1678 apud
929 1651 957 1667 se
976 1641 1120 1679 postulare,

279 1688 384 1713 omnim.
403 1686 536 1723 prohibet.
557 1687 658 1712 etiamsi
678 1690 726 1711 ete.
746 1684 777 1711 fr.
797 1686 820 1710 7.
841 1684 873 1711 de
892 1684 991 1721 postul.
1003 1686 1027 1711 3.
1050 1686 1071 1710 l.
1089 1683 1120 1711 cs.

279 1730 309 1756 l‘r.
328 1732 369 1756 31.
391 1729 424 1756 de
443 1734 510 1766 pact.
529 1731 553 1755 2.
576 1730 614 1755 14.
653 1727 721 1755 Cum
744 1728 849 1754 omnim.
874 1727 955 1754 locuti
979 1737 1069 1754 sumus
1089 1727 1121 1754 de

279 1778 328 1799 etc.
349 1772 405 1799 Gai.
425 1772 455 1798 11.
478 1773 534 1798 191.
555 1787 587 1790 —
608 1771 638 1804 §.
654 1773 690 1798 2.
710 1773 746 1798 lu
765 1781 882 1797 omnem
900 1781 1015 1798 casnm.
1050 1772 1120 1798 Vei-

279 1827 342 1850 que.
380 1815 409 1841 ll.
430 1816 496 1848 Op.
525 1813 605 1840 Nullo
625 1814 712 1841 modo.
741 1813 778 1840 Ib.
803 1813 844 1840 Ill.
869 1816 911 1841 58.
949 1814 985 1841 Ita
1009 1813 1120 1840 demum.

280 1859 324 1889 Ita.
345 1860 367 1885 si
387 1863 434 1885 etc.
455 1858 491 1884 lb.
511 1857 541 1883 11.
560 1859 602 1883 60,
623 1856 666 1884 lV.
687 1858 729 1884 66.
751 1859 808 1883 101.
828 1856 964 1884 Coll.LL.
980 1856 1121 1884 111.V11.3.

280 1902 310 1928 fr.
332 1904 370 1927 11.
396 1901 427 1927 de
451 1902 484 1927 A.
508 1911 531 1926 v.
558 1900 590 1926 Ο.
610 1899 642 1926 H.
661 1902 703 1926 29.
722 1902 746 1926 2.
791 1899 851 1926 Non
875 1900 963 1933 aliter,
988 1910 1065 1937 quam
1090 1901 1121 1926 si.

280 1944 339 1971 Non
359 1945 418 1970 nisi.
454 1943 514 1969 Non
534 1943 597 1969 alias
617 1944 675 1969 nisi.
701 1943 731 1970 fr.
750 1944 792 1970 38.
817 1943 849 1969 de
872 1943 961 1970 hered.
980 1948 1033 1980 pet.
1053 1945 1076 1969 5.
1096 1944 1120 1969 3.

281 1987 311 2013 fr.
333 1988 372 2012 16.
393 1986 425 2012 de
444 1986 474 2012 R.
496 1986 526 2012 c.
548 1988 587 2012 12.
610 1988 631 2012 1.
652 1986 719 2012 s1·.1.
739 1987 760 2020 ξ.
774 1987 815 2012 26.
836 1986 868 2013 de
888 1986 954 2013 sc.
975 1986 1056 2013 suan.
1078 1987 1120 2013 29.
1143 1977 1144 1980 ’

280 2032 304 2056 5.
324 2030 448 2060 Eatenus,
468 2033 604 2065 quatenus
624 2028 697 2055 Paul.
711 2028 740 2055 11.
756 2030 796 2055 19.
816 2029 838 2063 ξ.
858 2031 882 2056 4.
918 2029 960 2055 111.
976 2031 1042 2057 Gn.
1061 2028 1121 2055 Non
1143 2033 1145 2037 ’

281 2074 395 2103 omnim..
415 2072 463 2098 sed
481 2081 557 2097 causa
578 2073 687 2106 cognita.
708 2072 738 2098 sr.
751 2074 775 2098 9.
795 2072 816 2105 §.
835 2074 859 2098 4.
881 2071 914 2098 (10.
932 2082 983 2099 ree.
1004 2083 1046 2109 qu.
1067 2072 1121 2099 arb.

287 2118 304 2141 1.
325 2118 348 2141 8.
377 2114 564 2151 Praegnantem
584 2124 643 2140 esse
662 2114 797 2141 mulierem
815 2120 921 2152 oportet
940 2116 1054 2145 omnim..
1074 2125 1122 2141 nee

281 2158 369 2184 dicere
392 2168 420 2184 se
439 2162 623 2194 praegnantem
648 2157 754 2183 sufficit.
781 2157 811 2183 fr.
833 2160 854 2184 1.
875 2168 913 2195 pr.
934 2157 966 2184 de
985 2163 1076 2185 ventre
1095 2159 1122 2184 iu

281 2211 354 2238 poss.
373 2203 415 2227 37.
435 2203 458 2227 9.
501 2201 563 2227 Sive.
587 2200 661 2229 velit.
687 2201 742 2226 sive
767 2200 846 2232 nolit.
871 2202 975 2227 omnim.
999 2202 1121 2238 protinus

282 2244 350 2270 liber
369 2248 395 2269 et
413 2243 490 2269 heres
510 2248 557 2269 est.
583 2243 639 2270 Gai.
660 2243 689 2269 II.
711 2244 768 2269 153.
790 2245 845 2269 157.
884 2243 930 2269 llic
954 2254 1006 2270 non
1031 2244 1122 2270 distin-

281 2288 376 2323 guitur.
396 2300 426 2304 —
449 2288 552 2313 omnim.
574 2287 642 2312 enim
662 2285 769 2312 libertas
790 2287 812 2312 ei
832 2290 958 2312 servatur.
978 2287 1008 2313 fr.
1027 2289 1069 2313 29.
1090 2287 1122 2313 de

282 2330 366 2356 lideic.
388 2328 450 2354 libb.
472 2331 512 2355 40.
532 2332 556 2356 5.
592 2329 621 2356 L.
641 2328 757 2355 Falcidia
777 2328 863 2359 iubet,
889 2339 941 2355 non
965 2329 1025 2366 plus
1046 2340 1121 2366 quam

281 2372 437 2399 dodrantem
452 2388 482 2392 --
503 2371 591 2407 legari.
612 2377 640 2398 nt
659 2373 766 2399 omnim.
785 2371 915 2408 quadrans
934 2373 1034 2409 integer
1053 2372 1121 2409 apud

282 2415 405 2441 heredem
428 2419 565 2441 remaneat.
593 2415 651 2452 Hp.
671 2414 768 2441 XXIV.
787 2416 828 2441 32.
870 2414 973 2441 lllortuo
998 2425 1045 2441 avo
1070 2426 1122 2441 nou
1143 2427 1144 2436 ι

1143 2479 1144 2497 ἶ
1165 2459 1189 2483 3.
1210 2457 1240 2483 fr.
1257 2459 1278 2482 l.
1299 2466 1338 2493 sq.
1358 2455 1390 2482 de
1409 2459 1477 2481 statu
1496 2453 1564 2480 hom.
1581 2455 1603 2479 1.
1622 2455 1645 2479 5.
1684 2452 1837 2480 Vniversus.
1858 2452 1888 2478 fr.
1910 2453 1949 2479 16.
1964 2462 2002 2488 sq.

282 2460 385 2485 omnim.
411 2463 521 2495 nepotes
546 2463 690 2494 neptesque
715 2458 755 2483 sui
779 2458 843 2484 iuris
867 2458 946 2489 fiunt,
971 2458 1018 2484 sed
1045 2459 1079 2484 ita
1099 2459 1120 2484 si

282 2506 330 2528 etc.
356 2502 412 2527 Gai.
432 2501 450 2527 1.
472 2503 528 2527 127.
566 2500 712 2537 Numquam
737 2505 780 2526 aut
805 2501 875 2527 cives
895 2500 926 2527 R.
951 2505 994 2527 aut
1013 2500 1121 2527 Latinos

281 2546 347 2572 lieri.
365 2561 394 2565 —-
410 2544 456 2570 sed
477 2545 581 2570 omnim.
602 2543 784 2570 d==diticioru1n
803 2553 912 2569 numero
932 2544 1064 2570 constitui.
1084 2544 1120 2570 ll).
1143 2555 1144 2571 ς

1143 2574 1144 2607 3
1167 2585 1199 2612 de
1219 2586 1320 2623 pacm.
1336 2584 1375 2609 14.
1396 2582 1425 2609 sr.
1440 2584 1464 2609 6.
1485 2582 1514 2608 ss.
1529 2584 1552 2609 s.
1572 2582 1605 2608 ae
1624 2582 1641 2608 1.
1656 2581 1755 2608 Lim.
1778 2583 1799 2607 l.
1819 2581 1849 2607 fv.
1866 2582 1906 2607 14.
1925 2580 2001 2614 §.15.

1143 2624 1144 2634 ¹
1167 2628 1218 2664 Qu.
1243 2632 1302 2654 met.
1327 2637 1347 2652 c.
1367 2627 1391 2652 4.
1411 2628 1435 2651 2.

282 2587 299 2613 1.
324 2590 360 2613 15.
399 2588 513 2613 Omnim.
534 2588 599 2623 cogi⁷
619 2587 675 2612 sive
696 2602 724 2605 —
746 2588 801 2612 sive
822 2592 870 2613 etc.
894 2587 924 2613 l'r.
945 2588 966 2613 l.
987 2587 1008 2620 §.
1031 2588 1068 2613 15.
1090 2586 1122 2613 de

283 2640 385 2665 agnose,
407 2635 432 2656 et
451 2630 535 2657 uland,
555 2632 596 2655 25.
616 2631 639 2656 3.
677 2628 754 2655 Omn.
775 2629 874 2661 deberi,
893 2640 916 2656 v.
937 2629 1122 2666 praestandum

284 2682 349 2698 esse.
370 2672 399 2699 l'r.
421 2675 460 2698 10.
487 2673 508 2705 ξ.
529 2674 552 2698 6.
573 2671 604 2698 de
624 2671 692 2708 vulg.
714 2676 739 2697 et
758 2681 819 2708 pup.
838 2674 879 2697 28.
900 2674 923 2698 6.
944 2672 974 2699 fr.
993 2674 1035 2698 26.
1056 2673 1077 2706 ξ.
1097 2674 1120 2698 2.

284 2714 316 2740 (10
335 2714 409 2747 legat.
425 2715 441 2741 l.
457 2716 523 2747 (30.)
544 2715 573 2741 fr.
588 2716 629 2741 57.
648 2716 669 2748 ς’.
687 2717 708 2740 1.
730 2714 762 2740 (1(ι
781 2713 855 2749 legat.
871 2714 899 2740 ll.
916 2716 982 2747 (31.)
1008 2715 1120 2741 Omnim.
1143 2721 1144 2726 ¹

285 2758 412 2793 rumpitur
432 2763 614 2784 testamentum
634 2758 705 2789 eius,
726 2757 765 2790 (si
786 2757 845 2793 quis
865 2762 920 2788 aut,
942 2773 972 2776 —
993 2763 1036 2784 aut
1055 2758 1121 2790 etc.)

285 2798 341 2825 Gai.
362 2799 391 2825 ll.
419 2801 474 2825 138.
500 2802 556 2827 143,
598 2800 725 2827 Voluisse
748 2809 817 2826 omn.
842 2799 929 2825 valere
954 2811 996 2829 ea.
1022 2801 1121 2827 etiamsi

285 2847 332 2868 rte.
354 2841 383 2868 l'r.
402 2844 443 2868 29.
464 2843 485 2875 ξ.
508 2845 529 2869 1.
549 2843 600 2878 Qu.
622 2848 722 2869 testam.
743 2842 789 2869 sae.
811 2853 835 2880 p.
854 2844 895 2869 28.
919 2844 938 2868 1.

1088 181 1197 212 ΟΜΝ.

1195 262 1370 290 omnino.
1399 263 1511 295 (Advb.)
1543 265 1579 290 In
1599 269 1714 295 totum,
1736 264 1828 291 Omni
1845 274 1881 291 ex
1897 271 2000 299 parte.

1138 319 1139 324 ι
1161 306 1180 332 I.
1194 307 1256 341 Sy.
1277 305 1446 333 Omnimodo.
1466 306 1539 333 Paul.
1559 305 1590 333 V.
1612 308 1652 333 13.
1672 307 1693 340 §.
1716 308 1737 333 1.
1775 307 1803 333 In
1822 311 1913 334 totum.
1934 307 1964 334 fr.
1982 309 2002 333 1.

1160 349 1182 383 ξ.
1204 351 1244 375 15.
1265 349 1297 375 de
1317 349 1350 375 Ο.
1372 354 1397 375 et
1415 349 1447 376 A.
1467 351 1508 376 44.
1530 352 1552 376 7.
1578 349 1607 376 fr.
1629 351 1651 376 7.
1671 350 1692 383 ξ.
1714 351 1736 376 1.
1757 349 1789 376 (10
1808 349 1941 377 decurion.
1961 352 2002 376 50.

1160 394 1183 418 2.
1221 392 1294 425 Nou,
1320 391 1437 419 Omnino
1461 402 1512 419 non
1533 392 1686 429 (obligari.)
1710 392 1740 419 fr.
1760 394 1783 419 8.
1804 393 1825 426 §.
1846 394 1869 419 7.
1890 392 1922 419 de
1941 393 2003 419 fide-

1161 436 1224 463 iuss.
1245 436 1286 462 *16.
1308 437 1330 461 l.
1351 434 1406 462 Gai.
1427 435 1470 462 111.
1492 437 1548 462 194.
1585 435 1616 462 11.
1638 438 1705 470 01).
1729 436 1782 471 Qui
1802 445 1870 462 omn.
1889 445 1951 469 non,
1971 452 2002 457 —-

1161 479 1216 514 Qui
1235 478 1336 505 tardius
1356 477 1483 511 exaudit.)
1503 478 1533 505 fr.
1549 481 1570 506 l.
1590 479 1612 513 ξ.
1628 481 1667 505 15.
1687 478 1761 505 144.
1782 480 1805 505 7.
1843 478 1922 505 Omn.
1942 489 2003 511 non,

1161 537 1193 541 -
1214 521 1282 548 Cum
1302 521 1389 558 aliquo
1409 522 1575 548 incommodo
1595 523 1649 554 (nti
1669 522 1776 559 posse.)
1802 521 1832 548 fr.
1854 523 1876 548 1.
1897 522 1918 555 ξ.
1938 524 1961 548 4.
1982 523 2004 549 si

1161 565 1257 592 ususl'r.
1277 570 1329 602 pet.
1351 567 1373 591 7.
1393 566 1417 591 6.
1455 564 1620 600 Quibusdam
1642 575 1709 591 omn.
1731 581 1763 584 —
1783 564 1950 600 Quibusdam
1968 566 2005 592 in-

1161 609 1224 635 vitis
1249 609 1447 640 (testimonium
1471 607 1660 641 interdicitur.)
1685 608 1756 635 Coll.
1779 607 1831 634 LL.
1857 608 1891 635 Μ.
1915 608 1960 635 IX.
1979 610 2004 634 2.

1139 682 1140 687 1
1162 651 1217 677 Aut
1236 661 1304 678 omn.
1324 661 1375 678 non
1396 650 1555 683 (adhibere.)
1576 655 1620 677 aut
1637 652 1724 678 minus
1744 651 1895 688 frequentes
1915 651 2006 684 (advo-

273 696 328 723 arb.
347 698 371 722 2.
391 697 432 723 56.
453 707 474 722 c.
496 698 535 722 14.
556 695 589 722 de
609 701 690 730 contr.
711 700 737 721 et
756 705 847 721 comm.
868 696 929 732 stip.
943 695 967 721 8.
981 695 1022 720 38.
1042 694 1116 727 ξ.12.
1139 688 1141 699 ⁴

1163 699 1236 721 catos
1257 694 1307 721 sibi
1327 694 1502 732 prospicere.)
1523 693 1552 720 sr.
1567 695 1590 720 9.
1611 694 1631 727 §
1645 696 1668 720 4.
1689 694 1722 720 de
1741 695 1784 720 off.
1803 694 1878 720 Proc.
1899 699 1925 720 et
1942 693 2005 730 Leg.

1164 739 1186 764 1.
1208 739 1248 764 16.
1285 737 1328 764 111.
1343 739 1409 765 Cn.
1429 736 1489 763 Nou
1508 736 1594 763 solum
1613 742 1754 767 numerata.
1769 753 1801 757 —
1814 747 1905 764 verum
1920 738 2005 764 omnis

1162 782 1269 807 omnino
1289 781 1408 818 pecunia.
1433 780 1462 806 sr.
1484 781 1541 806 178.
1561 789 1600 816 pr.
1621 779 1654 806 de
1672 779 1704 806 V.
1724 780 1751 806 S.
1771 782 1811 806 50.
1833 781 1875 807 16.
1910 780 2005 807 Omnia

1163 834 1232 850 omn.
1253 824 1373 855 crimina,
1393 839 1426 843 —
1450 833 1499 849 nec
1518 827 1617 849 tantum
1638 833 1666 849 ea
1687 828 1734 849 etc.
1756 823 1786 850 [ι’.
1807 825 1830 850 1.
1849 834 1888 861 pr.
1909 823 1942 850 de
1961 824 2005 850 off.

1163 866 1217 893 Prf.
1238 866 1283 893 Vr.
1305 868 1327 893 1.
1348 868 1388 892 12.
1425 866 1526 893 Omnes
1550 876 1619 892 omn.
1639 881 1671 885 —
1696 876 1744 892 nec
1763 866 1842 893 refert
1861 871 1909 893 etc.
1933 866 2005 893 Paul.

1163 909 1195 936 V.
1216 911 1256 936 13.
1281 910 1304 943 ξ.
1326 911 1347 936 l.
1390 909 1420 936 Si
1443 911 1503 946 quis
1527 919 1607 935 unum
1630 918 1735 935 servum
1763 920 1845 939 omn..
1871 915 1915 936 aut
1939 909 2006 936 duos

1164 952 1250 979 babet.
1274 952 1331 978 Gai.
1351 952 1369 979 1.
1389 954 1429 979 43.
1467 951 1507 978 Ne
1526 951 1616 989 plures
1641 962 1709 978 omn.
1730 962 1805 989 quam
1825 952 1848 980 C
1868 969 1900 973 -
1928 952 2007 980 liberi

1164 996 1235 1022 fiant.
1258 994 1319 1032 le.
1339 995 1358 1021 1.
1377 997 1419 1023 24.
1457 994 1595 1031 Quidquid
1620 1004 1689 1021 omn.
1709 995 1886 1032 (adquiritur,
1906 1006 1930 1022 v.
1950 996 2006 1029 fit.)

1165 1038 1222 1066 Gai.
1243 1038 1286 1065 III.
1308 1040 1364 1065 151.
1384 1038 1415 1065 fr.
1435 1040 1492 1065 152.
1511 1048 1550 1075 pr.
1571 1037 1603 1064 de
1621 1037 1652 1064 R.
1672 1037 1690 1064 I.
1709 1040 1751 1065 50.
1769 1040 1808 1065 17.
1846 1038 1919 1065 Nihil
1938 1048 2007 1066 omn.

1166 1082 1342 1119 (praestare.)
1367 1081 1424 1108 Gai.
1443 1081 1486 1108 III.
1510 1082 1568 1108 149.
1604 1080 1644 1107 Ne
1668 1082 1728 1117 quis
1753 1092 1820 1108 omn.
1841 1081 2008 1115 (huiusmodi

1165 1125 1272 1162 ineptiis
1297 1134 1326 1151 se
1347 1124 1532 1157 immisceret.)
1556 1123 1625 1150 Coll.
1645 1123 1698 1150 LL.
1719 1124 1752 1151 M.
1772 1124 1830 1152 XV.
1850 1127 1874 1151 2.
1912 1125 2008 1152 Nullus

1165 1178 1233 1195 omn.
1261 1168 1317 1194 Gai.
1342 1167 1360 1194 I.
1382 1169 1438 1194 185.
1480 1167 1535 1194 Aut
1558 1176 1626 1193 omn.
1650 1172 1834 1194 testamentum
1859 1178 1911 1194 non
1936 1168 2006 1200 fecit,

1165 1216 1209 1238 aut
1231 1221 1284 1238 non
1309 1212 1364 1237 iure
1388 1210 1457 1237 fecit.
1486 1209 1528 1236 Pr.
1547 1209 1566 1236 1.
1591 1209 1624 1236 de
1647 1209 1734 1236 hered.
1756 1220 1798 1246 qu.
1823 1210 1854 1236 ab
1874 1212 1920 1238 int.
1939 1213 1964 1238 3.
1986 1213 2007 1237 1.

1165 1254 1221 1282 Nec
1240 1254 1366 1291 adoptare
1384 1258 1475 1291 potest
1494 1252 1580 1290 (apud
1598 1252 1756 1289 Legatum‚)
1779 1263 1848 1280 omn.
1867 1255 1936 1280 euim
1956 1264 2008 1281 non

1166 1303 1206 1325 est
1230 1297 1300 1335 apud
1324 1308 1382 1324 eum
1406 1296 1471 1333 legis
1495 1297 1572 1322 actio.
1595 1295 1626 1322 fr.
1645 1297 1669 1322 3.
1689 1295 1722 1322 de
1741 1296 1784 1323 off.
1804 1296 1879 1323 Proc.
1900 1302 1926 1323 et
1944 1296 2007 1334 Leg.

1167 1343 1187 1368 1.
1203 1342 1243 1368 16.
1269 1341 1347 1368 Omn.
1361 1350 1414 1367 non
1432 1340 1575 1377 pertinere,
1595 1349 1619 1365 v.
1640 1340 1792 1366 consistere.
1813 1339 1869 1367 Gai.
1883 1339 1902 1367 1.
1919 1341 2008 1367 115.b.

1164 1384 1226 1422 le.
1249 1384 1334 1411 XXII.
1360 1386 1399 1411 12.
1441 1382 1510 1410 Cum
1537 1382 1644 1408 omnino
1673 1381 1755 1408 locuti
1781 1392 1872 1409 sumus
1901 1383 1934 1410 de
1958 1388 2007 1410 etc.

1165 1427 1206 1454 Pr.
1227 1427 1245 1454 1.
1265 1427 1298 1454 de
1317 1427 1394 1463 legat.
1412 1428 1437 1453 ⁴2.
1456 1427 1498 1452 20.

1199 1470 1458 1504 Omnipotens.
1472 1467 1602 1502 (adieci.)
1622 1469 1736 1495 Omnia
1749 1475 1869 1503 potens.
1889 1468 1931 1496 111.
1940 1470 2007 1497 Cn.

1165 1556 1236 1583 XVI.
1256 1559 1280 1583 5.
1301 1567 1321 1583 c.
1341 1557 1365 1582 6.
1385 1556 1406 1589 §.
1426 1556 1450 1581 2.
1470 1554 1502 1581 de
1521 1554 1619 1581 haeret.

1200 1600 1343 1626 ollulis.
1381 1597 1519 1631 (Adiect.)
1557 1597 1588 1631 §0
1612 1598 1647 1624 l.
1679 1599 1838 1633 Singulas
1865 1600 2008 1633 quiaque.

1168 1644 1419 1676 Qnaliseunque.
1457 1640 1474 1667 1.
1490 1642 1552 1675 Sy.
1572 1639 1769 1676 Vnusquisque.
1790 1640 1918 1678 Quisque.
1940 1640 1970 1667 fr.
1982 1642 2006 1668 3.

1165 1685 1186 1718 §.
1207 1686 1230 1711 4.
1251 1684 1284 1711 de
1303 1684 1347 1711 off.
1366 1683 1418 1710 Prf.
1439 1683 1513 1719 Vigg.
1529 1684 1551 1709 1.
1567 1685 1607 1709 15.
1628 1682 1711 1709 11:29.
1732 1682 1764 1709 de
1782 1683 1870 1710 hered.
1890 1685 1952 1710 inst.
1965 1685 2008 1710 28.

1165 1730 1189 1754 5.
1226 1727 1255 1754 In
1279 1727 1397 1764 singulos
1422 1736 1512 1753 annos.
1550 1725 1681 1752 Omnibus
1706 1727 1788 1752 annis.
1812 1725 1842 1752 fr.
1864 1727 1903 1753 16.
1923 1726 2008 1754 mand.

1167 1772 1206 1797 17.
1222 1773 1245 1797 1.
1266 1770 1298 1797 fr.
1314 1772 1355 1796 22.
1377 1769 1409 1796 de
1429 1779 1478 1796 usu
1499 1773 1524 1795 et
1543 1768 1624 1795 usust.
1644 1768 1691 1804 leg.
1704 1770 1746 1795 33.
1759 1771 1784 1796 2.
1820 1769 1931 1804 11⁰1).
1950 1769 2009 1796 Nisi

1165 1823 1214 1851 pro
1234 1814 1313 1840 certis
1333 1812 1468 1839 dumtaxat
1487 1812 1618 1849 personis,
1638 1827 1670 1831 —
1693 1810 1744 1838 Pro
1764 1812 1886 1838 omnibus
1907 1813 2009 1849 (postu-

1165 1857 1241 1889 lare.)
1261 1856 1291 1883 fr.
1314 1858 1335 1883 1.
1355 1856 1393 1890 ἕξ.
1415 1858 1437 1882 1.
1452 1857 1474 1882 7.
1495 1865 1535 1892 sq.
1556 1854 1586 1881 sr.
1600 1855 1623 1881 8.
1638 1864 1678 1891 sq.
1699 1853 1732 1880 de
1749 1854 1848 1892 postul.
1862 1856 1885 1881 3.
1901 1856 1923 1881 1.
1948 1853 2008 1881 Non

1166 1909 1256 1926 omues
1282 1900 1334 1932 (sc.
1355 1899 1450 1928 servi.)
1479 1897 1526 1924 sed
1552 1907 1648 1934 corpus
1672 1897 1803 1934 quoddam
1831 1898 2008 1930 (servorum.)

1166 1942 1195 1969 sr.
1217 1944 1274 1969 195.
1297 1942 1318 1976 ξ.
1338 1943 1362 1968 3.
1383 1941 1415 1968 de
1437 1941 1465 1968 V.
1487 1941 1513 1967 S.
1534 1943 1575 1967 50.
1597 1941 1635 1966 16.
1672 1940 1732 1966 Non
1757 1950 1847 1967 omnes
1866 1942 1893 1967 in
1912 1941 2006 1971 omnia,

1166 1985 1213 2012 sed
1233 1986 1297 2011 certi
1318 1994 1364 2021 per
1384 1989 1453 2011 certa
1473 1989 1522 2011 etc.
1547 1994 1567 2010 c.
1590 1985 1611 2009 1.
1636 1984 1658 2017 §.
1677 1986 1702 2009 5.
1722 1982 1755 2010 de
1773 1988 1824 2010 vet.
1845 1985 1900 2010 iure
1920 1982 2005 2009 enucl.

1168 2031 1188 2055 1.
1210 2030 1250 2054 17.
1287 2027 1330 2054 III.
1352 2029 1418 2055 Cn.
1438 2026 1541 2059 Omnis,
1562 2027 1711 2063 quicunque
1730 2031 1779 2052 ete.
1801 2025 1829 2052 sr.
1850 2028 1872 2052 9.
1893 2026 1912 2059 ᾗ.
1932 2027 1953 2051 l.
1974 2025 2007 2052 de

1167 2072 1210 2098 off.
1230 2071 1305 2097 Proc.
1327 2075 1352 2096 et
1372 2069 1432 2107 Leg.
1449 2072 1470 2096 1.
1486 2071 1524 2096 16.
1545 2069 1575 2096 sr.
1591 2070 1632 2095 69.
1651 2069 1683 2095 de
1703 2068 1734 2095 V.
1746 2068 1773 2095 S.
1789 2070 1830 2095 50.
1847 2069 1886 2094 16.
1907 2068 2006 2094 Omnes

1167 2116 1215 2146 (sc.
1236 2114 1378 2145 civitates.)
1398 2123 1463 2149 quae.
1483 2117 1544 2139 sunt
1563 2111 1625 2144 (sub
1645 2112 1754 2149 imperio
1769 2111 1813 2143 R.)
1834 2110 1894 2148 le.
1908 2110 2005 2138 XXIV.

1165 2159 1207 2184 28.
1245 2156 1346 2183 Passim
1366 2166 1465 2187 omues,
1484 2165 1508 2181 v.
1528 2156 1621 2181 omnia.
1641 2154 1671 2180 l'r.
1687 2156 1711 2181 (5.
1731 2155 1752 2188 ξ.
1769 2156 1793 2180 3.
1814 2153 1847 2179 (10
1867 2154 1910 2180 off.
1930 2153 2006 2180 Proc.

1166 2205 1192 2226 et
1211 2199 1273 2236 Leg.
1296 2201 1317 2225 1.
1339 2201 1378 2225 16.
1398 2198 1428 2225 sr.
1450 2200 1472 2224 1.
1492 2208 1530 2235 pr.
1555 2197 1606 2233 Qu.
1627 2198 1675 2223 cui.
1695 2198 1764 2223 univ.
1784 2205 1853 2223 nom.
1873 2199 1896 2223 3.
1917 2198 1941 2223 4.
1978 2196 2007 2223 ln

1166 2243 1296 2270 omnibus.
1319 2259 1348 2262 -
1368 2241 1474 2268 Minime
1493 2241 1615 2267 omnium.
1635 2238 1706 2265 Paul.
1726 2238 1755 2264 11.
1775 2240 1816 2265 31.
1836 2239 1857 2273 ς’
1878 2240 1901 2266 9.
1921 2238 2005 2266 Vatic.

1166 2287 1188 2320 ξ.
1207 2287 1248 2312 36.
1288 2285 1391 2313 Omnia.
1412 2294 1477 2320 quae
1496 2285 1564 2316 (inre
1577 2281 1787 2312 contrahuntur.)
1808 2281 1836 2308 fr.
1853 2283 1909 2308 100.
1928 2281 1960 2309 de
1973 2281 2005 2308 R.

1167 2329 1183 2355 I.
1204 2331 1245 2355 50.
1269 2330 1307 2354 17.
1345 2327 1435 2354 Genus
1455 2336 1538 2353 omne.
1557 2325 1588 2352 fr.
1607 2327 1647 2351 62.
1668 2324 1700 2351 (κ-
1720 2324 1750 2351 V.
1771 2325 1798 2351 S.
1818 2326 1859 2351 50.
1882 2326 1920 2351 16.
1958 2323 2005 2351 Pe-

1167 2373 1250 2403 cunia,
1270 2381 1294 2397 v.
1308 2370 1361 2397 Res
1376 2375 1454 2402 certa,
1474 2369 1566 2395 omnis.
1587 2366 1643 2393 Gai.
1660 2366 1702 2393 IV.
1719 2369 1757 2393 19.
1772 2383 1804 2387 —
1823 2368 1854 2401 δ.
1871 2368 1906 2394 2.
1931 2369 2005 2394 Vm·-

1168 2424 1291 2446 rersus‚
1318 2415 1466 2440 Cunctas.
1503 2411 1520 2437 I.
1540 2411 1602 2444 Sy.
1627 2409 1720 2436 Totus.
1744 2410 1775 2436 sr.
1795 2412 1835 2436 41.
1856 2409 1889 2436 (10
1907 2408 1959 2436 LL.
1982 2411 1995 2435 l

1167 2500 1199 2526 de
1222 2499 1312 2526 iurisd.
1333 2501 1356 2525 2.
1378 2500 1400 2523 1.
1424 2496 1453 2523 fr.
1478 2498 1501 2523 8.
1526 2497 1563 2530 §§.
1586 2498 1623 2522 13.
1650 2498 1689 2522 16.
1715 2496 1748 2522 de
1772 2500 1894 2521 transact.
1918 2497 1943 2521 2.
1963 2497 2002 2521 15.

1143 2537 1144 2542 ¹
1167 2543 1294 2570 Cunctos.
1320 2541 1360 2568 Cf.
1381 2540 1405 2566 h.
1425 2549 1448 2566 v.
1491 2539 1608 2570 Caeteri,
1633 2540 1741 2565 Omnes.
1766 2538 1796 2565 sr.
1816 2540 1838 2564 7.
1863 2539 1900 2572 §§.
1920 2540 1944 2564 5.
1963 2547 2002 2574 sq.

1478 2625 1566 2652 Multa.
1596 2625 1654 2651 Non
1679 2625 1770 2650 onmia.
1799 2623 1830 2650 fr.
1849 2625 1891 2649 20.
1910 2632 1949 2658 sq.
1969 2621 2001 2648 de.

1166 2670 1218 2697 LL.
1240 2672 1262 2696 1.
1281 2671 1305 2695 3.
1342 2668 1373 2695 11,
1394 2670 1460 2702 01).
1484 2668 1543 2695 Non
1567 2677 1669 2697 omnes,
1694 2666 1741 2693 sed
1761 2667 1824 2693 certi
1844 2667 1882 2698 (v.
1903 2664 2000 2700 aliqui)

1167 2724 1199 2741 ex
1218 2713 1266 2740 bis.
1287 2712 1317 2738 fr.
1331 2712 1354 2737 8.
1374 2721 1412 2748 pr.
1434 2721 1525 2738 comm.
1546 2710 1596 2737 div.
1612 2712 1651 2736 10.
1664 2711 1688 2736 3.
1709 2709 1738 2736 fr.
1752 2710 1792 2735 98.
1813 2708 1845 2735 (10
1864 2708 1938 2743 legat.
1956 2706 1998 2733 111.

1166 2757 1233 2790 (32.)
1261 2755 1388 2790 Quamvis
1402 2764 1453 2780 non
1473 2755 1567 2786 onmia,
1587 2752 1712 2790 quaedam
1725 2757 1817 2778 tamen.
1837 2750 1866 2778 sr.
1882 2752 1903 2776 1.
1923 2749 1944 2783 ξ.
1961 2751 1998 2776 13.

1167 2800 1199 2826 de
1223 2799 1315 2835 inspiC.
1340 2802 1408 2824 vent.
1427 2800 1469 2823 25.
1489 2798 1512 2823 4.
1536 2796 1566 2822 fr.
1585 2798 1626 2822 33.
1652 2796 1672 2829 ξ.
1694 2797 1717 2821 1.
1742 2794 1771 2821 fr.
1791 2794 1831 2820 69.
1854 2792 1891 2826 §§.
1911 2794 1935 2818 3.
1960 2802 1998 2829 sq.

1143 2842 1144 2877 ᾖ
1166 2842 1198 2869 (10
1217 2841 1291 2877 legat.
1312 2840 1342 2867 ll.
1363 2840 1430 2874 (31.)
1450 2839 1496 2866 1ιι1.
1517 2849 1556 2876 ep.
1577 2849 1636 2865 nov.
1657 2848 1677 2864 c.
1691 2839 1733 2864 37.
1753 2838 1773 2871 ξ.
1788 2837 1844 2862 164.
1870 2834 1998 2870 Quilibet.
