2197 3121
257 170 319 201 446

258 253 289 279 sr.
308 252 349 278 23.
369 250 404 278 ib.
427 252 467 276 12.
481 251 506 276 2.
544 249 600 276 Sibi
614 250 742 286 imputare
761 247 865 279 debere,
885 247 939 283 qui,
959 255 1017 272 cum
1036 254 1097 282 pos-

259 301 309 327 set,
329 310 361 314 -
380 303 431 320 non
455 292 524 320 fecit.
549 292 578 318 sr.
603 293 627 317 3.
651 302 689 329 pr.
715 292 737 317 si
763 300 803 327 qu.
828 291 854 316 in
874 288 903 316 fr.
924 294 990 326 patr.
1010 290 1052 315 38.
1071 290 1097 314 5.

260 338 314 365 Aut
333 338 400 363 enim
417 336 450 362 ab
470 336 543 362 initio
563 335 672 360 vitiosas
697 333 774 360 aedes
801 332 992 363 conduxerunt,
1010 336 1036 358 et
1054 330 1097 358 ha-

261 382 325 408 beut
343 379 414 416 quod
434 379 483 405 sibi
503 379 638 414 imputent.
658 377 689 403 sr.
704 378 744 403 13.
763 376 785 410 3.
799 378 823 402 6.
839 375 870 402 de
891 375 974 402 damn.
993 374 1040 401 inf.
1053 376 1095 400 39.

259 427 284 452 2.
322 423 380 450 Sibi
400 422 477 449 debet
496 422 625 457 imputare
643 429 715 446 suam
734 419 891 450 facilitatem,
912 419 935 444 si
954 422 1002 444 etc.
1022 416 1053 444 sr.
1074 418 1097 443 1.
1118 426 1119 432 ¹

261 468 299 502 33.
318 469 342 493 5.
363 467 402 492 17.
424 464 454 491 dc
474 467 584 500 separat.
604 465 646 489 42.
666 464 689 489 6.

296 507 516 542 lmputatio.
555 507 775 540 computatio.
810 504 853 530 111.
877 504 942 531 Gn.
961 501 1098 539 Legendas

263 552 367 580 obferre
387 551 501 577 rationes
526 550 651 586 primum,
676 548 770 575 deinde
789 545 990 584 computandas,
1009 550 1038 572 ut
1057 555 1099 571 ex·
1119 556 1121 567 v

261 595 359 633 plorari
378 594 478 630 possit,
504 593 690 629 imputationes
711 591 754 625 [al.
774 589 996 627 computationes]
1016 588 1099 626 probe

263 649 295 665 au
314 636 433 674 improbe
452 634 605 662 referantur.
625 634 655 661 fr.
675 636 715 661 82.
736 633 768 660 de
787 632 863 660 cond.
884 637 909 659 et
927 631 994 659 dem.
1007 633 1049 657 35.
1065 632 1087 657 1.

299 683 414 707 Imus.
453 678 582 712 (Adiect.)
621 680 772 714 lusimus.
796 675 814 702 1.
827 677 888 710 Sy.
907 675 1018 702 Inferior
1031 673 1099 707 (sun-

263 724 333 756 dus.)
354 723 384 749 sr.
403 724 445 749 29.
470 722 501 749 sr.
520 723 561 748 31.
588 721 619 748 (1(-
644 721 671 747 S.
691 719 718 746 P.
742 719 774 746 R.
793 720 817 746 8.
835 720 860 746 3.
897 718 940 745 111.
965 719 1031 745 Cn·
1058 717 1099 743 Ex

262 769 314 794 imo
334 765 426 792 ordine
445 764 491 797 (ad
514 764 651 791 Praesides
675 762 794 793 remitti.)
818 762 848 789 fr.
867 763 908 788 21.
929 771 968 799 pr.
988 760 1020 787 de
1040 770 1099 797 app.

263 815 289 836 et
308 809 382 836 relat.
401 809 442 834 49.
464 810 487 834 1.
523 808 564 834 Ab
583 808 642 833 imis
658 822 687 826 —
702 805 834 832 radicibus
854 805 917 831 erui.
938 803 988 830 Th.
1002 802 1033 830 C.
1044 802 1100 829 ΥΠ.

264 854 304 879 13.
326 863 347 879 c.
367 853 390 878 7.
409 861 449 888 pr.
468 850 502 877 de
527 851 602 876 tiron.
646 849 700 884 Qui
723 848 755 875 ad
775 850 851 875 imam
869 857 954 884 usque
973 846 1101 874 scelerum
1122 842 1123 852 ¹

263 895 405 932 nequitiam
432 897 618 931 pervenerunt.
654 891 692 918 lb.
714 891 785 918 XYI.
809 894 832 918 5.
861 901 883 918 c.
906 892 947 917 65.
976 890 998 924 3.
1024 891 1049 916 2.
1069 888 1102 916 de

264 939 362 966 haeret.

300 983 360 1009 In.
398 978 547 1016 (Praepos.)
584 978 615 1011 §-
635 980 670 1006 1.
701 980 829 1009 Coram,
850 979 947 1012 Apud.
967 975 1011 1003 III.
1035 977 1101 1004 Gn.

266 1023 390 1060 Cognitio
416 1023 442 1048 in
466 1021 641 1048 tribunalibus
666 1020 860 1054 (Praesidum.)
889 1019 958 1046 Coll.
987 1018 1040 1045 LL.
1069 1018 1102 1045 M.

265 1066 336 1094 XIV.
355 1067 380 1092 3.
416 1065 560 1102 Deponere
578 1065 605 1091 in
629 1064 705 1097 (aede
724 1064 818 1096 sacra.)
837 1062 867 1089 fr.
887 1064 928 1089 73.
948 1062 979 1089 de
997 1071 1102 1099 procur.
1124 1072 1126 1080 ν

264 1112 289 1137 3.
308 1112 332 1137 3.
370 1107 576 1145 Deprehendere
594 1107 740 1134 adulterum
760 1108 786 1133 in
805 1106 879 1140 (filia.
894 1116 917 1132 v.
933 1115 1021 1137 uxore,
1035 1104 1103 1137 sua.)

266 1154 296 1180 l'r.
315 1154 357 1179 23.
377 1161 416 1189 pr.
437 1151 468 1177 fr.
487 1152 528 1177 25.
549 1160 588 1187 pr.
607 1150 640 1177 ad
658 1150 687 1176 L.
708 1150 756 1176 lul.
776 1150 808 1176 de
827 1148 907 1176 adult.
926 1149 967 1175 48.
986 1151 1010 1175 5.
1047 1147 1105 1174 mit-

266 1202 330 1227 tere,
349 1205 374 1221 v.
394 1194 496 1221 Cavete
515 1198 564 1220 etc.
584 1194 611 1219 iu
630 1193 805 1230 (municipio.)
825 1192 855 1219 fr.
875 1194 899 1219 8.
919 1192 940 1225 3.
954 1193 978 1217 4.
1000 1191 1053 1226 Qu.
1066 1200 1106 1216 sa-

266 1239 329 1266 tisd.
350 1247 405 1274 cog.
424 1239 448 1263 2.
468 1237 492 1263 8.
530 1236 605 1272 Quae
624 1237 650 1262 iu
669 1236 732 1262 Asia
751 1235 891 1272 reliquero.
910 1234 994 1261 Yatic.
1009 1234 1031 1268 3.
1045 1235 1104 1260 224.

267 1282 472 1311 Monumentum.
492 1295 525 1299 —-
546 1278 618 1315 quod
643 1280 668 1305 in
692 1280 734 1305 via
753 1278 852 1305 Salaria
871 1283 951 1305 esset.
970 1277 1000 1304 fr.
1014 1278 1059 1303 27.
1073 1276 1105 1303 de

267 1325 344 1352 cond.
367 1324 393 1350 et
407 1323 474 1350 dem.
492 1324 534 1349 35.
556 1324 578 1349 1.
599 1322 630 1349 cf.
650 1321 717 1348 Nor.
731 1321 821 1348 Maior.
841 1321 875 1348 de
893 1320 970 1347 aedif.
984 1319 1046 1358 pub.
1060 1319 1104 1346 IV.

267 1371 290 1394 4.
311 1378 331 1394 c.
353 1368 375 1392 1.
396 1366 416 1400 3.
438 1367 460 1392 l.
485 1381 518 1385 —
545 1366 576 1398 §-
600 1366 636 1391 2.
662 1367 766 1392 Intra.
804 1364 823 1390 I.
839 1365 900 1398 Sy.
923 1363 994 1390 Intra
1013 1363 1105 1396 (dies.)

268 1410 298 1437 In
318 1409 446 1443 (diebus.)
466 1407 496 1435 fr.
518 1410 540 1434 l.
560 1408 597 1441 33.
617 1409 640 1434 8.
661 1417 700 1444 sq.
720 1407 752 1434 de
772 1417 841 1434 succ.
857 1407 934 1434 edict.
948 1408 990 1433 38.
1004 1407 1028 1432 9.
1049 1405 1106 1432 Gai.

268 1453 299 1480 11.
321 1454 377 1479 164.
398 1461 456 1488 sqq.
477 1450 536 1488 le>
556 1450 639 1477 XXII.
658 1453 700 1476 25.
720 1460 778 1487 sqq.
815 1450 846 1476 Π.
871 1452 938 1484 Op.
957 1450 1035 1476 Ante.
1065 1448 1106 1476 Cf.

268 1496 294 1523 h.
314 1506 338 1522 v.
358 1496 378 1529 3.
397 1496 421 1521 3.
458 1493 501 1520 III.
526 1495 592 1521 Cu.
625 1492 664 1519 'Ne
683 1492 795 1520 Senator
814 1494 857 1525 sit,
877 1503 909 1519 ue
929 1493 1044 1524 decurio.
1064 1496 1109 1518 aut

270 1539 353 1566 ullum
372 1538 498 1564 honorem
519 1537 611 1573 capiat.
631 1546 697 1562 neve
715 1537 741 1562 iu
755 1546 813 1563 eum
826 1536 945 1563 ordinem
964 1535 1061 1562 sedeat.
1077 1534 1107 1561 sr-

271 1584 293 1609 l.
313 1592 353 1619 pr.
373 1580 405 1607 ad
423 1579 453 1606 L.
472 1579 520 1606 Iul.
541 1579 574 1606 de
592 1580 618 1605 vi
638 1580 703 1616 priv.
716 1580 757 1605 48.
773 1581 795 1606 7.
832 1579 861 1606 Iu
881 1578 950 1605 diem
964 1579 1033 1604 vitae
1047 1588 1109 1604 suae

269 1635 323 1652 nou
344 1633 475 1651 revocare.
500 1622 583 1649 Vatic.
608 1622 630 1655 3.
656 1623 715 1647 272.
757 1621 786 1648 lu
805 1621 898 1648 dicbus
917 1621 1004 1648 XXX.
1023 1622 1110 1658 proxi-

270 1669 320 1695 mis
340 1666 446 1700 (facere,
465 1675 490 1692 v.
509 1665 579 1697 dare.
599 1664 705 1698 iuberi.)
724 1664 755 1691 fr.
774 1666 815 1691 40.
834 1674 875 1702 pr.
895 1664 927 1691 de
946 1668 1028 1690 contr.
1049 1668 1109 1690 emt.

271 1713 312 1738 18.
334 1713 356 1737 1.
376 1710 407 1736 sr.
425 1711 450 1735 3.
470 1709 491 1743 3.
513 1710 553 1734 11.
573 1707 605 1734 de
624 1707 740 1734 statulib.
760 1709 800 1733 40.
821 1709 844 1733 7.
889 1707 918 1733 In
936 1706 1110 1733 Xmensibus

272 1753 399 1791 proximis
419 1752 541 1785 (natus.)
565 1750 595 1777 sr.
619 1752 661 1777 29.
686 1760 724 1787 pr.
749 1750 782 1777 de
804 1750 851 1777 Iib.
871 1755 896 1777 et
915 1749 1004 1787 postb.
1023 1750 1065 1776 28.
1084 1751 1109 1776 2.

273 1794 412 1832 Quidquid
431 1796 457 1821 iu
477 1794 517 1821 his
536 1793 705 1820 XXthoi-is
725 1798 810 1820 actum
823 1798 870 1820 est.
891 1793 921 1819 fr.
933 1794 956 1820 8.
977 1792 1010 1819 de
1029 1792 1110 1819 feriis.

272 1842 296 1865 2.
314 1841 352 1865 l2.
390 1837 504 1873 Defungi
523 1838 550 1863 in
569 1837 741 1874 (pubertate.)
765 1836 795 1863 fr.
815 1838 839 1862 2.
860 1836 881 1870 3.
901 1837 924 1862 6.
945 1835 977 1862 de
996 1836 1065 1873 vulg.
1086 1840 1112 1862 et

273 1892 337 1919 pup.
362 1882 403 1907 28.
428 1882 450 1907 6.
495 1880 524 1905 Si
548 1881 592 1916 qui
615 1884 676 1906 sunt
700 1881 726 1906 in
750 1879 876 1906 aediliciis
901 1880 1037 1905 constituti
1062 1880 1111 1912 (sc.

274 1924 366 1957 horti.)
386 1923 417 1949 l'r.
438 1924 495 1948 198.
515 1922 548 1948 de
567 1921 598 1949 V.
618 1922 645 1949 S.
665 1924 706 1949 50.
728 1924 767 1948 16.
788 1922 818 1948 cf.
838 1922 869 1948 fr.
890 1924 929 1948 17.
948 1922 971 1956 3.
985 1923 1008 1948 5.
1029 1921 1061 1948 de
1080 1921 1111 1948 A.

275 1967 305 1993 E.
319 1966 350 1992 Y.
363 1967 403 1992 19.
416 1967 438 1991 l.
476 1964 667 1991 Conventicula
686 1979 716 1984 —-
737 1966 763 1991 in
783 1964 876 1991 domos
895 1966 918 1991 si
938 1975 988 2001 qua
1007 1963 1112 1996 suerint,

276 2009 319 2036 vel
338 2009 534 2046 possessiones.
551 2007 600 2034 Th.
615 2007 645 2034 C.
658 2007 728 2034 XVI.
742 2010 765 2034 5.
781 2018 801 2034 c.
815 2009 856 2034 58.
871 2008 892 2042 3.
906 2010 930 2034 5.
944 2007 977 2034 de
989 2007 1113 2034 haeretic.

277 2052 306 2078 In
317 2052 522 2089 praesentiarum
534 2050 847 2087 [al.Impraesentiarum]
861 2050 890 2077 fr.
900 2052 924 2077 2.
938 2051 959 2084 3.
970 2052 1013 2076 31.
1028 2060 1059 2076 ne
1070 2060 1112 2086 qu.

278 2096 304 2121 iu
317 2094 367 2121 loc.
381 2093 444 2131 pub.
462 2095 503 2120 43.
519 2096 542 2120 8.
562 2093 594 2119 cf.
609 2093 639 2119 fr.
660 2095 681 2119 1,
701 2093 758 2127 3.1.
778 2093 810 2120 de.
830 2093 910 2120 tabul.
928 2093 1016 2120 exhib.
1035 2094 1076 2119 43.
1088 2095 1113 2119 5.

278 2137 307 2163 In
322 2137 473 2163 continenti.
494 2136 534 2163 Cf.
548 2146 572 2162 v.
586 2135 741 2162 Continens.
765 2136 792 2162 Iu
806 2136 930 2173 pendenti
945 2146 1011 2163 esse.
1028 2136 1058 2163 l'r.
1072 2137 1114 2162 43.

279 2180 302 2214 3.
321 2182 345 2206 2.
365 2180 397 2206 de
416 2179 447 2206 A.
466 2179 498 2206 R.
518 2179 550 2206 1).
571 2180 612 2205 41.
634 2181 655 2205 1.
692 2178 720 2205 ln
740 2189 770 2205 eo
791 2180 879 2212 (esse,
899 2189 923 2206 v.
943 2179 1028 2206 facere
1047 2179 1114 2212 etc.)

280 2223 311 2249 sr.
330 2224 372 2248 44.
392 2221 424 2248 dc
443 2227 509 2259 pact.
528 2224 552 2249 2.
573 2224 613 2248 14.
633 2221 663 2248 sr.
683 2223 724 2248 30.
744 2222 766 2256 3.
786 2224 810 2248 2.
831 2221 863 2248 de
882 2222 912 2248 A.
932 2232 955 2248 v.
976 2222 1010 2248 O.
1029 2221 1060 2248 ll.
1073 2223 1115 2248 29.

279 2268 303 2292 2.
323 2264 353 2292 fr.
375 2267 397 2290 l.
416 2265 438 2298 3.
458 2267 481 2290 3.
502 2264 533 2291 ad
552 2264 582 2291 L.
602 2265 682 2291 Corn.
707 2264 739 2292 de
762 2265 837 2291 sicar.
862 2266 903 2291 48.
922 2266 946 2291 8.
973 2281 1005 2284 —
1031 2266 1061 2298 ἓ.
1078 2266 1115 2292 3.

282 2309 473 2338 Secundum,
499 2310 550 2334 Ad.
588 2308 606 2334 I.
633 2309 694 2342 Sy.
724 2307 774 2334 Ad.
794 2307 824 2334 fr.
847 2309 904 2334 195.
924 2308 1005 2342 331.
1025 2318 1064 2344 sq.
1085 2307 1118 2334 de

282 2350 314 2377 V.
334 2349 362 2377 S.
381 2351 422 2376 50.
444 2350 483 2375 16.
520 2350 547 2376 ln
567 2350 625 2383 hor,
644 2355 673 2377 ut
692 2355 740 2377 cte.
778 2350 867 2377 Gratia
888 2352 956 2383 (eius
976 2350 1035 2383 rei.)
1060 2350 1117 2377 Gai.

282 2393 301 2420 l.
323 2395 361 2419 19.
382 2392 412 2419 fr.
434 2394 473 2419 13.
493 2391 525 2418 de
544 2402 654 2419 manum.
673 2394 744 2420 vind.
764 2396 805 2420 40.
825 2396 849 2420 2.
869 2393 911 2420 111.
932 2395 998 2421 Cn.
1018 2393 1059 2420 Ex
1079 2404 1118 2420 ae-

283 2435 361 2463 dibus
380 2435 444 2461 meis
464 2435 490 2461 in
509 2434 587 2461 ned-‘s
607 2440 663 2461 tuas
682 2437 826 2473 proiectum
846 2436 938 2463 habco.
958 2436 987 2463 fr.
1006 2438 1031 2462 3.
1051 2437 1073 2470 3.
1093 2438 1117 2462 6.

284 2480 322 2505 uti
341 2477 442 2515 possid.
461 2479 503 2504 43.
525 2479 564 2503 16.
606 2477 646 2503 Ex
672 2478 792 2506 libertate
812 2480 837 2505 in
857 2481 1010 2505 servitutem
1030 2480 1118 2516 (peti.)

286 2522 327 2547 Ex
345 2521 471 2547 servitute
490 2521 516 2546 iu
535 2519 682 2546 libertatem
701 2521 894 2557 (proclamare.)
913 2521 942 2548 fr.
963 2523 986 2548 7.
1006 2522 1029 2555 3.
1044 2524 1067 2548 5.
1087 2521 1120 2548 de

287 2563 389 2597 {lberali
409 2573 430 2589 c.
450 2564 491 2589 40.
513 2564 551 2589 12.
587 2563 628 2589 Ex
652 2574 679 2589 ea
700 2563 793 2589 l'amilia
818 2565 843 2590 iu
863 2575 918 2591 eam
939 2564 1068 2591 familiam.
1089 2564 1119 2590 fr.

289 2607 344 2631 185.
364 2606 429 2639 31.
449 2604 482 2631 de
506 2604 538 2632 V.
558 2605 585 2632 S.
605 2607 645 2632 50,
672 2606 712 2632 16.
749 2606 790 2631 Ad
814 2606 885 2633 litem
905 2607 1029 2639 futuram,
1050 2612 1076 2634 et
1095 2608 1120 2633 in

289 2647 365 2674 ‹lii-m.
386 2653 409 2673 et
429 2647 478 2673 sub
499 2647 657 2680 conditione,
677 2653 702 2675 ct
721 2657 803 2684 usque
823 2649 855 2675 ad
868 2649 935 2676 divm
955 2650 1023 2683 (dari
1042 2660 1121 2687 posse
1143 2644 1144 2657 ¹

290 2692 504 2727 procuratorem.)
529 2690 559 2717 l'r.
579 2693 603 2717 3.
623 2701 663 2727 sq.
689 2690 721 2717 de
745 2700 848 2728 procur.
868 2693 892 2717 3.
911 2694 934 2718 3.
972 2693 999 2719 ln
1019 2702 1122 2719 menses
1143 2687 1145 2707 ¹¹

290 2731 418 2767 singulus¹
438 2734 493 2759 sive
513 2733 538 2759 in
558 2732 624 2765 dics,
644 2735 699 2760 sive
713 2735 739 2760 iu
759 2743 840 2760 annos
860 2734 962 2766 (relicta
982 2735 1124 2767 alimenta.)

291 2775 321 2801 l'r.
342 2778 366 2800 8.
386 2774 423 2807 33.
443 2776 466 2799 3
489 2785 527 2810 sq.
549 2775 581 2801 de.
603 2780 724 2803 transact.
742 2778 818 2803 2.15.
856 2776 931 2807 Puro,
952 2777 993 2803 vul
1012 2779 1038 2803 iu
1058 2777 1126 2804 diem

294 2816 398 2849 (ru-licta
419 2815 523 2851 legata.)
543 2818 572 2844 l'r.
593 2822 616 2845 S.
636 2820 700 2853 3.1.
722 2819 754 2846 de
778 2824 862 2846 norat.
881 2821 922 2845 46.
941 2822 965 2845 2.
1003 2820 1082 2855 Quod
1101 2821 1127 2846 iu

1008 163 1083 194 IMP
1108 180 1150 185 —
1173 162 1228 193 IN.

1118 258 1119 266 κ
1141 244 1218 276 diem,
1239 259 1272 264 —
1291 243 1372 279 Quod
1395 246 1528 281 praesenti
1553 244 1594 271 die
1618 245 1771 279 (debetur.)
1795 246 1851 273 Gai.
1871 246 1914 273 IV.
1934 247 1976 272 67.

1117 287 1118 320 l
1141 287 1290 318 Instituere,
1309 296 1333 313 v.
1354 286 1510 324 Adquirerc.
1530 289 1556 314 in
1575 287 1602 314 id
1621 293 1732 326 tempus.
1752 299 1803 325 quo
1823 294 1871 316 etc.
1890 288 1920 316 fr.
1933 290 1976 316 32.

1117 322 1119 352 l
1141 330 1174 357 de
1193 329 1220 356 S.
1240 329 1268 356 P.
1288 329 1320 356 R.
1339 330 1363 356 8.
1383 331 1408 357 3.
1427 330 1459 358 fr.
1478 332 1519 357 62.
1539 341 1579 368 pr.
1599 330 1631 357 de
1650 331 1738 358 hered.
1759 333 1820 358 inst.
1834 334 1876 358 28.
1890 334 1913 358 5.
1938 332 1978 359 Iu-

1142 373 1239 400 dicium
1258 372 1320 399 dare
1338 373 1365 399 iu
1385 373 1426 405 (ea
1446 373 1547 406 verba.)
1571 373 1599 400 L.
1621 374 1689 401 Gall.
1709 374 1820 412 CisAlp.
1839 374 1858 401 1.
1878 376 1918 402 19.
1937 384 1978 411 sq.

1141 418 1183 443 32.
1219 416 1298 443 Dare.
1318 425 1342 442 v.
1362 414 1507 449 Praestare,
1528 418 1554 443 in
1574 417 1667 455 (pedes
1688 417 1827 453 singulos.)
1847 416 1877 444 fr.
1895 418 1936 444 30.
1955 418 1978 451 3.

1141 460 1165 486 3.
1185 458 1216 485 sr.
1235 460 1276 485 36.
1296 458 1375 485 locat.
1397 460 1436 485 19.
1456 461 1480 485 2.
1521 459 1649 487 Deiectus
1673 460 1799 487 habeatur
1825 461 1852 486 in
1871 459 1916 493 (V.
1935 470 1979 497 pe·

1142 501 1242 535 dibus.)
1263 500 1313 528 Th.
1333 500 1364 528 C.
1385 500 1440 528 VII.
1456 503 1496 528 13.
1517 513 1538 530 c.
1551 504 1575 529 3.
1596 503 1628 530 de
1648 505 1724 530 tiron.
1762 502 1868 530 Nubere
1888 504 1914 529 in
1933 503 1980 536 (fe-

1142 546 1258 577 minam.)
1278 544 1315 571 lb.
1334 544 1380 571 IX.
1400 545 1422 571 7.
1443 554 1464 571 c.
1484 546 1508 571 3.
1532 545 1565 572 ad
1583 545 1613 573 L.
1633 546 1680 573 Iul.
1704 545 1736 573 dc
1760 545 1841 573 adult.
1876 545 1981 573 Ludere

1143 589 1169 614 in
1188 588 1333 625 pecuniam.
1353 587 1383 614 fr.
1403 589 1427 613 2.
1447 587 1469 620 3.
1491 589 1513 614 l.
1533 587 1566 614 de
1585 588 1691 616 aleator.
1712 591 1752 615 11.
1772 589 1881 622 5.—§.
1893 589 1981 616 ³·A·

1145 632 1241 658 Inter.
1278 629 1310 657 II.
1335 632 1402 665 Op.
1420 630 1510 657 Extra.
1530 630 1572 658 Cf.
1593 631 1618 658 h.
1637 642 1661 658 v.
1680 632 1702 666 3.
1721 634 1746 658 2.
1765 632 1808 659 IlI.
1829 633 1895 660 Cn.
1915 630 1983 658 Cum

1145 672 1242 700 multos
1262 673 1407 700 creditores
1426 673 1549 706 haberet,
1568 675 1594 701 in
1613 675 1710 711 quibus
1729 680 1755 702 et
1773 675 1870 702 Seium.
1890 674 1921 701 fr.
1940 675 1982 700 67.

1144 717 1166 751 3.
1184 718 1209 743 2.
1228 715 1261 743 de
1280 716 1392 743 condiet.
1416 717 1503 744 indeb.
1524 719 1563 744 12.
1589 718 1613 744 6.
1651 717 1741 745 videri
1761 728 1821 745 esse
1839 719 1865 744 iu
1883 718 1982 750 (caete-

1145 760 1182 786 ris
1201 759 1280 786 rebus
1301 759 1363 792 etc.)
1387 759 1443 786 Gai.
1468 759 1498 786 II.
1525 762 1566 787 54.
1590 760 1622 787 sr.
1646 762 1705 788 241.
1730 761 1762 788 de
1781 761 1812 788 V.
1833 760 1860 787 S.
1880 762 1922 787 50.
1942 761 1982 786 16.

1146 802 1226 829 Ferre
1245 803 1272 828 in
1291 802 1460 840 (acceptum.)
1485 802 1515 829 l'r.
1536 805 1559 830 7.
1584 804 1606 837 3.
1625 806 1649 830 2.
1673 803 1706 830 ad
1724 803 1754 830 L.
1773 803 1820 831 Iul.
1840 808 1922 841 repet.
1941 804 1983 829 48.

1148 847 1187 872 ll.
1224 844 1327 871 Habere
1346 855 1423 882 quem
1442 847 1466 872 iu
1487 846 1556 879 (suis
1576 846 1740 880 heredibus.)
1758 847 1789 874 fr.
1809 848 1849 874 73.
1870 847 1930 881 31.
1951 845 1985 873 de

1146 888 1177 915 R.
1198 888 1216 915 I.
1236 890 1277 914 50.
1299 889 1339 914 17.
1359 904 1393 908 —
1412 888 1442 921 ᾖ.
1467 889 1564 916 3.Β.
1592 891 1703 922 Circa,
1728 893 1840 925 Super.
1877 889 1896 916 1.
1922 890 1985 924 sy.

1147 931 1233 958 Circa.
1265 930 1307 958 Cf.
1326 930 1352 957 h.
1370 940 1395 957 ν.
1418 930 1440 964 3.
1459 932 1483 957 3.
1520 931 1570 958 Ad.
1591 931 1620 958 fr.
1642 935 1664 959 l.
1689 933 1710 967 3.
1733 935 1755 959 l.
1779 932 1812 959 de
1831 932 1941 959 calumn.
1959 933 1983 958 3.

1147 976 1171 1001 6.
1208 974 1303 1011 Super.
1324 984 1345 1000 c.
1365 975 1407 1000 50.
1432 973 1465 1000 de
1490 975 1570 1011 episc.
1590 980 1615 1001 et
1635 975 1696 1002 cler.
1717 977 1739 1002 1.
1758 977 1782 1002 3.
1821 975 1902 1011 Quod
1921 974 1985 1002 adti-

1147 1019 1213 1044 tinet
1236 1017 1276 1044 ad.
1308 1016 1365 1044 Gai.
1390 1016 1409 1042 I.
1430 1018 1487 1043 157.
1509 1019 1565 1044 171.
1602 1017 1644 1045 111.
1666 1020 1734 1046 Cn.
1763 1018 1824 1045 Non
1843 1017 1929 1045 solum
1954 1027 1987 1045 ex

1147 1065 1222 1098 parte
1241 1061 1291 1093 rei.
1307 1060 1355 1087 sed
1375 1061 1452 1086 etiam
1470 1060 1497 1086 iu
1515 1070 1628 1097 persona
1648 1063 1745 1088 actoris
1765 1061 1936 1095 (observari.)
1955 1059 1986 1087 fr.

1147 1106 1189 1130 25.
1208 1113 1248 1141 pr.
1269 1102 1302 1129 de
1320 1113 1425 1140 procur.
1444 1104 1468 1129 3.
1488 1104 1512 1129 3.
1549 1103 1579 1129 In
1598 1103 1646 1130 alia
1659 1115 1687 1131 re
1704 1104 1779 1136 sacta,
1799 1109 1843 1131 aut
1862 1114 1920 1131 cum
1939 1103 1988 1130 alia

1148 1157 1261 1184 persona
1281 1147 1331 1180 (sc.
1351 1146 1513 1179 conventio)
1532 1145 1562 1173 sr.
1581 1147 1623 1173 27.
1643 1147 1665 1181 3.
1685 1149 1709 1174 4.
1723 1158 1744 1174 a.
1765 1147 1797 1174 de
1815 1152 1883 1184 pact.
1903 1149 1927 1173 2.
1948 1148 1988 1173 14.

1143 1190 1216 1217 Esse
1235 1190 1314 1221 iuris,
1332 1199 1359 1216 v.
1380 1188 1525 1216 observari
1544 1190 1614 1222 iura,
1638 1190 1665 1216 iu
1684 1194 1733 1216 etc.
1753 1190 1784 1216 fr.
1804 1192 1828 1216 5.
1848 1189 1881 1216 de
1899 1189 1924 1216 h.
1945 1199 1988 1226 qu.

1150 1234 1198 1260 sui.
1219 1234 1241 1259 1.
1261 1233 1285 1259 6.
1304 1232 1335 1259 fr.
1355 1234 1398 1258 31.
1418 1233 1439 1266 3
1461 1234 1483 1259 1.
1505 1232 1535 1259 sr.
1555 1233 1597 1259 34.
1618 1232 1651 1259 de
1669 1232 1701 1259 N.
1722 1232 1754 1260 G.
1774 1234 1798 1260 3.
1817 1235 1841 1259 5.
1862 1232 1892 1259 fr.
1911 1234 1936 1258 2.
1957 1231 1990 1259 de

1150 1275 1203 1302 mil.
1227 1280 1329 1302 testam.
1354 1276 1395 1302 29.
1420 1277 1446 1302 1.
1482 1275 1652 1312 Rescriptum
1676 1281 1717 1302 est
1740 1277 1767 1302 iu
1790 1280 1839 1303 etc.
1863 1274 1947 1301 Vatic.
1966 1275 1988 1309 3.

1150 1321 1210 1346 227.
1247 1318 1318 1345 Idem
1338 1328 1409 1350 esse,
1430 1328 1450 1345 s.
1471 1318 1625 1351 dicendum,
1644 1328 1668 1344 v.
1688 1317 1910 1356 respondendum.
1931 1327 1990 1344 esse

1152 1364 1178 1389 in
1198 1367 1247 1389 etc.
1274 1361 1331 1388 Gai.
1354 1361 1374 1388 I.
1394 1363 1451 1388 172.
1471 1361 1502 1388 fr.
1521 1363 1546 1388 8.
1570 1371 1609 1399 pr.
1639 1360 1672 1388 de
1696 1361 1720 1388 h.
1741 1371 1783 1398 qu.
1803 1362 1852 1388 sui.
1874 1363 1895 1388 l.
1915 1362 1938 1387 6.
1957 1360 1989 1387 fr.

1150 1407 1192 1432 27.
1212 1415 1252 1443 pr.
1272 1404 1305 1431 de
1322 1409 1392 1441 pact.
1416 1406 1439 1431 2.
1461 1406 1500 1431 14.
1527 1404 1557 1431 fr.
1578 1406 1618 1430 17.
1644 1404 1676 1431 de
1700 1409 1822 1431 transact.
1844 1406 1868 1431 2.
1894 1405 1934 1430 15.
1959 1403 1989 1430 fr.

1151 1449 1193 1475 88.
1213 1447 1246 1474 de
1263 1446 1296 1474 V.
1316 1447 1343 1474 S.
1363 1449 1403 1474 50.
1426 1448 1466 1474 16.
1508 1447 1568 1474 Nou
1594 1447 1691 1474 habere
1714 1449 1754 1474 ius
1778 1448 1946 1485 praecipuum
1964 1447 1992 1473 in

1153 1497 1201 1518 etc.
1221 1490 1252 1518 fr.
1271 1492 1313 1517 22.
1339 1491 1404 1524 31.
1430 1490 1462 1517 ad
1480 1489 1510 1517 L.
1530 1490 1577 1517 lul.
1604 1490 1636 1517 de
1656 1490 1736 1517 adult.
1755 1492 1796 1517 48.
1815 1492 1839 1517 5.
1876 1488 1990 1516 Vsumfr.

1152 1534 1250 1561 habere
1268 1535 1295 1560 in
1315 1534 1426 1567 (servo.)
1452 1533 1483 1560 fr.
1509 1535 1550 1560 55.
1576 1533 1608 1560 de
1634 1538 1702 1570 pact.
1720 1535 1744 1560 2.
1765 1534 1805 1559 14.
1841 1532 1947 1560 Mentiri
1965 1533 1992 1559 in

1154 1577 1375 1610 (conditionem.)
1402 1576 1432 1603 fr.
1452 1577 1494 1603 69.
1517 1577 1539 1610 3.
1564 1578 1587 1603 3.
1613 1576 1645 1603 de
1671 1577 1747 1603 evict.
1770 1578 1813 1602 21.
1835 1578 1860 1602 2.
1897 1575 1993 1602 Modus

1153 1630 1266 1657 poenae,
1291 1621 1317 1646 in
1342 1629 1392 1656 qua
1416 1621 1475 1656 quis
1499 1629 1591 1646 cavere
1610 1619 1696 1646 debet.
1720 1618 1792 1645 Paul.
1811 1617 1843 1645 V.
1863 1620 1904 1645 33.
1925 1619 1947 1652 3.
1967 1619 1992 1645 6.

1154 1662 1256 1689 Rursus
1275 1662 1411 1699 praestitis
1431 1672 1443 1688 a
1463 1667 1489 1688 te
1508 1663 1534 1688 in
1552 1672 1581 1688 re
1594 1662 1700 1688 vendita
1715 1661 1845 1693 omnibus,
1866 1671 1932 1698 quae
1946 1671 1993 1698 ego

1154 1705 1202 1732 tibi
1220 1705 1420 1742 praestitissem.
1445 1704 1475 1731 fr.
1496 1706 1537 1731 58.
1562 1704 1594 1731 de
1613 1710 1680 1742 pact.
1705 1707 1730 1731 2.
1756 1706 1795 1731 14.
1833 1704 1994 1731 Suet-urrere

1154 1750 1180 1775 in
1200 1748 1235 1780 id,
1256 1747 1344 1784 (quod
1364 1748 1398 1774 ita
1418 1747 1625 1781 amisit.)-l’aul.
1646 1748 1677 1774 Y.
1703 1750 1742 1774 12.
1767 1749 1788 1782 3.
1809 1749 1832 1774 4.
1876 1747 1943 1785 Capi
1967 1748 1994 1773 in

1155 1790 1334 1825 (hereditate.)
1355 1789 1386 1816 fr.
1406 1791 1430 1816 6.
1451 1789 1483 1817 de
1502 1790 1520 1817 Ι.
1540 1790 1559 1817 I.
1579 1790 1610 1817 R.
1624 1792 1648 1817 4.
1669 1792 1691 1817 1.
1729 1790 1822 1817 Vereri
1835 1791 1861 1816 in
1877 1791 1918 1823 (se
1932 1790 1994 1823 etc.)

1155 1834 1185 1861 fr.
1205 1835 1229 1860 8.
1249 1833 1271 1867 3.
1291 1835 1315 1860 3.
1336 1833 1388 1869 Qu.
1408 1838 1468 1860 met.
1489 1844 1510 1860 c.
1530 1834 1553 1860 4.
1573 1835 1597 1860 2.
1626 1850 1658 1853 —
1686 1834 1717 1867 §-
1737 1834 1825 1861 3.st
1844 1835 1993 1868 Propter.

1155 1877 1198 1904 III.
1218 1878 1284 1905 Cn.
1315 1875 1438 1902 Solemus
1463 1875 1550 1903 direre
1574 1877 1622 1908 „in
1644 1876 1716 1903 bello
1742 1877 1898 1908 amissum‚“
1924 1874 1995 1912 quod

1156 1925 1266 1958 propter
1285 1929 1387 1946 causam
1407 1918 1471 1945 belli
1495 1920 1629 1946 amittitur.
1653 1919 1684 1946 sr.
1706 1921 1728 1946 l.
1753 1919 1774 1953 3.
1793 1921 1818 1946 2.
1841 1918 1874 1945 de
1891 1917 1994 1945 incend.

1156 1965 1238 1990 ruina.
1258 1964 1299 1989 47.
1320 1964 1344 1988 9.
1381 1961 1549 1988 Contestatio
1562 1963 1588 1989 in
1603 1962 1629 1989 id
1642 1961 1795 1988 solemniter
1808 1961 1882 1991 facta,
1901 1966 1930 1987 ut
1945 1965 1994 1987 etc.

1157 2006 1218 2043 le.
1238 2005 1298 2032 XX.
1320 2007 1343 2031 1.
1379 2004 1409 2031 In
1431 2004 1482 2031 hoc
1505 2004 1581 2037 dare..
1601 2015 1623 2032 s.
1643 2004 1755 2036 donare,
1774 2014 1798 2030 v.
1819 2005 1946 2040 accipere.
1966 2008 1995 2030 ut

1158 2055 1207 2076 etc.
1228 2048 1283 2076 Gai.
1303 2047 1346 2074 111.
1366 2048 1407 2074 90.
1428 2046 1489 2084 le.
1509 2047 1565 2074 Vll.
1587 2049 1608 2073 l.
1630 2046 1659 2073 sr.
1673 2048 1715 2073 31.
1735 2047 1757 2081 3.
1771 2048 1796 2072 2.
1816 2045 1848 2072 de
1868 2056 1898 2072 m.
1915 2056 1936 2072 c.
1950 2046 1996 2073 do-

1158 2097 1209 2119 nat.
1229 2093 1270 2119 39.
1290 2092 1314 2118 6.
1352 2089 1465 2116 Obserre
1483 2099 1512 2116 se
1531 2090 1557 2115 in
1577 2088 1635 2121 hoc,
1655 2094 1683 2116 ut
1702 2089 1767 2116 alius
1787 2093 1836 2115 etc.
1856 2087 1886 2115 fr.
1900 2090 1942 2115 39.
1963 2089 1995 2116 de

1159 2135 1183 2162 (1.
1203 2145 1236 2161 m.
1255 2135 1279 2160 4.
1298 2135 1322 2160 3.
1359 2132 1458 2169 Legare
1476 2133 1503 2158 in
1522 2131 1572 2158 hoc
1591 2137 1639 2158 etc.
1659 2132 1688 2158 Τι’.
1705 2131 1779 2165 ης.
1796 2133 1819 2157 1.
1833 2131 1866 2157 de
1885 2142 1996 2158 manum.

1159 2177 1229 2205 vind.
1249 2179 1291 2203 40.
1309 2178 1333 2202 2.
1370 2176 1399 2202 Si
1423 2185 1482 2212 ager
1506 2174 1584 2201 fuerit
1607 2176 1633 2201 in
1657 2174 1777 2200 alimenta
1804 2173 1944 2210 obligatus.
1965 2174 1995 2204 fr.

1160 2223 1183 2248 8.
1203 2221 1286 2256 §.15.
1305 2219 1338 2246 de
1357 2223 1479 2245 trausact.
1498 2220 1523 2244 2.
1544 2219 1584 2244 15.
1614 2233 1646 2238 -—
1678 2218 1708 2250 §-
1730 2218 1768 2243 4.
1792 2218 1892 2251 Vsque
1911 2220 1957 2244 ad.
1978 2217 1996 2244 l.

1161 2265 1222 2299 Sy.
1242 2263 1292 2290 Ad.
1314 2262 1355 2289 Cf.
1375 2261 1399 2288 h.
1419 2271 1443 2288 v.
1463 2261 1485 2295 3.
1505 2263 1529 2288 5.
1565 2260 1596 2287 11.
1617 2262 1684 2294 011.
1704 2259 1727 2286 A
1747 2269 1796 2296 qua
1816 2264 1907 2292 aetate,
1927 2265 1953 2287 et
1971 2261 1997 2287 in

1161 2317 1245 2344 quam.
1265 2306 1297 2332 sr.
1317 2306 1359 2332 69.
1378 2305 1444 2338 31.
1465 2304 1498 2331 de
1515 2303 1591 2339 legat.
1611 2302 1651 2329 111.
1676 2303 1742 2335 (32.)
1779 2302 1851 2329 Post.
1871 2302 1902 2329 fr.
1921 2305 1945 2329 8.
1965 2303 1998 2329 de

1160 2349 1259 2387 postul.
1278 2351 1302 2375 3.
1326 2350 1346 2374 1.
1371 2348 1401 2374 fr.
1420 2350 1462 2374 25.
1483 2346 1516 2373 de
1539 2351 1586 2372 tut.
1607 2350 1631 2371 ot
1656 2356 1708 2371 cur.
1730 2345 1781 2371 dat.
1801 2347 1842 2371 26.
1862 2347 1885 2371 5.
1905 2345 1935 2372 fr.
1955 2347 1996 2372 56.

1161 2393 1183 2427 3.
1203 2394 1226 2418 4.
1248 2391 1280 2418 de
1299 2390 1330 2417 V.
1351 2390 1385 2416 Ο.
1405 2392 1445 2416 45.
1467 2391 1488 2415 1.
1526 2388 1567 2414 111.
1593 2389 1659 2416 Cn.
1685 2389 1770 2423 Quam
1790 2390 1839 2420 (sc.
1858 2389 1997 2420 rationem)

1162 2444 1263 2461 mecum
1281 2433 1398 2460 habuisti
1417 2433 1443 2459 in
1461 2431 1532 2458 hunc
1550 2431 1626 2457 diem.
1648 2432 1676 2458 l'r.
1697 2434 1738 2458 47.
1758 2432 1823 2466 3.1.
1843 2431 1876 2457 de
1893 2436 1961 2468 pact.
1973 2433 1997 2457 2.

1164 2480 1203 2505 1-1.
1239 2477 1282 2503 lus
1302 2476 1388 2503 dicere
1411 2476 1437 2502 in
1461 2474 1601 2501 adventum
1621 2475 1824 2507 (successoris.)
1848 2473 1878 2500 fr.
1901 2476 1940 2500 10.
1959 2483 1997 2511 pr.

1164 2521 1196 2547 de
1215 2520 1259 2546 off.
1278 2519 1353 2546 Proc.
1373 2523 1399 2545 et
1417 2517 1478 2553 ch.
1499 2519 1521 2543 1.
1543 2518 1582 2543 16.
1626 2517 1765 2544 Possidere
1787 2518 1814 2543 in
1833 2516 1915 2549 (diem
1933 2525 1998 2543 mor-

1141 2557 1143 2584 l
1165 2565 1208 2595 tis,
1227 2572 1251 2589 v.
1272 2561 1402 2589 Calendas
1422 2560 1481 2591 lul.)
1502 2559 1531 2586 sr.
1552 2562 1592 2586 91.
1613 2561 1634 2594 3
1657 2562 1679 2587 l.
1700 2560 1730 2587 sr.
1750 2562 1791 2587 92.
1811 2570 1852 2597 pr.
1871 2559 1901 2585 fr.
1914 2560 1956 2585 93.
1975 2559 1997 2592 3.

1165 2609 1189 2633 2.
1213 2605 1246 2632 de
1270 2605 1345 2641 legat.
1371 2603 1412 2630 111.
1432 2603 1507 2635 (32.)
1532 2602 1561 2629 sr.
1585 2605 1623 2629 12.
1648 2613 1687 2640 pr.
1713 2602 1746 2628 dc
1770 2612 1869 2640 precar.
1893 2603 1933 2628 43.
1956 2601 1997 2627 26.

1168 2648 1268 2679 Fuisse,
1287 2657 1311 2673 v.
1331 2646 1522 2677 Permansisse.
1547 2647 1573 2671 iu
1593 2645 1660 2672 diem
1681 2646 1769 2677 (vitae.
1789 2655 1813 2671 v.
1833 2643 1949 2676 tutelae.)
1969 2642 1998 2669 fr.

1144 2712 1145 2717 ,
1166 2693 1208 2717 57.
1228 2690 1259 2717 dc
1279 2689 1365 2716 donat.
1387 2690 1431 2715 int.
1454 2688 1483 2715 V.
1507 2690 1548 2714 24.
1573 2690 1596 2714 1.
1620 2687 1649 2714 fr.
1675 2689 1716 2714 53.
1741 2688 1773 2715 de
1792 2687 1857 2714 adm.
1877 2691 1901 2712 et
1920 2687 1998 2722 peric.

1167 2735 1208 2760 26.
1229 2734 1252 2759 7.
1272 2746 1304 2750 -
1324 2733 1354 2765 §-
1376 2733 1412 2758 5.
1434 2733 1566 2758 Contra.
1594 2730 1613 2756 1.
1627 2731 1688 2764 Sy.
1708 2731 1851 2758 Adversus.
1871 2728 1912 2755 Cf.
1932 2728 1956 2754 h.
1976 2738 1998 2754 v.

1147 2798 1148 2805 ,
1170 2775 1286 2812 (I'raep.)
1307 2775 1371 2809 3.1.
1410 2775 1439 2801 II.
1461 2776 1528 2808 Op.
1553 2773 1612 2800 Pro.
1638 2773 1668 2799 l'r.
1690 2775 1711 2800 7.
1737 2773 1769 2800 de
1791 2771 1891 2810 probat.
1915 2773 1956 2797 22.
1975 2773 1999 2797 3.

1146 2812 1149 2856 (ἦ
1171 2818 1212 2845 111.
1234 2820 1298 2846 Gn.
1320 2817 1347 2844 lu
1366 2817 1513 2849 dominum,
1533 2821 1577 2843 aut
1595 2815 1709 2843 domino.
1727 2815 1823 2843 nen-edi
1842 2819 1867 2840 et
1886 2815 1911 2840 iu
1930 2813 2001 2840 here·
