2197 3121
250 182 315 214 288

254 265 294 299 §§.
318 265 342 290 6.
367 273 426 300 sqq.
456 262 486 289 sr.
511 264 553 288 4l.
578 261 611 288 de
635 270 707 298 oper.
732 259 819 286 libert.
838 260 880 286 38.
902 261 924 285 1.
970 258 1012 285 111.
1033 258 1099 286 Gn.

255 307 318 334 Sive
343 306 455 342 aliquem
481 305 627 332 debitorem
652 303 821 335 dimiserunt.
845 303 901 329 sive
924 301 1011 337 largiti
1030 305 1099 327 sunt.

255 350 287 377 sr.
306 352 331 376 4.
351 359 390 386 pr.
411 348 443 374 dc
463 348 533 375 decr.
559 348 590 374 ab
614 346 671 373 ord.
695 348 736 372 50.
757 347 781 372 9.
801 345 834 372 cs.
853 345 885 372 fr.
906 346 946 371 19.
970 344 1003 371 dc
1022 343 1046 371 d.
1065 354 1098 370 m.

256 395 280 420 4.
299 394 323 419 3,
361 391 498 419 Creditor.
524 392 568 427 qui
591 390 722 427 permittit
745 398 799 416 rem
822 389 926 415 venire.
949 388 1044 424 pignus
1063 385 1100 413 di-

256 437 344 463 mittit.
365 434 395 461 sr.
418 436 473 460 158.
494 433 526 460 ile
545 433 576 460 R.
597 433 614 459 Ι.
634 435 676 459 50.
697 434 738 458 17.
758 432 789 458 ct'.
810 431 841 458 fr.
857 433 897 458 15.
916 430 954 464 ἕξ.
968 432 992 456 4.
1007 440 1047 466 sq.
1067 429 1100 456 de

256 490 285 505 re
304 477 357 504 iud.
376 479 418 503 42.
441 478 462 502 l.
477 492 509 496 —
523 476 554 510 §.
570 477 607 503 5.
628 480 661 502 A.
681 476 898 511 Satisfacere.
918 473 961 499 III.
977 474 1044 500 Cn.
1063 471 1100 499 Vt

257 532 290 548 ex
308 520 382 547 fundi
402 519 530 545 fructibus
550 535 582 539 -—
603 518 719 545 creditor
742 517 860 544 mulieris
885 516 1039 543 dimittatur.
1069 515 1099 542 sr.

256 565 298 590 28.
319 562 352 590 de
371 567 440 599 pact.
460 561 514 588 dot.
535 564 576 589 23.
591 564 614 589 4.
652 562 682 588 Si
694 562 781 599 pretio
802 565 910 597 arci-pto
929 564 1034 586 curator
1047 569 1101 586 cre-

257 606 358 633 ditores
378 605 470 631 suriosi
491 605 599 632 dimisit.
619 604 650 632 fr.
671 606 694 631 7.
714 605 735 638 ξ.
758 605 779 629 l.
800 602 832 629 de
851 607 932 629 curat.
952 602 1044 629 furios.
1058 603 1100 628 27.

259 651 299 676 10.
336 648 365 675 Si
384 647 446 674 illos
466 647 565 674 dimisit
585 650 634 680 (sc.
651 646 819 676 creditores.)
840 662 872 665 —
893 650 919 672 et
938 645 1004 672 alios
1024 646 1101 672 sorti-

257 698 300 719 tus
321 696 368 718 est.
392 690 423 718 fr.
444 693 484 718 10.
509 692 531 725 §.
553 693 575 717 l.
600 690 630 717 fr.
652 692 692 716 15.
712 700 751 726 sq.
790 689 841 725 Qu.
867 689 894 715 in
919 688 949 714 fr.
970 687 1040 715 cred.
1059 690 1101 714 42.

257 737 282 763 8.
318 734 377 761 Nisi
401 735 504 772 priores
528 733 709 767 (creditores)
738 733 849 770 pecunia
868 732 1048 769 posteriorum
1066 730 1103 757 di·

257 778 333 805 missi
352 777 506 814 probentur.
528 776 557 803 fr.
579 778 619 803 16.
643 776 678 802 ib.
697 778 738 802 42.
759 777 782 802 8.
803 775 833 802 sr.
856 776 896 801 16.
933 774 986 810 Qu.
1005 775 1102 811 potior.

257 823 300 847 20.
320 822 344 846 4.
381 819 454 846 Paul.
475 819 505 846 11.
527 822 566 845 13.
590 820 611 853 ᾗ,
631 822 655 846 8.

293 863 562 890 Dinumerara
601 864 787 893 Numerare,
819 863 1023 896 Comparare.
1060 859 1103 886 III.

259 907 326 935 (7η.
347 905 445 932 vicena
465 905 546 932 millia
570 915 698 943 passuum
721 905 748 931 in
773 904 893 941 singulos
913 903 970 930 dies
989 902 1105 929 dinume-

259 950 310 976 rari
330 949 438 976 Praetor
457 949 537 975 iubet.
560 948 590 975 sr.
612 951 634 974 l.
654 949 677 974 si
697 958 740 984 qu.
761 952 839 974 cautt.
859 949 883 973 2.
906 948 945 972 ll.

294 992 573 1020 Dinumeratio.
603 992 827 1026 Comparatio.
863 989 906 1016 III.
926 990 992 1017 (7⁷11-
1011 988 1105 1015 Habita

260 1035 469 1062 dinumeration«¹
488 1035 625 1072 temporis,
645 1044 697 1070 quo
717 1038 767 1060 etc.
788 1033 818 1060 fr.
832 1034 874 1059 38.
894 1042 926 1059 ex
946 1042 989 1068 qu.
1010 1042 1031 1058 c.
1046 1033 1104 1058 mai.

260 1080 284 1105 4.
304 1080 328 1104 6.
366 1077 450 1104 Vatic.
471 1078 493 1111 ξ.
515 1079 572 1104 163.
612 1077 781 1114 Computari.
806 1076 878 1103 salva
898 1075 1106 1102 dinumeratione

261 1126 310 1148 etc.
329 1120 402 1147 Paul.
422 1120 454 1147 V.
477 1122 520 1147 33.
545 1121 567 1154 §.
589 1122 611 1147 l.
650 1120 754 1146 Itineris
779 1119 963 1146 dinumeratio.
989 1118 1019 1145 t'r.
1040 1120 1062 1144 1.
1083 1119 1105 1144 si

261 1175 304 1201 qu.
325 1169 404 1191 cautt.
423 1166 447 1190 2.
469 1165 509 1190 ll.
529 1162 560 1190 fr.
579 1164 603 1189 3.
623 1173 663 1201 pr.
684 1163 716 1189 de
735 1162 767 1189 V.
788 1162 816 1189 S.
836 1164 877 1188 50.
899 1163 938 1188 16.

294 1207 568 1234 Dinummium.
614 1208 766 1241 Vectigal
787 1208 880 1242 fisco
903 1215 961 1239 pro
993 1206 1105 1231 merci-

261 1253 317 1277 bus
336 1251 484 1277 adnectis
502 1252 708 1283 pendendum.
747 1248 789 1275 III.
805 1250 871 1276 Cn.
891 1248 1056 1285 Corporatos
1073 1248 1107 1274 ci-

261 1294 351 1320 vitatis
376 1292 571 1319 Alexandrinae
595 1309 627 1312 -
652 1291 753 1318 CCCC
779 1291 881 1318 solidos
907 1301 939 1317 ex
963 1290 1107 1317 dinummio

262 1335 385 1372 vectigali
405 1351 437 1355 -
457 1335 689 1372 praecommodari.
714 1334 764 1361 Tb.
785 1333 816 1361 C.
836 1333 907 1361 XIV.
926 1335 968 1360 27.
990 1344 1011 1360 c.
1030 1335 1055 1360 2.
1075 1333 1108 1360 de

261 1378 339 1406 Alex.
358 1378 429 1416 pleb.
448 1379 524 1415 prim.

297 1422 572 1449 Diocletianus.
610 1422 725 1448 Nomen
751 1423 968 1456 Imperatoris
994 1422 1026 1447 R.
1064 1419 1107 1446 111.

263 1466 330 1493 (7η.
350 1464 435 1491 Sicuti
454 1465 531 1490 etiam
550 1464 600 1491 sub
620 1463 726 1490 domino
751 1468 777 1490 et
800 1469 910 1501 parente
932 1468 1025 1490 nostro
1045 1463 1109 1490 Dio-

264 1507 376 1535 cletiano
396 1508 500 1533 seniore
519 1507 551 1533 Α.
575 1507 666 1533 eadem
689 1506 767 1544 plebs
791 1507 890 1534 urbana
913 1507 1036 1534 immunis
1056 1506 1109 1533 sue-

263 1556 311 1578 rat.
349 1550 386 1576 Ib.
406 1549 476 1575 XIII.
498 1551 538 1576 10.
559 1560 580 1576 c.
600 1551 624 1576 2.
645 1549 678 1576 de
697 1560 779 1576 censu
797 1560 818 1577 s.
839 1550 924 1577 adscr.

297 1593 568 1620 Bioeeesanus.
593 1592 733 1626 (Adiect.)
758 1595 804 1619 Ad
823 1595 985 1620 dioecesin
1002 1595 1109 1628 perti-

264 1646 346 1663 nens.
384 1635 426 1662 III.
444 1636 510 1663 (7η.
548 1634 710 1662 Convocatis
735 1635 766 1662 ab
792 1637 919 1673 episcopo
945 1636 1109 1663 dioecesanis

264 1679 442 1717 presbyteris.
490 1678 601 1715 Interpr.
626 1678 657 1705 ad
682 1678 731 1705 Th.
757 1678 789 1706 C.
812 1678 883 1706 XVI.
912 1681 936 1705 2.
963 1689 984 1705 c.
1009 1681 1052 1705 23.
1077 1678 1109 1705 de

265 1723 346 1760 episc.
366 1721 429 1748 eccl.

299 1765 506 1792 Dicet-esis.
530 1765 739 1790 Cniversitaa
756 1766 902 1798 plurium
920 1765 1109 1799 provincia-

266 1818 349 1839 rum,
378 1809 511 1842 singulo
537 1809 714 1843 Praefecto
738 1809 788 1834 Pr.
819 1810 865 1834 vel
894 1808 1028 1834 sicario
1057 1808 1110 1833 ad—

267 1852 480 1877 tribularum.
517 1849 560 1876 III.
577 1851 644 1878 Cn.
667 1849 865 1877 Provinciarum
884 1855 1011 1877 rectores.
1031 1854 1056 1876 ct
1074 1850 1110 1876 vi—

268 1894 353 1919 carios
370 1892 407 1918 ill.
426 1892 614 1929 praefecturae.
634 1903 682 1930 per
695 1893 840 1920 dioeceses.
861 1903 925 1930 quas
939 1894 1027 1920 sortiti
1040 1897 1110 1921 sunt.

267 1940 369 1963 mam-at
389 1945 448 1962 cura
469 1940 518 1962 etc.
539 1935 589 1962 Th.
610 1936 640 1962 C.
662 1935 718 1962 VII.
740 1938 779 1962 10.
800 1946 822 1963 c.
844 1938 865 1963 l.
885 1946 924 1973 pr.
962 1935 1002 1962 Ne
1021 1947 1064 1973 qu.
1084 1937 1110 1962 in

267 1978 320 2016 pal.
340 1988 407 2004 man.
428 1977 459 2004 cl'.
478 1977 547 2004 XIII.
567 1980 591 2005 3.
613 1989 634 2005 c.
655 1981 695 2005 ll.
716 1978 748 2005 de.
767 1978 860 2005 medic.
880 1984 905 2005 et
918 1979 985 2015 prof.
998 1979 1067 2006 XIII.
1087 1982 1111 2005 5.

269 2032 291 2048 c.
312 2023 353 2048 34.
374 2021 406 2047 dc
424 2020 536 2047 navicul.
573 2020 653 2047 Locis
673 2022 737 2053 suis.
757 2026 782 2048 et
802 2032 814 2048 a
828 2031 890 2048 suae
903 2021 1057 2048 dioeceseos
1070 2031 1113 2058 sy-

269 2064 357 2095 nodis.
377 2063 522 2090 audiantur.
542 2064 581 2091 lb.
599 2064 670 2091 XVI.
689 2066 715 2090 2.
734 2074 755 2090 c.
774 2066 816 2091 23.
837 2064 870 2091 de
884 2066 964 2101 episc.
980 2064 1043 2091 eccl.
1066 2064 1112 2091 01-

270 2107 359 2134 ficium
374 2106 529 2133 dioeceseos
543 2108 664 2139 Asianae,
685 2108 758 2133 euius
773 2106 833 2133 VIII
855 2109 1049 2144 provinciarum
1063 2118 1113 2134 am-

270 2150 342 2176 bitus
362 2154 410 2176 etc.
447 2149 484 2176 lb.
504 2149 522 2176 I.
539 2152 578 2176 15.
600 2160 622 2176 c.
638 2151 678 2176 13.
699 2149 803 2182 (Wclc.)
823 2150 977 2177 Provinciae
991 2150 1113 2177 Thracia-

271 2202 329 2219 rum
348 2208 379 2212 —
400 2202 446 2229 per
465 2192 614 2229 Aegyptum
635 2197 660 2219 et
674 2193 794 2219 Orientis
813 2199 911 2230 partes,
930 2209 963 2213 -
982 2203 1030 2231 per
1040 2193 1114 2220 Asia-

271 2245 330 2262 nam
356 2240 382 2260 et
406 2235 539 2261 Ponticam
563 2235 705 2262 dioecesin.
748 2235 785 2262 lb.
805 2235 860 2262 VII.
880 2238 904 2262 6.
925 2246 946 2262 c.
965 2237 990 2262 3.
1014 2235 1047 2262 de
1070 2236 1115 2262 mi-

272 2278 312 2305 lit.
340 2282 422 2304 veste.

273 2321 295 2356 §-
315 2323 374 2347 205.

308 2364 519 2391 llioecetes.
549 2365 704 2395 Curatur.
725 2367 951 2400 Praepositus.
979 2365 1022 2392 III.
1048 2366 1114 2393 Cn.

274 2406 481 2441 Archigerontes
502 2410 527 2431 et
546 2406 679 2433 ‹lioccetae
703 2409 926 2444 ergasiotanorum
945 2418 1053 2435 numero
1073 2407 1115 2434 de-

276 2450 396 2485 ligantur.
416 2448 466 2475 Th.
486 2448 517 2474 C.
537 2448 608 2475 XIV.
627 2452 669 2476 27.
689 2461 710 2476 c.
732 2453 754 2477 l.
775 2450 807 2477 de
817 2451 894 2478 Alex.
914 2451 984 2488 pleb.
1000 2452 1103 2488 primat.

311 2493 526 2519 ”iustorum
564 2493 814 2520 [hereticorum
835 2501 941 2521 sectae
958 2497 1115 2521 conditor.

464 2277 506 2303 Ad
534 2278 650 2305 urbicam
678 2278 813 2306 dioecesin
842 2280 987 2316 pertinens.
1029 2278 1113 2305 Vatic.

279 2534 319 2560 III.
340 2536 405 2562 Cn.
425 2533 567 2571 Aeopbali.
588 2535 632 2570 qui
653 2535 776 2562 Dioscori
797 2542 821 2563 et
840 2536 933 2563 Severi
951 2537 1117 2573 superstitio·
1137 2549 1138 2559 κ

279 2586 336 2603 nem
356 2578 440 2603 scruti
459 2582 527 2603 sunt.
565 2576 657 2603 Iuliani
677 2588 717 2614 ep.
738 2588 797 2605 nov.
818 2589 839 2605 c.
860 2582 916 2606 102.
936 2580 958 2614 ξ.
977 2581 1037 2606 364.

314 2620 498 2653 Diphilus.
537 2621 654 2647 Nomen
673 2623 766 2646 servi.
803 2621 845 2648 llI.
865 2624 931 2650 Cn.
968 2622 1022 2658 Qui
1041 2631 1117 2658 nego·
1137 2620 1139 2655 j
1161 2621 1273 2655 (actio.)
1297 2620 1409 2647 Rectum
1428 2619 1596 2653 (iudicium.)
1620 2620 1652 2646 t'r.
1672 2621 1713 2647 17.
1736 2620 1758 2654 §.
1779 2622 1802 2647 l.
1822 2620 1852 2647 sr.
1873 2621 1912 2647 18.
1931 2621 1952 2654 §.
1972 2622 1995 2647 4.

282 2661 413 2688 tiationvm
437 2673 484 2699 per
507 2662 672 2700 Pamphilum
696 2667 721 2688 et
744 2662 896 2699 Diphilum,
925 2665 998 2702 prius
1025 2674 1118 2691 servos
1137 2659 1139 2674 ⁴

280 2708 372 2739 postea
392 2704 510 2737 libertos,
531 2706 678 2732 exercebat.
692 2705 722 2732 fr.
737 2708 777 2732 523.
797 2716 836 2743 pr.
856 2706 889 2733 de
907 2707 974 2733 adm.
994 2711 1020 2734 ct
1037 2708 1118 2744 peric.

280 2746 322 2771 26.
344 2747 367 2772 7.
388 2746 420 2772 cs.
440 2747 469 2773 fr.
489 2750 531 2775 56.
551 2748 584 2775 de
602 2748 688 2775 fideic.
709 2748 773 2775 libb.
793 2750 834 2775 40.
853 2751 877 2775 5.

317 2788 504 2821 niploma‚
525 2801 549 2817 v.
568 2792 769 2824 Duploma.
800 2793 954 2818 Litterae
971 2799 1119 2826 patentes

282 2833 441 2868 publicae.
473 2832 512 2858 III,
525 2834 591 2860 Cn.
611 2835 665 2869 Qui
685 2844 713 2860 sc
733 2843 781 2871 pro
799 2833 882 2861 milite
902 2836 991 2870 gessit.
1011 2835 1051 2862 vel
1072 2835 1120 2862 illi·
1139 2829 1141 2839 Ι

999 175 1078 206 DIN
1104 192 1141 198 —
1166 174 1251 206 DIR.

1144 257 1204 284 citis
1224 256 1373 293 insignibus
1391 266 1456 284 usus
1475 262 1528 290 est,
1553 256 1596 284 vel
1620 257 1687 284 salso
1711 257 1854 295 diplomate
1878 259 1922 293 [al.
1943 259 1988 286 du-

1143 300 1270 337 plomate]
1290 300 1347 326 vias
1367 301 1530 328 commeavit.
1555 300 1585 327 fr.
1604 302 1647 327 27.
1667 300 1689 334 §.
1708 302 1733 327 2.
1753 300 1786 328 de
1803 301 1834 328 L.
1854 301 1935 329 Corn.
1955 302 1988 329 dc

1144 342 1201 370 sals.
1222 344 1263 369 48.
1284 345 1325 369 10.
1345 342 1377 370 cf.
1398 343 1428 370 fr.
1450 345 1506 370 137.
1526 343 1549 377 §.
1568 346 1592 370 2.
1613 343 1647 370 de
1666 342 1697 370 V.
1718 344 1752 370 0.
1771 345 1813 370 45.
1834 346 1857 371 l.

1178 386 1379 419 luptychn.
1425 387 1566 414 Tabulae
1593 389 1753 413 eburneae
1783 388 1988 421 picturatae,

1143 431 1270 456 ‚reniali
1294 431 1362 456 1000
1385 430 1593 457 exhibendae.
1630 428 1674 456 111.
1694 431 1761 457 Gn.
1799 428 1848 462 Vt,
1868 432 1987 468 exceptis

1144 471 1309 499 Consulibus
1329 471 1480 501 ordinariis.
1501 472 1566 499 nulli
1585 483 1696 510 prorsus
1710 472 1785 499 alteri
1799 483 1902 499 auream
1915 483 1988 510 spor-

1144 515 1234 547 tulam,
1253 514 1360 553 diptyca
1379 526 1412 542 ex
1431 514 1511 542 ebore
1529 515 1608 542 dandi
1626 515 1736 542 facultas
1750 516 1793 542 sit.
1814 514 1864 542 Th.
1881 515 1912 543 C.
1929 515 1988 543 XV.

1144 561 1168 586 9.
1189 569 1210 585 c.
1233 560 1256 584 1.
1277 568 1316 595 pr.
1337 558 1369 585 de
1389 568 1497 595 expenS.
1517 558 1602 585 ludor.

1182 601 1309 628 Dirae.
1346 603 1616 635 Imprecatioues.
1653 601 1697 628 III.
1720 603 1787 630 Gn.
1824 601 1878 637 Qui
1903 602 1990 628 noxiis

1146 645 1263 680 quaesita
1282 644 1456 680 graminibus,
1477 648 1502 670 et
1521 643 1586 670 diris
1605 645 1799 671 immurmurata
1818 645 1938 676 secretis,
1958 660 1990 664 —

1145 697 1245 713 venena
1265 688 1422 724 composuit.
1460 687 1497 713 Ib.
1517 686 1562 713 IX.
1582 688 1624 714 38.
1644 698 1665 714 c.
1685 690 1709 714 6.
1730 687 1763 714 de
1781 687 1881 724 indulg.
1901 688 1973 714 crim.

1181 730 1432 758 nin-cetarius.
1463 730 1591 763 (Subst.)
1623 732 1746 758 Furnm
1770 732 1990 758 clandestino—

1146 783 1228 805 rum,
1253 775 1384 800 interna
1408 775 1653 809 aedificiorum
1675 775 1912 808 expilaueium,
1937 783 1991 808 ge-

1147 826 1214 843 nus.
1250 815 1268 842 1.
1289 817 1351 850 Sy.
1389 816 1443 851 Qui
1463 816 1490 842 in
1509 815 1592 842 aliena
1612 816 1752 843 coenacula
1772 827 1800 843 se
1820 816 1936 852 dirigunt
1954 815 1992 842 su-

1148 858 1223 886 randi
1241 860 1335 886 animo.
1372 859 1515 886 Directarii
1535 858 1578 892 [al.
1598 859 1767 893 Derectarii.]
1787 859 1818 886 fr.
1834 861 1856 886 7.
1877 858 1910 886 de
1925 863 1991 886 extr.

1149 903 1221 929 crim.
1241 904 1283 929 47.
1305 904 1345 928 11.
1366 901 1397 929 fr.
1418 904 1440 929 1.
1461 902 1483 936 ξ.
1502 903 1526 928 2.
1546 901 1579 928 de
1598 902 1728 928 effractor.
1747 903 1789 928 47.
1806 903 1845 929 18.
1867 901 1910 928 ΙΠ.
1925 903 1992 930 Gn.

1150 945 1234 972 Cuius
1253 945 1347 972 domus
1367 945 1491 972 introitur
1510 945 1541 971 ab
1562 944 1612 976 his,
1632 946 1677 982 qui
1696 944 1775 981 vulgo
1795 944 1928 972 directarii
1947 944 1991 978 [al.

1149 988 1299 1022 derectarii]
1320 988 1495 1026 adpellantur.
1532 987 1604 1014 Paul.
1624 987 1655 1014 V.
1676 991 1692 1014 5
1711 988 1743 1015 A.
1762 989 1785 1022 §.
1805 990 1829 1014 8.

1184 1032 1355 1063 Bit-ecte,
1377 1041 1398 1058 s.
1417 1031 1587 1058 Dirc-eto.
1607 1031 1721 1064 (Advb.)
1751 1031 1782 1064 §.
1802 1032 1837 1058 1.
1863 1033 1992 1058 Stricta

1149 1077 1294 1107 ratione,
1319 1077 1489 1102 exsulante
1515 1077 1649 1101 auxilio
1674 1076 1818 1101 alteriue
1841 1076 1993 1102 actionis.

1150 1117 1180 1143 II.
1194 1119 1262 1151 Op.
1281 1117 1392 1144 Directo
1413 1127 1471 1143 cum
1485 1118 1545 1154 ipso
1562 1117 1638 1144 filios.
1652 1133 1684 1137 -
1698 1117 1739 1144 De.
1758 1116 1864 1154 peculio
1883 1117 1994 1153 (agere.)

1150 1160 1181 1187 sr.
1205 1162 1229 1187 3.
1262 1161 1285 1195 §.
1308 1162 1334 1187 4.
1363 1160 1492 1187 commod.
1519 1161 1559 1187 13.
1585 1162 1609 1187 6.
1663 1160 1788 1192 Dircen),
1808 1176 1841 1180 -—
1859 1159 1995 1187 Praetoria

1151 1205 1279 1237 (actione)
1304 1214 1388 1240 agere.
1414 1204 1445 1230 fr.
1464 1205 1507 1230 26.
1532 1204 1553 1237 §.
1573 1206 1597 1230 2.
1621 1203 1654 1230 de
1678 1213 1739 1230 nox.
1763 1207 1812 1230 act.
1829 1204 1856 1230 9.
1875 1205 1900 1229 4.
1936 1203 1994 1230 Dir.

1150 1247 1296 1279 intendere,
1316 1263 1348 1267 —
1368 1246 1449 1274 Vtilis
1469 1247 1546 1273 actio.
1567 1246 1624 1273 Gai.
1644 1246 1688 1273 IV.
1708 1248 1750 1272 38.
1787 1245 1832 1272 111.
1850 1247 1917 1274 Gn.
1948 1246 1995 1272 Di-

1150 1295 1224 1317 recto
1249 1290 1355 1327 quidem
1379 1300 1432 1316 non
1457 1289 1619 1317 convalescit
1644 1290 1694 1323 (sc.
1714 1289 1831 1326 pignus)
1855 1288 1903 1315 sed
1921 1288 1995 1315 utilis

1150 1334 1319 1371 pignoratitia
1343 1334 1411 1359 actio
1435 1333 1541 1360 dabitur
1565 1332 1699 1360 creditori.
1723 1332 1753 1358 fr.
1773 1334 1816 1358 22.
1841 1331 1874 1358 de
1892 1333 1994 1369 pignor.

1150 1378 1192 1403 20.
1214 1378 1236 1402 1.
1273 1376 1331 1403 Dir.
1350 1377 1410 1413 ipse
1428 1381 1546 1408 tenetur,
1572 1381 1598 1402 et
1621 1376 1798 1411 exstinguitur
1821 1384 1906 1402 noxae
1924 1374 1996 1401 dedi-

1151 1420 1197 1446 tio.
1217 1419 1239 1453 §.
1259 1420 1283 1446 5.
1302 1418 1321 1445 I.
1342 1418 1375 1445 de
1394 1429 1455 1446 nox.
1475 1424 1524 1446 act.
1543 1421 1568 1446 4.
1588 1420 1612 1446 8.
1633 1435 1666 1439 -
1687 1419 1718 1452 §0
1739 1419 1775 1445 2.
1798 1420 1896 1445 Recto
1915 1419 1996 1451 iure,

1153 1473 1249 1497 neque
1268 1464 1508 1490 interveniente
1525 1463 1680 1489 extranei
1698 1471 1846 1496 persona.
1891 1460 1910 1487 I.
1932 1462 1996 1496 Sy.

1152 1504 1211 1531 Iure
1230 1504 1341 1537 directo.
1360 1515 1381 1531 s.
1401 1510 1482 1532 recto.
1529 1505 1640 1532 Directo
1659 1505 1698 1542 (p.
1717 1504 1767 1537 se.)
1787 1503 1844 1530 Gai.
1864 1503 1883 1530 I.
1902 1506 1944 1530 24.
1963 1504 1995 1531 11.

1151 1549 1211 1574 248.
1230 1549 1290 1574 267.
1309 1550 1369 1574 275.
1394 1558 1416 1575 e.
1436 1550 1459 1575 9.
1485 1558 1506 1575 c.
1527 1550 1567 1575 11.
1594 1548 1627 1575 de
1650 1552 1752 1574 testam.
1777 1557 1845 1574 man.
1865 1548 1889 1573 7.
1908 1549 1933 1573 2.
1964 1546 1994 1573 II.

1154 1592 1221 1625 Op.
1250 1590 1301 1617 Per
1319 1590 1562 1618 fideicommissum.
1583 1591 1640 1618 Gai.
1655 1590 1673 1617 I.
1692 1592 1734 1617 ⁶24.
1754 1589 1784 1616 Il.
1803 1591 1862 1617 266.
1876 1600 1916 1627 sq.
1935 1592 1996 1617 272.

1153 1635 1212 1660 275.
1232 1635 1292 1660 289.
1329 1633 1391 1671 le.
1410 1633 1442 1660 II.
1462 1636 1485 1660 7.
1505 1644 1545 1671 sq.
1582 1634 1626 1661 111.
1652 1635 1719 1662 Cn.
1747 1632 1783 1659 Vt
1802 1633 1867 1660 nibil
1885 1633 1996 1666 directo,

1154 1676 1309 1703 hereditatis
1329 1676 1508 1713 legatorumve
1531 1678 1650 1705 nomine.
1675 1686 1720 1703 eos
1743 1686 1824 1713 posse
1848 1686 1941 1713 capere
1959 1676 1997 1703 di-

1154 1729 1250 1746 camus.
1271 1719 1328 1746 Gai.
1348 1719 1366 1746 l.
1386 1722 1427 1747 24.
1457 1720 1566 1746 Directo
1586 1719 1664 1746 heres
1682 1720 1794 1746 institui.
1830 1718 1892 1757 le.
1910 1719 1996 1747 XXV.

1154 1764 1194 1788 11.
1232 1762 1287 1798 Qui
1306 1761 1407 1789 directo
1431 1767 1589 1789 testamento
1612 1762 1680 1789 liber
1703 1772 1764 1789 esse
1786 1762 1901 1790 iubetur.
1937 1763 1996 1791 Gai.

1153 1804 1184 1831 II.
1203 1806 1263 1832 267.
1302 1804 1364 1842 le.
1384 1805 1414 1832 II.
1436 1807 1460 1833 7.
1479 1816 1519 1843 sq.

1187 1848 1458 1876 Directorium.
1505 1851 1573 1876 Iter
1601 1850 1799 1876 devectionis
1828 1852 1996 1883 praescri-

1152 1897 1252 1926 ptum.
1272 1891 1314 1917 III.
1330 1893 1396 1919 Cu.
1415 1891 1516 1918 Vrbani
1530 1901 1594 1918 usus
1606 1891 1736 1918 frumenta
1756 1907 1788 1911 —-
1807 1892 1949 1928 adtingere,
1963 1907 1995 1911 —-

1154 1939 1198 1961 aut
1215 1935 1323 1961 mutatis
1343 1933 1494 1962 directoriis
1514 1944 1654 1971 quoquam,
1673 1939 1778 1972 praeter
1797 1934 1825 1961 S.
1845 1934 1944 1966 urbem,
1963 1950 1995 1953 —

1155 1978 1342 2004 transmittere.
1363 1976 1413 2004 Th.
1434 1977 1466 2004 C.
1479 1977 1551 2004 XIV.
1573 1980 1612 2004 15.
1633 1988 1655 2005 c.
1673 1980 1698 2004 3.
1718 1978 1740 2012 §.
1756 1979 1778 2004 l.
1798 1977 1831 2004 de
1849 1987 1904 2003 can.
1920 1976 1995 2004 frum.

1155 2019 1212 2046 urb.
1231 2019 1307 2046 Rom.

1189 2063 1379 2090 nirectus.
1398 2062 1520 2096 (Partic.)
1552 2063 1584 2096 δ.
1604 2063 1638 2089 1.
1664 2063 1845 2095 Deductus,
1865 2064 1996 2097 Compo—

1156 2107 1246 2132 sitns.
1283 2104 1327 2131 III.
1349 2106 1415 2133 Cn.
1452 2104 1550 2132 Sulcos
1574 2106 1629 2141 agri
1656 2104 1761 2132 colendi
1785 2115 1863 2132 causa
1881 2105 1997 2133 directos

1157 2149 1200 2180 ita,
1220 2153 1249 2174 ut
1268 2153 1317 2175 etc.
1336 2147 1367 2174 fr.
1388 2150 1411 2174 l.
1430 2148 1453 2182 §.
1472 2149 1496 2174 5.
1517 2147 1550 2175 de
1569 2158 1635 2184 aqua
1654 2153 1681 2174 et
1699 2158 1757 2185 aqu.
1777 2147 1813 2185 pl.
1832 2150 1874 2175 39.
1893 2150 1918 2175 3.
1951 2148 1998 2176 Se-

1158 2191 1270 2218 cundum
1284 2192 1379 2228 pignus
1392 2190 1425 2217 ad
1438 2201 1493 2217 eam
1507 2196 1608 2228 partem
1621 2190 1748 2218 directum
1761 2191 1909 2223 videbatur,
1920 2201 1997 2228 quam

1158 2239 1206 2261 etc.
1226 2234 1257 2261 sr.
1275 2236 1300 2261 3.
1319 2235 1341 2269 §.
1361 2236 1385 2261 2.
1424 2235 1479 2270 Qui
1499 2235 1595 2272 potior.
1614 2236 1656 2261 20.
1669 2236 1693 2260 4.
1731 2234 1812 2269 Quod
1831 2234 1863 2260 ad
1882 2236 1998 2272 speeiem

1158 2277 1286 2304 directum
1305 2283 1353 2304 cst.
1373 2277 1404 2304 fr.
1423 2280 1465 2305 80.
1485 2277 1518 2304 de
1536 2277 1568 2304 R.
1588 2276 1606 2303 1.
1627 2278 1668 2303 50.
1684 2278 1723 2303 17.
1736 2277 1809 2310 —§.
1829 2279 1864 2304 2.
1885 2279 1997 2306 Desti-

1158 2328 1268 2353 natus,
1289 2322 1493 2348 Comminus.
1522 2319 1565 2346 III.
1580 2321 1645 2347 Cn.
1666 2319 1832 2346 Dircctarum
1850 2330 1937 2348 rerum
1955 2332 1997 2348 cu·

1159 2364 1258 2396 stodes,
1279 2363 1321 2391 vel
1339 2368 1535 2401 prosecutores.
1573 2361 1623 2389 Tb.
1643 2362 1674 2389 C.
1695 2362 1762 2389 VIII.
1782 2365 1806 2389 5.
1829 2373 1850 2390 c.
1872 2365 1911 2390 18.
1931 2365 1953 2398 ξ.
1974 2367 1995 2391 l.

1159 2407 1191 2434 de
1211 2417 1290 2434 cursu
1309 2407 1371 2444 pub.
1408 2407 1509 2433 Directi
1533 2405 1595 2432 libri
1618 2409 1644 2431 et
1663 2405 1815 2443 subscripti.
1848 2406 1997 2434 Commoni-

1136 2472 1138 2479 .
1160 2455 1208 2477 tor.
1228 2450 1345 2477 Breviar.
1364 2449 1461 2476 Alaric.
1488 2448 1520 2475 cf.
1540 2447 1608 2475 Νον-
1629 2449 1685 2474 114.
1707 2459 1728 2475 c.
1750 2451 1771 2475 l.
1809 2448 1864 2482 (Cf.
1883 2460 1907 2476 v.
1927 2450 1996 2477 Diri-

1159 2503 1174 2513 σ
1213 2504 1219 2511 =
1289 2495 1312 2519 2.

1159 2493 1384 2563 ξ,Θιὶίιὶιίἓζθοέιιεὴ
1409 2533 1550 2567 (Adiect.)
1582 2534 1612 2567 ξ.
1632 2535 1666 2561 l.
1697 2536 1795 2561 Recta
1815 2537 1869 2562 via
1885 2545 1995 2569 proce-

1160 2581 1246 2611 dens,
1279 2579 1492 2605 Ordinarins.
1535 2576 1553 2603 I.
1585 2579 1647 2612 Sy.
1689 2576 1859 2614 Principalis,
1889 2577 1997 2604 Directa

1161 2663 1288 2690 commod.
1310 2664 1349 2689 13.
1369 2664 1393 2689 6.
1414 2673 1435 2690 c.
1454 2665 1496 2690 24.
1517 2663 1549 2690 de
1568 2663 1599 2690 R.
1620 2662 1652 2690 V.
1671 2664 1695 2689 3.
1714 2664 1756 2689 32.
1793 2662 1824 2689 II.
1848 2665 1914 2697 01).
1950 2663 1998 2690 Di-

1161 2711 1240 2738 recta,
1260 2722 1293 2725 —
1313 2705 1452 2733 Contraria
1472 2706 1574 2739 (actio.)
1593 2706 1624 2733 fr.
1645 2708 1685 2732 17.
1704 2706 1726 2739 §.
1742 2707 1764 2732 l.
1783 2704 1814 2732 sr.
1835 2707 1874 2731 18.
1893 2705 1916 2739 §.
1935 2707 1959 2732 4.
1979 2706 1995 2733 l.

1165 2751 1204 2775 13.
1224 2750 1248 2775 6.
1285 2748 1402 2780 Ditem,
1422 2764 1454 2768 —
1473 2748 1655 2781 Restitutoria,
1675 2759 1699 2775 v.
1719 2748 1882 2775 Rescissoria
1901 2748 1997 2781 (vindi-

1162 2792 1238 2820 catio.
1258 2801 1282 2817 v.
1303 2792 1392 2825 actio.)
1417 2802 1438 2818 c.
1457 2793 1499 2818 24.
1518 2791 1536 2818 l.
1554 2793 1579 2819 3.
1598 2793 1640 2818 32.
1660 2791 1691 2818 fr.
1709 2793 1733 2819 8.
1752 2791 1790 2825 ἓξ.
1810 2792 1833 2817 7.
1851 2791 1876 2817 9.
1896 2792 1935 2817 12.
1956 2801 1995 2828 sq.

1162 2834 1194 2861 ad
1218 2834 1245 2861 S.
1271 2834 1301 2861 C.
1328 2834 1421 2861 Vellei.
1446 2836 1484 2861 16.
1512 2837 1533 2861 l.
1570 2833 1613 2861 III.
1633 2835 1699 2863 Gn..
1722 2833 1802 2860 Linea
1824 2833 1851 2860 in
1869 2832 1997 2861 directum

1915 2883 1998 2905 trans-
