2197 3121
289 169 351 199 444

290 250 323 277 de
341 259 454 287 praescr.
474 259 515 276 vV.
537 251 576 276 19.
596 251 620 275 5.
656 249 785 276 Daturum
804 259 834 276 se
853 249 965 286 aliquid,
984 248 1028 276 vel
1046 248 1126 276 sactu·
1147 277 1149 291 r

289 303 359 325 rum,
385 292 456 329 quod
479 302 531 318 non
556 292 703 329 improbum
727 298 774 319 est.
801 292 832 319 fr.
855 293 879 319 8.
903 293 925 326 5.
949 293 973 318 6.
999 291 1031 319 de
1050 292 1126 319 cond.

289 337 351 363 inst.
370 338 411 362 25.
432 337 455 361 7.
493 335 581 371 Quare
600 351 632 354 —
652 340 704 362 tam
728 336 846 373 improba
866 336 1002 373 possessio
1022 341 1048 362 et
1066 345 1127 362 usu·
1147 342 1148 345 ’

291 380 364 416 capio
390 388 515 405 concessa
539 379 585 410 sit,
610 377 654 404 illa
678 380 744 405 ratio
769 383 815 405 est.
839 378 895 405 Gai.
915 378 945 405 11.
965 380 1006 405 55.
1044 378 1126 406 Suum

289 422 421 456 negotium
441 421 571 449 deserere.
590 421 684 448 nolens
703 423 730 448 in
749 421 795 449 lite
814 422 932 459 improba
947 431 1126 459 perseverare,

289 474 366 500 quam
386 464 528 491 calumniae
547 474 623 491 causa
642 466 800 492 instituerat.
821 465 850 492 fr.
866 466 906 491 10.
926 464 959 491 (18
972 475 1001 491 re
1019 464 1071 492 iud.
1083 466 1124 492 42.

289 509 311 534 l.
332 507 363 534 cf.
384 507 413 533 fr.
436 508 457 533 l.
477 508 498 540 5.
519 509 559 534 10.
585 507 618 534 ad
637 507 664 534 S.
685 507 716 535 C.
736 507 816 546 Turp.
836 508 878 534 48.
900 509 940 534 16.
976 507 1126 545 Improbum

288 550 381 577 foenus
400 560 530 577 exercere.
551 560 572 577 c.
592 552 634 577 20.
654 561 687 578 ex
706 561 748 588 qu.
769 562 790 578 c.
810 550 896 577 infam.
916 552 940 577 2.
958 552 997 578 12.
1033 550 1127 578 Postu-

287 592 342 620 lare
360 593 480 630 improbo
500 593 641 620 desiderio.
662 605 683 621 c.
702 596 744 621 27.
764 594 796 620 de
816 598 939 620 transact.
958 595 983 620 2.
997 595 1021 621 6.
1042 610 1074 614 -
1093 595 1125 628 §.

287 637 323 662 Β.
344 637 480 669 Impius,
501 637 702 663 Malitiosns.
722 637 740 663 1.
760 638 822 672 Sy.
842 636 1007 664 Scelerosus.
1028 636 1078 664 Th.
1093 637 1126 664 C.

286 678 306 704 I.
324 680 366 704 20.
386 688 407 705 c.
426 680 451 705 2.
471 688 511 715 sq.
531 678 636 712 (wok.)
660 679 693 706 de
716 679 815 707 defens.
841 681 890 707 civ.
925 679 968 707 III.
994 681 1060 708 Gn.
1079 679 1127 706 Im-

286 721 395 758 probus,
415 721 627 758 intestabilisque
654 724 725 749 esto!
749 722 791 750 Fr.
816 723 846 750 L.
870 723 928 750 XII.
954 722 1038 750 Tabb.
1058 721 1125 749 VIII.

285 766 328 791 22.
364 764 515 802 Improbum
533 764 709 802 petulansque
727 765 902 793 maledictum.
922 766 971 793 Th.
992 765 1023 793 C.
1042 766 1087 793 ΙΧ.
1101 767 1124 793 4.

287 818 308 834 c.
329 809 352 834 l.
372 809 395 834 si
415 818 457 844 qu.
478 807 541 845 Imp.
560 807 655 835 maled.
676 808 706 835 cf.
722 808 766 835 ΙΧ.
780 809 804 835 6.
825 819 846 835 c.
860 810 884 836 4.
904 819 937 836 ne
955 814 1037 847 praet.
1053 810 1124 836 crim.

286 850 316 877 Si
335 851 395 887 quis
413 867 447 870 —
466 851 614 888 improbum
637 851 749 878 iudicem
772 853 890 889 potuerit
913 852 1068 890 adprobare.
1087 852 1124 879 lb.

284 893 330 920 IX.
349 895 391 920 27.
412 904 433 920 c.
453 895 476 920 6.
497 893 529 920 ad
546 893 576 921 L.
596 893 643 921 Iul.
669 899 750 932 repet.
776 895 829 931 Qui
848 896 875 922 vi
895 896 995 933 rapuit,
1019 895 1062 922 fur
1080 897 1126 922 im-

284 936 396 974 probior
415 947 473 963 esse
491 936 604 963 videtur.
628 936 659 964 fr.
680 939 721 964 14.
745 937 767 971 5.
793 939 832 964 12.
857 938 909 974 Qu.
934 943 994 965 met.
1015 949 1037 965 c.
1056 940 1080 965 4.
1099 941 1123 965 2.

283 979 315 1006 fr.
335 982 359 1006 2.
383 980 404 1013 5.
425 982 464 1006 10.
484 981 510 1007 vi
530 980 622 1007 bonor.
647 985 713 1017 rapt.
732 982 774 1007 47.
793 981 818 1007 8.
843 980 900 1008 Gai.
919 980 962 1008 III.
981 984 1041 1008 209.
1078 981 1125 1008 Fe-

283 1024 353 1049 mina
370 1022 573 1060 improbissima,
593 1034 659 1060 quae
677 1023 853 1050 inverecunde
871 1024 1010 1061 postulans
1030 1029 1079 1051 etc.
1093 1024 1123 1051 fr.

284 1067 307 1092 l.
332 1066 353 1100 5.
378 1068 402 1092 5.
427 1065 460 1092 de
482 1066 581 1103 postul.
605 1068 630 1094 3.
657 1069 680 1093 1.
723 1065 790 1093 Puto
809 1067 958 1104 improbum
977 1077 1037 1094 esse
1056 1077 1123 1100 eum,

283 1110 328 1146 qui
346 1108 411 1135 velit
430 1114 478 1136 etc.
498 1109 529 1136 fr.
548 1111 590 1136 51.
610 1110 632 1144 5.
653 1111 676 1136 l.
696 1109 729 1136 de
747 1120 775 1136 re
793 1109 846 1137 iud.
867 1112 907 1137 42.
928 1113 953 1138 l.
973 1110 1004 1137 fr.
1017 1112 1042 1137 2.
1061 1110 1083 1145 5.
1098 1112 1121 1137 2.

283 1151 316 1178 de
334 1151 404 1188 vulg.
424 1157 449 1178 et
467 1162 532 1190 pup.
551 1154 594 1179 28.
614 1154 638 1179 6.

319 1196 584 1229 Improsessus.
617 1195 746 1229 (Adiect.)
781 1198 875 1229 Quem
892 1198 1046 1232 professi
1063 1207 1122 1223 71071

283 1248 395 1265 sumus.
432 1237 451 1264 1.
471 1239 534 1273 Sy.
553 1237 683 1276 mancipia
706 1239 809 1265 invecta
832 1250 885 1266 non
908 1240 1037 1277 profiteri.
1074 1239 1122 1266 Im-

281 1281 397 1318 proi'essi
416 1282 492 1307 servi.
514 1281 543 1308 fr.
565 1282 604 1308 16.
624 1282 705 1315 55.1.
725 1284 749 1308 3.
770 1281 803 1308 de
822 1282 953 1320 publican.
972 1284 1015 1310 39.
1034 1284 1058 1309 4.

316 1325 543 1357 llnproprie·
581 1324 702 1357 (Advb.)
741 1326 851 1352 Minus
871 1327 1006 1359 stricte,
1031 1336 1051 1353 s.
1070 1337 1121 1353 ac-

281 1373 401 1394 curate.
438 1366 468 1393 ll.
494 1369 561 1402 Op.
580 1367 690 1404 Proprie
709 1367 794 1401 (dici.)
814 1368 844 1395 fr.
866 1370 888 1396 1,
908 1379 947 1406 pr.
968 1369 1001 1396 de
1019 1370 1076 1396 suis
1096 1374 1121 1396 et
1143 1392 1144 1395 ,

281 1409 352 1446 legit.
371 1411 413 1436 38.
435 1411 473 1436 16.
493 1410 523 1437 fr.
544 1412 602 1437 130.
626 1410 658 1437 de
677 1409 708 1437 V.
729 1410 756 1438 S.
777 1413 818 1438 50.
839 1413 879 1438 16.

318 1454 630 1486 nuptm-mentia.
667 1455 812 1481 Ine-uria.
850 1454 881 1481 II.
905 1456 973 1489 01).
1001 1454 1120 1482 Circum-

281 1497 382 1533 spectio
402 1495 522 1532 diligens.
542 1495 626 1523 Vatic.
646 1497 668 1530 5.
688 1498 730 1523 35.

316 1539 568 1572 Improvidus.
606 1539 744 1573 (Adiect.)
781 1542 948 1568 Incazctus.
983 1541 1027 1569 111.
1053 1543 1119 1570 Gn..

279 1581 361 1608 Error
379 1581 555 1618 improvidus,
579 1582 622 1609 vel
646 1583 759 1619 simplex
783 1584 940 1619 ignorantia.
964 1584 1007 1611 vel
1028 1586 1119 1611 aetatis
1140 1603 1142 1617 ,

259 1658 262 1660 ¹
280 1625 397 1651 infirmae
420 1624 520 1662 lapsuS.
553 1624 603 1651 Th.
628 1624 659 1652 C.
679 1625 723 1652 IV.
743 1627 766 1652 9.
788 1636 809 1652 c.
829 1628 853 1652 3.
873 1626 905 1653 ad
924 1626 951 1654 S.
972 1627 1003 1654 C.
1024 1627 1118 1654 Claud.
1140 1640 1142 1654 ¹.

278 1667 428 1705 Improvida
452 1672 478 1693 et
500 1668 585 1694 minus
610 1668 720 1695 honesta
744 1668 883 1703 (electio.)
908 1680 929 1696 c.
953 1672 995 1697 23.
1020 1681 1061 1708 pr.
1086 1670 1118 1698 de

279 1716 352 1748 nupt.
372 1713 396 1737 5.
416 1712 439 1737 4.

314 1754 538 1788 Improvise.
575 1754 695 1788 (Advb.)
731 1757 871 1782 Praeter
893 1759 1118 1790 exspectatio-

278 1808 349 1824 nem.
369 1797 411 1824 III.
426 1799 491 1825 Gn.
504 1797 625 1834 Repente
643 1802 722 1834 atque
740 1799 883 1835 improvise
903 1798 1050 1834 (convehi.)
1066 1799 1116 1827 Th.

279 1840 310 1867 C.
329 1840 374 1867 Xl.
395 1842 416 1866 l.
438 1850 458 1867 c.
478 1842 502 1867 9.
522 1840 555 1867 de
573 1851 668 1867 annon.
689 1845 715 1867 et
733 1841 823 1868 tribut.

313 1884 559 1916 Improvisus.
597 1883 726 1917 (Adiect.)
764 1886 834 1911 Nou
851 1887 1022 1919 provisus,
1042 1887 1117 1913 Iuo-

275 1928 422 1961 pinatus.
460 1926 490 1953 11.
511 1928 578 1960 011.
610 1927 685 1962 Quae
708 1938 721 1953 c
740 1926 797 1963 lege
816 1927 891 1960 fiunt,
910 1944 943 1947 —
961 1928 1003 1955 Ex
1022 1929 1117 1966 impro-

276 1971 335 1996 viso
355 1969 467 1996 indictae
485 1969 689 2002 (collationes.)
716 1969 746 1996 I'r.
765 1971 789 1996 8.
814 1970 836 2003 5.
856 1972 880 1997 3.
901 1970 934 1997 de
952 1981 1007 1998 vac.
1029 1977 1055 1998 et
1075 1982 1117 1999 ex-

278 2022 332 2039 cuS.
351 2014 392 2039 50.
412 2015 436 2038 5.
456 2011 498 2038 111.
525 2013 590 2039 Cn.
610 2011 763 2039 Necessaria
783 2013 901 2040 absentia
920 2019 946 2041 et
964 2015 1115 2052 improvisa.

277 2055 307 2082 fr.
327 2057 351 2083 6.
369 2055 420 2082 obi
444 2065 505 2092 pup.
529 2057 571 2081 27.
590 2057 614 2081 2.
652 2055 681 2081 Si
701 2066 733 2082 ex
752 2057 913 2093 improviso,
932 2057 994 2084 dum
1013 2058 1063 2084 iter
1082 2057 1116 2084 fa-

277 2100 321 2130 cit.
340 2113 372 2116 —
393 2099 509 2135 capiatur
529 2099 595 2135 quis.
615 2098 646 2125 fr.
666 2100 690 2124 5.
710 2098 731 2131 5.
751 2101 775 2125 5.
796 2099 827 2126 cs.
847 2099 878 2127 l'r.
897 2101 921 2126 3.
941 2100 962 2134 5.
978 2102 1018 2127 12.
1039 2100 1071 2127 de
1083 2100 1114 2127 R.

276 2140 310 2168 M.
339 2143 379 2167 49.
409 2143 449 2168 16.
495 2141 570 2177 Quae
594 2152 625 2168 ex
650 2142 794 2178 improviso
823 2153 885 2169 casu
908 2144 1011 2180 potins.
1038 2153 1115 2180 quam

276 2183 374 2215 fraude,
394 2185 522 2211 accidunt.
543 2184 613 2211 Colt.
633 2183 685 2211 LL.
705 2184 738 2211 Μ.
758 2184 776 2211 1.
796 2186 820 2212 9.
841 2185 872 2212 cf.
893 2185 924 2212 fr.
943 2187 985 2213 36.
1005 2186 1027 2220 5.
1042 2188 1066 2213 2.
1082 2186 1115 2213 (18

276 2226 351 2254 milit.
374 2232 474 2253 testam.
493 2230 535 2254 29.
557 2230 579 2254 l.

313 2272 551 2303 Imprudens.
589 2270 718 2303 (Adiect.)
756 2270 787 2304 ξ.
809 2271 843 2297 1.
866 2270 1050 2305 Imper'itus.
1070 2272 1113 2299 111.

276 2314 342 2341 Cn·
362 2313 459 2339 Errore
478 2313 614 2345 inducam,
634 2329 667 2333 —-
687 2318 712 2339 et
736 2313 889 2350 imprudens
912 2315 985 2340 iuris.
1010 2315 1076 2348 5.1.
1095 2315 1113 2341 I.

275 2356 308 2382 de
327 2357 352 2382 vi
371 2356 431 2382 bon.
451 2360 516 2391 rapt.
537 2357 560 2381 4.
579 2358 603 2382 2.
642 2356 722 2392 Quod
741 2356 895 2394 plerumque
914 2356 945 2383 ab
964 2357 1114 2394 impruden—

274 2399 346 2425 tibus
365 2398 417 2425 dici
436 2398 516 2429 solet,
537 2412 568 2415 —
589 2409 641 2425 non
665 2409 723 2425 esse
747 2409 845 2426 verum.
872 2399 902 2426 sr.
930 2401 970 2426 17.
995 2401 1016 2434 5.
1038 2403 1061 2427 4.
1081 2401 1113 2427 de

275 2441 360 2468 Aedil.
381 2441 458 2468 edict.
477 2443 519 2467 21.
540 2443 568 2467 l.
583 2457 614 2460 —
634 2443 712 2475 §.2.
734 2444 876 2474 Inscius,
896 2444 1049 2477 Ignarus.
1080 2443 1111 2469 11.

275 2486 342 2519 ΟΡ.
364 2484 481 2511 Prudens
501 2483 656 2521 (stipulari.)
676 2484 706 2510 fr.
725 2487 766 2511 66.
785 2485 807 2519 5.
828 2487 851 2511 4.
872 2485 921 2512 sol.
941 2487 1051 2512 matrim.
1070 2488 1111 2512 24.
1134 2484 1136 2519 ξ

273 2530 297 2554 3.
335 2527 377 2554 Ill.
399 2529 464 2555 Cn.
484 2526 638 2564 Imprudens
657 2537 711 2553 rem
730 2538 811 2555 meam
831 2529 925 2560 emisti,
945 2533 970 2554 et
989 2530 1112 2563 ignorans
1134 2540 1136 2550 ·

275 2572 427 2608 usur-episti.
447 2571 476 2597 fr.
499 2573 537 2597 19.
558 2570 579 2603 5.
599 2572 623 2596 3.
643 2569 675 2596 de
696 2568 726 2595 N.
747 2571 778 2596 G.
798 2573 822 2597 3.
843 2574 865 2597 5.
887 2571 918 2597 (rs.
939 2571 969 2597 fr.
989 2573 1029 2597 24.
1050 2572 1108 2605 5.1.
1134 2582 1135 2602 1

275 2614 305 2639 l'r.
325 2616 366 2640 29.
392 2613 423 2640 de
448 2614 478 2639 A.
499 2613 528 2639 E.
550 2612 580 2639 V.
608 2614 647 2638 19.
669 2613 690 2638 l.
729 2612 837 2640 Damna.
858 2624 923 2650 quae
943 2614 1113 2651 imprudenti-

274 2656 324 2681 bus
343 2656 471 2689 accidunt,
491 2656 516 2682 ll.
536 2666 557 2682 e.
577 2655 669 2682 damna
689 2654 782 2681 fatalia.
803 2655 832 2682 sr.
846 2658 887 2682 52.
908 2657 930 2690 5.
944 2658 968 2683 3.
988 2666 1037 2694 pro
1057 2666 1111 2684 soc.

275 2700 315 2724 17.
334 2701 357 2723 2.

310 2743 590 2777 lnnprudenter.
627 2741 741 2774 (Advb.)
777 2741 808 2774 ᾖ.
833 2742 867 2767 1.
902 2743 1012 2768 Minus
1040 2753 1111 2769 con-

273 2786 427 2810 siderate.
465 2786 626 2818 Imperite.
665 2784 707 2810 111.
729 2785 795 2812 Cn.
819 2783 1014 2820 Imprudentius
1033 2790 1111 2821 atque

273 2826 437 2853 inhonestius
458 2827 649 2861 (arbitrantur.)
674 2827 723 2855 Th.
748 2826 780 2855 C.
798 2826 830 2854 ll.
849 2828 890 2853 29.
915 2837 936 2852 c.
958 2828 980 2853 1.
1005 2828 1027 2853 si
1047 2832 1108 2854 cert.

1104 166 1189 197 1311).

1169 253 1222 286 pet.
1243 248 1276 275 de
1294 249 1366 276 suffr.
1386 249 1567 287 Imprudentcr
1586 250 1697 287 aliquem
1717 250 1821 287 eligere.
1841 252 1871 279 sr.
1890 254 1931 279 21.
1952 254 1973 287 5.
1983 254 2008 279 3.

1170 291 1203 318 de
1221 290 1253 318 N.
1273 291 1305 319 G.
1324 294 1348 318 3.
1368 294 1392 318 5.
1413 306 1443 311 -
1463 294 1494 327 §.
1506 295 1540 320 2.
1556 295 1743 320 Inscienaeer.
1764 296 1840 321 Sine
1857 298 2007 323 consilio.

1170 334 1212 361 III.
1234 335 1300 362 Gn.
1321 334 1413 371 Neque
1431 336 1563 373 improbe,
1588 346 1673 373 neque
1695 336 1876 374 imprudenter
1900 338 1943 372 [al.
1963 340 2008 365 im-

1170 376 1310 415 pudenter]
1330 379 1466 405 institutos
1485 378 1567 415 legata
1586 389 1708 406 recusare
1725 380 1877 407 substitutis
1896 380 1961 408 data.
1976 381 2007 408 fr.

1170 422 1194 447 9.
1214 421 1235 454 5.
1257 422 1279 447 1.
1299 422 1322 447 si
1342 431 1384 457 qu.
1405 431 1455 448 om.
1475 432 1496 449 c.
1516 425 1616 449 testam.
1637 424 1678 449 29.
1698 425 1722 448 4.
1760 422 1813 458 Qui
1833 433 1896 450 casu
1914 425 2007 458 (iactu)

1170 463 1216 490 teli
1235 463 1365 490 bominem
1385 465 1460 501 impr.
1480 465 1613 492 occiderit.
1633 464 1705 492 Paul.
1726 464 1758 492 V.
1777 467 1818 492 23.
1839 467 1860 500 5.
1879 467 1903 492 3.

1206 507 1484 541 Imprudentia.
1505 508 1535 541 ξ.
1556 509 1591 534 1.
1611 510 1798 543 Imperitia.
1824 508 1842 535 1.
1855 510 1917 544 Sy.
1937 509 2007 536 Stul-

1170 550 1235 577 titia.
1254 550 1284 576 l'r.
1304 552 1345 577 51.
1364 561 1404 587 pr.
1425 549 1458 576 de
1477 551 1553 577 evict.
1572 552 1614 577 21.
1633 552 1658 577 2.
1695 551 1738 577 111.
1758 552 1824 579 (711.
1849 552 1879 578 Si
1898 562 1945 589 per
1962 553 2007 579 irn-

1169 592 1336 630 prudentiam
1353 593 1456 625 iudicis.
1475 598 1519 620 aut
1539 603 1667 625 errorem.
1687 594 1784 628 (emtor
1796 595 1834 621 rei
1847 596 1934 621 victus
1947 597 2008 628 est.)

1171 635 1204 662 fr.
1221 637 1263 662 51.
1282 646 1322 673 pr.
1341 635 1359 662 l.
1377 638 1420 662 21.
1439 639 1463 663 2.
1500 636 1676 674 Imprudentia
1701 637 1850 664 adsessoris
1872 639 1914 665 ius
1933 637 2008 665 aliter

1171 678 1277 711 dictum,
1297 689 1374 716 quam
1393 680 1518 716 oportuit.
1537 679 1568 706 fr.
1587 682 1611 707 2.
1641 680 1693 716 Qu.
1713 681 1799 717 quisq.
1820 681 1867 708 iur.
1885 682 1910 707 2.
1930 683 1955 708 2.
1975 697 2008 701 —

1147 722 1202 755 ¹§.
1227 723 1262 748 2.
1282 723 1500 757 Ignorantia,
1520 724 1743 759 Negligentia.
1767 723 1810 750 III.
1831 725 1897 751 Cn.
1915 724 1951 751 Et
1969 734 2008 751 ae-

1170 766 1217 792 tati
1235 769 1261 792 et
1279 764 1469 802 imprudentiae
1492 767 1617 793 succurri.
1640 765 1672 793 sr.
1693 767 1749 793 108.
1770 766 1802 793 de
1820 766 1852 793 R.
1871 766 1890 794 1.
1909 769 1951 794 50.
1966 768 2006 794 17.

1146 814 1148 829 'v
1169 808 1199 835 Si
1218 818 1321 835 errasse
1339 807 1483 841 videbitur.
1508 808 1552 835 det
1575 808 1765 846 imprudentiae
1785 811 1895 837 veniam.
1914 809 1944 837 sr.
1966 811 2006 836 15.

1169 861 1207 889 pr.
1228 851 1260 878 de
1279 852 1335 877 iure
1354 850 1420 877 fisci.
1439 852 1481 878 49.
1502 853 1542 878 14.
1583 851 1684 888 Vtique
1706 862 1832 889 peccasse
1851 852 1952 890 aliquid
1970 853 2007 879 in-

1169 894 1304 931 telligitur,
1323 893 1385 920 licet
1403 904 1451 931 per
1468 894 1678 932 imprudentiam.
1697 894 1727 921 fr.
1746 897 1771 922 5.
1790 895 1812 929 5.
1831 898 1855 923 4.
1876 896 1908 922 de
1927 895 1960 922 Ο.
1980 900 2007 922 et

1168 937 1200 964 A.
1225 939 1267 963 44.
1294 939 1317 963 7.
1358 936 1410 963 Per
1431 937 1632 974 imprudentiam
1655 938 1731 975 plus,
1755 948 1832 975 quam
1855 939 1882 965 in
1900 938 2006 976 peculio

1169 985 1218 1012 est.
1237 979 1348 1007 solvere.
1368 979 1398 1007 fr.
1419 981 1459 1006 ll.
1478 980 1509 1007 fr.
1522 982 1564 1007 32.
1584 981 1604 1015 5.
1621 983 1643 1007 l.
1663 981 1696 1008 de
1715 981 1790 1008 cond.
1810 981 1897 1008 inded.
1918 983 1958 1008 12.
1969 983 1993 1008 6.

1202 1025 1395 1057 Impubes,
1443 1024 1510 1056 Qui
1533 1026 1667 1050 nondum
1691 1026 1841 1058 puberem
1867 1030 2007 1052 aetatem

1167 1068 1262 1102 adeig
1270 1069 1303 1093 ie.
1340 1065 1359 1092 I.
1373 1067 1435 1100 Sy.
1456 1066 1510 1101 Qui
1528 1066 1659 1103 perfectae
1678 1068 1770 1093 aetatis
1790 1077 1842 1094 non
1856 1068 1898 1094 sit.
1919 1066 1976 1093 Gai.
1986 1067 2005 1094 1.

1168 1110 1226 1136 189.
1246 1119 1286 1146 sq.
1324 1108 1454 1146 Pupillus.
1475 1108 1517 1136 Cf.
1537 1109 1564 1136 b.
1581 1119 1606 1135 v.
1641 1108 1671 1135 II.
1689 1111 1756 1144 01).
1780 1109 1868 1137 Pubes
1887 1109 2006 1144 (factus.)

1166 1152 1197 1179 sr.
1217 1153 1240 1178 4.
1261 1152 1294 1179 de
1312 1151 1337 1178 h.
1357 1162 1400 1188 qu.
1425 1152 1474 1178 sui.
1496 1153 1519 1178 l.
1538 1153 1562 1179 6.
1586 1151 1617 1178 fr.
1641 1153 1682 1178 32.
1701 1162 1741 1189 sq.
1769 1152 1801 1179 de
1825 1153 1912 1190 adopt.
1938 1155 1960 1180 1.
1981 1154 2005 1180 7.

1166 1194 1340 1222 Adolescens.
1360 1195 1391 1221 fr.
1411 1197 1434 1221 7.
1453 1205 1493 1232 pr.
1513 1194 1546 1221 de
1564 1204 1637 1232 susp.
1656 1199 1704 1222 tut.
1718 1197 1759 1222 26.
1775 1198 1814 1222 10.
1834 1197 1855 1230 5
1869 1199 1893 1223 4.
1912 1196 1931 1222 1.
1946 1195 2005 1223 eod.

1167 1240 1190 1266 1.
1208 1239 1251 1264 26.
1287 1237 1331 1264 IH.
1350 1239 1416 1266 Cn.
1439 1237 1562 1275 Impubes
1587 1247 1693 1271 servus,
1717 1238 1759 1265 vel
1778 1239 1870 1266 ancilla
1890 1239 2007 1266 nondum

1165 1282 1320 1319 viripotens.
1345 1280 1375 1307 fr.
1396 1282 1418 1307 l.
1445 1280 1467 1315 5.
1492 1282 1534 1308 32.
1558 1280 1591 1308 de
1615 1280 1642 1308 S.
1663 1280 1693 1308 C.
1713 1281 1794 1308 Silan.
1812 1284 1854 1309 29.
1875 1284 1898 1308 5.
1935 1282 2006 1309 Intra

1166 1335 1260 1352 annum
1280 1329 1306 1351 et
1319 1323 1355 1350 VI
1367 1333 1472 1350 menses
1492 1325 1568 1350 etiam
1581 1334 1648 1351 unus
1662 1325 1840 1361 cuiuscunque
1854 1326 1945 1352 aetatis
1960 1326 2005 1352 im-

1165 1368 1250 1405 pubes
1269 1368 1381 1394 amissus
1401 1371 1449 1393 etc.
1477 1366 1538 1404 le.
1558 1366 1629 1393 XVI.
1650 1369 1672 1393 l.
1709 1367 1746 1394 Vt
1770 1369 1829 1404 quis
1847 1367 1939 1394 liberis
1958 1369 2005 1395 im-

1164 1411 1310 1448 puberibus
1328 1414 1512 1437 testamentum
1532 1410 1616 1437 facere
1629 1411 1724 1447 possit,
1744 1410 1828 1438 donec
1846 1411 1956 1438 masculi
1970 1411 2003 1438 ad

1164 1453 1227 1481 XIV
1238 1463 1320 1480 annos
1342 1454 1511 1491 perveniant,
1537 1453 1646 1480 feminae
1669 1453 1702 1480 ad
1725 1453 1781 1480 XII.
1805 1453 1836 1480 fr.
1859 1456 1884 1480 2.
1912 1464 1951 1492 pr.
1971 1453 2005 1480 de

1164 1497 1232 1533 vulg.
1254 1501 1279 1523 et
1303 1507 1367 1534 pup.
1391 1497 1433 1523 28.
1456 1499 1481 1524 6.
1518 1495 1641 1533 Impubes
1662 1512 1693 1515 ——
1712 1496 1797 1524 facere
1819 1501 2005 1524 testamentum

1164 1551 1216 1567 non
1235 1544 1336 1577 potest.
1361 1540 1485 1576 quoniam
1508 1539 1624 1566 nondum
1646 1539 1756 1577 plenum
1779 1539 1903 1567 iudicium
1925 1541 2004 1567 animi

1163 1583 1249 1610 babet.
1274 1582 1335 1620 le.
1358 1582 1418 1609 XX.
1445 1584 1484 1608 12.
1511 1581 1542 1608 cs.
1567 1592 1588 1608 c.
1614 1584 1637 1609 1.
1662 1582 1695 1608 de
1718 1582 1782 1609 salsa
1801 1588 1896 1610 monet.
1916 1584 1940 1610 9.
1959 1584 2003 1610 24.

1163 1626 1192 1653 Si
1211 1627 1347 1663 proximus
1366 1625 1500 1662 pubertati
1520 1626 1554 1651 sit
1574 1626 1628 1659 (sc.
1650 1626 1804 1662 impubes‚)
1824 1631 1849 1652 et
1868 1626 1901 1652 ob
1919 1626 1948 1653 id
1965 1627 2004 1652 in·

1162 1669 1271 1705 telligat,
1291 1678 1320 1694 se
1339 1667 1501 1704 delinquere.
1522 1667 1578 1694 Gai.
1598 1668 1642 1694 IlI.
1660 1670 1720 1695 208.
1741 1668 1772 1695 ct'.
1793 1669 1822 1695 fr.
1841 1670 1865 1695 5.
1885 1669 1906 1703 5.
1925 1671 1950 1696 2.
1970 1668 2004 1696 ad

1162 1712 1192 1739 L.
1212 1713 1280 1748 Aqu.
1300 1712 1324 1738 9.
1343 1713 1367 1737 2.
1388 1710 1418 1737 fr.
1437 1713 1461 1737 3.
1487 1710 1509 1745 5.
1530 1712 1553 1737 l.
1573 1710 1605 1738 de
1625 1712 1701 1738 iniur.
1720 1713 1762 1738 47.
1783 1713 1822 1738 10.
1859 1712 1901 1738 De
1920 1713 2003 1750 impu-

1162 1755 1270 1782 beribus
1290 1754 1497 1790 absentibusque
1516 1754 1633 1787 (causam
1652 1755 1831 1791 cognoscere.)
1852 1754 1908 1781 Gai.
1922 1754 1942 1782 I.
1959 1756 2002 1783 93.

1162 1797 1314 1836 Impuberes
1338 1798 1395 1824 sine
1417 1801 1505 1823 tutore
1531 1802 1645 1833 agentes.
1672 1808 1693 1824 c.
1715 1799 1754 1824 10.
1774 1797 1807 1825 de
1827 1799 1875 1825 iur.
1896 1802 1923 1825 et
1940 1797 2002 1825 facti

1163 1843 1213 1878 ign.
1233 1843 1275 1867 22.
1295 1841 1319 1867 6.
1972 1850 1976 1853 ·

1198 1884 1418 1917 Impudens.
1443 1882 1577 1916 (Adiect.)
1597 1884 1785 1916 Iudecorus,
1806 1885 2000 1911 Inverecun-

1161 1931 1224 1954 dus.
1261 1926 1291 1953 II.
1318 1927 1385 1960 ΟΡ.
1416 1925 1610 1962 Impudentior‚
1630 1942 1662 1946 —
1682 1926 1779 1953 Iustior
1802 1927 1929 1964 (petitio.)
1949 1925 1998 1954 Th.

1161 1970 1193 1997 C.
1211 1970 1268 1997 XII.
1290 1971 1330 1996 12.
1355 1979 1376 1995 c.
1395 1970 1419 1995 3.
1439 1968 1471 1995 de
1495 1968 1570 2005 legat.
1596 1974 1622 1995 et
1645 1969 1714 1996 decr.
1738 1969 1769 1996 cf.
1790 1969 1834 1995 lx.
1853 1970 1894 1995 34.
1915 1979 1936 1995 c.
1957 1971 1997 1996 10.

1161 2013 1193 2040 (18
1207 2013 1297 2039 samos.
1318 2011 1400 2038 libell.
1419 2011 1482 2038 lust.
1504 2011 1535 2038 C.
1556 2022 1577 2038 c.
1595 2014 1637 2039 33.
1657 2013 1678 2046 5.
1699 2013 1722 2038 8.
1743 2012 1775 2038 de
1794 2013 1875 2048 episc.
1896 2016 1921 2038 et
1936 2011 1998 2039 cler.

1162 2059 1183 2083 1.
1203 2058 1227 2082 3.

1195 2099 1456 2132 Impudenter.
1476 2096 1589 2130 (Advb.)
1608 2099 1751 2128 laicae,
1771 2098 1997 2124 Inverecnnde.

1159 2142 1201 2168 III.
1224 2143 1290 2169 Cn.
1321 2140 1413 2167 Manus
1437 2141 1530 2177 impias
1554 2156 1586 2159 —
1611 2139 1777 2177 impudenter
1799 2139 1934 2166 adtollere.
1959 2140 1998 2167 lb.

1158 2184 1229 2212 XVI.
1249 2185 1273 2210 5.
1293 2193 1314 2210 c.
1336 2185 1376 2209 15.
1396 2182 1428 2209 de
1446 2182 1570 2209 haeretic.
1606 2182 1658 2219 Qui
1677 2181 1854 2219 impudentius
1868 2192 1924 2209 ausi
1936 2188 1998 2210 sunt

1158 2226 1301 2271 postulare.
1321 2225 1358 2252 lb.
1377 2225 1449 2252 XIV.
1470 2228 1509 2252 15.
1530 2236 1550 2252 c.
1565 2227 1588 2252 4.
1608 2236 1647 2262 pr.
1667 2225 1699 2251 de
1718 2235 1773 2252 can.
1793 2225 1866 2252 trum.
1882 2226 1938 2252 urb.
1952 2225 1984 2253 R.

1194 2262 1452 2303 impudentia.
1488 2269 1736 2299 Ιηυενεοιιηιίία,
1756 2269 1914 2295 Audacia.
1951 2268 1995 2296 IH.

1159 2315 1225 2341 Cn.
1245 2311 1408 2372 lmpudeptia
1428 2312 1497 2343 eius,
1524 2312 1583 2347 quia
1603 2310 1706 2337 diversa
1725 2310 1828 2337 duobus
1847 2312 1996 2338 testimonia

1158 2356 1287 2394 praebuit.
1307 2354 1337 2381 lr.
1357 2357 1399 2381 27.
1418 2355 1440 2388 5.
1462 2356 1483 2380 l.
1504 2353 1578 2380 deL.
1593 2352 1674 2379 Com
1694 2352 1996 2381 desals.48.10.1n-

1158 2400 1239 2426 iuriae
1258 2397 1487 2435 impudentiaeque
1506 2406 1582 2423 causi
1601 2396 1740 2430 (multaii.)
1759 2395 1912 2423 T1·.C.1V.
1932 2398 1955 2424 8.
1973 2407 1993 2424 c.

1160 2444 1182 2468 1.
1201 2443 1223 2476 5
1244 2443 1266 2467 l.
1286 2440 1319 2467 de
1336 2439 1441 2467 liberali
1459 2449 1479 2466 c.

1194 2483 1454 2517 Impudicitia.
1491 2483 1674 2515 Impnritas
1698 2491 1825 2508 morum.
1862 2458 1905 2509 III.
1927 2483 1993 2510 Gn.

1157 2527 1186 2554 In
1206 2536 1298 2553 seiros
1318 2527 1426 2557 saevire,
1449 2523 1491 2551 vel
1511 2523 1542 2550 ad
1560 2524 1748 2561 impudicitiam
1766 2529 1922 2562 turpemque
1939 2525 1993 2551 vio·

1158 2571 1281 2597 lationem
1300 2567 1464 2605 compellere.
1484 2566 1515 2593 fr.
1534 2569 1558 2593 2.
1579 2567 1610 2593 de
1629 2567 1653 2593 b.
1675 2578 1717 2604 qu.
1737 2568 1786 2594 sui.
1808 2569 1829 2594 1.
1846 2569 1869 2594 6.
1907 2567 1991 2594 Puero

1134 2608 1135 2614 ἵ
1157 2619 1276 2651 stuprum
1299 2610 1471 2648 persuadere.
1490 2625 1522 2629 —
1541 2610 1675 2636 mulierem
1701 2610 1848 2647 puellamve
1870 2609 1991 2648 interpel-

1157 2656 1218 2687 lare.
1239 2654 1335 2691 quidve
1354 2653 1530 2690 impudicitiae
1553 2654 1634 2689 gratia
1658 2652 1750 2679 facere.
1775 2652 1805 2679 l'r.
1827 2654 1848 2679 1.
1874 2653 1895 2686 5.
1913 2654 1937 2678 2.
1957 2651 1990 2678 de

1157 2704 1222 2725 extr.
1243 2698 1313 2723 crim.
1334 2698 1375 2722 47.
1396 2698 1435 2722 11.

1192 2739 1424 2773 luipudicus.
1450 2739 1578 2772 (Adiect.)
1604 2739 1790 2765 (la-scitatis
1807 2746 1925 2772 expers.
1958 2737 1987 2763 11.

1157 2785 1223 2817 Op.
1243 2782 1367 2809 Pudicns.
1388 2782 1492 2808 Castus.
1512 2781 1542 2808 fr.
1563 2782 1603 2806 10.
1624 2780 1656 2807 de
1675 2781 1751 2807 iniur.
1771 2781 1812 2807 47.
1826 2781 1864 2806 10.
1886 2789 1906 2805 c.
1921 2780 1944 2805 8.
1965 2780 1987 2813 5.

1131 2824 1133 2835 '
1154 2828 1178 2852 2.
1199 2825 1231 2852 de
1251 2824 1342 2862 repud.
1362 2827 1386 2851 5.
1406 2827 1446 2851 17.
1482 2824 1526 2851 ΙΙΙ.
1545 2825 1610 2852 Gn.
1643 2823 1765 2850 Convicii
1787 2831 1839 2849 non
1862 2822 1988 2860 impudici
