2197 3121
219 153 247 170 η
920 138 1252 171 PROOEMIUM.

221 225 367 266 peculium·
399 231 530 254 tractatu
561 223 703 265 (ἓψίῑσιη
733 223 778 254 ber
809 222 976 264 juvistisdmt
1001 222 1220 263 sscpicograpbic.
1261 222 1344 263 sscim.
1378 223 1470 253 1834.
1495 224 1546 262 S.)
1577 222 1692 254 dudum
1723 222 1951 266 descripsimus.

221 287 417 327 Propositum
442 292 487 315 est
511 284 659 314 methodo
685 286 748 317 isti,
778 285 955 314 testimonia
981 284 1126 321 fontium,
1157 284 1267 325 quihus
1292 283 1432 315 diversae
1457 286 1605 326 cuiusque
1628 284 1774 315 vocabuli
1798 285 1953 327 signitica-

220 350 320 378 tiones
351 346 590 382 contimmnmr,
622 348 661 376 ita
687 344 878 385 distinguere
902 350 993 386 atque
1018 344 1190 378 collocare.
1222 351 1254 375 ut
1278 347 1378 387 primo
1403 345 1514 376 obtutu
1538 345 1700 388 adpareat,
1724 347 1842 376 varium
1866 347 1952 377 verbi

221 409 348 439 alicuius
373 419 495 438 sensum
520 418 584 437 non
609 418 643 436 ex
668 408 923 447 interpretatione
946 407 1064 436 incerta
1088 406 1278 447 profectum,
1307 405 1363 437 sed
1393 406 1593 437 suadentibus
1624 409 1697 449 ipsis
1721 407 1851 437 testibus
1877 407 1952 437 clas-

219 472 289 501 sicis
314 481 351 499 eo
376 469 470 499 modo
496 468 657 498 delinitum
682 478 757 497 esse.
805 467 1017 507 Quamobrem
1041 467 1151 508 triplex
1175 467 1310 499 tenenda
1335 473 1380 498 est
1404 467 1546 499 locorum
1569 468 1767 510 probantium
1785 467 1952 498 distinctio.

223 532 360 562 Alterum
385 530 525 560 ordinem
557 531 747 559 constituunt
780 528 873 558 verba
898 539 1089 570 synonyma,
1120 528 1171 559 illa
1203 529 1335 566 scilicet,
1365 540 1444 570 quae
1473 531 1505 560 in
1533 531 1609 571 ipsis
1639 530 1778 560 sontibus
1810 531 1954 560 oratione

200 604 362 637 'expressa
388 593 418 621 in
443 592 650 632 promiscuum
676 601 762 620 usum
788 589 936 630 loquendi
961 590 1113 621 abierunt.
1161 590 1300 621 Alterum
1325 590 1460 621 eflicitur
1481 601 1580 633 genus
1605 602 1640 621 ex
1665 592 1819 632 oppositis
1843 591 1954 627 verbis,

221 666 298 695 quae
323 654 510 683 contrarium
535 651 685 693 praebent
709 662 842 684 sensum.
867 657 897 682 et
919 653 1031 682 iustam
1053 653 1343 693 iutelpretatiouem
1366 652 1508 694 singulae
1531 653 1618 682 vocis
1640 654 1671 682 in
1688 663 1871 693 quacunque
1888 662 1955 682 ora-

219 717 311 745 tionis
343 720 429 755 parte
459 712 588 743 miritice
619 712 776 742 adiuvant.
832 713 957 742 Tertiae
988 712 1123 754 denique
1154 712 1260 743 classis
1291 712 1444 743 elementa
1474 712 1744 755 comprehendunt
1773 715 1857 744 varia
1882 724 1956 744 con—

220 778 386 807 iunctionis
411 774 563 816 exempla,
588 785 676 814 quam
702 772 917 814 ‹ptalecunque
940 773 1128 804 vocabulum
1153 781 1234 804 certa
1259 774 1490 815 significatione
1513 777 1677 816 proposita
1700 786 1768 805 cum
1792 774 1859 805 aliis
1883 785 1956 804 con-

218 839 305 868 traxit
330 838 480 867 orationis
504 835 651 876 partibus.

368 898 468 939 Opus,
492 896 577 938 quod
601 898 659 926 iam
683 894 799 936 publici
822 897 896 926 itu‘is
920 895 1056 934 facimus,
1080 907 1145 927 nou
1170 898 1244 927 citra
1269 898 1421 927 rationem
1446 903 1624 938 susceptum
1640 897 1841 939 peritioribus
1856 899 1955 928 visum

219 963 254 991 iri
288 959 482 990 contidimus.
530 958 562 987 ln
587 956 682 987 breve
707 962 860 993 coactam,
889 956 945 987 sed
968 964 1142 988 accuratam
1168 964 1197 988 et
1221 957 1345 999 plenam
1369 959 1597 999 expositionem
1621 959 1788 990 verborum
1812 960 1885 989 iuris
1909 959 1956 995 R„

218 1028 368 1063 quatenus
399 1020 527 1050 latinum
558 1029 732 1048 sennonem
763 1018 902 1049 referunt
932 1024 963 1049 et
992 1018 1109 1050 diserto
1142 1019 1273 1049 sontium
1304 1019 1326 1050 Ι.
1350 1020 1388 1049 R.
1413 1020 1593 1050 testimonio
1625 1019 1800 1057 firmantur,
1830 1019 1957 1050 uberior

218 1083 292 1113 olim
318 1083 449 1123 excipiet
471 1081 630 1116 tractatio,
660 1086 720 1109 tam
752 1081 929 1110 criticorum
959 1092 1048 1111 curas
1078 1082 1261 1122 respiciens,
1292 1091 1381 1122 quam
1411 1082 1456 1111 rei
1479 1080 1647 1112 litterariae
1670 1080 1852 1123 adparatum
1875 1092 1957 1112 com-

219 1142 427 1186 prehemlenS.
474 1142 519 1172 lta
543 1141 610 1171 fieri
635 1152 730 1182 posse
754 1152 927 1182 speramus,
959 1147 993 1172 ut
1022 1153 1124 1172 novae
1148 1141 1286 1172 methodi
1315 1141 1440 1172 indoles
1470 1143 1643 1173 accuratius
1673 1149 1897 1185 cognoscatur,
1927 1148 1957 1173 et

218 1203 409 1235 deverticula
432 1205 583 1240 vitentur,
607 1204 639 1233 in
663 1213 742 1244 quae
765 1202 862 1245 vulgo
887 1202 1025 1234 deflectit
1047 1205 1174 1234 nimium
1198 1215 1299 1234 rerum
1323 1214 1475 1234 novarum
1499 1203 1643 1234 studium.

367 1266 401 1296 Iu
425 1264 598 1306 prodromo
624 1264 695 1301 illo,
726 1266 813 1295 cuius
837 1266 897 1294 iam
921 1264 1001 1295 facta
1026 1270 1073 1296 est
1094 1267 1226 1302 mentio,
1251 1266 1410 1307 copiosius
1434 1264 1531 1296 locuti
1555 1276 1671 1303 smnus,
1696 1271 1756 1296 tam
1781 1265 1820 1296 de
1842 1265 1958 1296 ambitu

218 1328 355 1368 incoepti
379 1328 496 1363 nostri,
527 1338 617 1368 quam
643 1325 682 1356 de
706 1326 844 1356 sontibus
868 1327 1118 1357 testimoniorum
1142 1326 1342 1357 classicorum
1372 1328 1495 1368 copiam
1518 1326 1750 1368 praebentibus.
1797 1328 1891 1358 Fines
1914 1327 1957 1358 ibi

219 1389 392 1430 descriptos
416 1399 518 1429 neque
542 1389 574 1418 iu
597 1387 749 1429 ampliore
773 1398 879 1429 opere,
902 1398 1004 1428 neque
1027 1389 1060 1418 in
1085 1389 1222 1429 epitome.
1246 1390 1312 1419 eius
1337 1387 1443 1430 egredi
1468 1387 1562 1419 licere
1586 1399 1767 1430 persuasum
1790 1388 1881 1419 nobis
1901 1394 1957 1420 est.

219 1449 402 1481 Tenendam
426 1448 550 1490 quidem
575 1448 714 1479 duximus
738 1449 897 1479 brevitatis
920 1451 1087 1486 rationem,
1117 1450 1150 1480 in
1181 1451 1371 1492 argumentis
1402 1449 1555 1492 eligendis
1579 1461 1678 1491 aeque
1701 1461 1737 1480 ac
1760 1451 1792 1480 in
1814 1449 1957 1480 locorum

219 1512 417 1554 probantium
442 1510 572 1547 ambitu,
602 1521 641 1540 ne
670 1516 774 1541 tamen
797 1512 908 1552 copiae
932 1515 963 1541 et
986 1510 1049 1541 luci
1079 1510 1241 1541 doctrinae
1265 1510 1431 1552 quidquam
1455 1510 1678 1542 detraheretur.
1724 1510 1958 1542 providendum

219 1575 331 1614 quippe
355 1578 428 1609 erat,
452 1583 491 1602 ne
515 1571 588 1613 quid
613 1571 743 1606 deesset,
767 1571 852 1613 quod
876 1582 964 1602 usum
988 1571 1139 1613 loquendi
1163 1572 1296 1602 fontium
1319 1573 1342 1603 Ι.
1364 1573 1402 1603 R.
1426 1574 1586 1614 respiciat,
1608 1572 1734 1603 vitanda
1759 1584 1834 1604 vero
1857 1572 1957 1604 moles

219 1634 430 1676 exemplorum
456 1640 485 1664 et
508 1635 756 1664 testimoniorum
781 1632 922 1664 taediosa
947 1633 1082 1676 farrago.

366 1697 477 1736 Neque
509 1697 579 1726 erit.
610 1694 695 1736 quod
724 1705 903 1725 excusemus
934 1696 1087 1725 rationem
1111 1706 1201 1736 quam
1226 1696 1305 1725 circa
1329 1705 1513 1737 graecorum
1537 1695 1706 1727 verborum
1730 1697 1958 1737 expositionem

218 1757 407 1799 sequendam
432 1767 499 1787 esse
524 1755 718 1787 credidimus.
766 1757 925 1786 Latinitati
948 1757 1022 1786 iuris
1038 1757 1077 1786 R.
1102 1755 1344 1799 cognoscendae
1369 1767 1496 1798 operam
1520 1756 1746 1798 i111pendenteS‚
1771 1768 1806 1788 ex
1830 1768 1959 1799 compo-

219 1821 278 1849 sito
304 1818 494 1859 negleximus
519 1829 596 1858 quae
621 1819 699 1847 intra
725 1819 809 1858 ipsos
833 1819 938 1859 graeei
962 1818 1115 1848 sermonis
1139 1817 1219 1848 fines
1244 1819 1435 1856 consistunt,
1459 1817 1520 1848 illis
1543 1823 1662 1849 tautum
1685 1818 1849 1849 vocabulis
1872 1818 1958 1850 aditu

220 1880 387 1921 patefacto.
412 1890 490 1920 quae
514 1880 545 1909 in
570 1890 657 1908 usum
676 1878 825 1919 loquendi
842 1880 1025 1909 Latinorum
1041 1880 1261 1921 migraverunt,
1285 1884 1315 1910 et
1339 1881 1494 1910 civitatem
1517 1879 1645 1910 latinam
1669 1886 1838 1911 consecuta
1854 1886 1935 1911 sunt.

369 1940 567 1982 (lompendia
592 1941 776 1980 scripturae.
806 1940 918 1981 quihus
948 1939 1182 1982 distinguuntur
1212 1940 1353 1971 locorum
1376 1940 1575 1982 probantium
1603 1952 1720 1983 genera
1750 1941 1886 1979 diversa,
1916 1943 1958 1972 ita

221 2009 398 2043 comparata
424 2008 508 2033 sunt.
532 2008 563 2032 ut
589 2002 730 2032 brevitati
755 2001 879 2032 studere
904 2001 1009 2039 liceat,
1038 2012 1142 2043 neque
1166 2001 1336 2032 verendum
1360 2003 1412 2038 sit,
1442 2012 1482 2032 ne
1506 2001 1579 2043 quid
1604 2002 1769 2034 obficiatur
1791 2004 1959 2044 perspicui-

221 2065 284 2094 tati.
332 2063 392 2094 (Lui
416 2065 460 2093 rei
485 2065 525 2093 ita
550 2063 670 2094 consuli
696 2074 789 2104 posse
814 2062 1009 2101 credidimus,
1032 2068 1065 2094 ut
1088 2063 1247 2105 vulgarem
1270 2063 1402 2093 sontium
1425 2063 1448 2093 1.
1465 2064 1503 2094 R.
1527 2062 1754 2095 laudandorum
1778 2063 1958 2095 methodum

222 2136 322 2166 neque
346 2124 491 2163 religiose
516 2135 728 2166 sequeremur.
753 2136 852 2165 neque
877 2136 1099 2166 usquequaque
1124 2130 1402 2155 contemneremus.

370 2186 547 2216 scribebam
573 2188 646 2228 ipsis
672 2186 804 2217 Calend.
831 2187 959 2216 Martiis.
1000 2185 1317 2218 MDCCCXXXVII.
