2197 3121
272 165 336 195 530

272 245 359 278 modo,
380 245 428 272 sed
448 250 473 272 et
493 246 569 272 latam
586 245 779 281 negligentiam,
799 251 825 273 et
843 246 893 273 boc
913 245 1025 283 amplius
1045 247 1121 272 etiam

272 288 434 324 diligentiam
455 288 586 319 (debere.)
610 289 641 315 l'r.
661 291 686 315 (5.
706 288 739 315 de
758 288 824 316 adm.
845 299 895 316 rer.
914 289 946 315 ad
966 290 1016 315 civ.
1035 290 1077 315 50.
1096 290 1121 315 8.

273 331 407 358 Latiorvm
427 330 530 368 culpam
551 331 641 358 dolum
661 342 728 358 esse.
749 332 780 359 fr.
793 334 835 359 32.
850 332 941 370 depoS.
959 333 997 358 16.
1012 333 1037 358 3.
1058 330 1121 358 Lata

273 375 431 411 neglige-ntia
456 390 488 394 —
512 384 597 412 prope
622 374 739 402 fraudem
764 375 872 402 accedit.
898 374 928 401 l'r.
949 375 973 400 7.
998 374 1020 407 5.
1044 375 1064 401 1.
1089 373 1122 401 de

272 428 346 454 susp.
367 422 414 443 tut.
434 418 475 443 26.
493 419 532 444 10.
553 418 584 444 cf.
605 417 636 445 fr.
652 420 674 445 7.
695 417 727 445 ad
741 417 770 445 L.
785 418 865 445 Corn.
887 417 918 444 de
938 418 1014 443 sicar.
1027 418 1068 443 48.
1079 418 1104 443 8.

310 462 539 487 Lavacrum.
576 461 608 494 §0
632 463 666 488 l.
691 463 794 489 Actae
811 462 961 492 lavandi,
982 462 1057 487 item
1076 463 1122 487 lo·

271 514 326 530 cus
345 506 387 530 ad
404 505 547 530 lavanda
566 514 716 539 corpora.
752 504 771 531 l.
792 506 854 538 Sy.
878 503 1000 530 Balneae.
1026 503 1075 530 Th.
1090 503 1122 531 C.

272 545 328 572 tu.
352 548 390 572 11.
412 556 433 572 c.
455 548 477 572 1.
498 556 538 583 sq.
558 557 591 573 ne
611 548 698 574 comit.
723 552 750 574 et
773 547 832 573 trib.
859 546 954 573 lavacr.
991 545 1034 573 111.
1055 548 1121 574 Cn.

271 589 312 616 Ex
331 588 448 621 horreis,
476 589 592 621 balneis,
614 605 644 610 -
669 590 806 620 domibus.
832 606 862 610 —-
890 600 957 626 quae
976 589 1070 626 populi
1089 589 1121 616 R.

271 632 383 659 lavacris
408 633 563 659 inserviunt.
601 633 638 660 lb.
658 633 704 660 XI.
728 636 769 659 20.
795 644 816 659 c.
839 635 865 660 3.
889 633 922 659 de
946 632 1007 659 coll.
1033 632 1120 659 donat.

270 674 342 702 XIV.
360 677 384 701 5.
406 686 427 702 c.
443 676 465 701 1.
486 675 519 701 de
538 686 620 702 manc.
642 676 735 702 tberm.
772 676 814 702 Ab
835 675 928 702 usibus
947 675 1121 707 lavacrorum,

273 717 315 744 vel
335 718 450 755 publicis
470 717 617 746 adfectibus
633 719 676 753 [al.
691 718 875 756 adspectibus]
895 724 1059 756 separentur.
1083 718 1121 745 lb.

270 760 341 789 XVI.
364 763 403 788 10.
423 771 444 788 c.
465 763 506 787 20.
527 762 549 796 5.
569 764 592 788 3.
613 762 645 788 de
665 771 755 798 pagan.
776 777 808 781 —
828 762 859 795 ξ.
874 763 909 788 2.
931 763 1118 796 Baptisma.

270 804 289 830 I.
307 805 368 839 Sy.
389 803 513 831 Caelestc
532 804 673 836 lavacrum,
694 804 721 831 S.
736 804 874 842 baptisma.
895 804 931 831 lb.
944 804 1004 831 XV.
1015 807 1038 830 5.
1059 814 1081 831 c.
1096 807 1120 831 5.

272 846 305 874 de
325 853 439 885 spectac.
459 847 529 874 XVI.
549 849 573 873 5.
599 856 621 874 e.
640 850 664 874 5.
685 847 718 874 (le
738 847 836 875 baeret.
855 847 927 875 XVI.
946 849 970 874 6.
995 858 1016 874 c.
1035 850 1060 874 2.
1080 857 1118 885 pr.

272 900 304 916 ne
325 890 351 917 S.
374 891 444 928 bapt.

310 934 473 961 navare.
511 934 543 967 ξ.
563 935 597 960 l.
619 935 709 969 Aqua
728 944 881 969 purgare.
918 933 962 960 111.
978 934 1046 961 Cu.
1067 934 1120 969 Qui

271 977 298 1003 in
318 986 408 1013 campo
429 975 538 1013 publico
557 976 657 1008 ludere,
677 976 720 1003 vel
739 978 766 1003 in
779 976 887 1014 publico
906 975 1010 1003 balineo
1024 976 1120 1008 lavare,

271 1024 315 1046 aut
334 1020 361 1045 in
381 1019 484 1045 theatro
504 1025 625 1057 spectare
644 1025 771 1047 arceatur.
796 1019 827 1046 fr.
847 1021 871 1046 2.
891 1020 913 1053 5.
933 1021 957 1046 9.
978 1030 1010 1046 ne
1031 1030 1073 1056 qu.
1094 1021 1121 1046 in

270 1062 330 1088 loco
351 1062 413 1099 pub.
434 1064 475 1089 43.
495 1063 519 1088 8.
540 1062 571 1089 cf.
592 1062 622 1089 l'r.
641 1064 684 1090 30.
703 1064 726 1097 5.
748 1065 770 1089 l.
792 1062 870 1089 locat.
892 1064 932 1089 19.
952 1064 976 1088 2.
1015 1062 1120 1098 Quibus

272 1108 322 1138 (sc.
337 1105 482 1137 sumtibus)
501 1105 622 1132 balineae
635 1121 667 1125 —
681 1107 767 1143 parari
782 1106 950 1143 purgarique,
970 1110 999 1131 ut
1018 1105 1120 1132 habiles

270 1147 302 1174 ad
323 1147 461 1174 lavandum
482 1148 587 1180 fierent,
606 1149 661 1175 sint
679 1149 782 1175 solitae.
803 1148 832 1175 l'r.
846 1150 888 1174 35.
909 1148 931 1181 5.
945 1150 970 1174 3.
991 1147 1023 1174 de
1043 1147 1120 1184 legat.

271 1190 314 1217 111.
335 1192 403 1224 (32.)
433 1190 463 1217 81
478 1208 509 1212 -
524 1193 653 1218 conviviis
674 1197 858 1218 extraneorum
878 1196 1051 1217 conversetur
1070 1193 1120 1224 (sc.

270 1235 368 1267 uxor,)
389 1233 431 1260 vel
451 1244 510 1260 cum
529 1234 654 1261 masculis
677 1234 778 1261 laverit.
809 1233 856 1261 Iul.
878 1244 919 1272 ep.
939 1244 1000 1261 nov.
1020 1245 1041 1261 e.
1062 1235 1120 1261 108.

270 1277 292 1311 5.
311 1279 372 1303 384.
410 1276 478 1303 Cum
497 1282 541 1303 aut
561 1276 680 1309 lavandi,
709 1283 753 1303 aut
776 1277 910 1313 gestandi,
935 1282 979 1304 aut
998 1277 1120 1304 ludorum

270 1321 351 1355 gratia
372 1320 501 1357 prodierit
520 1319 638 1347 Praetor.
662 1321 691 1347 fr.
713 1323 736 1347 7.
759 1320 791 1347 de
811 1330 922 1347 manum.
942 1320 1013 1348 vind.
1033 1322 1076 1347 40.
1094 1323 1119 1347 2.

271 1362 347 1398 Quae
367 1374 395 1389 se
415 1363 659 1390 commundaverint
677 1364 747 1390 lotae
767 1364 792 1389 in
813 1363 916 1390 balneo.
936 1363 966 1390 fr.
981 1366 1023 1390 25.
1043 1364 1119 1397 §.10-

271 1405 304 1432 de
323 1416 386 1432 auro
406 1416 458 1442 arg.
477 1408 519 1432 34.
539 1408 563 1433 2.
601 1406 651 1433 Per
670 1417 737 1443 quac
756 1406 879 1433 mundior
901 1406 997 1441 mulier
1013 1406 1120 1433 lautior-

271 1458 322 1485 quc
342 1449 463 1476 eflicitur.
484 1449 556 1476 Paul.
571 1449 614 1476 III.
633 1451 657 1476 (i.
678 1450 699 1483 5.
720 1451 762 1476 53.
800 1449 913 1476 succida
934 1451 983 1483 (sc.
998 1449 1077 1483 lana,)
1094 1455 1120 1476 et

271 1491 334 1523 lota,
355 1493 377 1518 si
397 1492 475 1518 modo
495 1494 576 1518 tincta
596 1503 649 1519 non
668 1493 710 1518 sit.
731 1492 761 1519 l'r.
783 1494 823 1518 70.
843 1493 865 1526 5.
884 1495 908 1519 4.
929 1492 961 1519 de
980 1493 1056 1529 legat.
1076 1492 1119 1519 111.

271 1536 348 1568 (32.)
373 1551 406 1554 -
435 1536 466 1569 ᾖ.
487 1537 523 1562 2.
544 1537 738 1563 Extennare
761 1536 946 1569 (nummos.)
985 1535 1028 1562 111.
1053 1537 1120 1563 011.
1141 1544 1142 1549 ¹

271 1578 325 1613 Qui
345 1588 465 1604 nummos
485 1589 592 1611 aureos,
613 1584 765 1615 argenteos,
791 1577 992 1610 adulteraverit,
1016 1578 1119 1611 laverit,

271 1620 315 1653 [al.
336 1621 459 1654 llaverit,]
481 1621 644 1653 conflaverit,
665 1622 760 1648 raserit
780 1626 829 1648 ete.
848 1620 920 1648 Paul.
935 1620 964 1647 V.
978 1623 1019 1648 25.
1040 1622 1061 1655 5.
1079 1624 1100 1648 l.

306 1664 481 1692 Lavatitl·
519 1665 550 1698 ᾗ.
567 1666 602 1691 1.
623 1667 726 1691 Locus
746 1666 785 1691 ad
803 1666 986 1690 lavandum.
1022 1664 1042 1691 1.
1056 1666 1119 1699 Sy.

270 1706 393 1733 Balncae.
414 1707 444 1733 l'r.
463 1709 506 1733 30.
525 1708 547 1741 5.
569 1710 592 1734 1.
613 1707 690 1734 locat.
711 1709 751 1734 19.
770 1709 794 1733 2.
808 1721 840 1726 -
861 1708 892 1740 §.
908 1708 943 1733 2·
965 1710 1119 1741 supellex

270 1752 310 1776 ad
328 1753 358 1776 la
368 1752 512 1777 vandum.
549 1750 592 1777 III.
617 1752 684 1778 Cn.
705 1750 884 1776 Continentur
903 1760 934 1776 co
954 1752 1003 1783 (sc.
1020 1750 1118 1776 mundo
1139 1769 1141 1779 s

270 1792 410 1825 muliebri)
433 1793 554 1830 specula,
581 1810 611 1814 -
632 1798 778 1829 unguenta,
804 1809 834 1813 —-
862 1798 887 1819 et
911 1794 933 1819 si
954 1803 1004 1829 qua
1023 1793 1118 1820 similia
1139 1810 1141 1818 1

271 1834 322 1862 dici
346 1841 472 1873 possunt,
501 1836 582 1863 veluti
607 1836 717 1867 lavatio,
746 1837 833 1862 riscus
857 1836 906 1869 [al.
926 1836 1066 1862 lavationis
1086 1838 1119 1863 ri·
1140 1847 1141 1856 ¹

271 1879 352 1911 scus]
374 1878 403 1904 l'r.
423 1881 465 1905 25.
485 1880 506 1913 5.
530 1882 569 1905 10.
590 1879 622 1906 de
642 1890 704 1906 auro
724 1890 777 1916 arg.
795 1882 838 1906 34.
858 1882 882 1906 2.

307 1923 541 1949 mandabitis.
580 1924 791 1954 Laudandus,
814 1923 968 1949 Decorus.
997 1922 1027 1949 Π.
1049 1921 1117 1957 ⁰15.

272 1963 424 1990 Laudabilis
444 1965 546 1992 titulus.
567 1981 598 1985 -
619 1965 762 1992 Sordidum
781 1975 884 1992 munuS.
905 1965 954 1992 Tb.
969 1965 1000 1992 C.
1020 1965 1078 1992 XV.
1092 1968 1116 1993 3.

272 2017 293 2033 c.
308 2008 331 2033 6.
353 2007 385 2034 de
398 2009 453 2034 itin.
468 2018 537 2034 mun.
574 2008 618 2034 III.
634 2010 700 2036 Cn.
724 2007 817 2045 Sitque
837 2009 940 2035 cunctis
959 2019 1012 2035 uon
1031 2008 1117 2035 solum

273 2093 338 2120 eccl.
380 2094 533 2120 Laudabilis
559 2095 694 2120 excusatio
719 2093 901 2127 (vulnerum.)
932 2094 969 2120 lb.
994 2094 1050 2121 Vll.
1074 2096 1116 2121 21.

274 2146 295 2162 c.
315 2138 339 2163 3.
363 2137 384 2170 5.
404 2140 429 2163 2.
454 2137 486 2163 dc
510 2138 642 2163 testimon.
670 2137 773 2163 ex-trib.
812 2137 966 2169 Prudentia,
986 2147 1010 2164 v.
1031 2137 1118 2164 Subli-

272 2180 358 2210 mitas,
378 2179 518 2207 laudabilis
537 2181 625 2213 (tua.)
649 2180 686 2206 lb.
706 2179 773 2206 llll.
794 2181 817 2206 7.
837 2190 858 2206 c.
879 2181 902 2206 7.
923 2179 956 2206 de
974 2180 1026 2207 div.
1047 2181 1117 2207 ol'lic.

272 2221 317 2248 XI.
336 2223 378 2248 30.
400 2233 419 2249 c.
439 2225 481 2249 27.
502 2223 534 2249 de
554 2233 612 2260 app.
634 2228 660 2249 et
678 2233 755 2260 poen.

308 2266 584 2293 Laudamntas.
627 2268 760 2293 Titulus
780 2268 986 2293 honorarius.
1015 2266 1033 2292 1.
1054 2267 1116 2301 Sy.

274 2308 405 2339 Gravitas,
426 2309 590 2339 Sublimitas,
610 2309 764 2341 Sinceritas,
783 2309 953 2346 Experientia
967 2309 1045 2341 (tua.)
1066 2309 1115 2336 Th.

274 2352 305 2378 C.
325 2351 343 2378 1.
366 2354 406 2377 15.
430 2362 452 2378 c.
474 2354 495 2377 l.
515 2362 573 2388 sqq.
598 2362 619 2379 c.
640 2354 663 2379 ti.
691 2363 713 2379 c.
732 2355 757 2379 9.
777 2352 889 2385 (ch.)
914 2351 947 2378 de
966 2352 1009 2378 off.
1030 2351 1116 2379 Vicar.

274 2394 341 2421 thl.
355 2397 379 2421 5.
400 2405 420 2421 c.
433 2396 475 2420 57.
495 2394 528 2420 de
538 2404 619 2429 *cursu
631 2395 692 2431 pub.
703 2395 759 2421 XII.
773 2397 795 2421 1.
816 2406 837 2422 c.
852 2396 908 2421 166.
920 2394 952 2421 de
964 2394 1099 2422 decurion.

310 2437 586 2464 Laudabinter·
616 2438 728 2470 (Advb.)
754 2440 828 2465 Cum
848 2440 947 2465 laude.
986 2438 1028 2465 111.
1050 2440 1116 2466 Cn.

274 2481 302 2507 ln
322 2481 369 2507 bac
388 2496 419 2499 —
440 2481 546 2506 civitate
564 2480 633 2506 laud.
654 2482 778 2517 optimam
798 2480 882 2517 legum
901 2481 1117 2516 gubernationem

275 2524 420 2550 extendens
434 2526 483 2556 (sc.
498 2524 642 2559 magister.)
662 2533 683 2549 c.
703 2526 727 2550 2.
747 2525 768 2557 5.
788 2526 812 2551 9.
834 2524 866 2550 de
886 2528 936 2550 vet.
956 2525 1012 2550 iure
1032 2524 1116 2551 enucl.

278 2570 297 2593 l.
319 2569 358 2593 17.

312 2611 500 2637 bundare.
539 2610 570 2643 ξ.
590 2611 624 2636 l.
649 2610 814 2635 Laudibus
833 2613 1004 2641 extollere,
1025 2611 1117 2636 Com-

276 2662 339 2677 meu
348 2656 428 2679 dare.
466 2652 496 2678 11.
510 2654 578 2686 θμ.
597 2652 737 2678 Arcusarc.
759 2651 799 2677 Cl'.
821 2652 844 2677 h.
865 2663 887 2678 v.
908 2653 928 2686 5.
949 2655 973 2679 3,
993 2652 1035 2679 111.
1050 2654 1115 2679 Cn.

276 2693 351 2725 Cum,
371 2696 420 2720 mei
440 2695 588 2732 decipiendi
608 2696 702 2730 gratia,
721 2694 800 2720 alium
820 2694 886 2720 falso
906 2696 1026 2722 laudasti.
1046 2695 1076 2722 l‘r.
1090 2699 1114 2722 ὅ.

276 2736 308 2762 «lc
327 2736 351 2762 d.
372 2747 404 2762 111.
424 2739 446 2764 4.
466 2740 490 2764 3.
528 2737 587 2763 ‘Bon
608 2742 714 2774 oportet
734 2736 862 2764 laudando
883 2740 969 2773 auguri
983 2738 1114 2764 malitiam.

277 2780 307 2805 l'r.
330 2781 350 2805 1.
375 2779 396 2812 5
416 2781 439 2805 «l.
464 2780 495 2806 de
519 2791 596 2807 servo
622 2791 688 2806 corr.
713 2782 752 2807 11.
772 2783 796 2807 3,
838 2780 985 2807 Laudamus
1010 2781 1115 2817 quidem

276 2822 414 2848 Praetores
430 2832 492 2847 suae
512 2823 692 2855 humanitatis,
716 2834 768 2850 non
794 2828 878 2850 tamen
898 2833 942 2849 eos
963 2824 989 2850 in
1008 2824 1115 2860 plenum

1031 164 1119 194 LAV
1135 182 1172 188 —
1187 164 1279 194 LAX.

1166 256 1260 272 causae
1278 244 1377 272 mederi
1396 247 1551 273 invenimus.
1576 247 1598 280 5.
1617 248 1641 273 3.
1664 246 1683 273 I.
1703 246 1736 274 de
1755 247 1826 284 tQit.
1845 248 1921 285 adgn.
1941 259 2012 276 succ.

1143 287 1144 293 ¹
1165 290 1189 315 3.
1208 291 1232 315 2.
1251 305 1280 309 -
1303 288 1334 321 §0
1350 289 1386 314 2·
1407 290 1596 323 Nomiuure,
1617 291 1738 317 (litare.
1774 290 1817 317 111.
1838 293 1904 319 Gn.
1925 292 2014 328 Quae-

1166 332 1253 358 stione
1271 335 1354 362 mota,
1374 346 1407 350 —
1426 337 1558 358 auctorem
1578 332 1747 365 laudaverat,
1776 339 1800 360 et
1821 335 1952 361 evictione
1972 345 2013 362 se-

1166 379 1225 401 cuta
1245 374 1358 407 (fundus
1379 374 1510 408 ablatus.)
1529 375 1560 402 l'r.
1580 377 1621 402 63.
1641 376 1662 410 5.
1686 379 1707 403 1.
1732 376 1764 403 de
1784 377 1906 404 cviction.
1926 379 1968 404 21.
1987 380 2012 404 2.

1167 417 1198 444 ef.
1219 428 1241 444 c.
1256 419 1279 444 7.
1294 417 1352 444 eod.
1367 417 1391 443 8.
1410 419 1452 443 45.
1489 417 1531 444 De
1549 429 1600 455 qua
1620 420 1669 452 (sc.
1689 420 1873 456 possessione)
1893 421 1949 447 iure
1968 420 2012 447 he-

1166 460 1292 487 reditario
1311 464 1402 486 auctor
1420 459 1521 487 laudari
1540 466 1637 498 potest.
1662 472 1683 488 c.
1705 464 1745 488 14.
1768 462 1803 488 ib.
1823 465 1848 490 8.
1868 464 1909 489 45.
1929 463 1961 489 cf.
1980 463 2012 490 l'r.

1167 505 1190 530 6.
1210 503 1233 537 5.
1253 505 1277 530 5.
1298 503 1330 529 de
1349 503 1380 530 Α,
1401 503 1431 530 Ε.
1452 502 1483 529 V.
1502 505 1542 530 19.
1556 506 1579 531 1.

1201 547 1409 573 Lau-lator.
1433 547 1496 579 Qui
1514 549 1669 575 laudibus
1689 550 1806 574 utitur.
1831 547 1850 574 I.
1864 549 1926 583 Sy.
1945 548 2012 576 Lau-

1166 588 1242 615 datnr
1268 590 1398 616 exsistere
1423 590 1597 626 (propositi.)
1628 590 1756 617 Laudare.
1780 591 1811 618 fr.
1837 593 1860 618 l.
1883 592 1906 625 5.
1929 593 1953 618 4.
1979 591 2013 619 de

1165 642 1244 659 servo
1264 642 1332 658 corr.
1353 634 1393 658 ll.
1413 635 1437 659 3.

1201 676 1428 702 Lam-entus.
1447 674 1577 708 (Adiect.)
1615 676 1743 703 Laurea
1763 683 1950 704 coronatus.
1968 677 2013 704 III.

1167 719 1233 746 Cn.
1263 717 1443 756 Triumphalis
1462 717 1585 751 Praetor,
1605 734 1638 738 —-
1660 719 1830 755 Augustalis,
1850 735 1882 740 —
1901 720 2013 747 Romani

1166 762 1279 788 nominis
1298 766 1432 798 praetura.
1458 777 1487 782 -—
1513 760 1667 789 Laureatus.
1692 762 1742 789 Th.
1763 762 1794 789 C.
1815 762 1857 790 VI.
1877 765 1902 790 4.
1929 773 1951 790 e.
1969 764 2012 790 25.

1165 815 1205 842 pr.
1225 815 1246 831 c.
1266 805 1308 831 29.
1329 804 1362 831 de
1381 803 1466 830 Praet.
1487 809 1512 830 et
1532 804 1585 839 Qu.

1200 849 1426 875 Laurentes.
1466 850 1557 874 socii
1575 849 1744 874 cuiusdam
1763 851 1904 883 collegii
1922 851 2012 875 inco-

1162 893 1270 926 gniti,
1301 892 1518 918 consistentia
1543 893 1753 925 inpartibus
1780 892 1929 918 Orientis
1953 893 2012 918 im-

1162 936 1253 968 perii
1271 935 1303 960 R.
1341 932 1383 959 111.
1405 935 1470 961 Cn.
1490 933 1533 960 Ad
1553 935 1684 960 curiarum
1703 933 1872 961 honorarium
1891 939 2012 971 patrona-

1166 981 1232 1008 tum,
1252 980 1297 1002 aut
1315 975 1347 1002 ad
1366 976 1520 1003 societatem
1539 978 1756 1014 consortiumque
1775 976 1950 1009 Laurentum,
1968 982 2013 1004 aut

1165 1019 1197 1046 ad
1217 1019 1338 1045 decuriae
1356 1018 1500 1045 Herculeae
1519 1020 1671 1056 suffragium
1694 1019 1854 1057 adspirasse.
1885 1019 1923 1046 lb.
1943 1019 2012 1047 VIII.

1165 1064 1188 1088 5.
1209 1072 1231 1088 c.
1250 1062 1292 1087 ⁴6.
1315 1061 1348 1088 de
1367 1072 1447 1088 cursu
1465 1062 1528 1099 pub.

1200 1106 1314 1131 Laus·
1357 1106 1616 1137 Commendatio,
1642 1107 1867 1133 Praeconium.
1903 1105 1923 1132 1.
1949 1107 2013 1141 Sy·

1164 1147 1207 1174 Ad
1227 1146 1323 1173 nudam
1341 1147 1445 1174 laudem
1465 1149 1535 1174 servi
1555 1149 1694 1184 pertinere.
1727 1148 1937 1176 Commendandi
1956 1149 2012 1176 eius

1166 1200 1242 1217 causa
1262 1190 1322 1217 dici.
1343 1190 1373 1217 l'r.
1394 1192 1435 1217 19.
1455 1200 1494 1228 pr.
1514 1190 1547 1216 de
1565 1190 1652 1217 Aedil.
1673 1190 1750 1217 edict.
1771 1194 1813 1218 21.
1834 1194 1856 1218 1.
1882 1191 1925 1218 111.
1945 1193 2013 1220 Cn·

1166 1234 1242 1270 Quae
1261 1235 1284 1260 si
1303 1243 1357 1259 non
1375 1238 1560 1270 praestentur,
1580 1233 1652 1260 nulla
1672 1233 1844 1271 reprehensio
1864 1240 1920 1266 est,
1945 1239 1971 1261 et
1989 1236 2013 1262 si

1166 1281 1341 1314 praestentur,
1360 1276 1517 1313 plerumque
1536 1276 1594 1303 laus
1613 1277 1690 1303 inest.
1710 1276 1741 1303 fr.
1753 1279 1813 1304 214.
1833 1277 1866 1304 de
1880 1277 1911 1304 V.
1927 1278 1954 1304 S.
1968 1279 2012 1305 50.

1166 1323 1207 1347 lti.
1232 1320 1290 1346 Pati
1303 1319 1382 1346 debet
1395 1321 1446 1353 (sc.
1460 1319 1582 1353 Procos.)
1602 1319 1779 1346 commendari
1798 1320 1849 1347 sibi
1869 1321 2013 1353 civitatem,

1164 1363 1309 1400 laudesque
1332 1372 1394 1389 suas
1419 1372 1471 1388 non
1495 1367 1601 1399 gravate
1624 1362 1723 1389 audire.
1751 1362 1783 1389 l'r.
1803 1364 1825 1389 7.
1849 1373 1890 1401 pr.
1914 1363 1948 1390 de
1966 1363 2012 1390 off.

1164 1406 1240 1433 Proc.
1264 1411 1290 1432 et
1309 1405 1371 1442 Leg.
1393 1407 1415 1432 l.
1438 1407 1477 1432 16.

1199 1450 1335 1476 Laute-
1354 1448 1468 1482 (Advb.)
1489 1450 1690 1484 Magnifice,
1705 1450 1781 1475 Cum
1795 1451 2012 1476 liberalitate.

1163 1492 1207 1520 ΠΙ,
1228 1494 1294 1520 Cn.
1323 1491 1352 1518 Si
1377 1493 1436 1528 quis
1460 1501 1488 1518 re
1507 1501 1554 1518 sua
1574 1491 1671 1518 lautius
1692 1491 1740 1525 [al.
1759 1491 1855 1526 latius]
1883 1501 1947 1519 usus
1966 1492 2011 1524 sit,

1164 1535 1387 1573 contemplatione
1411 1534 1513 1561 delatae
1536 1534 1589 1560 sibi
1606 1533 1772 1561 hereditatis.
1795 1535 1827 1561 [ι’.
1847 1537 1888 1561 25.
1909 1535 1948 1569 55.
1969 1536 2011 1561 12.

1165 1580 1204 1605 16.
1225 1579 1258 1605 de
1278 1578 1366 1605 hered.
1386 1583 1439 1615 pet.
1459 1580 1482 1604 5.
1502 1580 1527 1605 3.

1198 1622 1441 1649 Lautumiae.
1479 1621 1521 1648 Cf.
1541 1631 1564 1647 v.
1584 1619 1727 1647 Latomiae.

1198 1666 1356 1692 Lautus.
1377 1664 1498 1698 (Partic.)
1535 1665 1567 1697 δ.
1590 1664 1625 1690 l.
1652 1665 1806 1696 Mandra,
1826 1665 1936 1690 Locus.
1966 1663 2008 1690 Cf.

1164 1718 1186 1734 v.
1206 1707 1314 1734 Lavare.
1338 1708 1361 1742 5'.
1387 1710 1410 1734 l.
1443 1724 1473 1728 —-
1506 1708 1537 1741 §.
1562 1708 1597 1733 ἓ.
1621 1708 1774 1741 Ampius,
1802 1709 2011 1741 Splendidam.

1164 1751 1206 1777 III.
1225 1752 1291 1779 (3¹11.
1316 1750 1439 1777 Summae
1457 1750 1567 1782 domus,
1586 1750 1610 1776 si
1629 1749 1741 1776 lavacris
1761 1748 1917 1776 lautioribus
1936 1759 2011 1787 prae-

1163 1798 1308 1820 sententur.
1329 1793 1378 1820 Th.
1395 1794 1426 1820 C.
1439 1793 1499 1820 XV.
1519 1797 1543 1820 2.
1565 1803 1586 1819 c.
1605 1794 1630 1819 3.
1650 1792 1683 1819 dc
1702 1792 1810 1829 aquaed.

1199 1838 1490 1864 Laxamentum.
1543 1838 1855 1870 Temperameutum‚
1886 1837 2011 1862 Remis-

1163 1882 1218 1907 sio.
1255 1879 1274 1906 l.
1296 1881 1357 1914 Sy.
1381 1879 1559 1911 Interinissio,
1583 1878 1719 1910 induciae,
1741 1877 1920 1904 Intervallum.
1943 1887 1964 1904 c.
1984 1879 2010 1904 6.

1164 1923 1197 1949 de
1216 1927 1297 1949 curat.
1318 1923 1409 1949 l'urios.
1429 1926 1453 1949 5.
1474 1925 1514 1949 70.
1540 1933 1560 1949 c.
1581 1925 1605 1949 3.
1630 1922 1663 1948 de
1687 1931 1759 1948 usur.
1784 1923 1822 1948 rei
1847 1921 1900 1948 iud.
1924 1921 1946 1947 7.
1966 1922 2008 1946 54.

1163 1966 1303 1992 Interiectu
1323 1971 1449 2003 tempore.
1486 1965 1621 2003 Spatium,
1646 1975 1694 1991 seu
1712 1964 1888 1991 laxamentum
1907 1968 2009 2000 tempo-

1140 2025 1141 2029 =
1163 2011 1208 2036 ris.
1229 2009 1258 2036 l'r.
1279 2011 1304 2036 7.
1323 2009 1345 2043 5.
1368 2011 1407 2035 11.
1427 2008 1460 2035 de
1479 2008 1546 2035 adm.
1569 2013 1595 2035 et
1613 2009 1694 2046 peric.
1714 2009 1756 2034 26.
1777 2010 1800 2034 7.
1819 2007 1849 2033 fr.
1869 2008 1893 2032 4.
1914 2006 1947 2033 de
1965 2016 2009 2033 va-

271 2049 391 2082 liberum,
412 2051 459 2077 sed
480 2056 506 2077 et
525 2050 664 2078 laudabile.
689 2051 724 2077 Ib.
744 2051 816 2078 XVI.
835 2054 859 2078 2.
880 2062 901 2078 c.
920 2053 963 2078 31.
983 2051 1016 2078 de
1035 2053 1116 2088 episc.
1139 2058 1140 2071 ¹

1163 2057 1211 2079 cat.
1232 2058 1257 2078 et
1277 2062 1366 2079 excus.
1386 2054 1428 2078 50.
1449 2054 1473 2078 5.

1198 2097 1360 2122 Laxare.
1403 2096 1594 2125 nemiuem,
1620 2095 1790 2123 Liber-are,
1820 2093 2006 2127 Indulgere.

1162 2137 1182 2164 I.
1200 2139 1262 2172 Sy.
1280 2137 1417 2163 Relaxare.
1438 2148 1459 2163 c.
1479 2140 1502 2163 8.
1523 2146 1563 2173 sq.
1584 2135 1616 2162 «le
1635 2140 1738 2162 testam.
1757 2136 1782 2161 6.
1801 2136 1844 2160 23.
1880 2134 1924 2161 111.
1940 2136 2008 2162 Gn-

1163 2181 1263 2207 Auctor
1282 2180 1330 2207 suit
1350 2183 1398 2213 (sc.
1419 2179 1496 2217 Imp.)
1516 2179 1638 2210 Senatui,
1662 2177 1788 2204 censendi
1808 2193 1840 2197 —
1860 2182 1889 2204 ut
1907 2177 2009 2214 aliquid

1162 2223 1262 2250 laxaret
1286 2233 1318 2250 ex
1340 2224 1404 2249 iuris
1423 2223 1516 2258 rigore.
1542 2222 1572 2249 l'r.
1592 2224 1633 2249 32.
1652 2231 1692 2258 pr.
1713 2220 1745 2247 dc
1765 2220 1826 2247 don.
1845 2221 1892 2247 int.
1913 2220 1943 2247 V.
1963 2223 2006 2247 24.

1164 2268 1185 2293 1.
1223 2266 1297 2293 Nulli
1315 2266 1441 2303 deinceps
1460 2265 1566 2292 lieentia
1584 2264 1687 2291 laxetur
1706 2268 1755 2290 etc.
1781 2273 1801 2289 c.
1822 2265 1845 2290 4.
1866 2263 1899 2290 de
1917 2263 2007 2290 metal-

1161 2309 1207 2336 lar.
1223 2311 1262 2335 ll.
1276 2310 1299 2336 6.
1332 2309 1419 2336 Soluti
1438 2319 1532 2346 poena,
1551 2306 1717 2343 vinculisque
1736 2306 1823 2332 laxati.
1849 2306 1899 2333 Th.
1914 2306 2006 2333 C.1X.

1161 2355 1203 2379 40.
1224 2363 1245 2380 c.
1264 2354 1306 2379 22.
1330 2352 1364 2378 de
1382 2362 1459 2389 poen.
1487 2388 1489 2391 Ι

1197 2397 1314 2422 Laxe.
1334 2395 1446 2428 (Advb.)
1466 2396 1561 2427 Late,
1582 2394 1728 2426 copiose.
1752 2391 1795 2419 111.
1810 2393 1877 2419 Gn.
1897 2391 2005 2424 Laxius,

1162 2449 1238 2475 quam
1258 2443 1371 2475 oportet,
1391 2441 1531 2475 propagata
1551 2434 1721 2468 (liberalitate
1739 2435 1852 2469 nostra.)
1872 2433 1939 2461 Nov.
1955 2434 2005 2461 Th.

1161 2481 1191 2508 ll.
1212 2481 1244 2508 de
1263 2486 1351 2508 metat.
1371 2480 1388 2507 1.
1408 2482 1431 2506 5.
1453 2490 1473 2506 c.
1494 2481 1516 2505 l.
1537 2479 1559 2512 5.
1579 2480 1602 2504 2.

1197 2525 1364 2551 maxims.
1389 2523 1420 2556 §0
1434 2523 1469 2548 1.
1489 2523 1650 2548 Libertas.
1687 2520 1707 2547 I.
1726 2521 1788 2555 Sy.
1806 2519 1928 2547 Libertas
1948 2521 2004 2554 (na-

1162 2567 1274 2600 turalis.)
1301 2567 1356 2593 Gai.
1377 2565 1406 2591 11.
1426 2566 1468 2591 67,
1488 2564 1518 2590 sr.
1538 2566 1562 2590 5.
1582 2564 1612 2590 l'r.
1632 2565 1673 2591 44.
1698 2563 1728 2590 fr.
1748 2565 1789 2590 55.
1815 2563 1848 2590 de
1866 2564 1898 2590 A.
1917 2563 1949 2590 R.
1968 2562 2002 2589 D.

1161 2612 1202 2636 11.
1224 2612 1245 2636 l.
1272 2609 1301 2636 sr.
1320 2610 1344 2635 3.
1369 2609 1389 2642 5.
1412 2610 1451 2634 14.
1477 2607 1508 2634 de
1527 2607 1560 2633 A.
1586 2617 1609 2633 v.
1630 2607 1660 2633 A.
1682 2605 1710 2632 P.
1734 2608 1775 2632 41.
1795 2608 1821 2632 2.
1845 2622 1879 2626 ——-
1910 2607 1940 2640 §.
1965 2606 2000 2631 2.

1162 2654 1353 2683 Relaxario,
1383 2653 1559 2677 Libet-atio.
1601 2649 1644 2676 111.
1670 2651 1736 2677 Gn-
1764 2648 1804 2676 Ne
1828 2659 1879 2686 qua
1902 2648 1944 2675 his
1967 2663 1998 2667 —

1161 2695 1322 2732 reliquorum
1346 2693 1440 2720 laxitas
1463 2694 1623 2731 proveniret.
1649 2691 1698 2718 Tb.
1719 2691 1750 2718 C.
1769 2692 1815 2719 XI.
1836 2694 1857 2718 7.
1883 2701 1903 2718 c.
1923 2692 1946 2716 4.
1967 2690 2000 2717 de

1160 2739 1288 2765 exaction.

1195 2782 1331 2807 lmxus.
1352 2779 1480 2812 (Adiect.)
1508 2781 1654 2813 Amplns,
1676 2780 1844 2812 Copiosus.
1867 2775 1910 2802 111.
1931 2777 1998 2803 Cn.

1160 2822 1194 2849 Vt
1218 2822 1301 2849 laxior
1326 2823 1363 2849 eis
1388 2822 1479 2859 agendi
1504 2822 1614 2849 facultas
1638 2822 1672 2848 sit
1697 2831 1730 2848 ex
1754 2830 1802 2847 una
1824 2820 1927 2845 interim
1947 2824 1994 2845 vtc.
