2197 3121
962 178 1039 208 EMI
1065 196 1103 201 —
1129 178 1234 208 EMP.

1895 179 1958 210 321

233 266 341 294 Plebeii.
362 276 383 292 c.
405 267 443 292 11.
465 265 497 292 de
516 264 660 301 quaestion.
680 263 704 288 9.
717 263 758 287 41.
796 260 840 287 III.
852 260 917 288 011.
937 259 994 286 Viri
1014 260 1074 286 emi-
1095 263 1097 287 !
1118 270 1214 292 mnum,
1233 259 1389 286 Periculum.
1410 260 1440 287 fr.
1460 262 1501 287 52.
1522 261 1543 295 §
1555 261 1578 287 6.
1599 260 1629 287 fr.
1650 261 1691 286 63.
1711 260 1733 294 §.
1753 260 1776 286 8.
1796 270 1822 297 p.
1841 269 1896 286 soc.
1917 262 1957 287 17.

233 310 383 336 nentissimi
402 308 531 334 Praefecti
550 307 591 333 Pr.
611 322 643 325 —
664 306 812 341 caeterique
826 304 945 330 illustres
964 303 1073 329 iudices.

234 363 255 379 c.
275 354 299 378 2.
320 351 352 378 de
372 356 438 377 sent.
459 361 491 377 ex
510 351 590 388 peric.
611 350 634 375 7.
648 350 690 374 44.
728 348 781 383 Qui
801 347 833 373 de
853 346 940 373 officio
961 347 1074 372 eminen-

234 396 299 422 tium
318 399 479 432 potestatum
499 398 547 419 etc.
568 391 617 418 Th.
639 390 669 418 C.
686 390 754 417 VIII.
775 392 797 417 7.
819 400 839 416 c.
861 390 900 415 16.
920 398 960 425 pr.
975 388 1007 414 de
1021 387 1073 414 div.
1096 397 1097 405 ¹

233 438 278 464 off.
305 439 343 463 12.
368 439 410 463 60.
447 436 574 463 Honorati
598 439 623 460 et
643 433 752 460 urbibus
772 433 827 459 suis
847 432 999 458 eminentes.
1035 430 1072 456 Ib.

233 480 301 507 VIII.
323 482 362 506 11.
383 490 403 506 c.
423 481 446 506 3.
467 489 500 505 ne
519 488 561 515 qu.
581 477 643 515 pub.
664 477 745 503 laetit.

269 522 502 549 Eminentia.
540 521 570 553 ξ.
590 522 625 546 1.
645 521 850 554 Faetigiam,
872 518 1009 544 Cnlmen.
1029 515 1072 542 III.

234 567 301 593 Gn.
321 565 363 591 Ad
382 564 452 591 sedis
472 569 530 590 tuae
550 563 716 589 eminentiam
739 562 843 587 mittant
862 558 1073 597 (provinciales.)

235 608 271 634 lb.
291 607 348 634 XII.
375 609 413 633 12.
434 617 455 633 c.
474 608 498 632 3.
523 606 555 632 de
579 605 654 642 legat.
676 609 701 631 et
721 604 790 631 decr.
812 620 841 623 —
864 604 895 636 ἓ.
914 604 949 629 2.
975 605 1073 629 Prae-

230 652 388 687 ferentia.
424 648 467 675 111.
488 650 552 676 Gn.
580 648 630 675 Per
653 647 819 674 eminentiam
839 646 926 678 (dici.)
946 645 1007 682 le.
1027 644 1072 670 XI.

234 697 259 720 3.
287 709 318 713 —-
343 693 373 726 §.
394 693 430 718 3.
455 693 588 718 Titulus
607 692 752 722 honoris,
772 691 820 716 vel
838 690 1030 724 dignitatis.
1055 687 1073 713 1.

236 738 296 771 Sy.
310 734 486 763 Providentia.
507 734 661 761 Sublimitas
681 732 757 766 (tua.)
777 742 798 758 c.
812 733 835 758 6.
858 732 890 758 de
909 730 1016 768 aquaed.
1034 732 1073 756 ll.

235 780 276 805 42.
314 777 426 804 Culmen
446 776 628 815 (Principale.)
648 774 715 802 Nov.
737 776 794 801 143.
815 785 854 812 pr.
886 774 929 801 111.
945 775 1010 802 Gn.
1024 773 1075 799 Ex-

236 820 334 848 cellens
354 821 492 846 eminentia
511 825 554 847 tua
575 833 604 836 —
625 819 726 845 cunctis
740 817 816 844 saciat
835 818 1009 844 innotescere.
1024 816 1074 842 Th.

235 863 266 890 C.
285 863 330 889 IX.
349 864 391 890 38.
412 874 432 890 c.
454 864 477 889 9.
499 862 531 889 de
550 861 647 898 indulg.
673 862 744 887 crim.
783 860 896 887 Sublimi
921 860 1076 887 eminentiae

234 911 293 932 tuae
313 916 415 931 sacrum
436 906 519 931 nostri
533 905 645 931 numinis
660 904 784 930 iudicium
804 902 961 939 delegamus.
982 902 1075 929 1b.X1.

233 950 275 976 30.
296 959 317 975 c.
338 950 379 975 49.
400 948 432 974 de
451 958 509 985 app.
531 953 556 974 et
575 957 651 984 poen.

268 992 461 1018 Eminere.
499 991 529 1023 ξ.
556 991 590 1016 l.
628 991 830 1021 Prominere,
850 991 1016 1016 Protendi.
1055 988 1074 1015 1.

234 1036 297 1069 Sy.
334 1034 401 1060 Esse
424 1043 503 1069 supra
527 1032 665 1065 (terram.)
690 1031 721 1058 fr.
747 1034 786 1058 10.
812 1032 898 1058 arbor.
923 1032 983 1058 furt.
1008 1042 1075 1058 caeS.

233 1079 275 1103 47.
296 1079 319 1103 7.
357 1076 400 1103 III.
421 1077 486 1103 Gn.
514 1075 551 1101 Vt
570 1075 674 1101 duobus
694 1073 782 1111 digitis
798 1076 932 1101 summitas
952 1074 999 1101 lini
1018 1075 1077 1101 reti·

234 1124 334 1151 neatur,
354 1123 407 1145 tres
427 1118 522 1155 reliqui
535 1118 612 1144 liberi
631 1118 663 1144 ad
677 1123 858 1154 susceptorem
872 1119 1010 1149 emineant,
1029 1128 1077 1144 nec

234 1162 352 1200 pondera
371 1161 526 1199 deprimant.
547 1161 597 1187 Th.
618 1160 648 1188 C.
668 1160 726 1187 XII.
752 1162 775 1188 7.
801 1171 822 1187 c.
849 1163 871 1187 l.
897 1160 930 1187 de
949 1160 1077 1198 pondera-

234 1211 284 1232 tor.
316 1221 347 1226 —
379 1206 410 1239 §0
429 1206 464 1231 ².
502 1206 678 1231 Excellere.
716 1203 760 1230 III.
778 1205 844 1231 Cn.
868 1203 897 1230 Iu
917 1203 1076 1235 civitatibus,

234 1259 301 1286 quae
319 1248 423 1285 pollent
442 1253 468 1274 et
488 1249 610 1274 eminent.
648 1247 685 1273 lb.
705 1246 774 1273 XIII.
798 1248 824 1273 3.
851 1257 871 1273 c.
893 1248 932 1273 11.
957 1246 990 1273 de
1008 1246 1075 1284 pros.

234 1297 260 1318 et
279 1291 372 1318 medic.

268 1334 483 1361 Ennisenus.
516 1332 645 1366 (Adiect.)
683 1333 729 1359 Ad
747 1334 896 1360 Emesam
915 1339 1075 1367 spectans,

235 1379 354 1412 Syriae
373 1378 549 1403 civitatem.
587 1375 630 1401 III.
653 1376 719 1403 Cn.
747 1375 879 1407 Emisena.
900 1386 921 1402 e.
940 1376 1077 1402 Emiseno-

233 1429 300 1452 rum,
321 1419 412 1446 civitas
432 1418 586 1445 Phoenices.
606 1417 637 1444 fr.
658 1420 681 1445 l.
702 1418 723 1452 §.
744 1420 767 1445 4.
788 1418 818 1445 fr.
837 1420 861 1445 8.
882 1419 903 1453 ξ,
923 1419 946 1444 6.
967 1417 1000 1444 de
1020 1428 1077 1445 cen-

233 1462 284 1489 sib.
303 1464 345 1488 50.
366 1463 406 1488 15.
444 1460 511 1488 Nov.
533 1461 582 1488 Th.
603 1461 633 1488 II.
658 1471 691 1488 ne
716 1461 804 1488 decur.
830 1461 863 1488 ad
886 1461 975 1488 Sonat.
994 1461 1012 1488 Ι.
1034 1463 1076 1488 15.

234 1515 255 1532 c.
274 1507 299 1531 2.
319 1505 341 1538 §.
362 1506 384 1531 1.

268 1548 469 1575 Emittere.
493 1547 525 1581 §.
546 1548 581 1573 1.
607 1549 709 1574 Foras
728 1549 871 1579 mittere.
893 1549 1076 1575 Dimittere.

234 1590 253 1617 I.
273 1592 335 1625 Sy.
368 1590 497 1627 Spiritum
518 1591 643 1616 emittere.
680 1590 825 1617 Decedere.
863 1590 960 1617 Perire.
985 1591 1015 1617 fr.
1037 1593 1077 1618 18.

234 1643 275 1670 pr.
303 1633 336 1659 de
364 1633 418 1659 reb.
448 1632 509 1659 dub.
537 1634 579 1659 31.
603 1635 627 1659 5.
665 1632 708 1659 111.
733 1634 799 1661 Cn.
825 1632 982 1666 Columbae,
1012 1644 1078 1671 quae

236 1677 319 1702 emitti
339 1676 427 1703 solent
446 1675 479 1702 de
492 1675 662 1702 columbario.
682 1675 712 1702 sr.
727 1677 750 1702 8,
771 1676 792 1710 ξ.
809 1678 831 1703 1.
851 1676 909 1704 fam.
930 1678 1021 1704 ercisc.
1036 1680 1076 1704 10.

234 1720 259 1745 2.
297 1718 350 1754 Qui
370 1735 401 1738 —
422 1720 448 1745 in
467 1718 570 1745 vincula
592 1720 740 1745 coniectum
759 1720 883 1746 emiserit.
904 1719 934 1747 fr.
949 1722 972 1746 4.
992 1731 1031 1757 pr.
1046 1720 1077 1746 ad

235 1760 264 1787 L.
285 1760 332 1788 lul.
352 1763 410 1788 mai.
430 1762 471 1788 48.
490 1763 514 1788 4.
528 1778 556 1782 —
570 1763 601 1795 ᾖ.
622 1763 657 1788 2.
679 1763 861 1795 Celebrare,
881 1765 1077 1797 Proponere,

236 1806 460 1839 Promulgare.
496 1804 515 1830 1.
539 1805 600 1839 Sy.
637 1804 747 1836 Facere,
768 1805 892 1831 Scribere
911 1805 1035 1838 (litteras,
1056 1815 1077 1832 s.

236 1846 398 1884 epistolam.)
422 1846 452 1873 sr.
473 1849 496 1872 5.
516 1848 538 1880 §.
557 1849 580 1873 3.
608 1847 638 1873 fr.
660 1849 699 1873 13.
724 1848 746 1881 §.
767 1849 790 1874 5.
816 1847 845 1874 fr.
865 1849 907 1873 24.
932 1847 965 1874 de
984 1858 1077 1885 pecun.

236 1894 322 1916 const.
343 1892 383 1916 13.
403 1892 427 1916 5.
453 1889 483 1916 fr.
502 1891 544 1916 37.
569 1890 606 1924 ἐξ.
632 1891 654 1916 l.
673 1891 697 1916 3.
717 1889 750 1916 de
769 1889 845 1927 legat.
864 1889 907 1916 III.
928 1891 995 1923 (32.)
1032 1891 1078 1917 Di-

236 1934 328 1969 rigere.
350 1932 391 1959 Cf.
412 1933 436 1958 h.
456 1943 481 1959 v.
503 1933 524 1966 ξ.
544 1934 568 1959 2.
606 1932 698 1959 Manus
723 1934 825 1959 emissa.
863 1932 966 1959 Cautio.
987 1933 1017 1959 fr.
1038 1935 1078 1960 15.

236 1975 270 2003 de
289 1975 392 2013 probat.
412 1977 454 2002 22.
473 1977 497 2002 3.
534 1975 577 2002 Ill.
599 1977 664 2003 Cn.
693 1974 722 2001 Si
750 1975 821 2012 quod
843 1977 1046 2003 instrumentum
1064 1988 1077 2003 a

238 2024 264 2046 te
283 2021 416 2046 emissum.
438 2019 467 2045 fr.
487 2020 528 2045 47.
549 2019 570 2053 ξ.
592 2021 614 2044 l.
635 2018 667 2045 de
686 2023 754 2055 pact.
774 2021 798 2044 2.
819 2020 859 2045 14.
888 2018 924 2045 Vt
936 2030 985 2057 pro
999 2021 1079 2046 omni-

238 2062 288 2088 bus
308 2062 396 2089 fundis
416 2062 543 2088 securitas
563 2063 667 2088 emissis
688 2061 853 2088 cautionibus
873 2062 956 2089 detur.
977 2062 1026 2089 Th.
1047 2062 1078 2089 C.

238 2104 297 2131 XII.
317 2106 340 2131 6.
367 2115 387 2131 c.
408 2107 432 2130 2.
457 2114 496 2141 pr.
518 2115 539 2130 c.
560 2107 601 2131 27.
627 2115 666 2142 pr.
687 2115 708 2131 c.
727 2106 768 2131 32.
793 2105 815 2138 §.
836 2106 858 2131 1.
879 2105 911 2131 de
931 2110 1078 2142 susceptor.

239 2145 406 2184 Rescriptum
425 2148 549 2173 emissum
569 2147 609 2174 ad.
641 2147 756 2174 Litterae
774 2147 915 2185 Principis.
935 2159 1000 2185 quas
1020 2150 1079 2175 emi-

241 2189 276 2214 sit
294 2189 332 2215 ad.
352 2190 382 2217 fr.
403 2192 426 2216 1.
446 2191 467 2224 ξ.
487 2191 511 2216 3.
532 2189 565 2216 de
584 2192 729 2227 quaestion.
750 2191 790 2216 48.
813 2193 852 2217 18.
874 2190 903 2217 fr.
917 2193 941 2217 5.
960 2191 982 2224 ξ.
1005 2193 1025 2218 l.
1047 2191 1079 2218 de

241 2232 297 2257 iure
316 2233 420 2259 immun.
441 2235 482 2259 50.
503 2234 527 2259 6.
549 2233 579 2259 cs.
600 2233 629 2259 fr.
652 2236 691 2260 15.
712 2233 744 2259 de
764 2233 845 2259 fundo
865 2233 919 2259 dot.
932 2235 973 2260 23.
987 2236 1010 2260 5.
1039 2235 1079 2261 Ex

242 2274 324 2299 sacris
350 2277 582 2303 constitutionibus
606 2276 773 2303 multifariam
799 2278 911 2303 emissis.
937 2276 1021 2304 Vatic.
1041 2278 1078 2312 §§.

245 2317 301 2342 134.
321 2317 380 2342 2-17-
416 2317 602 2356 Adpellatione
622 2320 724 2347 emissa.
745 2319 851 2346 libellos
865 2319 969 2346 oblatos
983 2321 1079 2347 andire.

243 2358 293 2384 Th.
317 2357 347 2384 C.
367 2358 412 2384 XI.
431 2361 471 2387 30.
492 2372 512 2388 c.
533 2364 574 2388 58.
594 2363 615 2396 §.
637 2364 658 2388 1.
679 2362 712 2389 de
731 2373 789 2400 app.
811 2367 837 2388 et
855 2372 930 2399 poen.
962 2363 1081 2390 Evectio-

243 2410 290 2427 ¹188
310 2402 434 2427 (ῚΠῙῐῑΕΓΕ-
454 2402 490 2430 Ib.
511 2404 578 2431 VIII.
599 2407 622 2431 5.
644 2416 665 2432 c.
686 2407 727 2432 33.
748 2416 787 2443 pr.
808 2405 840 2432 de
860 2416 938 2432 cursu
956 2406 1018 2443 pub.

278 2444 583 2474 Emolimentum.
621 2450 866 2485 Aedificioram
894 2452 999 2475 moles.
1036 2448 1079 2475 ΠΙ.

245 2488 310 2514 011.
330 2486 433 2513 Novum
456 2496 523 2523 Opus
542 2491 586 2525 qui
604 2491 677 2518 volet
696 2492 723 2518 in
742 2492 806 2518 urbe
825 2491 924 2523 moliri,
944 2507 976 2510 —
996 2491 1081 2518 absol-

244 2534 300 2559 vat.
324 2539 377 2555 non
396 2531 537 2556 contractis
556 2534 688 2560 veteribus
713 2534 896 2565 emolimentis.
918 2533 962 2567 [al.
983 2534 1080 2561 emolu-

245 2572 360 2604 mentis‚]
376 2582 428 2598 non
441 2572 546 2599 effossis
560 2574 686 2602 nobilium
705 2587 814 2614 operum
830 2577 1080 2604 substructionibus.

246 2614 296 2640 Th.
317 2614 347 2640 C.
368 2613 427 2640 XV.
448 2617 470 2641 l.
490 2625 510 2642 c.
533 2617 572 2642 19.
593 2616 624 2643 de
643 2628 702 2655 opp.
722 2621 784 2657 pub.

280 2658 599 2685 Emolumentum.
636 2661 667 2693 ᾖ.
686 2663 720 2688 l.
741 2664 954 2696 Commodum,
984 2665 1081 2690 Vtili-

247 2706 306 2726 tas.
343 2699 360 2725 I.
385 2701 446 2734 Sy.
471 2699 596 2733 Lucrum,
617 2701 797 2733 Commodum.
820 2706 851 2733 fr.
870 2708 912 2734 29.
932 2706 962 2733 fr.
982 2708 1024 2733 52.
1043 2707 1080 2741 §§.

246 2744 270 2768 5.
291 2752 329 2779 sq.
350 2752 374 2779 p.
396 2752 450 2768 soc.
471 2744 511 2769 17.
529 2745 555 2770 2.
579 2744 609 2771 fr.
628 2746 652 2772 3.
676 2755 715 2783 pr.
740 2747 771 2774 fr.
789 2751 829 2775 17.
855 2750 877 2783 §.
901 2751 925 2775 2.
955 2749 987 2776 de
1010 2759 1081 2776 usur.

246 2786 288 2810 22.
309 2787 331 2811 1.
370 2785 531 2812 Beneficium
551 2786 633 2824 (legis
657 2788 813 2823 Falcidiae.)
836 2791 867 2818 fr.
887 2793 928 2818 47.
955 2793 976 2826 ᾗ.
1004 2795 1025 2819 l.
1050 2793 1080 2819 fr.

248 2828 288 2853 56.
313 2828 334 2861 §.
354 2830 376 2854 5,
401 2828 431 2854 fr.
457 2830 497 2855 59.
522 2839 561 2866 pr.
587 2830 619 2856 ad
637 2830 665 2857 L.
691 2830 760 2858 Falc.
779 2834 820 2859 35.
839 2836 863 2860 2.
893 2835 925 2861 11.
945 2837 1012 2869 Op.
1031 2836 1083 2862 Da-

1118 305 1142 329 2.
1163 303 1194 329 fr.
1216 305 1254 329 10.
1275 302 1308 329 de
1326 302 1416 330 hcred.
1436 313 1460 330 v.
1480 308 1528 330 act.
1548 303 1625 330 vend.
1646 303 1686 329 18.
1705 304 1729 329 4.
1768 302 1852 329 Onus.
1872 302 1903 329 fr.
1917 305 1958 330 14.

1119 346 1140 380 ξ.
1161 348 1183 372 5.
1205 345 1237 372 ad
1256 345 1283 372 S.
1305 345 1335 372 C.
1356 345 1436 372 Trcb.
1456 348 1497 372 36.
1518 348 1540 372 1.
1576 346 1618 372 ΠΙ.
1647 347 1713 374 (7η.
1739 346 1820 381 Quod
1838 346 1906 373 forte
1923 346 1959 372 le—

1118 393 1177 425 gato
1201 393 1328 426 percepto
1351 398 1472 425 magnum
1496 389 1698 415 emolumentum
1723 399 1755 415 ex
1775 389 1863 425 aliquo
1882 399 1959 426 nego-

1118 433 1155 458 tio
1175 436 1332 459 consecutus
1352 436 1405 463 est,
1430 436 1474 458 aut
1497 441 1608 468 poenam
1627 431 1806 469 stipulationis
1825 433 1960 459 imminen-

1119 479 1171 501 tem
1191 476 1282 501 evasit.
1307 475 1337 501 fr.
1358 477 1398 501 70.
1423 475 1445 508 ξ.
1467 476 1488 500 l.
1509 474 1542 500 (1(ἱ
1560 474 1635 510 legat.
1655 474 1685 501 11.
1706 475 1782 509 (31.)
1818 474 1905 501 Grave
1923 476 1960 502 vi-

1119 517 1242 549 debatur,
1271 523 1297 544 et
1322 519 1472 554 ignorantes
1497 522 1523 543 et
1547 518 1644 543 invitos
1669 522 1783 551 tutores,
1807 519 1856 545 sub
1881 518 1960 545 alieni

1118 560 1266 597 compendii
1286 560 1471 591 emolumento,
1492 561 1569 586 etiam
1588 561 1732 597 periurium
1746 572 1841 599 anceps
1861 561 1959 588 subire.

1095 617 1097 636 ¹.
1118 603 1148 629 sr.
1168 606 1192 629 4.
1216 614 1256 640 pr.
1281 604 1313 630 de
1332 605 1358 630 in
1380 603 1419 630 lit.
1439 604 1486 629 iur.
1509 604 1548 629 12.
1567 604 1591 628 3.
1629 602 1749 629 Societas
1769 620 1800 624 ——
1820 604 1892 631 nulla
1911 609 1960 637 est,

1119 656 1166 672 nec
1186 662 1217 666 -—
1238 646 1358 673 emolum.
1379 656 1407 672 ea
1427 644 1571 672 liberalitas
1585 645 1727 672 —habere
1746 648 1851 684 poterit.
1871 647 1901 674 sr.
1917 648 1959 674 32.

1119 690 1140 723 ξ.
1160 691 1202 715 24.
1223 689 1255 716 de
1275 689 1363 715 donat.
1383 690 1430 715 int.
1444 688 1476 715 V.
1490 690 1531 714 24.
1552 690 1575 714 l.
1611 689 1665 715 Eos
1685 689 1796 716 heredes
1815 691 1960 722 institutoS.

1120 732 1167 759 sed
1186 732 1362 759 emolumento
1380 733 1533 769 portionum
1547 736 1642 758 eventu
1656 734 1803 769 nuptiarum
1822 733 1960 760 discretos.

1119 775 1150 801 fr.
1170 777 1211 801 24.
1232 775 1265 802 de
1284 775 1360 802 cond.
1381 776 1442 801 inst.
1461 776 1503 801 28.
1524 776 1547 801 7.
1583 774 1624 800 Ex
1644 776 1840 803 accessionibus
1860 776 1962 803 heredi-

1120 819 1194 844 tariis
1215 817 1381 844 emolument.
1401 818 1537 855 praestari.
1558 816 1588 844 fr.
1609 819 1650 844 50.
1671 818 1703 844 ad
1722 818 1749 844 S.
1770 818 1801 845 C.
1821 818 1900 846 Treb.
1919 821 1960 846 36.

1122 863 1144 887 l.
1181 861 1297 887 Donatio
1322 871 1379 887 cum
1406 862 1475 887 omui
1500 870 1547 886 suo
1572 860 1756 888 emolumento.
1781 861 1811 888 fr.
1836 864 1876 888 11.
1896 863 1917 896 ξ,
1936 864 1961 889 3.

1121 903 1154 930 de
1173 903 1225 929 don
1244 904 1291 929 int.
1311 902 1343 929 V.
1362 904 1404 929 24.
1426 905 1447 929 1.
1484 903 1514 929 In
1533 908 1633 930 tantum
1652 904 1745 941 populi
1764 905 1856 931 usibus
1874 905 1963 942 prosu—

1121 952 1178 973 tura
1197 947 1360 983 provisionis
1384 951 1490 972 nostrae
1513 946 1685 973 emolumenta
1711 949 1883 984 porreximus.
1911 947 1961 974 Th.

1121 989 1152 1016 C.
1172 989 1218 1016 XI.
1237 991 1261 1016 2.
1291 999 1312 1015 c.
1331 991 1355 1015 2.
1384 989 1406 1022 ξ
1432 991 1454 1015 1.
1479 994 1508 1015 ut
1532 989 1622 1016 tribut.
1647 991 1673 1016 in
1697 992 1747 1028 ips.
1769 1001 1840 1028 spec.
1878 990 1963 1018 Cuius

1121 1034 1267 1059 sententiae
1284 1032 1311 1058 id
1329 1033 1378 1058 erit
1397 1031 1483 1064 emol.‚
1506 1037 1534 1058 ut
1554 1037 1601 1059 etc.
1621 1032 1651 1059 fr.
1673 1035 1712 1060 10.
1733 1034 1790 1068 §‚3‚
1810 1033 1843 1060 de
1861 1035 1888 1060 in
1907 1044 1963 1061 rem

1121 1086 1208 1102 verso.
1231 1078 1270 1102 15.
1290 1076 1315 1101 3.
1330 1090 1363 1095 —
1377 1075 1408 1107 §-
1423 1075 1458 1101 2.
1479 1076 1670 1108 Stipendia,
1690 1078 1850 1104 Annonae.
1870 1077 1888 1103 1.
1901 1079 1963 1112 Sy.

1122 1118 1299 1156 Compendia,
1319 1117 1477 1148 Commoda.
1498 1117 1680 1144 Emolumenta
1701 1120 1862 1152 (annonaria,
1881 1130 1901 1146 s.
1921 1130 1964 1146 an-

1121 1162 1269 1195 nonarum.)
1289 1160 1339 1187 Th.
1360 1160 1391 1187 C.
1411 1159 1480 1186 XIII.
1505 1162 1530 1186 3.
1555 1171 1576 1187 c.
1601 1162 1624 1187 8.
1650 1171 1688 1198 pr.
1710 1172 1730 1187 c.
1750 1164 1773 1189 9.
1794 1163 1815 1196 ξ.
1837 1165 1859 1189 1.
1880 1174 1900 1190 c.
1922 1165 1962 1189 ll.

1122 1205 1154 1232 de
1173 1204 1240 1231 med.
1261 1209 1286 1230 et
1305 1203 1372 1241 prof.
1410 1203 1453 1229 111.
1474 1204 1540 1231 (711.
1564 1203 1700 1235 Annonae,
1720 1205 1762 1231 vcl
1781 1205 1963 1232 emolumenta.

1121 1247 1318 1279 Emolumenta,
1345 1251 1499 1282 caeteraque
1518 1246 1680 1284 compendia.
1704 1247 1741 1274 Ib.
1762 1247 1817 1274 Vll.
1837 1250 1860 1275 4.
1882 1259 1902 1275 c.
1921 1251 1963 1275 27.

1122 1291 1154 1318 de
1174 1301 1243 1327 erog.
1262 1289 1316 1317 mil.
1337 1300 1430 1316 aunon.
1442 1289 1509 1316 VIII.
1529 1291 1553 1316 9.
1574 1300 1595 1316 c.
1615 1292 1638 1316 2.
1664 1290 1696 1318 de
1716 1290 1781 1318 lucr.
1796 1291 1867 1318 offic.
1887 1292 1964 1318 Emo-

1121 1335 1246 1361 lumentis
1266 1334 1395 1365 contenti,
1420 1342 1486 1369 quae
1509 1337 1627 1370 tempore
1651 1333 1759 1360 militiae
1780 1340 1963 1372 perceperunt.

1121 1377 1158 1404 lb.
1179 1377 1221 1403 Vl.
1241 1379 1283 1403 20.
1303 1387 1324 1403 c.
1345 1378 1367 1403 l.
1394 1375 1426 1403 de
1446 1375 1543 1402 Comit.
1570 1376 1626 1403 ord.
1650 1387 1690 1414 pr.
1709 1377 1767 1404 XII.
1792 1378 1815 1404 6.
1835 1388 1856 1404 c.
1875 1379 1917 1405 28.
1931 1378 1964 1405 dc

1122 1425 1270 1458 susceptor.

1156 1464 1372 1490 Emortuus.
1392 1462 1513 1496 (Partic.)
1527 1464 1708 1489 Exstincto
1716 1473 1733 1489 s.
1748 1463 1865 1491 111οη.
1880 1464 1965 1500 Quae-

1122 1508 1238 1537 stiones,
1258 1511 1405 1542 temporum
1429 1506 1554 1532 varietate
1582 1504 1720 1541 longorum
1744 1516 1854 1543 prorsus
1883 1517 1965 1534 emor—

1123 1555 1190 1577 tuae.
1210 1549 1246 1575 lb.
1267 1548 1338 1575 XVI.
1360 1551 1383 1575 7.
1404 1559 1424 1575 c.
1444 1550 1468 1575 3.
1489 1549 1510 1583 ξ.
1532 1550 1554 1574 1.
1576 1547 1608 1574 (le
1628 1553 1739 1585 apostat.

1157 1592 1500 1625 Emphanisticum.
1551 1593 1667 1618 Pensio
1698 1602 1714 1617 a
1745 1594 1875 1619 clericis
1904 1603 1964 1627 pro

1123 1637 1373 1663 consecratione
1396 1636 1605 1669 praestanda.
1642 1633 1685 1660 111.
1711 1635 1777 1661 Cn.
1805 1634 1834 1661 Si
1859 1635 1965 1671 quidem

1122 1689 1229 1715 magnae
1252 1677 1379 1704 ecclesiae
1408 1677 1520 1703 clericus
1546 1678 1592 1704 sit.
1623 1676 1812 1713 emphanistica
1838 1684 1964 1715 praestet,

1123 1731 1189 1758 quae
1209 1731 1241 1747 ex
1261 1719 1451 1747 consuetudine
1470 1720 1599 1757 praestari
1612 1724 1724 1756 oportet.
1744 1720 1835 1747 Iulian.
1850 1732 1889 1758 ep.
1903 1731 1964 1748 nov.

1124 1775 1145 1791 c.
1165 1766 1206 1790 50.
1227 1764 1248 1797 ξ.
1270 1764 1327 1789 191,

1157 1805 1435 1839 Emphyteusis.
1473 1807 1528 1832 Ius
1556 1807 1589 1832 in
1617 1816 1698 1841 agro
1725 1808 1846 1839 alieno,
1876 1809 1965 1834 circa

1124 1860 1211 1876 usum
1239 1851 1287 1875 rei
1315 1854 1344 1874 et
1366 1849 1499 1884 fructus
1529 1851 1775 1883 percipiendos,
1803 1859 1870 1876 cum
1898 1852 1964 1884 ple-

1123 1902 1193 1919 num
1218 1898 1282 1918 tum
1307 1893 1509 1917 diuturnum.
1547 1891 1564 1917 1.
1595 1892 1656 1925 Sy.
1692 1891 1736 1918 Ius
1761 1892 1965 1929 emphyteutica—

1123 1936 1198 1961 rium.
1218 1945 1239 1961 c.
1261 1936 1282 1960 1.
1303 1933 1335 1960 dc
1362 1935 1418 1960 iure
1443 1934 1558 1971 emphyt.
1582 1936 1606 1960 4.
1627 1936 1668 1961 66.
1704 1935 1748 1962 III.
1772 1937 1838 1963 Gn.
1875 1936 1966 1962 Domi-

1124 1979 1203 2009 nium,
1223 1977 1265 2003 vel
1286 1976 1477 2014 emphyteusin,
1497 1977 1539 2003 vel
1557 1977 1758 2005 conductionem
1777 1989 1885 2005 merere.
1905 1989 1926 2005 c.
1940 1980 1963 2005 8.

1124 2020 1156 2047 de
1176 2020 1247 2046 fund.
1263 2021 1366 2057 patriin.
1383 2022 1421 2046 11.
1437 2022 1478 2046 61.
1516 2020 1667 2047 Fundorum
1680 2022 1901 2058 patrimonialium
1915 2032 1965 2048 em-

1124 2063 1272 2101 phyteusis.
1294 2074 1314 2089 c.
1336 2065 1358 2089 7.
1379 2063 1414 2089 ib.
1436 2065 1475 2090 ll.
1496 2064 1536 2090 61.
1574 2063 1641 2096 Res,
1661 2074 1727 2100 quae
1745 2075 1793 2101 per
1812 2065 1965 2102 emphyteu-

1124 2108 1165 2133 sin
1185 2106 1243 2133 data
1264 2111 1311 2132 est.
1331 2116 1352 2132 c.
1374 2108 1396 2132 1.
1417 2106 1449 2132 de
1468 2107 1524 2133 iure
1544 2106 1630 2143 emph.
1650 2108 1672 2133 4.
1687 2108 1728 2133 66.
1766 2107 1900 2139 Venditio,
1920 2108 1966 2135 do—

1124 2151 1207 2178 natio.
1227 2151 1398 2186 permutatio,
1418 2154 1443 2176 et
1467 2149 1671 2186 emphyteuseos
1695 2154 1839 2186 perpetuus
1864 2156 1964 2177 contra-

1124 2198 1190 2219 ctus.
1210 2192 1249 2219 lul
1277 2203 1317 2230 ep.
1338 2202 1397 2219 nov.
1418 2203 1438 2218 c.
1460 2194 1482 2218 7.
1503 2192 1540 2226 ἓξ.
1559 2194 1601 2218 32.
1620 2193 1661 2218 34.
1918 2222 1921 2225 ,

1158 2236 1426 2269 Emphyteuta.
1460 2237 1612 2267 colonus,
1633 2237 1702 2261 iure
1721 2238 1963 2272 emphyteuseos

1122 2281 1306 2313 praeditus.
1334 2277 1352 2304 1.
1373 2279 1434 2312 Sy.
1454 2277 1720 2314 Emphyteuticarins.
1741 2278 1774 2310 Is,
1794 2281 1838 2315 qui
1858 2279 1963 2316 emphy-

1124 2323 1212 2348 teusin
1233 2322 1359 2357 suscepit.
1380 2331 1401 2347 c.
1421 2323 1444 2346 5.
1465 2320 1497 2346 de
1516 2320 1587 2346 fund.
1606 2322 1709 2358 patrim.
1725 2323 1764 2347 11.
1778 2323 1818 2348 61.
1839 2332 1859 2348 c.
1881 2324 1902 2347 l.
1922 2331 1962 2358 sq.

1125 2365 1157 2391 de
1177 2366 1234 2391 iure
1254 2363 1340 2401 emph.
1361 2365 1386 2389 4.
1405 2364 1446 2389 66.

1159 2405 1546 2440 Emphyteuficarius.
1583 2408 1632 2434 Ad
1652 2408 1873 2442 emphyteusin
1895 2416 1962 2440 spe-

1124 2457 1223 2477 ctans.
1260 2448 1303 2474 III.
1320 2450 1385 2476 Gn.
1404 2448 1646 2485 Emphyteuticaria
1664 2450 1781 2487 praedia.
1801 2453 1827 2475 et
1845 2458 1911 2485 quae
1930 2448 1963 2475 ad

1126 2493 1286 2530 privatarum
1306 2502 1392 2518 rerum
1412 2496 1560 2518 nostrarum
1579 2503 1689 2530 corpora
1707 2492 1845 2529 pertinent.
1866 2491 1915 2518 Th.
1929 2491 1961 2518 C.

1125 2535 1169 2562 IV.
1189 2537 1213 2561 9.
1235 2545 1256 2561 c.
1275 2536 1299 2561 3.
1325 2534 1357 2561 ad
1381 2534 1408 2561 S.
1429 2534 1459 2561 C.
1480 2534 1572 2562 Claud.
1612 2535 1734 2561 Omnium
1758 2544 1843 2560 rerum
1861 2539 1962 2560 nostra-

1126 2589 1190 2609 rum.
1211 2583 1236 2604 et
1254 2579 1336 2604 totius
1355 2579 1529 2615 perpetuarii.
1555 2578 1578 2604 h.
1600 2589 1620 2604 e.
1640 2576 1878 2613 emphyteuticarii,
1896 2578 1962 2604 iuris

1127 2622 1236 2648 exactio.
1262 2631 1283 2647 c.
1305 2622 1326 2646 1.
1352 2620 1384 2647 de
1408 2621 1451 2647 ofl'.
1473 2620 1546 2647 Com.
1567 2620 1593 2646 S.
1616 2619 1666 2656 pal.
1694 2621 1715 2645 1.
1734 2621 1776 2645 34.
1814 2619 1899 2646 Fundi
1918 2631 1961 2657 pa—

1127 2663 1304 2694 trimoniales.
1328 2663 1370 2689 vel
1396 2663 1627 2701 emphyteuticarii.
1654 2661 1702 2688 Tb.
1723 2661 1753 2688 C.
1774 2661 1803 2688 II.
1827 2664 1868 2688 25.
1895 2673 1915 2689 c.
1938 2665 1960 2689 1.

1128 2707 1160 2734 de
1179 2717 1270 2733 comm.
1291 2706 1342 2733 div.
1362 2706 1405 2733 XI.
1427 2708 1466 2732 16.
1488 2716 1508 2732 c.
1527 2708 1550 2730 2.
1571 2704 1603 2730 de
1622 2709 1686 2731 extr.
1706 2714 1726 2732 S.
1747 2705 1816 2732 sord.
1854 2705 1960 2737 Coloni,

1127 2750 1169 2777 vel
1189 2750 1423 2787 emphyteuticarii.
1444 2759 1464 2775 c.
1478 2750 1500 2773 5.
1515 2747 1547 2773 de
1566 2746 1638 2774 fund.
1651 2748 1753 2784 patrim.
1768 2750 1808 2774 ll.
1822 2749 1862 2774 61.
1891 2748 1960 2775 Con-

1127 2798 1226 2820 tractus
1246 2792 1504 2830 emphyteuticarius.
1520 2800 1540 2816 c.
1559 2792 1583 2816 2.
1599 2801 1637 2827 sq.
1652 2791 1684 2817 de
1703 2792 1758 2817 iure
1778 2791 1862 2828 emph.
1874 2793 1896 2818 4.
1908 2793 1947 2817 136.

1162 2834 1487 2869 Emphyteuticus.
1516 2832 1644 2867 (Adiect.)
1673 2833 1751 2860 Idem.
1780 2834 1797 2860 Ι.
1818 2836 1878 2869 Sy.
1902 2834 1959 2860 Em-

1484 2877 1515 2901 41
