2197 3121
969 154 1049 185 SUP
1063 173 1102 178 —
1116 155 1205 186 SUS.

210 240 233 264 7.
270 237 391 266 Iltcn.
411 237 491 274 Quod
510 247 589 274 supra
609 237 665 262 eius
684 240 786 272 partem
806 240 854 262 est.
876 235 906 262 fr.
929 237 952 262 1.
972 236 993 269 5.
1013 237 1056 263 36.
1078 266 1079 269 Ἰ

210 280 302 318 depos.
324 282 363 307 16.
382 282 406 307 3.
431 280 461 307 fr.
483 282 522 306 10.
547 279 579 306 ad
598 278 628 305 L.
649 278 719 305 falc.
738 280 780 305 35.
800 280 824 305 2.
850 278 881 305 cl'.
906 277 937 305 fr.
956 281 999 305 21.
1024 278 1056 305 de
1077 279 1079 298 ἕ

210 328 264 360 opt.
288 323 338 359 leg.
359 325 401 350 33.
422 325 445 349 5.
484 323 568 360 Supra
593 321 700 348 modum
724 321 869 354 (saevire.)
898 320 955 347 Gai.
975 320 994 347 Ι,
1013 322 1056 347 53.

210 365 240 392 Si
263 376 342 402 supra
366 365 575 392 iurisdictionem
599 375 672 391 suam
696 364 762 391 velit.
780 365 822 390 ius
842 363 936 390 dicere.
963 363 994 390 fr.
1012 365 1055 390 20.

210 407 243 435 de
262 408 352 434 iurisd.
371 410 396 434 2.
416 410 439 434 1.

243 452 379 484 Supra.
399 450 512 483 (Advb.)
536 451 644 482 Vltra,
665 452 809 477 Praeter.
829 448 872 475 111.
887 449 953 476 Cn.
974 448 1055 484 Quod

210 493 275 520 mihi
294 493 414 520 relictum
434 493 512 520 fuerit
531 503 620 530 supra.
640 492 711 529 quod
726 502 819 529 capere
832 501 949 528 possum.
970 491 1053 518 sr.28.

209 536 241 562 de
265 535 341 572 legat.
360 535 404 562 III.
423 537 497 569 (32.)
535 535 665 562 Met-cedis
690 535 902 562 exonerationem
926 545 975 571 pro
999 540 1053 561 rata

209 580 264 611 (sc.
284 579 442 615 consequi.)
467 588 546 616 supra
566 579 679 615 denique
699 583 746 605 ete.
774 576 803 603 l‘r.
825 578 865 602 15.
889 577 911 610 5
932 579 953 603 7.
974 577 1051 604 locat.

210 623 249 648 19.
269 623 293 648 2.

241 664 568 698 Supra-scriptus.
589 664 643 697 (Cf.
663 673 687 690 v.
707 663 801 699 Supra.
821 661 843 695 §-
857 662 895 695 2.)
934 664 1051 697 Super-

206 709 361 741 scriptus.
397 706 440 732 111.
462 708 528 734 Gn.
550 707 624 742 Quae
642 705 775 737 interleta.
796 706 853 731 sive
872 706 1050 742 suprascripta

208 749 253 782 [al.
273 749 435 786 subscripta]
457 749 531 776 dicis.
552 760 574 776 c.
596 752 635 776 12.
655 749 687 775 (18
706 752 808 774 testam.
828 750 852 774 6.
867 751 909 774 23.

243 805 462 837 Supremas.
482 803 611 837 (Adiect.)
631 804 662 837 §0
677 803 711 829 1.
733 804 774 828 Su
783 812 838 828 mm
847 812 887 828 us.
925 801 968 828 ltl.
983 803 1048 829 Cn·

205 845 248 872 Ad
267 856 414 884 supremam
434 848 561 873 actionem
581 861 612 865 -
632 846 729 872 venire.
751 844 800 871 Th.
821 844 852 871 C.
873 844 918 871 IX.
940 846 962 870 l.
983 855 1005 871 c.
1025 847 1048 870 5.

207 889 240 916 de
254 899 341 916 accus.
356 905 388 909 —
408 890 439 923 ξ.
454 891 489 916 2.
504 892 692 920 Extremus,
708 889 919 915 Nouissimas.
940 886 1048 920 1101).

206 932 318 959 Primus.
339 932 380 959 Cf.
402 932 425 959 h.
446 943 470 959 v.
491 933 512 966 5.
533 934 554 958 1.
578 931 660 957 Prior.
681 931 710 957 l'r.
733 933 771 956 11.
792 931 813 964 5.
833 932 857 956 2.
877 929 910 956 de
928 930 959 956 B.
979 929 1007 956 P.
1027 940 1048 956 s.

205 980 223 1001 t.
243 977 284 1002 37.
307 977 346 1002 11.
375 975 522 1002 Proximus.
542 974 573 1001 fr.
587 976 628 1000 34.
644 984 683 1011 pr.
704 973 736 999 de
754 973 823 1009 vulg.
843 978 869 999 et
887 983 949 1010 pup.
968 973 1010 998 28.
1024 974 1048 998 6.

204 1018 247 1045 111.
271 1019 337 1046 Cn.
364 1018 412 1045 Sol
432 1027 540 1044 occasus
560 1027 680 1054 suprema
701 1021 843 1053 tempestas
864 1021 929 1042 esto.
949 1015 979 1042 L.
999 1015 1048 1042 XII

205 1060 290 1087 Tabb.
311 1061 328 1087 I.
349 1062 372 1087 9.
409 1060 459 1087 Iam
484 1070 605 1097 suprema
632 1059 695 1085 hora
721 1061 775 1093 (sc.
801 1059 869 1085 dicta
891 1060 1048 1091 sententia.)
1069 1074 1070 1080 ι

204 1104 234 1130 fr.
257 1106 278 1130 1.
299 1104 320 1137 5.
341 1104 364 1130 8.
385 1103 436 1139 Qu.
457 1103 606 1140 adpelland.
627 1105 667 1129 49.
688 1104 710 1128 4.
736 1103 789 1137 Qui
809 1101 878 1128 diem
897 1112 1047 1138 supremum

204 1148 256 1183 agit
276 1147 347 1179 (anni
368 1146 477 1178 XXmi.)
498 1146 528 1172 t'r.
546 1148 566 1172 1.
588 1146 620 1172 de
639 1155 750 1171 manum.
766 1146 808 1171 40.
824 1147 846 1171 l.
885 1144 939 1179 Qui
958 1154 1048 1181 supre-

203 1199 261 1216 mus
281 1190 414 1215 morietur.
435 1188 466 1214 fr.
486 1190 543 1215 162.
564 1199 602 1225 pr.
623 1188 655 1214 de
675 1188 706 1214 V.
721 1187 748 1214 S.
769 1190 810 1214 50.
832 1188 870 1213 16.
901 1187 1046 1224 Suprctnus

203 1243 235 1258 ex
255 1231 390 1265 (liberis.)
411 1231 440 1257 sr.
462 1232 502 1257 78.
522 1232 544 1264 5.
563 1234 587 1257 3.
608 1231 640 1257 de
659 1231 735 1267 legat.
756 1231 784 1257 H.
806 1232 881 1263 (31.)
918 1230 1046 1267 Suprema

203 1275 336 1301 hominum
355 1274 459 1300 iudicia.
497 1274 641 1311 Supremae
661 1274 776 1300 defuncti
796 1283 898 1310 preces.
919 1273 948 1300 sr.
966 1275 990 1299 5.
1010 1279 1046 1299 te-

201 1322 274 1344 stam.
300 1317 418 1354 quemad.
444 1327 484 1354 ap.
504 1318 546 1343 29.
566 1318 589 1343 3.
614 1316 645 1343 fr.
665 1319 706 1342 55.
731 1317 752 1349 5.
772 1318 796 1342 3.
822 1317 853 1343 ad
874 1316 943 1343 S.C.
965 1316 1044 1343 Treb.

199 1361 242 1387 36.
263 1363 285 1387 1.
323 1360 468 1397 Supremae
487 1359 598 1386 tabulae.
620 1360 650 1386 l'r.
672 1360 728 1386 163.
749 1369 788 1396 pr.
809 1359 841 1385 (le
861 1359 891 1386 V.
907 1359 933 1386 S.
948 1361 989 1386 50.
1005 1360 1044 1385 16.

201 1419 234 1424 —-
253 1404 284 1438 §0
300 1405 387 1430 aaa.
409 1405 581 1437 Suprema,
601 1403 638 1440 (p.
659 1412 688 1429 sc
707 1403 778 1439 pos.)
799 1404 815 1429 i.
830 1413 849 1429 e.
867 1404 961 1429 l'itae
978 1405 1045 1429 exi-

199 1453 252 1473 tus
283 1447 406 1474 Obitus,
426 1446 469 1472 ΠΙ.
483 1446 551 1473 Cn.
571 1445 672 1471 Inimici
691 1444 823 1482 supplicio
843 1446 869 1471 in
885 1446 941 1482 ipsa
955 1456 1045 1483 supre-

199 1499 301 1516 morum
325 1499 431 1515 suorum
457 1493 529 1515 sorte
548 1488 697 1514 sociandus.
723 1487 772 1514 Th.
794 1487 824 1514 C.
845 1488 889 1515 lx.
912 1490 934 1514 l.
960 1499 980 1515 c.
1003 1491 1043 1515 19.

199 1533 221 1567 5.
244 1534 264 1558 1.
285 1532 318 1558 de
337 1542 422 1558 accus.
443 1548 475 1551 —
495 1532 525 1565 §-
541 1533 631 1558 2.Β.
652 1534 821 1565 Suprema,
843 1533 860 1557 ι’.
879 1542 899 1558 e.
923 1533 1043 1558 Volun-

199 1582 250 1602 tas
270 1577 396 1602 ultima.
434 1574 451 1601 1.
467 1576 530 1609 Sy.
549 1573 757 1605 Testamentum,
778 1574 906 1611 Suprema
926 1584 972 1600 sua
992 1576 1044 1607 (or-

199 1618 290 1644 dinare
309 1618 371 1651 etc.)
392 1617 421 1643 fr.
441 1619 482 1644 39.
503 1617 535 1643 de
555 1619 625 1654 pign.
646 1622 693 1643 act.
712 1619 751 1643 13.
773 1619 795 1644 7.
816 1618 846 1644 l'r.
865 1619 906 1644 25.
927 1618 948 1649 5.
970 1619 991 1644 l.
1012 1617 1044 1644 de

199 1660 244 1687 lib.
265 1666 291 1687 et
309 1660 398 1698 posth.
417 1661 459 1686 28.
478 1662 502 1686 2.
528 1660 558 1686 fr.
578 1662 618 1687 36.
645 1661 682 1695 55.
701 1663 726 1687 2.
746 1663 770 1687 4.
795 1660 827 1686 (18
846 1660 921 1687 milit.
942 1666 1043 1688 testam.

199 1705 241 1730 29.
264 1706 286 1730 1.
307 1721 337 1724 -
359 1704 389 1736 ξ.
405 1705 441 1729 3.
464 1705 657 1738 Supremam.
678 1703 800 1736 (Advb.)
829 1705 946 1730 Vltima
966 1707 1042 1731 loco.

199 1745 217 1772 1.
230 1747 291 1781 Sy.
306 1746 358 1781 Qui
373 1756 511 1783 supremus
525 1747 643 1772 moritur.
663 1745 821 1783 Supremum
835 1748 958 1773 moriens„
978 1746 1008 1773 fr.
1019 1748 1042 1773 9.

198 1799 238 1826 pr.
259 1789 290 1815 de
309 1789 364 1815 reb.
385 1788 447 1815 dub.
460 1790 501 1815 34.
521 1791 545 1815 5.

233 1833 342 1858 Sura.
380 1833 463 1858 Pars
484 1833 656 1866 posterior
674 1833 809 1858 Ιιιιιιιαηί
826 1834 950 1865 cruris,
970 1843 1041 1859 car-

199 1877 315 1901 nosior.
353 1873 395 1900 111.
412 1875 478 1902 Cn·
498 1874 604 1900 Minime
623 1875 648 1900 in
669 1876 725 1900 eius
740 1874 805 1901 facie
821 1875 960 1907 scribatur.
980 1876 1040 1902 dum

199 1922 225 1943 et
243 1918 269 1943 in
288 1917 408 1944 manibus
429 1922 455 1943 et
473 1918 499 1943 in
518 1918 588 1943 suris
608 1919 701 1954 possit.
728 1917 777 1944 Th.
798 1918 828 1944 C.
848 1918 893 1944 IX.
913 1921 954 1945 40.
975 1930 996 1945 c.
1016 1921 1041 1945 2.

198 1960 230 1986 de
269 1970 325 1986 orn.

231 1971 387 2030 Spurdus.
428 2004 490 2036 Qui
512 2005 642 2029 aurium
666 2014 760 2030 sensu
779 2011 875 2031 caret.
912 2004 955 2032 HI.
974 2007 1039 2033 (711.

198 2045 301 2072 Surdus
321 2062 351 2065 -
371 2045 451 2071 verba
471 2045 581 2071 familiae
601 2047 708 2072 emtoris
728 2047 852 2073 exaudire
871 2058 923 2074 non
943 2053 1039 2085 potest.

198 2088 258 2126 le.
274 2089 332 2115 XX.
351 2090 388 2115 13.
418 2088 521 2114 Surdus
536 2104 568 2108 -—
582 2099 629 2126 per
647 2089 766 2115 morbum
788 2090 852 2116 nihil
871 2091 951 2117 audit.
971 2092 1000 2118 l'r.
1015 2094 1038 2118 3.

198 2131 220 2164 5.
234 2134 257 2158 ὃ.
278 2132 310 2158 de
330 2131 395 2158 S.C.
416 2131 498 2157 Silan.
517 2133 558 2157 29.
573 2134 597 2157 5.
617 2132 646 2158 fr.
663 2134 684 2159 l.
705 2133 759 2168 Qui
778 2137 804 2158 et
822 2143 835 2159 a
855 2143 898 2170 qu.
917 2144 983 2160 man.
998 2136 1038 2161 40.

198 2174 221 2199 9.
242 2173 353 2206 Surdus,
373 2179 399 2200 et
417 2179 513 2205 mutus,
534 2175 555 2200 si
576 2175 601 2200 in
621 2179 703 2201 toturn
725 2185 777 2201 non
795 2176 909 2208 audiant,
930 2182 1038 2204 autnon

198 2215 345 2252 loquantur.
371 2218 400 2244 fr.
421 2219 444 2243 7.
470 2218 491 2251 5.
515 2219 534 2243 1.
560 2217 591 2243 de
611 2217 699 2244 decur.
719 2220 760 2244 50.
779 2220 804 2245 2.
824 2219 856 2245 cf.
877 2219 907 2246 fr.
929 2222 951 2246 1.
972 2221 993 2254 5.
1012 2222 1036 2247 3.

199 2258 231 2285 de.
251 2259 346 2295 postul.
365 2261 388 2286 3.
410 2262 432 2286 l.
452 2259 506 2293 (Cf.
526 2270 549 2286 v.
571 2259 679 2293 Mutus.)

232 2310 406 2343 Surgere.
427 2311 502 2344 §.L
520 2313 547 2337 Ε
564 2314 644 2338 lecta
664 2322 803 2347 surgere.
824 2312 941 2340 lucu.
957 2314 1036 2349 Quod

197 2353 223 2378 in
242 2352 321 2383 lecto,
337 2368 366 2371 —
382 2354 483 2389 pigritia
503 2354 635 2391 surgendi,
655 2356 755 2381 urinam
769 2355 852 2382 saciat.
873 2356 903 2382 sr.
920 2358 958 2382 14.
979 2357 999 2390 5
1012 2359 1035 2384 4.

197 2394 230 2421 de
250 2394 336 2421 Aedil.
357 2394 434 2421 edict.
447 2398 488 2422 21.
504 2399 525 2423 1.
541 2413 572 2416 ——
593 2398 623 2431 §.
638 2399 673 2424 2.
694 2399 808 2433 Erigi,
829 2400 967 2426 Estolti.
992 2399 1033 2426 lu.

197 2438 264 2465 Gn.
284 2437 323 2464 Ne
343 2448 392 2474 qua
411 2448 539 2474 synagoga
559 2441 585 2466 in
605 2451 698 2466 novam
715 2440 837 2466 fabricam
852 2447 947 2477 surgat.
967 2442 1033 2469 Νῦν.

197 2479 246 2507 Th.
266 2480 295 2506 H.
315 2480 347 2506 de
365 2480 420 2506 Iud.
441 2480 457 2506 1.
478 2482 502 2506 6.
527 2492 548 2507 c.
569 2485 590 2509 l.
614 2484 636 2517 5.
655 2486 679 2510 3.
705 2483 771 2509 Νῦν.
791 2483 880 2510 Maior.
905 2484 937 2510 de
956 2485 1033 2512 aedis.

197 2522 258 2559 pub.
279 2522 322 2549 lV.
343 2524 366 2548 4.
389 2533 410 2549 c.
432 2525 453 2548 l.
474 2523 495 2557 5.
516 2525 538 2549 l.

230 2574 488 2600 Surrentinus.
508 2573 635 2608 (Adiect.)
655 2578 704 2602 Ad
723 2579 914 2603 Surrentum
930 2581 1033 2612 perti·
1054 2593 1056 2599 ·

197 2626 285 2648 nens,
308 2615 479 2653 (Campaniae
498 2616 645 2653 oppidum.)
671 2618 714 2645 111.
729 2621 795 2647 Cn.
815 2619 911 2646 Vinum
924 2620 1033 2648 Surren-

197 2660 288 2685 tinum.
308 2658 338 2685 fr.
359 2660 399 2685 16.
419 2669 458 2696 pr.
478 2658 510 2685 de
529 2660 582 2685 trit.
603 2660 672 2686 vino.
691 2663 732 2688 33.
752 2664 775 2690 6.

229 2709 441 2742 Surripere.
479 2709 520 2736 Cf.
541 2720 563 2735 v.
584 2709 735 2746 Subripere.

228 2760 397 2786 Sursum.
426 2760 547 2793 (Advb.)
576 2763 613 2787 In
632 2771 747 2795 supera
764 2770 864 2796 parte.
902 2764 945 2791 ΠΙ.
964 2767 1029 2793 Gn.

196 2801 306 2828 Sursum
327 2801 374 2836 [al.
394 2802 499 2837 susum]
519 2812 638 2836 versum,
657 2803 700 2830 vel
719 2803 841 2833 deorsum
860 2808 942 2841 (recta
961 2807 1030 2834 linea

1881 160 1944 190 935

1100 236 1266 270 tendentes.)
1291 238 1321 265 fr.
1342 240 1381 264 10.
1408 239 1445 272 55.
1465 240 1488 265 9.
1511 241 1549 265 12.
1575 239 1607 266 (18
1630 238 1701 275 grad.
1726 244 1751 265 et
1770 239 1820 266 ads.
1839 242 1881 266 38.
1903 243 1942 267 10.

1100 279 1213 311 Infinite‚
1234 290 1338 307 sursum
1358 291 1471 308 versum.
1492 281 1521 308 fr.
1541 283 1583 308 28.
1604 281 1636 308 de
1654 281 1756 319 probat.
1777 284 1818 308 22.
1838 284 1862 308 3.

1135 323 1216 349 Sus.
1255 325 1390 356 Porcus,
1413 335 1559 358 porcam.
1597 324 1639 351 111.
1661 326 1728 352 Cn.
1751 325 1792 351 An
1817 335 1878 352 sues
1897 335 1941 362 pe-

1100 365 1194 392 cudum
1214 365 1390 402 adpellatione
1410 368 1593 394 continentur?
1613 367 1642 394 fr.
1656 370 1680 394 2.
1701 368 1722 402 5.
1736 370 1760 394 2.
1781 367 1812 394 ad
1828 367 1857 394 L.
1872 368 1940 404 Aqu.

1076 417 1078 426 =
1098 409 1123 435 9.
1141 410 1165 434 2.
1186 408 1216 434 fr.
1236 410 1277 434 (55.
1298 409 1319 442 ς.
1339 412 1363 435 4.
1384 409 1416 435 dt·
1435 409 1511 445 legat.
1531 410 1572 437 111.
1594 412 1661 443 (32.)

1133 452 1341 485 Sulceptio.
1379 454 1478 479 Actus
1497 456 1701 487 suscipiendi
1720 453 1857 491 (publicas
1878 463 1940 490 pen*

1098 494 1236 520 sitationes
1256 499 1281 520 et
1304 496 1524 532 praestationes.)
1563 498 1679 522 Munus
1704 503 1937 530 susceptorum.

1097 536 1140 562 111.
1159 538 1226 564 Gn.
1255 537 1284 563 Si
1308 554 1340 557 —
1362 537 1522 564 solutionem
1548 538 1633 565 facere
1656 540 1778 575 gestienti
1806 539 1939 575 negaverit

1096 581 1274 617 susceptionis
1294 580 1418 607 officium.
1438 580 1487 607 Th.
1503 581 1533 608 C.
1546 581 1575 608 V.
1599 583 1638 608 13.
1659 592 1679 608 c.
1698 584 1739 608 20.
1759 581 1864 615 (Wek.)
1894 581 1937 608 Ad

1096 623 1292 659 susceptionem
1315 624 1462 660 specierum
1486 625 1584 650 venire.
1621 624 1729 651 Annuas
1753 625 1937 662 susceptiones

1095 675 1227 702 peragere.
1248 665 1284 692 lb.
1304 666 1360 692 ΧΠ.
1377 667 1400 693 6.
1421 676 1442 692 c.
1463 668 1486 693 7.
1507 666 1540 692 de
1559 673 1705 704 susceptor.
1742 667 1892 699 Redituum‚
1912 677 1936 693 v.

1096 707 1252 744 Vectigalis,
1273 710 1416 745 susceptio.
1438 720 1458 736 c.
1478 711 1521 736 20.
1540 719 1578 746 pr.
1599 709 1621 743 5.
1644 712 1664 736 l.
1686 710 1717 737 de
1736 711 1813 747 agric.
1834 715 1860 736 et
1879 719 1937 736 ceu-

1095 751 1137 776 sit.
1160 752 1198 777 11.
1219 752 1259 778 47.
1288 751 1337 778 Th.
1359 751 1389 778 C.
1409 751 1465 778 XII.
1487 754 1508 778 l.
1538 763 1559 779 e.
1580 754 1621 779 97.
1646 753 1677 779 (18
1700 753 1833 779 dccuriou.
1872 752 1936 779 Sus-

1095 794 1234 830 ceptionis,
1253 793 1295 820 ch
1316 794 1457 821 cuiuslibet
1471 796 1636 822 necessitatis
1655 796 1778 822 osticium.
1814 795 1936 822 Exactio-

1095 837 1148 866 nis,
1174 836 1216 863 vel
1241 839 1420 874 susceptionis
1445 839 1588 875 provincia.
1617 839 1653 865 lb.
1675 838 1740 865 Vltl.
1762 840 1784 864 7.
1810 848 1831 864 c.
1853 840 1876 864 ὅ.
1902 837 1934 863 de

1094 878 1146 905 div.
1166 879 1235 905 offic.
1255 880 1311 906 XII.
1332 883 1355 906 6.
1377 891 1397 907 c.
1420 883 1458 907 18.
1479 891 1500 907 c.
1520 883 1561 908 2l.
1581 881 1613 908 de
1633 886 1779 918 susceptor.

1127 922 1342 955 Suseeptor.
1379 924 1410 957 §0
1434 926 1468 950 1.
1503 926 1565 956 Qui
1595 926 1761 960 refugium
1790 926 1932 958 praebet.

1092 963 1111 990 I.
1133 965 1194 998 Sy.
1213 964 1346 1002 Receptor
1364 966 1561 1002 (adgressorum
1575 968 1637 999 etc.)
1658 967 1699 993 Cl'.
1714 967 1738 993 h.
1751 977 1774 993 v.
1806 966 1858 1002 Qui
1878 975 1934 991 sus-

1093 1008 1193 1044 ceperit
1216 1007 1333 1040 (alienos
1358 1008 1493 1042 colonos.)
1523 1010 1569 1036 lul.
1594 1020 1632 1047 ep.
1654 1020 1713 1036 nov.
1742 1020 1762 1036 c.
1781 1011 1823 1035 21.
1849 1009 1871 1042 5
1892 1009 1932 1034 79.

1091 1049 1122 1076 ΙΙ.
1147 1052 1214 1084 01).
1234 1050 1380 1087 Susceptor
1399 1052 1567 1079 collusorum.
1588 1069 1619 1073 —-—-
1644 1052 1738 1079 Lusor.
1758 1052 1788 1079 fr.
1809 1054 1831 1079 l.
1851 1052 1888 1086 55.
1911 1053 1931 1077 1.

1092 1102 1130 1129 sq.
1152 1092 1183 1119 de
1198 1092 1272 1119 aleat.
1288 1095 1327 1119 ll.
1342 1096 1366 1120 5.
1381 1110 1411 1114 --
1432 1096 1462 1128 §-
1475 1097 1509 1122 2.
1533 1098 1594 1129 Qui
1612 1099 1734 1130 recipit
1753 1098 1784 1122 in
1804 1105 1833 1121 se
1850 1097 1931 1121 alie-

1091 1146 1162 1162 nam
1181 1138 1277 1162 litem.
1305 1136 1348 1163 111.
1361 1138 1426 1164 Cn.
1446 1138 1529 1164 Nemo
1544 1139 1709 1165 militantium
1724 1139 1769 1165 fiat
1783 1143 1930 1175 susceptor.

1091 1178 1248 1205 defenset-ve
1267 1189 1411 1206 causarum.
1432 1180 1482 1206 Th.
1503 1181 1533 1207 C.
1554 1181 1583 1207 11.
1606 1184 1645 1208 12.
1666 1192 1686 1208 c.
1707 1183 1730 1208 6.
1751 1181 1783 1208 (18
1803 1182 1929 1217 cognitor.

1091 1238 1122 1242 —
1142 1222 1222 1255 §.30
1245 1224 1308 1255 Qui
1326 1233 1453 1250 munere
1466 1225 1631 1259 fungitur
1650 1227 1930 1259 suscipiendorum

1087 1267 1218 1299 publice
1234 1267 1505 1299 praebendorum,
1526 1269 1698 1304 (pracsertim
1718 1278 1885 1299 annonarum,
1905 1271 1931 1293 et.

1090 1309 1211 1338 vestium,
1232 1309 1293 1334 item
1313 1309 1394 1341 auri.)
1430 1309 1476 1336 III.
1495 1311 1561 1337 Cn.
1587 1310 1616 1336 Si
1636 1310 1740 1346 quando
1760 1321 1791 1337 ex
1811 1309 1930 1341 adlatis,

1090 1351 1131 1377 vel
1151 1351 1361 1388 susceptoribus.
1381 1356 1424 1378 aut
1438 1352 1583 1385 tabulariis,
1603 1354 1732 1390 quispiam
1746 1354 1883 1379 ratiocinio
1898 1367 1929 1371 —

1090 1393 1244 1431 perhibetur
1263 1394 1402 1421 obnoxius.
1424 1394 1490 1421 lb.1.
1511 1397 1549 1420 15.
1570 1406 1590 1421 c.
1611 1397 1634 1422 6.
1655 1395 1759 1429 (ch.)
1780 1395 1811 1422 de
1829 1396 1872 1421 011.
1887 1395 1931 1421 Vi-

1089 1446 1140 1463 cat:
1160 1436 1204 1462 lx.
1224 1438 1266 1463 27.
1295 1447 1316 1462 c.
1337 1439 1359 1463 7.
1385 1437 1415 1463 ad
1441 1437 1470 1464 L.
1495 1437 1542 1463 Iul.
1568 1443 1650 1475 repet..
1674 1438 1731 1465 XII.
1755 1440 1778 1465 6.
1808 1449 1829 1465 c.
1851 1440 1872 1464 l.
1898 1437 1930 1465 de

1089 1485 1236 1516 susceptor.
1275 1480 1461 1516 Susceptores‚
1481 1480 1651 1507 adnotatores
1665 1486 1713 1507 etc.
1733 1481 1770 1508 1b.
1791 1492 1811 1508 c.
1825 1483 1849 1508 3.
1871 1480 1928 1507 eod.

1089 1522 1265 1559 Susceptores
1291 1523 1411 1553 canonis.
1436 1523 1644 1560 horreorumque
1667 1525 1820 1560 praepositi.
1845 1534 1866 1550 c.
1886 1526 1928 1550 24.

1088 1565 1122 1592 cf.
1140 1576 1160 1591 c.
1176 1567 1199 1592 5,
1220 1576 1240 1592 c.
1255 1567 1278 1592 8.
1299 1565 1356 1591 eod.
1377 1565 1510 1603 Suscepit.
1531 1566 1692 1593 diversarum
1712 1568 1867 1604 specierum.
1891 1567 1928 1593 lb.

1087 1608 1143 1635 XII.
1166 1610 1186 1634 1.
1208 1610 1284 1635 1249.
1305 1609 1327 1642 5.
1345 1610 1370 1635 2.
1390 1608 1422 1635 (18
1442 1608 1575 1635 decurion.
1613 1609 1788 1647 Susceptores
1808 1611 1862 1636 vini
1881 1620 1929 1647 per

1087 1652 1258 1688 provinciam.
1291 1651 1367 1678 Susc.
1387 1653 1508 1678 vestium.
1540 1652 1615 1679 Susc.
1635 1654 1699 1685 auri,
1718 1653 1760 1679 vel
1779 1654 1887 1689 argenti,
1907 1662 1928 1678 S.

1088 1694 1163 1720 Susc.
1188 1695 1313 1720 aurarius.
1340 1694 1370 1720 fr.
1393 1696 1432 1720 ts.
1456 1695 1476 1728 5.
1497 1697 1539 1721 20.
1564 1695 1596 1721 (18
1618 1706 1686 1722 mun.
1712 1701 1737 1721 et
1760 1695 1821 1722 hon.
1841 1698 1882 1722 50.
1903 1698 1926 1722 4.

1088 1737 1137 1763 Th.
1159 1736 1189 1763 C.
1211 1736 1266 1763 VII.
1286 1738 1309 1763 4.
1336 1747 1356 1763 c.
1376 1739 1418 1763 24.
1444 1737 1476 1764 de
1500 1748 1568 1774 erog.
1588 1738 1640 1764 mil.
1660 1749 1718 1764 ann.
1743 1738 1798 1765 Vll.
1817 1740 1841 1765 6.
1862 1749 1882 1765 c.
1904 1741 1926 1765 1.

1086 1780 1119 1806 de
1138 1780 1190 1806 mil.
1211 1785 1276 1806 vest.
1295 1779 1352 1806 XII.
1376 1783 1396 1806 1.
1417 1790 1437 1807 c.
1459 1782 1516 1807 173.
1536 1781 1602 1814 5.1.
1620 1781 1676 1808 Xll.
1696 1783 1719 1808 6.
1740 1792 1760 1808 c.
1781 1783 1820 1808 17.

1120 1824 1336 1855 Susceptus.
1368 1822 1479 1855 (Partie.
1500 1823 1541 1850 Cf.
1561 1834 1585 1850 v.
1605 1824 1773 1862 Suscipere.)
1805 1827 1849 1857 Is,
1873 1827 1926 1852 cui

1082 1868 1309 1900 patrocinium
1331 1868 1456 1900 aliquis
1478 1869 1615 1900 praebet.
1646 1870 1762 1894 Cliens.
1799 1867 1841 1893 111.
1858 1869 1924 1895 Cn.

1085 1908 1158 1935 Neve
1176 1908 1225 1934 sub
1245 1909 1322 1934 unius
1341 1919 1454 1945 persona
1468 1911 1594 1947 suscepti,
1613 1910 1705 1937 fraude
1717 1910 1827 1947 quadam
1842 1910 1925 1937 aliena

1085 1953 1189 1988 negotio
1208 1951 1346 1978 inserenda
1366 1962 1425 1978 esse
1445 1957 1595 1989 pertentent
1614 1954 1662 1987 (sc.
1683 1964 1819 1980 causarum
1840 1958 1926 1991 patro-

1084 1995 1132 2027 ni.)
1152 1994 1201 2020 Th.
1223 1994 1253 2020 C.
1275 1994 1317 2021 VI.
1337 1996 1378 2021 28.
1400 2005 1422 2021 c.
1441 1997 1463 2022 4.
1484 1995 1517 2022 de
1536 1997 1618 2032 princ.
1638 2006 1675 2032 ag.
1696 1998 1721 2022 in
1741 1997 1794 2023 reb.

1118 2038 1329 2070 Suscipere.
1367 2038 1398 2071 §0
1418 2040 1453 2065 1.
1474 2040 1609 2073 Carpere,
1630 2042 1764 2066 Sumere.
1801 2039 1923 2067 HLGM.

1084 2080 1137 2116 Qui
1166 2080 1296 2116 quondam
1324 2080 1450 2107 adversus
1479 2081 1606 2118 populum
1629 2081 1659 2108 R.
1685 2083 1762 2108 armis
1790 2083 1923 2119 susceptis

1083 2128 1271 2161 pugnaverunt.
1292 2123 1348 2150 Gai.
1369 2124 1387 2150 I.
1409 2126 1448 2150 14.
1469 2141 1500 2144 —
1520 2126 1551 2158 §.
1570 2127 1605 2151 2.
1627 2127 1791 2158 Accipere,
1812 2127 1921 2152 Perci-

1082 2176 1162 2200 pere.
1199 2166 1217 2192 1.
1239 2168 1301 2201 Sy·
1324 2166 1475 2204 Percipere,
1500 2168 1609 2194 Sumere
1630 2168 1790 2200 (annonas.)
1820 2167 1869 2194 Th.
1890 2168 1920 2195 C.

1082 2208 1176 2235 V11.4.
1197 2219 1217 2235 c.
1234 2211 1255 2235 l.
1276 2210 1297 2243 5.
1311 2212 1334 2236 5.
1349 2220 1388 2246 sq.
1409 2210 1441 2236 (le
1461 2221 1529 2246 erog.
1544 2210 1595 2237 mil.
1611 2221 1669 2236 ann.
1698 2210 1740 2236 111.
1755 2212 1820 2238 οη.
1841 2211 1920 2246 Quod

1081 2254 1130 2285 (sc.
1145 2254 1247 2285 aurum)
1260 2253 1379 2284 insertur.
1399 2263 1479 2289 acqua
1493 2253 1566 2279 lance
1582 2270 1611 2273 —
1626 2254 1791 2290 suscipiatur.
1812 2253 1848 2279 lb.
1862 2253 1919 2280 XII.

1082 2297 1105 2322 7.
1125 2305 1146 2322 c.
1162 2297 1183 2321 l.
1198 2295 1230 2322 de
1249 2296 1385 2332 ponderat.
1423 2296 1517 2322 Omnia
1538 2296 1633 2322 tributa
1654 2298 1765 2333 exigere.
1785 2297 1921 2334 suscipere

1080 2343 1129 2364 etc.
1155 2338 1191 2365 lb.
1216 2338 1233 2364 I.
1255 2340 1293 2364 14.
1319 2349 1339 2364 c.
1363 2341 1383 2364 1.
1405 2338 1518 2371 (ch.)
1543 2339 1574 2365 de
1600 2339 1643 2365 off.
1669 2339 1720 2365 Prt'.
1739 2339 1805 2375 Aug.
1826 2339 1856 2366 V.
1878 2342 1918 2366 13.

1080 2391 1101 2407 c.
1120 2383 1161 2408 20,
1203 2381 1337 2417 Expensio
1365 2386 1546 2418 susceptarum
1570 2384 1724 2418 specierum.
1754 2382 1790 2408 lb.
1814 2382 1870 2408 XII.
1895 2384 1918 2409 6.

1080 2434 1100 2450 c.
1114 2425 1155 2450 24.
1170 2423 1202 2450 de
1221 2429 1368 2460 susceptor.
1409 2424 1442 2450 Vt.
1460 2424 1492 2450 ad
1512 2424 1634 2451 heredem
1654 2426 1717 2455 eiuS,
1739 2426 1782 2460 qui
1802 2427 1921 2462 suscepit

1062 2468 1132 2499 '(sc.
1152 2466 1259 2492 fundum
1279 2466 1463 2502 vectigalem.)
1484 2469 1634 2505 pertineret.
1659 2468 1688 2494 l'r.
1708 2469 1767 2494 219.
1787 2468 1819 2494 (18
1839 2467 1869 2494 V.
1891 2468 1918 2495 S.

1078 2511 1119 2535 50.
1141 2511 1180 2535 16.
1219 2508 1293 2540 Filia,
1313 2520 1378 2545 quat·
1397 2510 1459 2536 dote
1479 2521 1492 2536 a
1512 2516 1585 2547 patre
1605 2515 1727 2547 suscepta
1747 2516 1795 2537 etc,
1816 2510 1865 2537 Th.
1886 2512 1916 2538 C.

1077 2551 1120 2578 IV.
1139 2555 1163 2578 2.
1184 2562 1204 2578 c.
1228 2554 1248 2578 1.
1270 2552 1338 2578 unde
1358 2552 1402 2578 lib.
1440 2553 1588 2583 Pecuniam.
1607 2564 1630 2579 v.
1650 2553 1702 2579 Res
1723 2553 1840 2585 donatas.
1861 2564 1917 2581 sus-

1077 2596 1172 2631 cipere.
1199 2594 1229 2620 fr.
1249 2597 1290 2622 55.
1311 2595 1342 2621 dc
1362 2606 1465 2632 procur.
1485 2598 1508 2622 3.
1528 2598 1552 2621 3.
1578 2596 1606 2621 fr.
1629 2598 1670 2622 32.
1696 2596 1716 2629 5.
1739 2598 1761 2622 l.
1782 2597 1814 2623 de
1832 2597 1864 2624 N.
1885 2598 1916 2624 G.

1075 2639 1098 2663 3.
1119 2640 1142 2664 5.
1163 2637 1193 2663 fr.
1207 2640 1230 2663 5.
1251 2639 1272 2672 5.
1292 2640 1313 2664 l.
1335 2638 1366 2664 de
1386 2639 1460 2665 distr.
1480 2640 1549 2675 pign.
1569 2640 1611 2664 20.
1631 2640 1653 2664 5.
1691 2638 1802 2666 Nomina
1816 2656 1847 2660 —
1862 2651 1918 2668 sus-

1076 2681 1163 2716 cipere
1183 2680 1287 2717 quidem
1308 2683 1420 2717 cogitur.
1441 2691 1492 2707 non
1514 2686 1597 2706 tamen
1617 2683 1779 2709 exactionem
1798 2684 1916 2720 periculo

1075 2732 1123 2748 suo
1143 2723 1235 2750 facere.
1256 2724 1285 2750 fr.
1305 2726 1346 2750 35.
1373 2724 1403 2750 l'r.
1422 2725 1463 2749 44.
1484 2734 1522 2760 pr.
1548 2723 1580 2750 de
1599 2724 1666 2751 adm.
1688 2729 1713 2751 et
1731 2727 1811 2762 peric.
1832 2728 1872 2752 26.
1893 2729 1915 2752 7.

1074 2764 1138 2791 Rem
1158 2766 1338 2802 perferendam
1358 2782 1389 2786 -—-
1410 2767 1508 2803 suscip.
1534 2765 1563 2792 sr.
1588 2769 1607 2793 1.
1633 2768 1654 2801 5.
1676 2769 1697 2794 l.
1718 2768 1750 2794 dc
1768 2779 1871 2806 procur.
1891 2771 1914 2795 3.

1073 2809 1096 2835 3.
1111 2824 1142 2828 -
1157 2809 1187 2842 ξ.
1199 2811 1236 2836 3.
1251 2811 1417 2843 Recipere,
1431 2811 1601 2843 Excipere,
1616 2811 1914 2846 Admittere.1.Sy.
