2197 3121
942 170 1035 202 DVC
1060 188 1097 193 —
1123 170 1231 200 DVM.
1882 174 1943 203 307

231 254 280 281 dic.
300 256 323 280 2.
347 255 371 280 3.
408 253 442 280 Ni
468 254 608 281 iudicatum
632 254 706 280 facit.
727 269 758 272 —
778 262 867 279 secum
886 252 989 283 ducito,
1010 252 1066 277 vin·
1111 267 1143 270 ——
1164 252 1194 285 §.
1214 253 1250 278 2.
1271 253 1327 278 lus
1345 255 1488 279 ducendi.
1527 252 1568 279 ΠΙ.
1593 253 1657 280 Cn.
1682 252 1709 278 Si
1730 263 1778 289 qua
1799 263 1863 289 aqua
1883 263 1944 279 uon-

231 298 282 323 cito
302 301 352 323 etc.
388 296 443 323 Frr.
468 296 498 323 L.
517 296 574 323 XII.
595 296 677 322 Tabb.
698 295 742 321 Ill.
761 297 785 322 3.
823 295 879 322 Gai.
899 294 944 321 IV.
964 296 1005 321 21.
1024 296 1065 320 25.
1111 294 1170 320 dum
1191 294 1305 331 adparet,
1325 295 1380 320 eius
1401 296 1457 321 iter.
1478 295 1571 321 ductus
1592 296 1716 321 constitui
1731 306 1782 321 non
1802 301 1897 332 potest.
1914 297 1943 322 fr.

230 339 340 366 Liberae
358 350 493 377 personae.
514 339 546 365 de
565 338 660 375 quibus
684 338 853 370 exhibendis,
874 337 1010 365 ducendis.
1030 338 1066 363 in·
1087 332 1088 381 l
1109 339 1150 363 21.
1180 338 1202 363 si
1230 338 1319 364 servit.
1349 340 1373 363 θ.
1401 339 1424 363 5.
1462 338 1564 364 Ductus
1595 348 1682 374 aquae.
1722 337 1761 364 Cf.
1791 349 1814 364 v.
1843 339 1944 375 Aquae·

231 382 341 409 terdicta
362 386 521 419 competunt.
542 381 571 407 fr.
594 383 615 406 l.
635 391 674 418 pr.
696 381 727 407 de
742 381 834 408 interd.
848 382 888 406 43.
911 382 932 406 l.
970 380 999 406 Si
1014 390 1066 406 ser·
1087 386 1088 419 j
1110 379 1212 406 ductus.

230 435 289 451 vum
310 436 340 451 ex
361 435 436 451 causa
456 423 543 450 noxali
563 439 595 442 ——
615 425 688 449 iussu
709 424 839 450 Praetoris
863 423 971 449 duxero.
991 422 1022 449 fr.
1042 424 1065 448 6.
1086 429 1088 454 j
1143 424 1306 450 Dudum.
1341 422 1453 455 (Advb.)
1490 425 1570 449 Ante
1589 426 1656 454 hoe,
1678 425 1752 450 12'1711.
1773 423 1790 449 l.
1812 425 1872 458 Sy.
1892 424 1944 450 lam

230 467 262 494 de
282 467 356 494 Publ.
377 469 400 493 6.
419 469 443 494 3.
463 467 493 493 fr.
512 467 552 492 26.
573 467 594 500 5.
614 468 637 492 ti.
658 466 688 493 fr.
708 469 749 493 32.
770 467 800 494 fr.
814 468 854 493 39.
875 466 896 499 5.
911 467 935 491 3.
956 465 988 491 de
1004 474 1064 491 nox.
1087 467 1088 477 ¹
1110 465 1218 501 pridem.
1240 476 1261 492 c.
1282 467 1304 491 1.
1325 475 1364 501 sq.
1385 466 1406 491 si
1427 470 1454 491 ut
1474 475 1522 491 om.
1544 466 1630 492 hered.
1650 468 1674 491 2.
1689 468 1730 492 40.
1768 465 1815 492 Th.
1831 466 1862 493 C.
1877 466 1943 493 VIII.

230 516 278 537 act.
299 512 322 537 9.
342 512 366 536 4.
403 509 510 536 Praetor
530 525 561 528 -
581 508 613 535 (le
633 520 660 535 ea
681 520 708 536 re
727 509 847 536 omnibus
867 510 900 534 ita
915 509 955 534 ius
975 507 1064 539 dicim,
1087 521 1088 538 1
1111 510 1150 533 12.
1171 518 1192 534 e.
1217 510 1241 534 3.
1262 518 1282 534 c.
1302 510 1325 534 5.
1351 507 1382 534 de
1407 507 1494 534 donat.
1532 509 1561 536 11.
1589 512 1655 543 Op.
1688 508 1766 535 Olim.
1787 525 1818 528 -—
1838 509 1944 536 Dudum

229 553 372 581 dccernito.
392 562 489 589 eosque
508 552 575 583 duci,
596 552 662 578 bona
682 562 770 578 eorum
789 550 931 588 possideri.
951 552 1066 587 proscri-
1086 556 1088 583 ¹,
1110 550 1223 586 quidem.
1245 550 1300 577 Gai.
1320 550 1350 577 Π.
1372 552 1428 577 178.
1466 550 1548 578 Nunc.
1569 552 1617 578 Th.
1639 551 1668 577 C.
1690 551 1745 578 XII.
1768 553 1789 577 l.
1810 562 1831 578 c.
1853 554 1891 578 14.
1912 552 1944 578 de

229 597 297 623 bive.
316 597 456 632 venit-eque
475 595 572 621 iubeto.
609 594 638 621 L.
653 595 720 622 Gall.
739 594 838 631 Cisalp.
859 593 890 620 ΙΙ.
911 595 951 619 46.
972 604 1011 629 sq.
1033 593 1063 619 cf.
1086 587 1087 624 ¹
1109 592 1241 619 deeurion.
1279 593 1321 620 Ill.
1343 595 1407 621 Cn.
1430 593 1545 623 Dudum.
1565 605 1593 620 ac
1613 595 1732 631 primitus
1753 605 1764 620 a
1785 595 1883 620 nostris
1902 605 1944 631 pa-

231 641 271 665 14.
290 649 348 675 sqq.
385 638 565 674 Magistratus.
586 639 629 674 qui
649 639 784 674 imperium
803 637 908 665 habent.
929 638 973 673 qui
993 640 1064 663 coer·
1109 636 1241 667 rentibus,
1262 636 1328 669 (lata
1348 636 1417 669 lex.)
1455 636 1491 663 lb.
1511 636 1580 662 XVI.
1600 638 1623 662 5.
1650 646 1669 662 e.
1691 638 1712 662 7.
1737 647 1776 673 pr.
1797 636 1828 663 de
1847 637 1943 664 haeret.

229 691 287 707 cere
307 681 417 717 aliquem
436 685 561 716 possunt.
587 684 612 706 et
637 680 726 706 iubere
750 681 776 706 in
795 690 924 706 carcerem
945 679 1012 706 duci.
1033 679 1062 705 fr.
1085 681 1087 685 ’
1108 678 1159 704 Iam
1179 678 1289 711 dudum,
1313 679 1337 705 h.
1359 691 1380 706 e.
1404 684 1463 706 ante.
1486 679 1720 716 promulgationem
1744 679 1852 706 huiusce
1871 680 1944 716 legis.

228 726 253 750 2.
273 723 305 750 de
325 725 350 749 in
369 725 410 749 ius
429 732 485 748 voc.
506 726 529 748 2.
550 724 573 748 4.
595 722 627 748 ct'.
647 722 676 748 fr.
695 724 719 748 2.
744 723 765 756 §-
787 724 826 749 16.
853 722 885 749 de
905 722 937 749 O.
958 722 975 748 I.
998 724 1019 748 1.
1039 724 1063 748 2.
1108 721 1144 747 lb.
1166 721 1208 748 III.
1231 724 1270 748 12.
1291 732 1311 748 c.
1331 724 1354 748 3.
1376 722 1407 748 de
1427 723 1518 748 incest.
1539 727 1611 759 nupt.
1648 721 1677 747 Si
1691 723 1735 757 qui
1756 737 1773 740 -
1789 722 1868 749 ullam
1887 728 1945 749 ante

229 766 282 802 Qui
302 766 386 802 aliqua
405 770 536 803 potestate
556 764 702 802 praeditus.
727 766 811 791 civem
831 765 861 792 R.
882 781 914 784 —-
934 764 1064 802 adpellan-
1108 764 1175 791 hanc
1194 764 1276 801 legem
1296 766 1377 801 gessit
1397 765 1527 796 militiam,
1553 770 1597 791 ant,
1616 769 1734 801 coeptam
1753 765 1850 791 dudum
1869 767 1946 792 etiam

229 814 280 835 tem
308 810 418 836 necarit,
442 809 562 834 necarive
586 808 705 836 iusserit,
730 809 850 836 torserit.
877 808 1063 835 verberaverit.
1085 817 1087 838 1
1109 817 1177 833 nunc
1197 809 1270 842 gerit.
1291 807 1327 834 lb.
1348 807 1415 834 VIII.
1438 810 1461 834 4.
1482 818 1503 834 c.
1522 810 1563 834 30.
1584 808 1605 841 ς’.
1628 809 1648 834 l.
1670 807 1701 833 de
1722 807 1847 834 cohortal.

228 851 448 878 condemnaverit.
468 853 527 877 inve
546 850 651 887 publiea
665 851 767 877 vincula
782 851 841 877 duci
856 851 970 877 iusserit.
991 850 1063 876 Paul.
1085 859 1086 871 ¹
1143 851 1290 877 Buitas.
1329 852 1485 877 Numerus
1508 853 1648 876 duorum.
1686 849 1728 876 III.
1749 852 1814 877 (¹¹1.
1834 850 1945 878 Viduam

228 894 260 921 V.
278 896 321 921 26.
340 895 361 928 5.
383 896 403 920 1.
442 893 531 920 Funus
551 893 646 919 ducere
668 893 801 925 familiare,
821 894 942 927 (iustave
961 898 1063 919 mortuo
1085 888 1086 907 ¹
1109 892 1204 919 dictam
1225 902 1292 920 esse.
1312 894 1369 919 sine
1388 893 1493 919 duitate.
1514 892 1543 919 fr.
1557 894 1616 918 242.
1636 893 1657 926 5.
1671 895 1695 919 3
1710 893 1742 919 de
1754 892 1785 919 V.
1798 893 1825 919 S.
1839 896 1879 920 50.
1893 896 1932 920 16.

227 938 333 969 facere.)
355 937 420 963 fr.‘?..
441 936 473 963 de
492 938 518 962 in
537 937 577 962 ius
591 946 648 962 voc.
667 938 691 962 2.
711 938 734 962 4.
772 936 800 962 Iu
814 937 1006 963 matrimonium
1020 935 1065 962 du·
1085 927 1087 958 l
1143 935 1292 962 nuitor.
1330 937 1444 962 Dator.
1481 935 1523 961 lll.
1549 936 1614 962 Cn.
1652 936 1704 970 Qui
1729 946 1851 963 coronam
1879 938 1943 974 parit

228 991 286 1007 cere
306 979 471 1013 (filiamfam.)
491 978 574 1005 Vatic.
595 978 617 1012 ξ.
639 980 696 1005 102.
734 978 849 1006 onrem
868 979 971 1005 ducere.
991 978 1027 1005 lb.
1042 979 1063 1012 ξ.
1086 986 1087 1009 ς
1109 979 1179 1015 ipse.
1204 979 1348 1014 pecuniave
1374 979 1429 1004 eius
1456 979 1559 1004 virtutis
1585 988 1645 1014 ergo
1667 978 1755 1005 duitor
1774 980 1805 1005 ei.
1842 979 1871 1006 L.
1897 979 1945 1006 XII

227 1024 268 1050 96.
288 1022 359 1049 Paul.
378 1022 408 1049 Il.
430 1023 469 1048 19.
490 1021 526 1054 55.
546 1023 569 1048 3.
590 1031 648 1057 sqq.
687 1022 747 1059 Ipse
766 1032 877 1059 poenam
896 1022 1018 1049 adulterii
1031 1037 1063 1042 —-

227 1067 332 1103 patitur,
353 1075 404 1091 non
424 1065 499 1090 etiam
519 1064 604 1090 ducta.
624 1064 660 1090 lb.
681 1064 696 1090 l.
717 1064 733 1091 l.
759 1066 780 1099 5.
801 1067 824 1091 5.
845 1081 876 1084 —
897 1065 927 1098 ἓ.
948 1066 983 1091 2.
1003 1066 1063 1091 De-
1085 1075 1087 1089 1

226 1111 353 1139 ducere,
374 1110 533 1141 Repetere.
570 1106 613 1132 III.
634 1108 699 1134 Cn.
718 1108 758 1134 Ex
778 1118 828 1144 qua
848 1110 896 1140 (sc.
915 1108 1063 1145 provincia)

227 1152 286 1188 quis
304 1151 430 1186 originem
451 1149 530 1176 ducit.
555 1149 592 1176 lb.
615 1149 643 1176 V.
669 1152 708 1176 12.
733 1151 754 1184 5.
775 1153 799 1177 5.
820 1167 851 1170 —
872 1151 902 1184 ξ.
917 1152 954 1177 3.
976 1152 1064 1177 Com-

225 1196 355 1228 pellere,
376 1195 573 1219 promovere.
604 1192 622 1219 I.
642 1194 703 1227 Sy.
722 1193 870 1221 Pei-vehere
884 1193 1017 1229 (aliquem,
1037 1194 1063 1219 in
1085 1198 1086 1223 ξ

226 1246 284 1263 eum
303 1235 493 1273 progressum.)
525 1235 574 1262 Th.
597 1235 627 1262 C.
648 1235 703 1262 Vll.
728 1238 751 1262 3.
778 1246 799 1263 c.
819 1238 843 1262 2.
876 1237 927 1271 Qu.
948 1237 973 1262 in
992 1235 1062 1272 grad.

225 1279 337 1316 praefer.
374 1278 417 1305 III.
431 1279 496 1305 (ἠ.
518 1278 560 1304 De
574 1280 735 1305 accusatoris
750 1280 841 1316 incipit
855 1278 968 1305 consilio
988 1289 1064 1315 quae-

226 1333 292 1354 rere,
314 1332 363 1358 qua
383 1326 469 1347 mente
489 1320 583 1347 ductus
604 1326 651 1348 etc.
672 1321 702 1348 fr.
724 1324 744 1348 l.
765 1323 787 1356 5.
806 1324 830 1348 3.
852 1322 882 1348 ad
894 1322 920 1348 S.
936 1321 966 1348 C.
981 1321 1063 1358 Turp.
1085 1319 1086 1339 l

224 1367 267 1392 48.
288 1367 328 1392 16.
367 1364 420 1400 Qui
440 1363 587 1394 adulteros,
607 1365 755 1391 inconsulto
782 1365 868 1391 calore
887 1365 967 1395 ducti.
987 1365 1065 1391 inter-

225 1408 350 1435 fecerunt.
380 1406 450 1434 Coll.
474 1406 526 1433 LL.
551 1407 583 1433 Μ.
608 1407 651 1434 IV.
676 1409 700 1434 3.
738 1408 767 1434 Si
787 1409 854 1444 quis,
875 1407 983 1434 iuvenili
1002 1407 1065 1434 levi-

225 1455 278 1477 tate
297 1450 403 1480 ductus.
429 1451 545 1476 omiserit
571 1450 613 1476 vel
637 1450 815 1487 repudiaverit
835 1450 1013 1477 hereditatem.
1033 1450 1063 1476 fr.
1085 1482 1086 1489 ἵ

224 1495 266 1520 24.
287 1494 308 1527 5.
327 1495 351 1519 2.
373 1492 404 1519 de
423 1493 516 1519 minor.
536 1494 559 1519 4.
580 1494 603 1519 4.
641 1493 724 1528 Quae.
743 1494 840 1531 pietate
860 1493 1064 1520 necessitudinis

226 1535 326 1567 ductae,
347 1534 379 1561 ad
397 1535 448 1562 hoc
466 1535 622 1572 procedunt.
642 1536 671 1563 fr.
694 1539 715 1563 l.
736 1537 757 1571 5.
773 1539 795 1563 7.
816 1536 848 1563 de
867 1547 940 1573 susp,
960 1541 1007 1562 tut.
1021 1537 1062 1562 26.
1085 1557 1086 1562 .

227 1580 267 1605 10.
304 1577 401 1604 Officio
420 1579 506 1604 mariti
526 1578 628 1605 ductus.
654 1579 684 1606 fr.
703 1581 744 1606 47.
770 1579 802 1606 de
821 1579 881 1606 don.
902 1581 949 1606 int.
970 1579 1001 1606 V.
1020 1581 1062 1605 24.
1085 1597 1086 1605 1

228 1622 250 1647 1.
287 1620 316 1647 Si
339 1631 391 1647 non
415 1621 594 1648 misericordia
618 1621 712 1649 (luctus
737 1623 829 1649 fecisti.
850 1623 879 1649 sr.
902 1624 925 1649 7.
946 1622 968 1656 ξ.
989 1624 1011 1648 7.
1032 1621 1064 1648 de

228 1663 252 1689 d.
271 1673 303 1689 m.
324 1665 347 1689 4.
367 1665 390 1690 3.
411 1663 441 1691 fr.
463 1666 485 1690 7.
510 1675 550 1701 pr.
570 1664 661 1702 depos.
683 1667 722 1692 16.
741 1668 765 1692 3.
802 1665 924 1692 Libidine
943 1665 1063 1692 ducente.
1085 1692 1086 1704 ἵ

228 1705 366 1742 confugere
385 1708 411 1733 in
430 1712 479 1734 etc.
499 1707 549 1734 Th.
564 1707 595 1733 C.
609 1708 666 1734 XII.
683 1710 704 1735 l,
725 1719 746 1735 e.
760 1710 784 1735 6.
801 1708 833 1735 de
847 1708 980 1735 decurion.
1001 1708 1062 1743 Qui.
1085 1739 1086 1743 Ἰ

227 1748 353 1775 suadente
375 1751 479 1776 numine
498 1749 540 1776 vel
560 1749 671 1777 ducente
691 1750 806 1781 fortuna,
831 1751 969 1778 thesauros
992 1761 1064 1787 repe·
1085 1762 1086 1767 ¹

228 1792 315 1817 rerint.
334 1791 371 1818 Ib.
390 1792 423 1818 X.
445 1794 484 1819 18.
505 1803 526 1819 c.
539 1794 564 1819 3.
584 1792 616 1819 de
630 1793 743 1820 thesaur.
758 1810 790 1814 -
805 1795 836 1827 ξ.
853 1796 890 1821 4.
907 1795 1063 1827 Opinati.

226 1836 440 1861 Eristimare.
477 1834 495 1861 I.
515 1837 576 1870 Sy.
615 1835 708 1862 Putare
742 1837 778 1863 lb.
799 1836 842 1862 XI.
867 1838 909 1862 29.
935 1846 955 1862 c.
979 1838 1002 1861 2.
1023 1845 1062 1872 sq.

227 1876 259 1902 de
279 1876 350 1902 relat.
389 1876 430 1902 III.
458 1878 522 1904 Cn.
561 1877 653 1904 Toties
677 1878 747 1912 leges
770 1880 946 1905 necessarium
965 1878 1061 1904 ducunt
1084 1892 1085 1896 =

227 1924 275 1945 etc.
298 1919 326 1945 fr.
347 1921 405 1945 220.
426 1930 464 1955 pr.
485 1920 517 1946 de
536 1920 566 1946 V.
588 1920 614 1946 S.
635 1923 675 1947 50.
698 1924 736 1948 16.

261 1962 466 1988 Ennianus.
494 1962 610 1993 (Subst.)
636 1965 738 1991 Ducis
762 1966 924 1995 minister,
949 1966 996 1990 vel
1015 1966 1062 1999 of-

221 2006 369 2039 fieialis.
406 2004 448 2031 III.
476 2006 540 2031 Cn.
560 2006 659 2033 Duces.
680 2007 720 2033 vel
736 2007 845 2033 (luciani.
868 2018 887 2033 c.
901 2009 924 2033 2.
945 2007 966 2040 5.
987 2010 1010 2032 ὅ.
1031 2006 1063 2033 de.
1084 2015 1085 2044 ¹

228 2047 270 2073 ofl'.
290 2046 342 2073 Prf.
363 2047 406 2073 Pr.
426 2047 481 2073 Afr.
504 2049 525 2074 1.
546 2050 586 2074 27.
624 2048 765 2076 Praesente
785 2054 942 2086 protectore,
962 2049 1003 2075 vel
1018 2049 1063 2076 du·
1083 2056 1085 2091 j

228 2091 309 2117 ciano.
329 2091 373 2126 qui
393 2090 538 2127 dispositus
564 2096 610 2117 est.
636 2091 685 2118 Th.
707 2092 737 2118 C.
758 2091 814 2118 Vll.
837 2094 875 2118 16.
898 2103 918 2118 c.
937 2094 962 2118 3.
982 2092 1014 2118 de
1034 2092 1062 2118 li-

229 2136 275 2157 tor.
297 2137 321 2158 et
339 2133 394 2158 itin.
415 2138 480 2159 cust..

262 2175 465 2202 Ducfianufl.
504 2175 644 2209 (Adiect.)
682 2178 728 2203 Ad
748 2178 863 2204 Ducem
887 2181 1060 2212 pertinens.

230 2215 246 2241 Ι.
259 2217 318 2249 Sy·
337 2206 425 2244 [fuces
446 2223 470 2244 et
490 2228 579 2244 eorum
594 2219 687 2245 officia.
708 2220 853 2246 Ducianum
873 2221 995 2247 officium.
1011 2220 1060 2247 Th.

230 2258 262 2284 C.
282 2258 336 2285 VII.
355 2261 378 2286 4.
403 2271 422 2287 c.
442 2262 483 2287 30.
509 2261 541 2287 de
566 2272 635 2298 erog.
660 2262 712 2288 mil.
737 2272 830 2289 annon.
854 2263 911 2289 XV.
937 2265 976 2290 11.
997 2274 1018 2290 c.
1036 2266 1060 2289 2.

230 2301 262 2327 de
282 2306 364 2327 venat.
384 2302 457 2329 ferar.
494 2303 536 2331 III.
561 2306 625 2332 Cn.
646 2305 818 2342 Adparitores
837 2306 947 2332 (luciani.
968 2306 1060 2333 1h.XI.

229 2345 270 2369 25.
292 2354 312 2369 c.
334 2346 355 2370 l.
375 2344 407 2370 de
425 2346 549 2381 quadrini.
569 2348 641 2374 brev.

264 2386 412 2413 unctio.
449 2390 610 2417 Fac-ultas
629 2393 773 2417 ducendi.
810 2391 828 2417 Ι.
857 2393 917 2426 Sy.
950 2392 1061 2418 Ductus.

231 2429 327 2454 Ductio
349 2430 462 2465 (aquae.)
482 2431 514 2457 cf.
532 2442 556 2458 v.
576 2433 771 2469 Aquaeductus.
809 2434 851 2460 Ill.
881 2436 946 2462 011.
966 2434 995 2461 Si
1015 2435 1062 2461 ssu-

230 2480 288 2497 men
307 2471 451 2506 navigabile
469 2474 512 2507 sit,
531 2484 582 2501 non
602 2481 724 2512 oportere
738 2476 888 2504 Praetorem
908 2478 1060 2505 concedere.

230 2513 379 2540 ductionem
402 2524 434 2541 ex
457 2524 486 2541 eo
510 2516 574 2543 fieri.
597 2518 627 2544 fr.
654 2520 692 2544 10.
717 2520 737 2552 5.
763 2522 787 2546 2,
812 2520 844 2546 de
868 2531 933 2557 aqua
958 2525 983 2547 et
1002 2531 1059 2557 aqu.

230 2555 301 2593 pluv.
320 2557 361 2583 39.
380 2558 404 2583 3.
442 2557 497 2583 Hoc
521 2559 685 2587 interdictum
708 2564 822 2599 pertinet
846 2563 878 2590 ad
902 2563 1059 2590 ductionem.

230 2603 259 2625 ut
277 2598 372 2624 ducere
391 2601 449 2635 quis
467 2602 554 2636 possit
573 2611 626 2634 eos,
644 2604 670 2629 in
689 2614 755 2641 quos
768 2605 845 2632 habet
864 2607 905 2633 ius
919 2606 1057 2633 ductionis.

230 2640 260 2667 Τι’.
280 2642 304 2666 3.
324 2642 346 2675 5.
368 2643 389 2667 l.
410 2642 442 2669 de
460 2642 534 2670 liber.
555 2644 640 2671 exhib.
658 2648 699 2672 43.
718 2650 759 2674 30.

264 2685 419 2711 Ductus.
457 2684 574 2719 (Subst.)
611 2687 641 2720 ξ.
666 2690 700 2715 l.
721 2692 854 2724 Cursus,
875 2693 1009 2719 Meatus.
1040 2691 1058 2718 I.

231 2727 292 2760 Sy.
312 2725 412 2753 meatus
431 2727 578 2755 formarum.
599 2729 648 2756 Th.
664 2730 693 2757 C.
707 2732 764 2759 XV.
783 2736 807 2760 2.
828 2744 848 2760 c.
863 2736 885 2760 1.
906 2734 938 2761 de
951 2734 1051 2771 aquaed

230 2768 272 2795 ΙΙΙ.
287 2770 352 2796 Cn·
376 2769 405 2796 Si
425 2780 489 2807 aqua
513 2772 539 2797 in
558 2782 636 2799 unum
656 2773 741 2800 locum
761 2776 931 2809 conducatur,
957 2782 982 2803 et
999 2777 1060 2804 inde

232 2821 277 2847 per
295 2812 385 2848 plures
405 2812 498 2839 ductus
518 2814 633 2842 ducatur.
655 2816 684 2842 sr.
703 2818 727 2842 3.
752 2818 772 2850 §.
792 2820 815 2844 3.
840 2819 872 2845 de
890 2821 937 2846 riv.
957 2822 998 2847 43.
1018 2822 1059 2846 21.

1085 1021 1087 1047 ι’
1110 1020 1193 1047 Tabb.
1207 1021 1241 1047 X.
1262 1022 1284 1046 7.

1143 1065 1326 1094 Duleedo,
1348 1074 1368 1089 S.
1388 1063 1604 1090 Dulcitudo.
1638 1066 1844 1096 luc-unditus,
1866 1066 1944 1091 Sua-

1110 1109 1204 1134 rilas.
1242 1107 1284 1133 Ill.
1305 1108 1371 1134 Cn.
1395 1106 1454 1132 Non
1479 1106 1650 1133 adsuetudine
1669 1108 1873 1136 coniunctionis.
1893 1117 1946 1133 non

1109 1150 1248 1177 dulcedine
1268 1150 1390 1179 tiliorum.
1410 1165 1442 1168 —
1463 1149 1610 1175 discedunt.
1648 1149 1714 1175 Nor.
1728 1149 1831 1176 Valent.
1851 1149 1892 1176 III.
1914 1149 1946 1176 de

1109 1193 1193 1220 rolon.
1213 1203 1268 1229 vag.
1288 1192 1318 1218 II.
1337 1194 1379 1218 31.
1403 1202 1424 1218 c.
1451 1194 1471 1218 l.
1497 1193 1518 1225 ᾗ.
1544 1194 1567 1218 5.
1605 1193 1688 1227 Quasi
1708 1193 1733 1218 iu
1759 1192 1885 1218 creditum
1903 1192 1945 1219 ha-

1108 1236 1221 1263 buerunt
1234 1246 1329 1262 nomen
1343 1236 1407 1263 eius.
1427 1234 1468 1261 vel
1487 1234 1649 1261 dulcitudine
1664 1234 1706 1268 [al.
1721 1235 1870 1268 dulcedine]
1887 1245 1945 1261 usu-

1108 1290 1203 1311 rarum,
1222 1278 1265 1305 vel
1285 1289 1333 1315 qua
1354 1278 1403 1304 alia
1421 1279 1521 1305 ratione
1546 1278 1637 1304 secuti.
1658 1277 1686 1304 fr.
1710 1279 1748 1304 10.
1773 1279 1794 1311 ᾗ,
1816 1280 1855 1304 10.
1894 1278 1944 1314 Qu.

1109 1324 1134 1349 in
1154 1322 1185 1349 fr.
1207 1321 1275 1348 cred.
1296 1323 1337 1347 42.
1358 1324 1381 1347 ὅ.

1143 1365 1292 1393 Βιιὶοίῑι.
1317 1364 1434 1397 (Subst.)
1463 1366 1646 1391 Esculenta
1669 1366 1788 1390 dulcia.
1825 1363 1946 1391 HLCH.

1108 1407 1239 1435 Dulcibus
1258 1407 1359 1443 legatis,
1379 1417 1449 1444 sapa,
1470 1407 1614 1439 defrutum,
1633 1407 1754 1437 mulsum,
1775 1405 1851 1432 dulce
1871 1407 1946 1432 etiam

1108 1452 1197 1477 vinum
1217 1467 1249 1470 —
1269 1450 1441 1477 debebuntur.
1470 1449 1542 1476 Paul.
1562 1450 1604 1476 Ill.
1624 1451 1647 1476 6.
1667 1451 1688 1484 5.
1710 1451 1749 1475 77.
1770 1449 1799 1475 fr.
1821 1449 1860 1475 16.
1881 1449 1903 1483 5.
1924 1450 1945 1474 1.

1109 1494 1141 1521 (le
1159 1495 1213 1520 trit.
1234 1495 1304 1520 vino.
1324 1495 1365 1520 33.
1385 1496 1408 1520 6.

1143 1537 1285 1564 Dulcis.
1323 1536 1452 1569 (Adiect.)
1489 1536 1520 1569 ἓ.
1545 1537 1580 1562 1.
1606 1537 1737 1565 Suavis,
1763 1535 1944 1561 Delicatus.

1108 1580 1149 1606 III.
1177 1581 1242 1607 Cn.
1262 1578 1358 1605 Vinum
1380 1579 1464 1605 dulce.
1503 1578 1544 1605 Cf.
1564 1589 1588 1605 v.
1609 1577 1710 1604 Dulcia.
1732 1593 1762 1596 ——
1784 1577 1814 1609 §.
1829 1579 1864 1603 2.
1886 1579 1944 1604 Ca-

1108 1633 1177 1655 rus,
1205 1625 1333 1649 Gratus.
1375 1621 1393 1647 Ι.
1420 1622 1481 1655 Sy.
1506 1621 1657 1648 Carissima.
1678 1620 1838 1647 Dulcissima
1858 1619 1945 1653 (filia.)

1109 1666 1138 1692 fr.
1158 1667 1200 1692 34.
1221 1665 1242 1699 ᾗ
1263 1666 1286 1691 6.
1307 1665 1339 1692 (le
1358 1664 1433 1700 legat.
1454 1664 1483 1690 ll.
1501 1666 1568 1695 (31.)
1588 1664 1672 1690 t'1-.:3·.:.
1688 1664 1708 1697 5.
1723 1666 1746 1689 4.
1767 1662 1799 1689 de
1819 1672 1880 1688 auro
1894 1672 1945 1698 arg.

1107 1710 1149 1735 34.
1168 1710 1192 1735 2.
1230 1708 1272 1734 ΙΙΙ.
1305 1709 1370 1734 Cn.
1390 1706 1516 1732 Dulrinre
1536 1708 1638 1732 nomine
1658 1705 1823 1742 (adpellare.)
1844 1705 1872 1731 fr.
1887 1707 1945 1730 2¹20.

1084 1748 1086 1786 <¹
1108 1752 1130 1785 5.
1149 1753 1173 1777 3.
1198 1751 1230 1777 de
1252 1750 1284 1776 V.
1305 1750 1332 1776 S.
1358 1752 1398 1775 50.
1426 1751 1465 1774 16.
1503 1749 1630 1780 Jlaeviae,
1655 1749 1745 1775 infanti
1770 1748 1945 1777 dulcissimae.

1085 1794 1086 1802 ¹
1109 1793 1225 1826 (reddas,
1245 1793 1390 1823 restituas.)
1412 1792 1441 1817 fr.
1462 1793 1502 1817 41.
1523 1793 1543 1825 §-
1567 1794 1604 1818 14.
1626 1791 1657 1818 de
1678 1791 1753 1827 legat.
1772 1791 1815 1817 III.
1836 1791 1902 1823 (32.)

1084 1840 1086 1843 '
1142 1836 1359 1863 Dulciludo·
1397 1835 1438 1861 Cf.
1459 1845 1482 1860 v.
1502 1834 1631 1860 Dulredo.

1084 1871 1085 1874 ¹
1143 1880 1253 1905 Bunl.
1279 1877 1391 1910 (Advb.)
1417 1878 1447 1910 ξ.
1474 1879 1508 1904 1.
1536 1880 1680 1910 Quando,
1708 1878 1773 1909 Quo
1792 1883 1944 1903 momento

1084 1918 1086 1958 l
1108 1923 1272 1956 temporis.
1293 1920 1334 1947 Ill.
1356 1922 1420 1948 (711.
1440 1921 1508 1946 Dum
1529 1921 1685 1957 proponitur
1705 1922 1753 1951 (sc.
1775 1919 1882 1951 albium)
1903 1919 1944 1945 vel

1108 1970 1166 1991 ante
1186 1965 1403 2001 propositionem.
1429 1963 1458 1989 fr.
1480 1965 1501 1989 7.
1523 1964 1544 1996 5.
1564 1965 1587 1989 2.
1609 1962 1641 1988 de
1660 1962 1750 1988 iurisd.
1770 1965 1794 1988 2.
1816 1964 1837 1988 l.
1875 1961 1944 1988 Dum

1108 2008 1239 2034 civitatem
1259 2023 1290 2026 —
1311 2007 1341 2033 ab
1362 2006 1520 2044 Imperatore
1540 2007 1617 2043 petit.
1643 2005 1720 2031 simul
1739 2005 1770 2031 ab
1790 2004 1882 2030 eodem
1901 2014 1943 2040 pe-

1107 2055 1162 2077 tere
1182 2050 1260 2076 debet
1280 2055 1327 2076 etc.
1350 2050 1405 2076 Gai.
1426 2050 1444 2076 I.
1459 2051 1499 2075 04.
1538 2048 1592 2075 Nec
1611 2048 1771 2085 pontificem.
1791 2047 1852 2073 dnm
1871 2057 1943 2073 sacra

1084 2100 1085 2112 ¹
1107 2093 1176 2121 facit.
1197 2109 1229 2112 —
1249 2103 1296 2119 nee
1316 2092 1440 2121 iudicem.
1461 2092 1521 2118 dum
1541 2091 1573 2118 de
1592 2101 1619 2117 re
1638 2095 1790 2127 cognoscat.
1816 2100 1863 2116 nec
1882 2090 1943 2116 dum

1083 2130 1085 2174 ¹
1108 2138 1167 2173 quis
1187 2136 1256 2173 apud
1276 2135 1425 2162 Praetorem
1450 2144 1552 2161 causam
1577 2134 1637 2169 agit,
1662 2134 1699 2165 (in
1723 2134 1763 2159 ius
1783 2133 1891 2166 vocari.)
1912 2132 1941 2158 fr.

1083 2183 1085 2204 Ξ
1106 2182 1130 2205 2.
1151 2179 1183 2206 de
1203 2181 1228 2205 in
1247 2180 1288 2205 ius
1307 2189 1364 2205 voc.
1383 2181 1408 2205 2,
1428 2180 1451 2204 4.
1490 2178 1527 2205 Si.
1548 2176 1608 2202 dum
1628 2177 1652 2201 in
1674 2177 1713 2201 ius
1733 2177 1843 2207 venitur,
1864 2175 1896 2201 de
1915 2185 1942 2200 re

1084 2209 1085 2225 ¹
1105 2227 1264 2249 transactum
1284 2221 1369 2248 fuerit.
1389 2221 1419 2247 sr.
1439 2223 1480 2247 22.
1501 2221 1521 2253 5.
1546 2222 1565 2245 l.
1585 2219 1619 2245 ib.
1633 2221 1657 2244 2.
1671 2222 1694 2245 4.
1733 2219 1941 2254 Qui—captum

1107 2276 1135 2292 se
1155 2265 1231 2294 dicat.
1252 2264 1312 2291 dum
1333 2275 1373 2293 ea.
1394 2274 1459 2300 quae
1484 2273 1531 2299 pro
1552 2272 1628 2288 eausa
1648 2266 1707 2287 suut
1728 2262 1809 2288 (licta.
1829 2270 1880 2286 non
1900 2259 1941 2285 ad-

1084 2317 1085 2339 }
1106 2308 1182 2344 legat.
1202 2307 1232 2334 fr.
1254 2309 1292 2333 18.
1314 2308 1334 2341 5.
1357 2309 1378 2333 l.
1399 2307 1430 2333 de
1449 2307 1541 2332 minor.
1562 2306 1584 2331 4.
1606 2306 1628 2330 4.
1659 2320 1690 2323 -
1718 2305 1748 2338 ξ.
1770 2305 1804 2330 2.
1826 2304 1939 2328 Donec.

1084 2346 1085 2379 l
1106 2351 1147 2377 ΠΙ.
1166 2352 1232 2378 Gn.
1252 2350 1291 2376 Ex
1311 2360 1340 2375 ea
1359 2349 1401 2374 die
1421 2364 1452 2367 —
1473 2358 1555 2384 usque
1579 2347 1640 2373 dum
1659 2357 1761 2373 causam
1780 2346 1859 2372 finiat.
1892 2343 1940 2370 Va-

1106 2395 1148 2420 tic.
1169 2394 1190 2427 5.
1206 2394 1262 2418 161.
1300 2392 1390 2428 Vsque
1409 2391 1470 2417 dum
1484 2390 1537 2417 filia
1555 2400 1610 2416 mea
1630 2399 1710 2415 anuos
1730 2387 1835 2424 impleat
1844 2385 1939 2412 XVIII.

1106 2436 1136 2462 fr.
1155 2438 1197 2462 37.
1218 2435 1250 2461 de
1270 2445 1318 2461 usu
1343 2439 1368 2460 et
1393 2434 1457 2460 usus.
1484 2433 1532 2469 leg.
1552 2434 1593 2459 33.
1613 2435 1637 2459 2,
1673 2432 1742 2458 Dum
1760 2435 1863 2466 partum
1882 2429 1939 2455 ede-

1082 2509 1083 2514 1
1106 2484 1152 2505 ret.
1174 2495 1205 2498 —
1225 2478 1295 2505 Dum
1314 2482 1394 2514 nupta
1414 2478 1470 2503 erit.
1491 2476 1521 2503 fr.
1542 2477 1581 2502 18.
1601 2475 1633 2501 de
1653 2479 1721 2500 statu
1740 2473 1808 2498 hom.
1830 2474 1851 2498 l.
1865 2474 1888 2498 5.
1907 2471 1937 2498 fr.

1106 2524 1147 2550 89.
1166 2523 1188 2556 5.
1210 2523 1232 2547 1.
1253 2521 1284 2547 de
1304 2520 1335 2547 V.
1357 2520 1383 2546 S.
1403 2521 1444 2546 50.
1466 2521 1504 2546 16.
1535 2535 1566 2538 -
1595 2518 1624 2551 ξ.
1651 2518 1686 2543 3.
1718 2517 1883 2547 Quamdiu.
1918 2514 1936 2541 Ι.

1081 2588 1082 2592 .
1106 2566 1166 2599 Sy.
1198 2563 1337 2599 Quamdiu,
1370 2562 1426 2589 Gai.
1446 2562 1464 2589 1.
1486 2564 1542 2588 135.
1568 2561 1598 2587 fr.
1618 2564 1641 2585 ὅ.
1667 2568 1705 2595 pr.
1725 2557 1757 2583 de
1776 2558 1802 2583 iu
1821 2558 1861 2583 ius
1880 2566 1937 2583 voe.

1081 2601 1082 2637 l
1104 2610 1127 2634 2.
1146 2609 1170 2633 4.
1206 2607 1249 2634 ΙΙΙ.
1270 2607 1336 2634 Gn.
1355 2605 1425 2632 Dum
1445 2606 1493 2631 erit.
1513 2614 1569 2631 cum
1589 2602 1643 2628 lilio
1663 2603 1742 2634 (uxor
1766 2601 1842 2632 mea.)
1862 2599 1892 2626 sr.
1912 2601 1935 2626 8.

1080 2639 1082 2691 l
1105 2650 1136 2676 de
1156 2649 1231 2676 cond.
1252 2654 1277 2675 et
1296 2648 1361 2675 dem.
1381 2650 1422 2674 35.
1443 2650 1464 2674 1.
1503 2646 1581 2681 Quod
1601 2645 1672 2681 quis.
1697 2643 1758 2669 dum
1776 2652 1868 2669 servus
1888 2647 1936 2671 est.

1080 2700 1082 2738 1
1105 2694 1163 2729 egit.
1183 2692 1213 2718 fr.
1234 2693 1291 2718 146.
1312 2691 1343 2718 de
1362 2691 1393 2717 R.
1413 2690 1430 2717 Ι.
1451 2692 1491 2715 50.
1512 2690 1550 2714 17.
1580 2703 1612 2707 —
1641 2687 1671 2719 ξ.
1694 2687 1732 2712 4.
1754 2686 1934 2712 Dummodo.

1103 2735 1146 2761 III.
1169 2735 1235 2762 οη.
1260 2734 1340 2770 Quod
1364 2735 1398 2760 ita
1420 2732 1543 2759 iudicium
1567 2730 1668 2761 datum,
1688 2745 1712 2749 —
1738 2729 1778 2754 ius
1801 2733 1935 2763 ratumque

1105 2783 1170 2809 esto,
1192 2777 1252 2804 dum
1272 2779 1298 2803 iu
1317 2787 1345 2803 ea
1365 2773 1619 2802 verba—iudicium
1639 2771 1690 2799 det.
1708 2771 1738 2798 L.
1753 2771 1821 2798 Gall.
1835 2769 1933 2806 Cisalpv

1081 2831 1083 2860 j
1104 2821 1123 2847 l.
1143 2822 1182 2847 19.
1203 2830 1242 2856 sq.
1284 2819 1327 2846 Ius
1350 2822 1521 2855 potestasque
1541 2820 1611 2847 esto.
1637 2815 1697 2842 dum
1722 2816 1756 2841 ita
1775 2814 1851 2840 detur
1869 2812 1933 2847 lega-

1082 2867 1083 2870 ’
1439 2860 1495 2885 39*
