2197 3121
1026 179 1127 220 QUA.

208 274 273 301 quas
293 263 441 300 quadrigas,
460 262 502 289 vel
522 260 640 298 flagei-a,
660 260 801 297 adpellant.
826 260 876 287 Th.
897 259 928 287 C.
948 259 991 287 VI.
1010 262 1052 288 29.

209 317 230 334 c.
250 309 274 332 5.
295 305 327 332 de
346 306 442 332 curios.

244 348 533 383 Quadrigarius.
553 348 656 374 Faber
668 356 820 374 curruum
834 348 1052 382 quadriiugo-

209 402 284 418 rum.
322 391 364 417 111.
384 392 450 419 Gn.
469 389 618 418 Lecticarii.
637 399 684 416 seu
703 390 808 421 arcarii,
828 388 971 421 clavicarii,
992 399 1053 426 qua-

209 433 317 470 drigarii
337 438 385 460 etc.
405 443 427 459 c.
448 435 470 459 1.
490 432 523 459 de
543 442 631 459 exous.
651 432 718 458 artis.
741 434 780 458 10.
799 433 840 459 64.

245 476 621 508 Quadrimenstruus.
658 474 798 508 (Adiect.)
836 476 988 508 Spatium
1007 475 1055 501 11*

209 521 362 546 mensium
381 519 656 552 comprehendens.
685 517 727 544 111.
743 519 809 545 Cn.
829 516 978 543 Tabulariis
992 527 1053 553 qua-

207 561 399 588 drimenstruos
419 560 514 586 breves
533 560 663 597 publicari
682 560 809 587 iubemus
831 558 882 585 Th.
901 559 933 586 C.
953 559 1010 586 XII.
1027 561 1050 586 6.

208 614 230 631 c.
249 605 291 630 27.
316 604 338 637 5.
360 605 381 630 l.
406 602 439 629 de
463 608 611 639 susceptor.
640 603 672 630 cf.
693 603 711 630 I.
733 605 772 629 10.
798 612 819 628 c.
839 603 862 628 8.
884 601 995 633 (ch.)
1019 602 1051 628 de

208 646 252 673 off.
277 646 352 673 Com.
377 645 404 672 S.
429 645 508 682 largg.
533 645 578 672 XI.
601 648 643 672 25.
672 656 694 672 c.
715 648 737 672 1.
767 644 800 671 de
827 644 953 681 quadrim.
978 645 1050 671 brev.

208 689 453 726 Quadrimenstruis
476 688 640 715 illationibus
659 698 759 715 annuae
778 688 921 714 functionis
937 687 1052 714 celebre-

206 737 250 759 tur
269 733 378 759 exactio.
399 731 466 758 Nor.
487 731 578 758 Maior.
598 731 631 758 de
648 730 746 767 indulg.
766 730 858 767 reliqu.
878 730 923 757 IV.
941 733 966 757 3.
986 741 1008 757 c.
1028 733 1050 759 l.

206 775 228 809 5.
252 776 278 801 3.

241 817 486 849 Quadrimus.
505 817 635 850 (Adiect.)
660 818 887 850 Quadriennis.
924 815 1049 844 IH.C'11.

206 859 242 885 Vt
261 870 359 892 annua,
384 860 467 891 bima,
491 861 581 892 trima,
601 859 752 896 quadrhna,
771 860 863 895 quinto
883 869 950 885 anuo
970 861 1001 892 (a
1020 869 1049 886 se

205 902 369 931 redderetur.
389 913 425 929 sc.
446 902 516 933 dos.)
536 903 566 929 fr.
585 904 623 929 19.
644 902 676 928 de
695 906 763 939 pact.
785 901 838 928 dot.
857 903 899 928 23.
919 903 944 928 4.

240 946 551 977 Quadrimestris.
571 945 699 978 (Adiect.)
726 946 1047 978 Quadrimenstrztus.

205 987 236 1014 Π.
262 989 330 1021 Op.
354 988 474 1014 Duorum
493 989 620 1014 meusium
639 987 821 1014 laxamentum.
843 1004 872 1007 —
895 987 1049 1023 Quadrime-

204 1035 274 1057 stres
294 1030 422 1057 induciae.
442 1040 463 1057 c.
483 1032 506 1056 3.
527 1041 566 1067 pr.
587 1031 608 1064 5.
631 1032 652 1056 1.
673 1030 705 1056 de
725 1040 796 1057 usur.
816 1031 853 1057 rei
873 1031 925 1057 iud.
946 1033 968 1057 7.
988 1033 1030 1058 54.

241 1073 532 1108 Quadringenti.
555 1075 678 1106 Qualer
697 1080 829 1100 rentum.
866 1073 909 1100 ΠΙ.
924 1075 990 1101 Cn.
1010 1074 1048 1105 Si,

206 1131 237 1135 —
259 1117 303 1153 qui
324 1116 511 1153 quadringenta
531 1116 704 1153 relinquebat.
724 1127 737 1142 a
757 1116 828 1142 Titio
849 1116 897 1143 CC
916 1117 1049 1153 legaverit,

204 1164 244 1191 et,
270 1160 389 1195 quisquis
414 1158 490 1185 heres
514 1164 599 1190 esset,
627 1158 657 1185 C.
682 1158 711 1185 fr.
732 1160 773 1185 61.
798 1169 837 1195 pr.
862 1159 894 1185 de.
918 1159 993 1196 legat.
1018 1159 1048 1186 11.

204 1202 280 1235 (31.)
305 1202 334 1228 l'r.
354 1203 378 1228 6.
403 1201 435 1228 de
455 1201 479 1228 h.
500 1212 543 1238 qu.
569 1207 596 1228 ut
621 1202 718 1238 indign.
737 1204 780 1228 34.
800 1204 824 1228 9.
848 1202 878 1228 fr.
901 1204 923 1228 1.
949 1202 985 1236 55.
1008 1204 1047 1228 17.

203 1246 245 1271 21.
265 1244 295 1271 sr.
314 1245 356 1270 33.
377 1244 408 1270 ad
429 1244 455 1270 S.
464 1244 495 1271 C.
515 1244 595 1271 Treb.
608 1247 650 1271 36.
672 1247 694 1271 1.
731 1245 928 1272 Monumentum
947 1247 1047 1271 exstrui

203 1288 256 1320 (sc.
276 1286 355 1320 volo)
380 1297 463 1323 usque
491 1286 523 1313 ad
547 1287 752 1324 quadringentos
777 1297 878 1315 aureos.
904 1288 934 1314 fr.
954 1289 994 1314 42.
1016 1288 1047 1315 de

202 1329 278 1366 legat.
297 1329 340 1356 111.
362 1331 428 1363 (32.)

235 1373 558 1406 Quadripertitus.
588 1372 718 1407 (Partic.)
748 1375 785 1400 ln
806 1375 854 1400 11³
867 1380 980 1408 partes
1000 1376 1046 1400 di-

202 1417 297 1442 visus.
335 1415 376 1442 HL
391 1417 457 1443 Cn.
479 1415 631 1442 Oratorium
645 1416 735 1454 templi
753 1417 956 1449 circumiectum,
976 1416 1047 1453 quod

201 1457 328 1484 ecclesias
348 1458 539 1495 quadripertito
563 1459 723 1485 intrinsecus
742 1461 871 1496 parietum
891 1464 967 1497 septo
988 1470 1047 1486 con-

201 1499 292 1527 cludit.
314 1500 363 1527 Th.
384 1501 414 1527 C.
436 1501 481 1527 IX.
501 1503 542 1527 45.
563 1512 584 1527 c.
604 1504 628 1527 4.
649 1512 686 1538 pr.
707 1501 740 1528 de
759 1502 783 1529 11.
804 1513 846 1539 qu.
867 1503 898 1529 ad
918 1502 982 1529 eccl.

236 1545 476 1577 Quadrupes.

200 1585 246 1612 111.
265 1587 332 1614 Gn.
357 1586 421 1613 fera
441 1587 538 1617 bestia,
563 1587 605 1613 vel
629 1597 799 1624 quaecunque
816 1588 867 1617 alia
887 1588 1046 1626 quadrupes.

201 1627 274 1655 Paul.
298 1629 316 1655 I.
338 1631 378 1656 15.
403 1630 424 1663 5.
444 1631 468 1656 3.
507 1629 631 1661 Sei-vum,
653 1646 683 1650 —
710 1631 920 1668 quadrupedem,
944 1631 983 1657 vel
1004 1642 1046 1669 pe-

202 1670 308 1703 cudem,
337 1673 430 1698 iniuria
455 1672 583 1699 occidere.
613 1673 643 1699 sr.
663 1675 686 1699 2.
712 1683 750 1710 pr.
776 1673 807 1699 ad
830 1673 860 1700 L.
884 1675 953 1711 Aqu.
978 1677 1000 1702 9.
1020 1678 1044 1702 2.

202 1713 405 1751 Quadrupedes,
425 1725 490 1751 quae
510 1715 639 1752 pecudum
660 1726 767 1743 numero
787 1722 856 1748 sunt,
877 1722 902 1743 et
920 1719 1043 1753 gregatim

201 1756 338 1783 habentur.
365 1757 393 1784 fr.
413 1761 436 1784 2.
462 1758 483 1791 5.
504 1762 528 1784 2.
553 1759 586 1784 ib.
607 1760 630 1785 9.
650 1761 674 1784 2.
700 1758 730 1784 cf.
760 1758 830 1785 Paul.
852 1759 893 1785 111.
913 1762 936 1786 (5.
962 1761 982 1793 5.
1004 1762 1043 1787 73.

201 1799 403 1837 Quadrupedes.
424 1810 490 1836 quae
510 1800 578 1827 collo
598 1801 713 1827 dorsove
732 1801 877 1828 domantur.
898 1802 958 1840 le.
971 1803 1042 1829 XIX.

202 1843 224 1868 l.
254 1841 310 1868 Gai.
330 1842 347 1869 I.
369 1845 426 1869 120.
451 1853 490 1879 sq.
535 1844 564 1870 Si
594 1844 744 1881 quadrupes
767 1846 918 1882 pauperiem
945 1845 1043 1877 fecerit,

200 1884 321 1911 damnum
341 1885 455 1912 dederit.
476 1886 573 1922 quidve
593 1886 701 1923 depasta
720 1889 762 1914 sit.
787 1887 858 1914 Paul.
878 1887 897 1914 Ι.
919 1890 957 1914 15.
978 1889 1042 1922 5.1.

200 1927 229 1954 fr.
252 1929 273 1953 1.
294 1938 331 1964 pr.
352 1929 374 1962 5.
395 1930 417 1954 4.
438 1930 460 1954 si
481 1928 608 1966 quadrup.
627 1931 651 1956 9.
673 1932 695 1956 1.

235 1971 515 2004 Quadruplare.
546 1974 826 2006 Quadruplicare,
847 1975 882 2000 In
902 1976 1044 2008 quadru-

198 2015 284 2047 plum
304 2024 431 2049 angere.
462 2014 480 2040 I.
496 2016 558 2049 Sy.
579 2014 764 2052 Quadruplari.
786 2015 969 2052 Quadruplum
983 2026 1043 2042 con-

200 2057 283 2092 sequi.
304 2056 334 2082 fr.
357 2058 396 2082 14.
416 2058 437 2090 5.
460 2059 499 2083 14.
520 2059 571 2093 Qu.
592 2063 651 2084 met.
672 2068 693 2084 e.
714 2060 737 2084 4.
757 2061 780 2084 2.
818 2058 847 2084 11.
870 2060 936 2092 Op.
957 2058 1043 2086 Gemi-

200 2108 269 2125 nare.
294 2099 324 2125 l'r.
347 2101 385 2125 10.
411 2100 491 2133 517.
516 2100 548 2126 de
573 2100 642 2137 grad.
664 2106 689 2127 et
707 2101 757 2127 ads.
776 2103 818 2127 3³5.
840 2104 878 2127 10.
916 2101 958 2128 111.
976 2104 1042 2129 011.

200 2140 229 2166 lu
255 2141 429 2178 quadruplum
455 2143 481 2168 in
508 2153 565 2169 eum
589 2143 713 2170 iudicium
736 2143 884 2180 pollicetur.
924 2145 1064 2185 Quadru-¹

202 2183 316 2219 plabitur
339 2190 424 2211 autem
448 2195 524 2211 omne
549 2191 597 2212 ete.
624 2186 653 2212 fr.
675 2188 714 2212 14.
739 2187 760 2220 5.
782 2188 804 2212 l.
829 2186 844 2212 l.
869 2189 892 2212 4.
917 2190 941 2213 2.
983 2187 1042 2214 Non
1063 2189 1064 2216 ἶ

203 2225 274 2261 quod
297 2227 408 2253 interest
431 2228 662 2265 quadruplabitur,
686 2228 728 2255 vel
747 2228 913 2265 duplabitur.
938 2230 986 2257 sed
1005 2232 1041 2257 rei

523 1546 654 1570 Animal
684 1547 802 1577 maius,
831 1548 1044 1572 domesticum.

201 2277 291 2294 verum
310 2271 430 2304 pretium.
451 2271 480 2296 t'r.
501 2274 542 2297 50.
562 2282 600 2308 pr.
622 2271 653 2297 de
673 2271 733 2297 furt.
752 2273 793 2297 47.
813 2274 838 2297 2.

237 2311 512 2345 Quadruplum.
556 2316 696 2345 Summa,
727 2324 805 2348 quae
831 2321 946 2348 quater
971 2326 1041 2342 con-

201 2356 284 2383 tinet
303 2355 460 2387 simplum.
496 2355 526 2382 II.
548 2358 615 2390 Op.
634 2356 772 2393 Simplum.
792 2356 900 2393 Simpla.
921 2357 978 2384 Gai.
998 2358 1040 2385 111.
1063 2389 1064 2393 Ἰ

200 2398 259 2422 209.
292 2395 364 2421 Paul.
390 2395 420 2421 V.
445 2399 468 2423 3.
493 2399 515 2432 5.
533 2401 556 2425 2.
582 2399 610 2425 fr.
631 2401 672 2425 56.
693 2410 731 2436 pr.
757 2399 789 2425 de
815 2401 935 2427 eviction.
956 2402 997 2426 21.
1017 2402 1040 2426 2.

202 2438 328 2475 Duplum.
361 2437 401 2464 Cf.
426 2449 450 2464 V.
474 2439 585 2477 Duplus.
619 2443 640 2476 5.
669 2444 689 2468 l.
732 2441 794 2468 Sive
818 2443 843 2468 in
868 2442 977 2479 duplum
1002 2447 1064 2472 est]

202 2482 278 2511 actio.
299 2482 355 2507 sire
374 2480 455 2517 tripli.
476 2487 519 2508 aut
538 2484 684 2522 quadrupli.
705 2484 734 2511 l‘r.
753 2486 777 2511 3.
803 2485 854 2520 Qu.
874 2485 965 2511 satisd.
986 2496 1040 2522 cog.
1062 2490 1063 2514 ἶ

201 2526 225 2550 2.
246 2528 269 2549 8.
307 2523 348 2549 ΙΙΙ.
371 2524 436 2551 Cn.
462 2523 491 2550 In
511 2526 682 2563 quadruplum
702 2529 757 2554 eius
777 2529 902 2564 pecuniae
923 2545 952 2548 —
973 2530 1041 2555 actio
1062 2533 1063 2563 ζ

203 2567 335 2603 competit.
363 2565 394 2592 fr.
416 2568 436 2591 1.
461 2576 500 2603 pr.
530 2567 561 2593 de
589 2569 698 2596 ealumn.
722 2572 746 2597 3.
766 2572 789 2597 6.
832 2571 926 2597 Earum
955 2580 1040 2597 rerum
1061 2573 1063 2607 l

203 2610 307 2635 nomme
326 2624 358 2628 -—-
379 2609 467 2645 quadr.
487 2609 553 2635 fisco
573 2609 736 2647 dependitur.
757 2613 797 2640 Fr.
818 2613 850 2639 de
870 2613 888 2639 l.
908 2612 936 2639 F.
957 2614 978 2647 5.
1000 2616 1039 2640 18.

203 2652 369 2687 Quocunque
388 2651 466 2677 modo
486 2651 595 2677 alienata
614 2663 627 2678 a
645 2654 720 2686 fisco,
739 2666 796 2682 cum
816 2656 970 2692 quadruplis
990 2656 1040 2683 sru-

203 2695 302 2721 ctibus.
324 2698 484 2720 revocantur.
511 2694 547 2720 lb.
568 2695 590 2728 5.
609 2697 650 2721 20.
685 2695 754 2733 Lege
772 2699 909 2735 peculatus
929 2704 1040 2726 tenetur.

203 2743 229 2763 et
253 2739 278 2763 in
303 2736 476 2773 quadruplum
500 2737 642 2763 damnatur.
667 2738 697 2764 fr.
718 2741 757 2767 13.
784 2741 815 2767 ad
833 2741 863 2768 L.
883 2741 930 2768 lul.
955 2742 1039 2779 pecul.
1062 2772 1063 2776 Ἰ

202 2780 244 2806 48.
265 2782 305 2806 13.
342 2778 370 2805 L.
392 2778 469 2805 Furia
488 2795 519 2798 —
540 2779 666 2806 adversus
691 2790 749 2806 eum
767 2797 799 2802 —-
821 2784 960 2822 quadrupli
980 2795 1041 2822 poe·
1062 2782 1063 2811 Ῐ

204 2832 261 2848 nam
281 2823 425 2849 constituit.
451 2821 512 2858 le.
532 2822 550 2848 1.
570 2824 593 2848 2.
631 2822 708 2848 Actio
728 2824 868 2862 quadrupli
887 2827 941 2859 (sc.
961 2826 1040 2859 furti)
1062 2822 1064 2848 l

1882 185 1944 216 795

1098 271 1131 288 ex
1155 261 1241 288 edicto
1266 260 1399 288 Praetoris
1422 262 1579 289 introducta.
1606 263 1664 289 Gai.
1683 262 1726 289 111.
1748 265 1804 290 192.
1831 265 1862 291 cf.
1884 267 1941 292 189.

1097 303 1142 330 IV.
1163 305 1186 330 4.

1132 347 1341 378 Quaerere·
1382 348 1414 381 §.
1435 350 1469 375 1.
1499 349 1711 382 Conquirere,
1735 349 1940 383 Perquirere.

1097 388 1114 415 1.
1135 389 1197 423 Sy.
1221 388 1364 425 Inquirere.
1394 390 1436 417 Cf.
1455 390 1480 417 h.
1500 401 1524 416 v.
1550 391 1572 423 5.
1591 393 1614 416 2.
1651 390 1694 417 111.
1709 391 1776 418 Οτι.
1795 390 1830 417 Vt
1850 402 1942 428 aquam

1097 441 1235 467 quaerere,
1262 437 1288 458 et
1311 433 1442 459 inventam
1468 433 1564 459 ducere
1587 433 1671 459 liceat.
1696 432 1727 460 fr.
1746 435 1788 460 21.
1808 435 1831 460 si
1849 436 1940 461 servit.

1097 473 1167 500 vind.
1188 475 1211 500 8.
1231 476 1255 500 5.
1280 474 1311 501 cf.
1336 475 1366 501 l'r.
1388 477 1427 501 15.
1447 486 1485 512 pr.
1510 475 1542 502 de
1566 477 1655 502 servit.
1676 477 1700 502 8.
1720 478 1743 502 1.
1782 476 1849 503 Cum
1871 477 1941 514 apud

1097 516 1210 553 aliquem
1225 534 1255 538 -—
1275 516 1370 544 furtiva
1389 528 1432 544 res
1453 519 1569 555 quaesita
1590 523 1615 544 et
1633 520 1737 545 inventa
1757 524 1805 545 est.
1826 518 1883 546 Gai.
1897 519 1940 546 111.

1099 560 1155 585 186.
1178 561 1234 586 188.
1255 562 1312 587 193.
1342 560 1413 587 Paul.
1433 560 1464 587 11.
1483 563 1525 587 31.
1551 562 1589 595 55.
1609 563 1632 587 3.
1652 564 1693 588 22.
1719 572 1758 598 sq.
1796 562 1895 597 Quaeri
1914 567 1942 589 et

1097 602 1284 639 comprehendi
1304 613 1385 640 posse
1404 602 1563 640 (fugitivos.)
1582 603 1619 630 Id.
1640 604 1658 630 I.
1678 607 1700 630 6.
1712 604 1743 630 A.
1763 605 1784 638 5.
1804 607 1828 631 5.
1848 605 1878 631 [ι’.
1897 606 1940 632 35.

1095 645 1117 678 5.
1136 646 1160 671 3.
1187 645 1220 671 de
1244 651 1327 672 contr.
1354 651 1412 672 emt.
1435 647 1475 672 18.
1497 647 1518 673 1.
1556 646 1629 672 Bona
1654 646 1781 673 debitoris
1806 664 1837 667 —
1863 658 1940 684 quae-

1095 697 1161 714 rere.
1185 687 1215 714 fr.
1236 690 1276 714 10.
1301 688 1334 715 de
1358 698 1470 715 manum.
1489 690 1531 715 40.
1553 691 1575 715 1.
1613 688 1812 721 fideiussores,
1831 701 1854 717 v.
1876 690 1940 717 Cre-

1095 729 1209 762 ditores,
1234 741 1321 767 quaer.
1346 730 1376 757 fr.
1397 732 1420 757 8.
1445 731 1478 757 de
1501 731 1582 758 usufr.
1608 742 1657 758 ear.
1682 742 1730 758 rer.
1756 734 1778 759 7.
1798 735 1821 759 5.
1846 733 1876 760 fr.
1896 736 1938 761 25.

1095 772 1127 799 de
1157 775 1226 810 pign.
1256 778 1305 800 act.
1332 775 1371 800 13.
1392 776 1415 800 7.
1453 773 1582 801 Generale
1606 774 1768 807 mandatnm,
1797 777 1940 812 quaerendi

1093 817 1180 842 mariti
1207 816 1337 843 filiael'am.
1368 816 1400 843 fr.
1419 818 1460 843 34.
1487 827 1525 854 pr.
1551 817 1584 843 de
1606 817 1637 844 R.
1662 817 1697 844 N.
1719 819 1762 844 23.
1780 820 1804 844 2.
1847 819 1939 847 Finem

1095 868 1221 894 quaerere
1241 859 1333 885 salutis
1358 858 1464 885 alienae.
1491 859 1540 886 Th.
1561 859 1592 886 C.
1610 859 1681 887 XVI.
1703 863 1743 887 10.
1770 871 1791 887 c.
1813 863 1851 887 12.
1871 862 1893 895 5.
1915 864 1937 888 l.

1094 900 1126 927 de
1146 911 1236 938 pagan.
1258 918 1287 922 —
1309 903 1340 936 ξ.
1364 903 1398 928 2.
1420 904 1605 936 Inquirere,
1625 905 1796 930 Excutere.
1833 904 1853 930 I.
1875 905 1938 939 Sy.

1092 943 1231 970 Excutere.
1266 944 1307 970 Cr.
1333 944 1358 970 h.
1383 954 1407 970 v.
1431 945 1453 978 5.
1473 947 1496 971 5.
1533 945 1676 982 Inquirere.
1708 945 1749 973 Cf.
1774 946 1797 973 h.
1818 957 1842 973 v.
1871 948 1937 981 5.1.

1093 986 1246 1023 Requirere.
1271 986 1301 1013 fr.
1321 990 1344 1013 5.
1368 987 1390 1020 5.
1410 988 1433 1013 9.
1459 987 1491 1014 de
1515 988 1568 1014 reb.
1596 999 1648 1015 eor.
1669 998 1712 1025 qu.
1738 999 1759 1015 s.
1784 994 1832 1016 tut.
1851 992 1892 1016 27.
1913 992 1937 1017 9.

1094 1029 1124 1056 fr.
1139 1031 1162 1055 4.
1184 1029 1235 1065 Qu.
1256 1034 1314 1055 test.
1336 1030 1382 1055 sae.
1403 1040 1428 1066 p.
1444 1032 1485 1056 26.
1509 1032 1530 1056 1.
1568 1031 1758 1066 Quaestionem
1776 1032 1873 1059 habere
1893 1032 1938 1066 (de

1094 1073 1224 1105 crimine.)
1250 1071 1322 1099 Paul.
1342 1071 1375 1099 V.
1396 1074 1437 1098 14.
1463 1073 1528 1106 5.1.
1549 1073 1580 1099 Y.
1602 1076 1641 1100 16.
1661 1075 1683 1108 5.
1704 1077 1730 1100 2.
1753 1074 1783 1101 fr.
1802 1077 1828 1101 9.
1847 1075 1879 1102 de
1899 1086 1938 1102 ca-

1093 1114 1173 1141 lumn.
1193 1117 1217 1141 3.
1237 1116 1261 1141 6.
1297 1114 1328 1141 H.
1345 1116 1412 1149 Op.
1432 1115 1505 1142 Citra
1525 1126 1617 1143 causae
1638 1118 1811 1153 cognitionem
1833 1120 1938 1155 permit-

1093 1162 1156 1183 tere.
1182 1156 1212 1183 fr.
1232 1158 1257 1184 8.
1277 1158 1299 1191 5.
1321 1159 1361 1184 17.
1381 1157 1413 1184 de
1433 1163 1555 1185 trausact.
1574 1161 1598 1185 2.
1620 1161 1659 1185 15.
1680 1159 1710 1185 l‘r.
1732 1161 1770 1185 14.
1794 1161 1831 1194 55.
1852 1163 1875 1187 2.
1895 1171 1936 1199 sq.

1094 1200 1144 1235 Qu.
1170 1206 1231 1227 met.
1256 1211 1277 1227 e.
1302 1204 1326 1227 4.
1345 1203 1370 1227 2.
1406 1200 1450 1227 ΙΙΙ.
1471 1202 1538 1229 Cn.
1567 1201 1601 1227 Yt
1626 1203 1648 1228 is
1672 1201 1794 1234 Praetor,
1822 1203 1937 1231 iudexve

1093 1244 1265 1279 quaestionis,
1279 1259 1311 1263 —
1330 1249 1438 1280 quaerat
1454 1254 1512 1270 cum
1532 1244 1663 1271 iudicibus
1678 1262 1707 1265 —-
1724 1245 1756 1272 de
1775 1247 1860 1283 capite
1879 1248 1936 1274 eius

1093 1291 1141 1312 etc.
1168 1285 1237 1312 Coll.
1257 1285 1310 1312 LL.
1330 1286 1362 1313 Μ.
1382 1286 1400 1313 Ι.
1420 1289 1444 1313 3.
1465 1286 1496 1313 cf.
1521 1286 1578 1314 Frr.
1598 1286 1628 1313 L.
1649 1287 1744 1314 Servil.
1765 1299 1786 1315 c.
1807 1291 1830 1315 9.
1852 1300 1872 1316 c.
1894 1292 1936 1317 12.

1092 1328 1168 1355 Prius
1193 1330 1350 1365 argumentis
1377 1329 1554 1366 quaerendum
1578 1335 1625 1356 est.
1657 1330 1729 1357 Paul.
1750 1331 1780 1358 V.
1802 1333 1841 1358 14.
1870 1333 1891 1366 5
1913 1334 1935 1359 l.

1092 1372 1189 1398 Severa
1214 1371 1345 1408 indagatio
1364 1382 1413 1409 per
1437 1377 1565 1399 tormenta
1589 1373 1737 1409 quaerendi.
1770 1373 1819 1400 Th.
1840 1374 1870 1401 C.
1890 1374 1935 1402 IX.

1090 1416 1132 1441 35.
1154 1425 1174 1441 c.
1195 1416 1219 1441 ·3.
1240 1425 1260 1441 c.
1281 1417 1303 1441 7.
1329 1415 1361 1442 de
1381 1416 1526 1452 quaestion.
1563 1415 1643 1453 Apud
1662 1416 1812 1443 Praetorem
1836 1418 1936 1453 quaeri.

1090 1458 1121 1484 l'r.
1141 1461 1164 1484 8.
1186 1458 1223 1491 55.
1243 1459 1266 1484 S.
1287 1468 1345 1494 sqq.
1366 1457 1398 1484 de
1417 1463 1540 1485 transact.
1560 1461 1583 1484 2.
1606 1461 1645 1485 15.
1666 1459 1722 1486 Gai.
1742 1459 1772 1486 11.
1787 1461 1829 1486 25.
1861 1459 1936 1486 Prae-

1090 1500 1214 1527 iudicium
1234 1501 1378 1538 postulare,
1398 1511 1449 1537 quo
1469 1506 1610 1537 quaeratur
1628 1507 1676 1528 etc.
1697 1501 1733 1528 lb.
1752 1501 1795 1528 111.
1813 1504 1869 1528 123.
1890 1502 1935 1530 IV.

1090 1546 1130 1570 44.
1146 1553 1186 1580 sq.
1215 1543 1257 1570 Ad
1276 1544 1388 1570 iudicem
1404 1560 1432 1563 —
1454 1545 1501 1575 ire,
1521 1548 1545 1569 et
1565 1543 1601 1569 ibi
1621 1543 1698 1570 editis
1718 1544 1838 1571 formulis
1859 1555 1935 1581 quae-

1090 1597 1148 1613 rere
1167 1592 1215 1612 etc.
1243 1586 1280 1612 lb.
1301 1586 1344 1612 lv.
1367 1589 1423 1612 141.
1445 1587 1502 1612 148.
1546 1585 1613 1612 Cum
1638 1588 1784 1623 quaeritur,
1809 1593 1934 1624 quantum

1090 1631 1116 1656 iu
1136 1629 1240 1666 peculio
1260 1630 1302 1655 sit.
1323 1628 1360 1654 lb.
1380 1628 1424 1655 11.
1446 1630 1485 1654 73.
1500 1645 1531 1648 —
1553 1629 1632 1661 §.3.
1648 1632 1842 1664 :lnquit-ere,
1858 1632 1934 1657 Con-

1089 1675 1201 1699 silium
1227 1682 1351 1707 rogare.
1388 1671 1418 1698 11.
1440 1674 1506 1705 Op.
1527 1672 1633 1707 Quaeri.
1654 1689 1683 1693 —
1705 1672 1764 1699 Non
1785 1673 1891 1709 ambigi.
1911 1683 1934 1699 s.

1090 1715 1211 1741 dubitari.
1241 1714 1297 1740 Gai.
1318 1713 1336 1739 1.
1356 1716 1379 1740 4.
1405 1724 1444 1750 sq.
1474 1714 1504 1740 l'r.
1524 1716 1547 1740 9.
1573 1714 1605 1740 de
1624 1713 1677 1740 LL.
1698 1716 1721 1741 1.
1740 1717 1764 1741 3.
1801 1715 1844 1741 111.
1867 1717 1933 1743 Cn.

1089 1757 1130 1783 De
1150 1757 1195 1783 illo
1217 1758 1358 1793 quaeritur,
1378 1766 1409 1783 an
1429 1762 1478 1783 etc.
1516 1756 1600 1783 Valde.
1620 1758 1761 1793 quaeritur,
1783 1768 1862 1794 quare
1882 1763 1932 1785 etc.

1090 1800 1146 1826 Gai.
1160 1799 1189 1826 11.
1204 1801 1245 1826 94.
1265 1798 1309 1825 IV.
1329 1801 1370 1825 20.
1409 1799 1507 1835 Quaeri
1526 1799 1602 1826 solet.
1635 1799 1744 1826 Veteres
1764 1800 1932 1837 quaerebant.

1088 1842 1125 1869 ld.
1144 1842 1175 1868 ΙΙ.
1196 1843 1236 1868 90.
1258 1842 1288 1868 cf.
1315 1842 1332 1868 1.
1354 1843 1412 1868 188.
1436 1842 1476 1869 111.
1500 1844 1556 1868 159.
1595 1842 1623 1868 Si
1643 1853 1804 1879 quaeramus.
1825 1859 1857 1863 —
1878 1843 1933 1870 Sed

1088 1886 1137 1912 suit
1159 1886 1313 1921 quaesitum.
1335 1902 1365 1905 —
1389 1885 1423 1911 Et
1443 1885 1547 1921 quidem
1572 1885 1641 1922 apud
1665 1891 1768 1912 veteres
1788 1886 1931 1913 dicebatur.

1090 1944 1119 1948 -—
1140 1928 1236 1955 Postea
1254 1929 1389 1954 variatum.
1421 1927 1491 1954 Coll.
1510 1927 1563 1954 LL.
1583 1928 1616 1954 Μ.
1636 1927 1695 1954 XV.
1715 1931 1730 1954 2
1777 1929 1932 1964 Quaesitum

1089 1976 1136 1998 est.
1151 1988 1183 1991 -—
1203 1971 1254 1997 Iam
1275 1971 1373 1997 dudum
1392 1976 1477 1997 tamen
1496 1970 1603 2008 placuit.
1625 1970 1681 1997 Gai.
1696 1971 1738 1998 111.
1758 1973 1797 1998 16.
1818 1974 1857 1998 71.
1873 1974 1930 1998 146.

1089 2014 1208 2050 Quaero.
1234 2014 1296 2050 quid
1320 2013 1487 2040 statuendum
1512 2015 1566 2040 sit'!
1592 2013 1742 2051 Respondit
1766 2020 1814 2041 etc.
1839 2015 1869 2040 l'r.
1890 2016 1929 2040 11.

1088 2058 1108 2092 5.
1126 2060 1164 2083 12.
1185 2057 1216 2083 ad
1230 2056 1259 2083 L.
1273 2056 1320 2083 lul.
1341 2057 1374 2083 de
1394 2056 1473 2083 adult.
1494 2058 1535 2083 48.
1555 2059 1579 2083 5.
1617 2056 1684 2083 Cum
1705 2057 1885 2093 quaerebatur,
1900 2074 1928 2077 —

1088 2105 1113 2127 et
1132 2100 1206 2127 multi
1226 2099 1366 2136 putabant,
1389 2116 1418 2120 -
1439 2105 1464 2126 et
1484 2099 1641 2136 quibusdam
1667 2099 1725 2126 aliis
1749 2105 1839 2126 contra
1859 2099 1931 2126 vide-

1088 2143 1176 2174 batur,
1201 2143 1344 2169 secundum
1368 2142 1418 2168 hoc
1438 2142 1582 2179 Imperator
1604 2143 1795 2179 pronunciavit.
1821 2143 1850 2169 sr.
1870 2145 1929 2168 240.

1088 2186 1119 2212 de
1139 2185 1170 2212 V.
1185 2185 1211 2212 S.
1226 2188 1266 2212 50.
1287 2188 1327 2212 16.
1348 2185 1405 2212 Gai.
1424 2185 1443 2212 I.
1465 2188 1504 2212 74.
1543 2187 1693 2221 Quaeritur.
1709 2202 1738 2205 —
1758 2185 1792 2211 Et
1810 2185 1930 2222 plerique

1063 2221 1064 2235 ³
1086 2234 1187 2266 putant.
1208 2228 1361 2254 1d.11.212.
1381 2228 1424 2255 III.
1441 2231 1497 2254 103.
1516 2230 1572 2254 133.
1594 2230 1651 2254 147.
1689 2229 1806 2262 Quaeret
1825 2228 1927 2263 aliquis.

1087 2287 1118 2291 —
1137 2272 1170 2298 Et
1191 2273 1272 2307 magis
1292 2276 1340 2297 est.
1362 2276 1390 2297 ut
1409 2276 1457 2297 etc.
1478 2270 1506 2297 l‘r⁴
1530 2273 1585 2297 135.
1606 2270 1638 2297 de
1657 2270 1688 2297 V.
1708 2270 1735 2296 S.
1756 2273 1796 2297 50.
1818 2272 1857 2296 16.
1895 2270 1928 2302 Is,

1087 2314 1119 2341 de
1144 2324 1195 2351 quo
1222 2315 1363 2350 quaeritur.
1388 2313 1417 2339 l'r.
1439 2314 1479 2339 16.
1504 2313 1536 2339 de
1560 2315 1585 2340 in
1610 2315 1650 2339 ius
1673 2324 1729 2339 voc.
1749 2315 1772 2339 2.
1793 2315 1815 2339 4.
1835 2313 1866 2339 l'r.
1885 2315 1926 2339 21.

1087 2357 1119 2383 de
1138 2357 1163 2383 h.
1185 2367 1227 2393 qu.
1248 2362 1302 2383 not.
1322 2356 1366 2382 inf.
1381 2358 1403 2382 3.
1418 2359 1442 2382 2.
1457 2372 1488 2375 —
1509 2356 1539 2389 ξ.
1556 2358 1594 2383 -Ι,
1615 2358 1801 2390 Adqmrere.
1834 2355 1850 2382 1.
1866 2357 1928 2389 Sy.

1063 2396 1064 2401 ¹
1085 2400 1241 2436 Adquirere.
1262 2399 1303 2425 Cf.
1324 2399 1348 2424 11.
1368 2409 1391 2424 v.
1429 2398 1573 2435 Consequi.
1598 2398 1647 2425 Th.
1669 2398 1699 2424 C.
1720 2397 1762 2424 11.
1782 2400 1823 2424 35.
1845 2408 1865 2424 c.
1887 2400 1926 2424 15.

1086 2452 1125 2480 pr.
1146 2442 1178 2468 de
1203 2443 1269 2478 priv.
1291 2451 1342 2467 eor.
1364 2451 1406 2477 qu.
1427 2442 1453 2467 in
1472 2441 1499 2467 S.
1519 2442 1571 2478 pal.
1609 2440 1689 2476 Quod
1716 2441 1862 2476 quaesitum
1887 2446 1927 2467 est

1086 2485 1204 2518 (scelere
1225 2485 1292 2515 etc.)
1329 2483 1444 2510 Lucrum
1464 2486 1583 2521 (turpe.)
1608 2484 1638 2510 fr.
1658 2486 1681 2509 5.
1701 2493 1740 2520 pr.
1763 2482 1796 2509 de
1816 2482 1925 2510 calumn.

1084 2529 1108 2554 3.
1129 2529 1152 2554 6.
1173 2528 1202 2553 sr.
1223 2528 1263 2552 16.
1284 2526 1304 2559 5.
1324 2529 1347 2551 2.
1369 2526 1420 2562 Qu.
1441 2532 1500 2553 met.
1522 2537 1541 2553 c.
1562 2530 1585 2552 4.
1605 2530 1627 2552 2.
1665 2526 1694 2552 ll.
1709 2527 1775 2559 Op.
1794 2525 1925 2553 Alienare.

1085 2570 1114 2597 fr.
1129 2573 1169 2596 45.
1185 2579 1222 2606 pr.
1244 2568 1276 2595 de
1290 2570 1345 2595 iure
1360 2569 1426 2596 fisci.
1441 2572 1481 2596 49.
1498 2571 1536 2595 14.
1568 2568 1724 2605 Repudiare.
1746 2567 1828 2595 Vatic.
1849 2570 1870 2602 5.
1884 2571 1924 2596 82.

1086 2612 1316 2648 Quaerendorum,
1343 2629 1371 2632 —
1397 2612 1596 2648 cogendorum.
1621 2628 1650 2631 —
1677 2610 1926 2639 conservandorum

1085 2655 1227 2687 (fructuum
1241 2664 1327 2686 causa.
1341 2665 1377 2681 sc.
1393 2657 1561 2692 comparata.)
1581 2653 1653 2680 Paul.
1666 2653 1708 2680 111.
1724 2656 1747 2680 6.
1762 2654 1798 2688 55.
1813 2656 1854 2681 35.
1866 2664 1924 2691 sqq.

1085 2698 1114 2724 l'r.
1134 2701 1158 2723 8.
1178 2707 1217 2734 pr.
1237 2697 1269 2724 de
1289 2699 1363 2724 instr.
1383 2698 1431 2733 leg.
1449 2699 1489 2723 33.
1511 2698 1532 2722 7.
1570 2696 1612 2722 111.
1627 2697 1693 2723 Cn.
1714 2696 1851 2733 Quidquid
1870 2707 1925 2723 ero—

1085 2746 1195 2777 garetur.
1215 2740 1257 2766 vel
1277 2745 1453 2777 quaereretur.
1475 2739 1505 2765 l‘r.
1528 2741 1567 2765 73.
1588 2749 1635 2776 pro
1655 2749 1708 2766 soc.
1729 2741 1769 2766 17.
1788 2742 1812 2766 2.
1850 2740 1924 2774 Quae

1086 2793 1117 2809 ex
1147 2782 1270 2809 diuturno
1304 2788 1434 2819 tempore,
1468 2781 1510 2808 vel
1539 2792 1570 2808 ex
1595 2787 1663 2809 emto
1694 2782 1857 2812 habuerunt,
1883 2781 1923 2807 vel

1086 2825 1203 2862 qualibet
1222 2827 1408 2862 quaesiverunt
1428 2825 1535 2851 ratione.
1556 2823 1605 2851 Th.
1626 2825 1656 2852 C.
1675 2825 1746 2852 XVI.
1766 2827 1789 2851 5.
1810 2835 1831 2850 c.
1848 2827 1871 2850 2.
1890 2823 1922 2850 de

1407 2868 1479 2893 100*
